4084 6552
1467 538 1805 601 SECULA
1848 538 2045 615 ιν-γ,
2094 540 2303 605 ΑΝΝΙ
2344 541 2637 605 387ιῆ30.

1670 811 2416 931 ELENCHUS

667 1116 1170 1183 aucronun
1205 1117 1326 1181 ετ
1357 1116 1749 1182 ονεειυιι
1781 1119 1944 1198 om
1976 1118 2081 1181 ιη
2110 1118 2280 1183 HOC

1842 1119 1944 1182 υι
1976 1118 2081 1181 ιιη
2110 1118 2295 1183 HOC
2325 1119 2584 1183 ’1⁸0Πο
2613 1119 2740 1183 XL
2777 1119 3454 1186 CONTINENTUR.

1851 1382 2251 1412 #

1166 1626 1169 1629 '
1231 1606 1296 1670 S.
1340 1605 1855 1683 AUGUSTINUS,
1898 1603 2414 1668 HIPPONENSIS
2448 1604 2890 1668 EPISCOPUS.

441 1772 528 1836 De
558 1769 817 1835 diversis
835 1770 1298 1846 Quaastionibus
1339 1771 1657 1852 octoginta

520 1868 722 1932 tribus
750 1867 912 1933 liber
938 1887 1131 1932 unus.

440 1967 528 2031 De
562 1965 825 2029 diversis
861 1966 1330 2042 Quaastionibus
1356 1966 1437 2029 ad
1473 1966 1740 2046 Simpli-

521 2064 773 2127 cianum
810 2063 957 2127 libri
990 2064 1071 2128 ΙΙ.

443 2162 531 2224 De.
573 2166 718 2224 octo
776 2160 1031 2224 Dulcitii
1071 2160 1538 2235 Quaastionibus
1578 2158 1742 2222 liber

526 2274 716 2320 unus.

444 2354 531 2418 De
580 2355 733 2417 Fide
799 2372 1009 2419 rerum
1063 2372 1207 2436 quin
1270 2371 1402 2419 non
1440 2352 1739 2418 videntur

525 2450 695 2515 liber
722 2468 912 2515 unus.

447 2548 535 2611 De
564 2548 716 2612 Fide
743 2556 807 2613 et
834 2546 1138 2629 Symbolo
1168 2546 1332 2611 liber
1369 2566 1561 2612 unus.

445 2647 534 2708 De
565 2645 716 2707 Fide
752 2651 813 2709 et
853 2645 1166 2725 Operibus
1195 2646 1358 2709 liber
1397 2664 1587 2709 unus.

445 2742 861 2806 Enchiridion
902 2744 981 2806 de
1017 2743 1194 2820 Fide,
1226 2744 1353 2824 Spe
1408 2750 1471 2807 et
1524 2743 1739 2806 Chari-

526 2847 654 2903 tate
682 2841 844 2903 liber
883 2858 1071 2903 unus.

448 2939 542 3000 De
574 2942 791 3016 Agone
823 2936 1200 3011 Christiano,
1236 2936 1401 3000 liber
1435 2955 1622 3000 unus.

449 3036 537 3096 De
566 3033 1039 3099 Catecbizandis
1056 3034 1345 3097 Rudibus
1362 3034 1527 3098 liber
1553 3052 1744 3098 unus.

449 3133 537 3193 De
569 3130 970 3195 Continentia
1010 3131 1174 3193 liber
1201 3149 1390 3193 unus.

452 3229 539 3291 De
572 3230 749 3291 Bono
782 3227 1107 3309 Conjugali
1136 3228 1297 3291 liber
1324 3245 1513 3290 unus.

452 3326 540 3387 De
568 3332 782 3389 sancta
806 3326 1177 3404 Virginitate
1204 3326 1365 3389 liber
1401 3345 1587 3390 unus.

454 3425 541 3487 De
570 3425 749 3487 Bono
770 3424 1121 3489 *Viduitatis
1161 3424 1327 3489 liber
1360 3443 1550 3488 unus.

458 3753 647 3816 Liber
689 3754 1145 3818 sententiarum
1169 3754 1348 3817 XXI.

455 3848 756 3929 Dialogus
792 3850 1216 3931 quaestionum
1252 3851 1440 3913 LXV.

456 3949 647 4011 Liber
672 3950 749 4011 de
783 3947 935 4012 Fide
964 3947 1043 4011 ad
1071 3948 1349 4010 Petrum.

457 4047 546 4107 De
576 4045 811 4126 Spiritu
841 4053 902 4109 et
938 4047 1181 4108 Anima.

456 4145 547 4207 De
579 4144 888 4207 Amicitia.

458 4243 546 4304 De
576 4242 933 4305 Substantia
973 4240 1361 4306 dilectionis.

459 4341 548 4401 De
588 4339 912 4418 diligendo
944 4342 1099 4403 Deo.

462 4434 841 4516 Soliloquia.

463 4522 930 4597 Meditationes.

467 4632 553 4693 De
586 4629 976 4692 Contritione
1018 4626 1249 4691 cordis.

467 4728 777 4791 Manuale.

464 4822 831 4903 Speculum.

394 4893 807 5034 (:Speculum
862 4919 1033 4983 aliud
1075 4920 1251 5004 quod
1277 4917 1508 4985 dicitur
1539 4916 1765 4980 Pecca-

548 5019 732 5082 toris.

467 5116 555 5177 De
584 5114 825 5195 triplici
858 5113 1237 5180 habitacula.

468 5212 553 5285 De
584 5212 762 5275 Scala
793 5213 1095 5294 paradisi.

468 5308 556 5388 De
589 5310 961 5388 Cognitione
1000 5328 1163 5373 vera:
1195 5311 1362 5377 vitea.

523 5421 556 5466 e
603 5407 742 5469 Vita
779 5406 1151 5470 Christiana.

471 5508 557 5567 De
593 5506 971 5570 salutaribus
1000 5508 1433 5571 Documentis.

473 5603 559 5663 De
594 5602 931 5665 duodecim
967 5603 1345 5666 abusionum
1387 5601 1719 5664 Gradibus.

475 5694 561 5758 De
592 5700 836 5775 septem
848 5696 1027 5759 Vitiis
1050 5706 1111 5760 et
1144 5703 1387 5778 septem
1412 5696 1603 5758 Donis
1626 5696 1764 5776 Spi-

1775 1869 1905 1934 Col.
1943 1868 2012 1933 11

1904 2062 2013 2127 101

1905 2254 2018 2317 147

1910 2450 2015 2514 171

1911 2545 2016 2609 181

1912 2645 2019 2708 197

1907 2836 2020 2900 231

1908 2935 2023 2998 289

1907 3030 2022 3098 309

2120 1772 2207 1835 De
2239 1772 2559 1853 Conjugiis
2594 1773 2969 1837 adulterinis
3008 1772 3152 1838 libri
3182 1777 3262 1837 II.

2116 1869 2205 1931 De
2233 1871 2565 1933 Mendacio
2595 1869 2754 1933 liber
2784 1889 2979 1933 unus.

2119 1967 2349 2029 Contra
2390 1968 2791 2030 Mendacium
2817 1969 2983 2031 liber
3019 1986 3205 2032 unus.

2118 2063 2205 2125 De
2238 2064 2440 2143 Opere
2478 2065 2932 2126 Monachorum
2970 2064 3131 2126 liber
3161 2083 3348 2126 unus.

2120 2161 2206 2223 De
2240 2159 2632 2224 Divinatione
2662 2160 3020 2222 daemonum
3045 2160 3208 2222 liber
3226 2178 3415 2223 unus.

2121 2257 2209 2319 De
2238 2258 2399 2319 Cura
2440 2274 2557 2337 pro
2606 2257 2872 2319 mortuis
2925 2256 3202 2337 gerenda
3258 2256 3422 2320 liber

2201 2371 2394 2415 unus.

2124 2451 2211 2513 De
2241 2450 2548 2513 Patientia
2585 2449 2749 2513 liber
2783 2469 2972 2515 unus.

2124 2550 2212 2611 De
2239 2547 2544 2627 Symbolo
2567 2548 2644 2610 ad
2668 2546 3169 2612 Catechumenos
3197 2554 3421 2612 tracta-

2204 2654 2305 2711 tus
2343 2650 2445 2709 [ν.

2125 2751 2219 2811 De
2267 2746 2611 2825 Disciplina
2682 2736 3033 2810 Christiana
3129 2754 3427 2810 tractatus

2205 2859 2397 2904 unus.

2128 2940 2215 3001 De
2247 2937 2500 3001 Cantico
2540 2954 2708 3001 novo
2748 2942 3044 3002 tractatus
3070 2957 3261 3002 unus.

2131 3038 2219 3099 De
2248 3041 2469 3118 quarta
2509 3036 2689 3098 Feria
2735 3042 3032 3099 traCIatus
3063 3054 3254 3100 unus.

1911 3128 2028 3193 345
2127 3134 2215 3197 De
2244 3134 2635 3213 Cataclysmo
2664 3138 2970 3199 tractatus
2998 3152 3188 3197 unus.

1912 3224 2030 3290 373
2126 3233 2214 3294 De
2230 3233 2543 3312 Tempore
2557 3231 2894 3295 Barbarico
2916 3237 3219 3294 tractatus
3238 3246 3424 3293 unus.

1915 3323 2031 3387 395
2129 3327 2216 3389 De
2245 3327 2521 3391 Utilitate
2550 3327 2786 3409 Jejunii
2825 3334 3130 3393 tractatus
3163 3344 3352 3389 unus.

1914 3422 2029 3486 429
2129 3424 2219 3487 De
2249 3424 2435 3487 Urbis
2475 3424 2739 3489 Excidio
2770 3430 3068 3489 tractatus
3108 3440 3301 3487 unus.

1929 3612 2241 3660 APPENDIX
2252 3643 2266 3657 .

1915 3751 2035 3815 725
2220 3750 2376 3813 ritus
2412 3749 2639 3814 sancti.

1918 3850 2036 3911 733
2140 3847 2228 3909 De
2258 3847 2566 3910 Conﬂictu
2603 3845 2897 3910 vitiorum
2935 3850 2999 3908 et
3029 3844 3353 3908 virtutum.

1919 3945 2036 4008 753

1920 4041 2037 4106 779

1922 4140 2038 4205 831

1921 4240 2040 4303 843

1922 4334 2041 4400 845

1921 4433 2040 4495 863

1921 4529 2034 4594 901

1921 4627 2041 4690 943

1925 4724 2039 4788 951

1926 4820 2039 4883 967

1924 5016 2041 5080 983

1926 5114 2035 5176 991

1926 5212 2037 5274 997

1889 5308 2042 5372 1005

1890 5405 2034 5467 1031

1891 5504 2036 5566 1047

1891 5602 2039 5662 1079

2138 3945 2225 4006 De
2254 3944 2608 4007 Sobrietate
2635 3949 2697 4007 et
2728 3943 3045 4007 Castitate.

2140 4044 2228 4107 De
2259 4059 2404 4105 vera
2440 4050 2503 4107 et
2531 4043 2685 4106 falsa
2716 4041 3119 4107 Pcenitentia.

2140 4142 2228 4203 De
2258 4138 2666 4203 Antichristo.

2141 4237 2518 4301 Psalterium
2572 4235 2747 4316 quod
2815 4233 3202 4313 Augustinus
3258 4234 3438 4296 matri

2221 4351 2354 4397 sum
2389 4334 2828 4414 composuisse
2860 4330 3082 4394 fertur.

2141 4431 2471 4512 Expositio
2509 4430 2739 4494 cantici
2772 4428 3168 4507 Magniﬁcat.

2142 4529 2463 4591 Tractatus
2500 4528 2579 4589 de
2614 4525 3064 4604 Assumptione
3093 4525 3164 4585 B.
3203 4522 3437 4586 Maria).

2142 4627 2231 4689 De
2263 4627 2634 4689 Visitatione
2671 4624 3093 4687 inﬁrmorum.

2146 4726 2487 4787 Sermones
2527 4722 2607 4786 de
2653 4720 3097 4786 Consolatione
3154 4726 3444 4781 mortuo-

2226 4838 2364 4884 rum
2378 4868 2391 4883 .

2144 4919 2233 4981 De
2262 4917 2671 4981 Rectitudine
2732 4913 3065 4979 catholicas
3121 4928 3448 4975 conversa-

2226 5016 2446 5078 tionis.

2146 5114 2233 5176 De
2269 5113 2597 5192 Symbolo.

2146 5209 2233 5271 De
2266 5227 2380 5272 esu
2416 5209 2584 5287 agni.

2146 5308 2485 5368 Sermones
2521 5305 2600 5367 ad
2640 5305 3036 5385 Neopbytos.

2153 5405 2238 5464 De
2269 5402 2655 5483 Contemptu
2683 5402 2928 5463 mundi.

2153 5501 2238 5562 De
2268 5501 2445 5561 Bono
2479 5498 2856 5578 disciplinae.

2153 5602 2491 5661 Sermones
2524 5595 2633 5658 alii
2665 5596 2742 5658 ad
2775 5594 3108 5675 populum.

2155 5697 2493 5757 Sermones
2529 5693 2606 5755 ad
2637 5692 2862 5754 fratres
2901 5691 2965 5750 in
3003 5704 3237 5749 eremo.

2579 5927 2815 5980 Parisiis.
2852 5956 2918 5964 -—
2955 5927 3025 5977 lis
3066 5926 3201 5995 typis
3234 5919 3463 5977 MIGNE.

3579 1774 3685 1838 451

3578 1872 3689 1936 487

3584 1968 3692 2030 517

3582 2065 3690 2125 547

3584 2158 3687 2220 581

3587 2349 3693 2412 591

3587 2448 3694 2512 611

3584 2648 3698 2710 627

3586 2829 3701 2904 669

3590 2940 3700 3000 677

3593 3035 3709 3096 685

3592 3132 3708 3193 693

3594 3228 3709 3289 699

3594 3323 3705 3384 707

3596 3419 3713 3481 715

3564 3749 3714 3811 1089

3567 3846 3709 3909 1091

3565 3943 3717 4005 1105

3566 4042 3716 4104 1113

3568 4136 3711 4198 1131

3570 4329 3719 4391 1135

3569 4424 3713 4486 1137

3570 4521 3713 4583 1141

3568 4618 3715 4682 1147

3567 4812 3719 4876 1159

3572 5006 3720 5069 1169

3570 5104 3721 5168 1189

3573 5199 3717 5262 1201

3574 5296 3723 5360 1209

3570 5394 3724 5458 1215

3576 5488 3720 5551 1217

3572 5584 3718 5649 1221

3573 5681 3726 5743 1233
