4136 6528
1099 446 1737 456 μ.--,....ς-.-ην,...---
1766 448 1951 457 Wa...
2022 449 2053 455 _.
2218 451 2255 457 η
2321 453 2391 459 η.
2502 454 2553 461 ._
2613 456 2621 465 ,

242 437 3507 507 W*__m

1049 637 1201 739 11v
1371 560 2015 742 SEXTUM
2129 640 2679 749 TOMUM

1551 869 2181 1053 ﬁrmitatis
2200 948 2230 1007 ε

1643 1129 2119 1184 semota-eeo

296 1277 634 1336 Exhibeutur
662 1281 765 1337 ltoc
790 1292 945 1338 sexto
968 1282 1237 1339 volumine
1251 1282 1517 1354 Opuscula
1550 1283 1694 1337 varia
1714 1280 2018 1351 Augustini,
2047 1294 2167 1351 quae
2185 1279 2488 1348 conducunt
2522 1281 2589 1337 ad
2614 1281 2974 1353 informandos
2995 1300 3209 1357 mores:
3242 1284 3501 1357 praeclara

233 1372 436 1444 quidem
458 1374 573 1441 illa,
603 1383 660 1429 et
681 1374 910 1446 ingentis
939 1391 1034 1447 per
1053 1391 1114 1432 se
1140 1376 1318 1446 pretii,
1341 1376 1435 1431 sed
1457 1375 1664 1431 ordinis
1691 1374 1930 1430 melioris
1948 1374 2255 1453 accessione
2270 1373 2512 1455 habitura
2535 1376 2877 1445 splendorem
2906 1378 2994 1433 hic
3019 1394 3216 1435 novum
3237 1396 3300 1435 ac
3317 1380 3514 1436 lucem.

231 1466 424 1538 Nempe
460 1467 583 1525 istae
627 1469 1023 1525 lucubrationes
1050 1470 1101 1524 in
1131 1469 1455 1526 editionibus
1479 1479 1605 1524 ante
1632 1466 1859 1539 vulgatis
1904 1466 1982 1521 sic
2006 1465 2275 1521 distracta:
2316 1476 2487 1533 erant,
2514 1476 2570 1521 ut
2597 1455 2840 1539 quaedam
2878 1470 2930 1524 in
2978 1478 3125 1527 tomo
3178 1471 3414 1527 secundo
3442 1488 3507 1527 ac

227 1562 376 1617 tertio
415 1562 558 1617 inter
600 1564 906 1634 exegcticos
929 1563 1115 1629 libros,
1146 1562 1391 1633 quccdam
1419 1577 1548 1617 vero
1582 1562 1725 1616 inter
1770 1560 2062 1643 polemicos
2087 1568 2232 1643 tomo
2277 1568 2451 1639 sexto,
2486 1569 2630 1614 tomo
2660 1574 2802 1616 nono
2843 1562 2960 1615 aliae
2980 1572 3110 1637 post
3134 1564 3412 1619 Tractatus
3459 1565 3515 1618 in

226 1651 483 1709 Joannem
512 1655 819 1725 legerentur
847 1673 861 1711 :
887 1671 1045 1727 quam
1073 1655 1477 1726 dispositionem
1503 1648 1864 1709 Erasmiollm
1885 1642 2013 1708 cuia
2033 1643 2349 1719 institutam,
2370 1647 2582 1708 tainetsi
2610 1645 2791 1723 postea
2813 1656 3023 1725 recepta
3051 1667 3133 1712 est
3161 1673 3190 1711 a
3217 1648 3516 1713 Lovanieu-

225 1746 372 1803 sibus
401 1747 718 1819 Tbeologis,
744 1758 953 1804 mutare
976 1748 1077 1805 hac
1092 1764 1227 1803 nova
1254 1748 1488 1804 editione
1517 1747 1851 1814 decrevimus
1882 1763 1896 1814 ;
1943 1755 2001 1801 ut
2019 1761 2138 1817 quae
2165 1746 2404 1815 ejusdem
2444 1748 2655 1816 generis
2678 1758 2767 1802 aut
2798 1751 2988 1805 similis
3018 1754 3315 1822 argumenti
3368 1762 3513 1820 sunt,

222 1856 283 1896 ea
313 1842 660 1898 continenter
688 1857 754 1898 ac
774 1841 1020 1898 ordinate
1045 1837 1280 1912 perlecta
1306 1850 1362 1897 et
1408 1838 1775 1912 intelligantur
1824 1824 2018 1894 melius
2046 1830 2077 1893 ό
2122 1830 2396 1906 studiosis,
2444 1832 2705 1894 eteorum
2739 1840 2897 1896 altius
2924 1842 3117 1898 animis
3142 1844 3517 1914 mentibusque

222 1932 566 1988 mandentur.

290 2025 565 2095 Principio
598 2025 790 2081 damus
814 2026 1179 2095 Quaestionum
1211 2025 1376 2082 libros
1396 2023 1676 2096 quosdam,
1710 2023 1765 2079 in
1787 2018 1978 2094 quibus
2004 2033 2127 2078 sunt
2149 2008 2459 2079 neminandi
2486 2041 2594 2095 prae
2617 2010 2828 2081 caeteris
2849 2027 2970 2081 libri
2998 2028 3063 2082 ad
3090 2026 3513 2100 Simplicianum,

222 2117 521 2188 Augustino
545 2116 660 2187 jam
684 2119 935 2188 episcopo
980 2133 1101 2173 cum
1134 2118 1253 2174 illos
1283 2116 1469 2183 edidit,
1500 2131 1657 2188 quam
1693 2115 2009 2187 dignissimi.
2052 2116 2184 2171 Nam
2217 2117 2309 2186 qui
2340 2118 2487 2187 prius
2513 2117 2579 2173 de
2608 2118 2731 2173 fidei
2759 2129 2812 2174 et
2839 2122 3023 2191 gratia:
3048 2122 3204 2178 donis
3232 2140 3338 2179 non
3370 2134 3516 2180 recte

226 2223 466 2267 senserat
498 2213 554 2268 in
588 2215 969 2284 scriptionibus
992 2216 1197 2287 aliquot
1224 2216 1359 2282 suis,
1392 2215 1493 2270 hoc
1532 2215 1587 2269 in
1606 2229 1773 2284 opere
1799 2200 1897 2268 sub
1926 2215 2203 2269 exordium
2221 2214 2560 2287 episcopatus
2580 2215 2662 2271 sui
2692 2216 2893 2286 scripto
2913 2219 3236 2288 resipiscens
3265 2221 3517 2275 emenda-

224 2307 317 2372 vit,
347 2307 651 2378 abjecitqnc
678 2323 919 2364 errorem
948 2325 1124 2375 suum,
1153 2311 1429 2380 apostolico
1458 2310 1731 2382 prtecipue,
1775 2310 1930 2364 sicuti
1956 2310 2007 2364 in
2039 2310 2174 2365 libro
2218 2309 2286 2366 de
2329 2311 2804 2370 Praadestinatione
2848 2323 3156 2370 sanctorum
3200 2316 3511 2385 prolitctur,

222 2399 473 2453 conuictus
503 2402 806 2465 testimonio,
835 2417 901 2457 ex
932 2401 952 2455 l
980 2401 1106 2457 Cor.
1134 2419 1207 2469 tv,
1226 2404 1257 2457 7
1283 2421 1296 2457 :
1328 2403 1470 2474 quod
1500 2403 1847 2459 nihilominus
1874 2403 2053 2458 divino
2094 2405 2304 2460 muneri
2332 2421 2395 2461 ac
2430 2408 2740 2463 revelationi
2792 2408 3133 2478 tribuendum
3158 2409 3255 2466 Vir
3294 2420 3512 2467 sanctus

224 2488 416 2544 ibidem
443 2492 703 2561 agnoscit.
732 2492 1044 2563 Quanquam
1070 2509 1198 2565 ergo
1236 2494 1323 2548 illa
1352 2494 1418 2549 ad
1456 2493 1859 2564 Simplicianum
1882 2494 2243 2564 diSputatione
2271 2512 2385 2551 rem
2434 2499 2627 2554 alicubi
2671 2508 2850 2555 verset
2900 2501 2951 2555 in
2980 2512 3255 2572 utramque
3284 2484 3511 2573 partem,

225 2581 488 2637 dubitanti
532 2599 721 2654 parum
751 2586 1067 2657 dissimilis(
1100 2585 1242 2669 quod
1283 2588 1520 2656 profecto
1562 2584 1868 2656 disputandi
1918 2600 2087 2656 genus
2135 2585 2390 2644 lectorem
2436 2590 2673 2659 postulat
2716 2606 2959 2661 sagacem
3015 2592 3512 2667 vigilantetnque);

225 2672 457 2729 attamen
482 2690 539 2729 se
550 2676 657 2745 jam
684 2674 794 2729 tum
823 2672 1091 2748 antequam
1117 2674 1399 2747 Pelagiana
1424 2674 1628 2731 hwresis
1640 2685 1925 2747 appareret,
1952 2676 2032 2732 sic
2056 2676 2374 2734 disseruisse
2390 2678 2520 2734 dicit
2546 2680 2615 2735 de
2637 2681 2780 2736 dono
2805 2685 3213 2751 perseverantia:
3237 2687 3501 2754 scribens,

227 2769 286 2818 tit
312 2781 485 2836 neque
512 2770 806 2822 remanserit
844 2769 1038 2839 aliquid
1066 2785 1165 2839 quo
1208 2778 1410 2824 uocetur
1428 2769 1482 2823 in
1510 2769 1718 2824 dubium
1745 2770 1963 2841 gratiam
1990 2769 2089 2826 Dei
2126 2788 2227 2827 non
2254 2772 2530 2827 secundum
2555 2776 2731 2829 merita
2760 2790 2931 2832 nostra
2960 2779 3093 2847 dari,
3126 2788 3171 2835 et
3209 2782 3332 2836 satis
3361 2786 3516 2853 egerit

228 2857 377 2910 etiam
400 2859 596 2913 initium
637 2862 761 2931 ﬁdei
789 2878 894 2916 esse
922 2862 1112 2917 donum
1155 2862 1282 2929 Dei,
1309 2874 1472 2933 utque
1497 2879 1559 2918 ea:
1582 2863 1643 2917 iis
1679 2879 1795 2934 qua:
1823 2864 1891 2918 ibi
1918 2865 2055 2919 dicta
2083 2875 2222 2932 sunt,
2271 2877 2627 2936 consequenter
2667 2868 2877 2937 eluceat,
2909 2874 3061 2925 etiam
3091 2890 3247 2944 usque
3284 2876 3337 2928 in
3365 2878 3519 2945 ﬁnem

229 2953 642 3018 perseverantiam
670 2955 871 3008 nonnisi
898 2954 960 3008 ab
989 2971 1047 3009 eo
1088 2956 1291 3023 donari,
1316 2958 1400 3027 qui
1420 2973 1513 3011 nos
1542 2955 1916 3027 predestinauit
1942 2958 1996 3011 in
2023 2975 2171 3012 suum
2196 2975 2407 3029 regnum
2434 2969 2481 3013 et
2498 2959 2736 3030 gloriam.

296 3042 485 3099 Finitis
514 3046 942 3115 Qumstionibus,
971 3049 1139 3103 series
1168 3050 1351 3118 incipit
1377 3048 1765 3119 Opusculorum
1791 3064 1912 3119 quae
1938 3049 2004 3102 ad
2032 3064 2211 3105 mores
2251 3052 2420 3121 magis
2463 3053 2710 3108 attinent.
2744 3054 2980 3109 Primum
3011 3070 3078 3111 ex
3105 3056 3187 3113 bis
3228 3059 3420 3115 librum
3450 3061 3519 3115 do

225 3136 353 3192 Fide
381 3154 559 3193 rerum
587 3156 706 3210 qua:
735 3144 838 3195 nea
872 3141 1134 3207 videntur,
1170 3144 1472 3198 restitutum
1521 3144 1659 3200 imus
1711 3141 2034 3215 Augustino,
2085 3143 2171 3196 cui
2227 3158 2510 3213 perperam
2566 3144 2740 3200 fuerat
2791 3145 3001 3200 Erasmi
3028 3158 3082 3201 et
3107 3148 3516 3227 Lovaniensium

224 3222 617 3301 Tlieologorum
664 3234 929 3288 sententia
965 3244 1204 3305 ereptus.
1241 3235 1595 3306 Subsequitur
1634 3237 1955 3308 opusculum
2004 3235 2073 3292 de
2113 3235 2247 3290 Fide
2293 3244 2348 3291 et
2376 3235 2657 3307 Symbolo,
2709 3238 2851 3307 quod
2904 3239 3262 3308 Hipponensis
3305 3224 3518 3300 concilii

223 3325 490 3394 episcopis
515 3335 789 3395 acceptum
827 3326 1025 3382 referre
1046 3328 1326 3394 debemus,
1347 3344 1571 3398 quorum
1596 3327 1841 3398 jussione
1880 3329 2218 3398 Augustinus
2249 3328 2647 3398 episcopalibus
2674 3330 2908 3385 nondum
2936 3332 3118 3386 infulis
3156 3348 3444 3399 exornatus
3465 3339 3517 3391 iil

223 3416 519 3485 argumenti
569 3418 813 3471 tractavit
846 3418 896 3472 in
953 3419 1044 3473 illo
1091 3418 1253 3474 totius
1282 3418 1479 3473 Africae
1520 3419 1764 3489 plenario
1807 3433 2112 3485 consessu;
2156 3433 2318 3488 quem
2350 3418 2510 3472 etiam
2556 3426 2839 3473 tractatum
2894 3421 3081 3475 amicis
3128 3412 3518 3480 studiosissime

222 3512 541 3566 instantibus
560 3512 614 3566 in
643 3512 839 3567 librum
859 3513 1112 3583 redigere
1134 3513 1443 3583 compulsus
1467 3520 1567 3568 est.
1602 3512 1854 3567 Proxime
1879 3512 2183 3581 adiungitur
2200 3511 2335 3566 liber
2361 3510 2429 3566 de
2458 3511 2590 3566 Fide
2618 3519 2673 3566 ct
2694 3510 2977 3581 Operibus,
3004 3514 3055 3567 in
3078 3530 3175 3569 eos
3192 3517 3509 3585 publicatus,

221 3605 310 3675 qui
326 3605 629 3660 sentiebant
648 3614 704 3661 et
726 3620 914 3660 omnes
952 3607 1084 3661 citra
1114 3606 1404 3662 discrimen
1429 3603 1789 3674 admittendos
1818 3605 1885 3669 ad
1913 3604 2264 3673 Baptismum,
2292 3610 2347 3658 et
2376 3610 2643 3672 praecepta
2690 3618 2900 3657 morum
2933 3606 3144 3659 nonnisi
3185 3618 3305 3676 post
3335 3608 3516 3678 Bapti-

220 3712 396 3751 smum
428 3697 705 3763 tradenda,
738 3707 792 3753 et
820 3698 1038 3753 demum
1090 3698 1386 3768 baptizatos
1436 3696 1742 3752 christiana:
1793 3696 1917 3751 fidei
1954 3695 2147 3750 merito
2177 3694 2464 3750 salvandos
2511 3709 2653 3759 esse,
2680 3694 2892 3749 etiamsi
2924 3702 3103 3752 mores
3128 3699 3520 3767 quantumlibet

220 3790 433 3861 iniquos
462 3788 735 3861 nunquam
768 3791 1042 3863 mutarint.
1067 3780 1239 3861 Quam
1265 3780 1477 3845 tertiam
1514 3789 1822 3859 opinionem
1870 3804 1991 3843 cum
2022 3787 2527 3855 perniciosissimam
2554 3786 2821 3856 iudicaret
2874 3787 2932 3842 S.
2968 3788 3181 3855 Doctor,
3210 3792 3517 3853 convellen-

220 3864 351 3938 dam‘
375 3884 613 3953 suscepit
640 3874 746 3937 non
784 3882 970 3949 semel,
1017 3882 1112 3938 sed
1158 3897 1319 3936 manu
1361 3881 1532 3935 amica
1581 3894 1799 3949 semper
1841 3888 1891 3934 et
1924 3877 2143 3949 paciﬁca
2179 3891 2194 3941 ;
2225 3876 2347 3945 quia
2392 3874 2683 3946 profectam
2719 3875 2787 3930 ab
2832 3878 3137 3932 auctoribus
3177 3878 3316 3933 haud
3356 3880 3519 3936 dubie

219 3968 497 4031 catholicis
519 3991 583 4031 ac
610 3954 711 4045 piis
745 3954 973 4045 :quibus
996 3956 1122 4030 dum
1153 3974 1387 4029 occurrit
1411 3973 1462 4026 in
1492 3972 1586 4027 lib.
1616 3971 1681 4026 2|
1715 3971 1783 4026 de
1824 3970 2049 4026 Civitate
2094 3969 2209 4033 Dei,
2240 3984 2360 4038 cap.
2389 3969 2476 4033 Π,
2511 3966 2666 4021 Nunc
2677 3968 2812 4038 jam,
2845 3968 2939 4033 ait,
2970 3984 3086 4021 cum
3113 3971 3517 4027 niisericordibns

219 4061 403 4119 nostris
430 4052 684 4136 agendum
713 4082 822 4120 esse
849 4052 991 4119 video
1018 4074 1064 4118 et
1092 4065 1304 4136 paci/ioc
1327 4063 1713 4132 disputandum.
1746 4061 1883 4116 Hinc
1912 4061 2070 4130 longe
2099 4059 2289 4114 abesse
2326 4072 2432 4112 non
2457 4058 2696 4126 oportuit
2723 4057 3094 4123 Encltiridion,
3141 4075 3247 4131 quo
3273 4062 3513 4117 dactrina

220 4142 449 4213 traditur
475 4159 545 4213 de
566 4144 719 4222 Fide,
752 4145 858 4228 Spe
878 4168 933 4213 et
956 4158 1231 4214 Cliaritate
1262 4175 1276 4213 :
1323 4172 1458 4227 Opus
1476 4171 1603 4211 vere
1619 4170 1858 4219 aureum,
1887 4164 2143 4210 nocturna
2172 4160 2226 4207 et
2251 4152 2438 4205 diurna
2477 4167 2638 4205 manu
2667 4151 3013 4207 versandum.’
3036 4153 3194 4209 Liber
3217 4155 3284 4211 de
3328 4158 3515 4229 Agaue

219 4247 531 4305 Christiano
556 4251 747 4306 eodem
794 4250 905 4305 fere
928 4259 1153 4321 spectat,
1185 4249 1309 4304 fidei
1337 4248 1597 4319 Regulam
1623 4248 1905 4303 continens
1930 4256 1984 4302 et
2011 4253 2277 4316 prmcepta
2316 4243 2553 4300 vivendi.
2581 4245 2690 4299 llos
2732 4244 2800 4299 de
2830 4245 2961 4300 Fide
2982 4246 3147 4301 libros
3165 4250 3360 4318 excipit
3380 4261 3516 4319 opus

218 4330 286 4398 de
306 4344 719 4400 Catechizandis
749 4344 989 4409 rudibus,
1018 4344 1218 4399 editum
1241 4352 1428 4414 rogatu
1461 4343 1671 4397 diaconi
1700 4340 2138 4411 Carthaginensis
2168 4339 2503 4408 Deogratias,
2529 4337 2596 4391 ad
2631 4352 2789 4409 quem
2818 4338 3013 4407 saepius
3041 4340 3226 4409 primis
3257 4342 3377 4396 tidei
3406 4344 3517 4398 elc-

219 4438 416 4492 mentis
458 4420 734 4493 imbuendi
763 4436 1165 4492 deducebantur
1212 4450 1487 4490 sacrarum
1528 4434 1831 4489 litterarum
1870 4432 2050 4488 rudes;
2079 4429 2387 4486 Succedunt
2429 4429 2589 4484 simul
2615 4446 2735 4483 cum
2783 4438 3010 4484 tractatu
3051 4431 3119 4485 de
3147 4431 3511 4504 Continentia,

218 4548 340 4601 quae
370 4532 612 4586 materiae
634 4541 688 4586 et
728 4531 1028 4607 argumenti
1057 4530 1136 4585 sui
1161 4528 1420 4585 afﬁnitate
1443 4528 1744 4598 conjuncta;
1769 4536 1897 4582 sunt
1938 4528 2079 4582 inter
2101 4542 2159 4580 se
2186 4525 2607 4587 lucubrationes,
2642 4524 2710 4579 de
2727 4524 2875 4578 Bono
2914 4524 3202 4595 eonjugali,
3228 4527 3294 4582 de
3323 4539 3509 4585 sancta

220 4625 561 4694 Virginitatc,
591 4625 659 4680 de
686 4625 833 4679 Bono
864 4624 1168 4695 Viduitatis,
1196 4622 1265 4679 de
1309 4621 1587 4699 Coniugiis
1610 4620 1948 4675 adulterinis.
1988 4619 2180 4673 Postea
2202 4617 2270 4672 de
2295 4615 2591 4682 Mendacio,
2618 4625 2672 4671 et
2712 4624 2896 4671 contra
2928 4615 3258 4671 Mendacium
3295 4637 3308 4674 :
3337 4636 3416 4684 ac,
3444 4637 3514 4676 ne

217 4704 427 4787 singula
455 4731 862 4786 persequamur,
886 4714 1073 4770 ordine
1099 4714 1277 4769 omnia
1303 4721 1453 4768 certo
1482 4712 1803 4782 proprioque
1828 4718 1953 4764 sunt
1973 4709 2254 4764 collecata.
2968 4798 2971 4799 ν

299 4809 517 4877 Verum,
546 4810 688 4882 quod
718 4810 793 4865 rei
819 4819 975 4880 caput
1003 4808 1391 4873 existimamus,
1441 4806 1749 4862 criticorum
1781 4804 1834 4858 in
1873 4803 1987 4873 ipsa
2015 4802 2280 4872 Opuscula
2304 4802 2586 4872 judicium,
2619 4802 2663 4856 si
2694 4802 2811 4873 quis
2837 4803 2970 4859 forte
3000 4803 3179 4873 injecit
3203 4804 3269 4859 de
3289 4808 3509 4862 auctore

214 4905 549 4973 scrupulum,
583 4903 650 4957 ad
673 4918 899 4958 examen
940 4910 1160 4957 vocatur
1194 4919 1206 4955 :
1233 4900 1476 4969 quzedam
1505 4914 1623 4969 qua:
1647 4913 1746 4969 pro
1772 4897 1948 4951 nothis
1994 4895 2175 4950 haberi
2206 4895 2480 4963 volebant,
2503 4896 2727 4964 genuina
2756 4910 2875 4950 esse
2920 4903 3319 4963 monstrantur;
3352 4900 3454 4954 alia
3480 4916 3513 4953 ο

216 4997 494 5053 contrario
523 5012 642 5067 qum
663 4996 910 5052 solebant
941 4992 1187 5065 genuinis
1235 4991 1549 5062 adjungere,
1576 4990 1661 5045 vel
1714 4990 2061 5059 repudiantur
2102 4997 2160 5041 ut
2210 4988 2394 5051 notha,
2443 4987 2527 5042 vel
2570 4988 2750 5059 aliquo
2770 4988 3077 5043 discrimine
3117 4998 3431 5059 separantur
3456 5002 3517 5046 ut

212 5092 399 5146 dubia.
428 5091 599 5161 llujus
626 5089 943 5160 posterioris
967 5087 1179 5159 generis
1223 5094 1351 5141 sunt
1394 5093 1650 5139 tractatus
1677 5083 1745 5138 de
1774 5082 2031 5152 Symbolo
2059 5082 2122 5135 ad
2147 5080 2595 5169 Catcchumenos,
2638 5090 2691 5135 et
2717 5080 2803 5134 alii
2831 5080 3057 5165 quidam,
3097 5096 3159 5135 ex
3195 5090 3338 5135 tomo
3368 5098 3513 5139 nono

116 5207 127 5218 ο
210 5186 460 5241 translati
491 5184 771 5239 ltuclibelli
797 5183 911 5238 sive.
930 5183 1238 5245 Sermones,
1261 5178 1395 5251 quos
1416 5181 1467 5233 in
1493 5188 1732 5234 extrema
1757 5176 2037 5231 voluminis
2058 5184 2208 5244 parte
2248 5175 2622 5230 minutioribus
2644 5176 2784 5245 typis
2802 5189 3027 5230 excusos
3041 5186 3489 5244 reprznsentamns
3504 5220 3519 5236 .

285 5300 343 5356 In
362 5298 674 5355 adornanda
702 5311 915 5368 quoque
948 5294 1256 5375 Appendice
1283 5310 1381 5350 nec
1406 5284 1596 5365 exigua
1643 5307 1770 5348 cura
1800 5335 1813 5358 ,
1841 5279 1939 5346 nec
1991 5291 2167 5345 inanis
2211 5270 2367 5346 labor
2414 5291 2688 5360 impensus
2725 5298 2827 5361 est.
2858 5288 3246 5361 Opusculorum
3294 5294 3517 5365 subditi.

168 5368 173 5373 ⁸
207 5394 410 5447 tiorum‘
441 5380 653 5461 quaesiti
684 5398 811 5444 sunt
847 5398 901 5445 et
928 5390 1124 5457 reperti
1152 5368 1462 5457 plerumque
1488 5394 1755 5439 auctores.
1786 5383 1991 5453 Hugonl
2023 5382 2296 5437 Victorino
2345 5381 2645 5435 vindicatur
2673 5380 2901 5465 libellus
2926 5382 2995 5438 de
3043 5382 3351 5465 Substantia
3382 5386 3515 5443 dile—

164 5468 171 5473 ’
205 5486 409 5539 etiouis
440 5500 455 5549 ;
490 5483 777 5551 eidemque
804 5480 906 5551 ipsi
932 5480 1171 5535 redditur
1199 5492 1337 5549 opus
1366 5476 1434 5532 de
1453 5484 1657 5545 septem
1690 5470 1866 5539 Vitiis,
1911 5483 1965 5528 et
1990 5468 2194 5545 septem
2228 5471 2390 5549 Donis
2410 5470 2639 5541 Spiritus
2660 5470 2850 5555 sancti.
2880 5462 3039 5528 Liber
3065 5472 3137 5528 de
3161 5462 3311 5529 Scala
3354 5475 3515 5531 Para-

203 5576 309 5630 disi
340 5572 648 5631 restituitur
668 5566 897 5642 GuigOni
931 5564 1285 5626 Cartliusiano
1318 5586 1330 5624 :
1363 5568 1430 5623 de
1458 5564 1775 5635 Cognitione
1800 5580 1947 5621 verre
1968 5566 2111 5630 vitae,
2141 5562 2376 5617 llonorio
2400 5562 2874 5649 Augustoduncnsi
2898 5581 2912 5618 :
2942 5563 3009 5619 de
3053 5565 3175 5620 Vita‘
3198 5567 3508 5635 christiana,

204 5666 456 5724 Fastidio
496 5654 703 5721 Britoni
734 5681 748 5717 :
781 5663 1002 5719 Paulino
1042 5660 1403 5732 Aquileiensi,
1446 5658 1515 5713 de
1566 5653 1889 5713 salutaribus
1945 5655 2287 5709 Documentis
2315 5696 2330 5720 ,
2379 5653 2447 5711 de
2501 5647 2763 5710 Conﬂictn
2814 5648 3069 5711 vitiorum’
3099 5662 3153 5712 et
3208 5650 3458 5713 virtutum
3494 5678 3515 5727 ί

199 5760 496 5817 Ambrosio
544 5755 936 5825 Antperto:de
992 5753 1326 5810 Rectitndine
1354 5751 1631 5808 catholica:
1665 5748 2104 5812 conversationis,
2138 5762 2201 5801 ac
2250 5745 2473 5817 proinde
2526 5748 2684 5803 etiam
2732 5747 2801 5803 de
2848 5743 3090 5802 Vanitate
3137 5750 3319 5803 smeuli
3351 5791 3366 5811 ,
3404 5750 3519 5805 Eli—

199 5858 287 5927 3io
317 5850 674 5913 Naviomcnsi
708 5867 719 5901 :
754 5850 822 5903 de
849 5848 995 5904 Bono
1021 5846 1318 5918 disciplina:
1341 5884 1358 5915 ,
1386 5842 1668 5901 Valeriano
1700 5840 2003 5913 Cymelensi
2051 5840 2301 5911 episeopo
2328 5882 2342 5909 ,
2395 5848 2495 5897 etc.
2524 5840 2757 5897 Libellus
2778 5840 2845 5897 de
2880 5841 3127 6006 A‘n;irL-,itia
3151 5858 3231 6005 jx
3280 5840 3523 5900 Aelredd

439 5956 717 6006 PsTttOL.
770 5951 900 6006 XL.
1133 5937 1140 5943 ”
3048 5944 3151 5994 ne.

435 5956 717 6013 Parnm.
770 5951 900 6012 XL.
1133 5937 1140 5943 ’
2952 5937 3151 6006 (Uno.
