4136 6542
294 444 367 503 13
742 496 745 497 ,
1739 449 1940 505 LIBER
1983 451 2177 511 UNUS.

898 565 986 620 Vl.
1032 566 1106 621 De
1154 568 1306 622 malo.

365 651 542 711 Omne
579 656 728 727 quod
762 666 867 726 est,
892 668 986 713 aut
1026 668 1110 714 est
1152 674 1492 729 corporeum,
1521 669 1613 714 aut
1642 660 1891 730 incorpo-

295 760 469 800 reum.
500 746 838 818 Corporeum
876 750 1137 817 sensibili,
1182 751 1555 821 incorporeum
1584 759 1763 807 autem
1810 752 1891 807 in-

300 837 560 907 telligibili
603 840 789 909 specie
830 843 1157 897 continetur.
1197 841 1369 898 Omne
1408 843 1565 913 igitur
1595 842 1737 913 quod
1782 852 1885 911 εει,

298 929 414 984 sine
443 930 621 1001 aliqua
651 933 835 1001 specie
854 948 961 988 non
992 942 1093 989 est.
1124 934 1225 990 Ubi
1250 943 1429 991 autem
1454 936 1629 1006 aliqua
1658 936 1884 1006 species,

299 1022 603 1077 necessario
628 1033 712 1079 est
742 1024 931 1094 aliquis
961 1025 1172 1092 modus,
1205 1034 1259 1081 et
1294 1028 1486 1081 modus
1522 1027 1721 1098 aliquid
1759 1027 1886 1083 boni

296 1121 393 1166 est.
423 1112 703 1168 Summum
731 1130 859 1185 ergo
884 1117 1083 1171 malum
1109 1116 1310 1171 nullum
1336 1118 1551 1174 modum
1575 1119 1771 1182 habet;
1797 1135 1889 1175 ca-

294 1215 373 1260 ret
396 1207 534 1260 enim
556 1207 705 1261 omni
736 1206 899 1264 bono.
917 1208 1033 1263 Non
1055 1217 1138 1264 est
1163 1209 1347 1280 igitur;
1379 1211 1501 1281 quia
1533 1211 1678 1266 nulla
1705 1212 1883 1281 specie

293 1299 619 1367 continetur,
670 1309 947 1372 totumque
997 1301 1101 1358 hoc
1152 1318 1349 1359 nomen
1399 1304 1525 1359 mali
1569 1304 1637 1360 de
1680 1306 1880 1376 speciei

293 1390 590 1459 privatione
619 1401 891 1462 repertum
920 1402 1020 1448 est.

396 1481 505 1535 Vll.
554 1482 681 1549 Quae
728 1485 935 1555 praprie
970 1486 1025 1539 in
1059 1484 1316 1540 animante
1349 1486 1520 1540 anima
1549 1486 1768 1541 dicatur.

358 1574 549 1629 Anima
576 1576 865 1647 aliquando
890 1578 961 1632 ita
994 1578 1209 1643 dicitur,
1232 1586 1289 1633 ut
1321 1595 1443 1634 cum
1474 1588 1654 1635 mente
1682 1581 1877 1635 intellio

282 1677 469 1736 gatnr;
502 1667 664 1722 veluti
688 1684 809 1723 cum
838 1669 1065 1725 dicimus
1092 1670 1361 1726 hominem
1389 1687 1456 1727 ex
1482 1673 1657 1727 anima
1683 1682 1737 1728 et
1756 1689 1875 1728 cor-

284 1773 411 1827 pore
455 1769 706 1816 constare
733 1778 748 1816 :
780 1762 1064 1833 aliquando
1103 1763 1198 1829 ita,
1230 1772 1288 1818 ut
1323 1774 1543 1836 excepta
1587 1775 1766 1821 mente
1794 1765 1872 1821 di-

280 1860 449 1905 catur.
470 1850 578 1906 Sed
599 1867 724 1907 cum
744 1862 967 1924 excepta
992 1862 1173 1910 mente
1197 1855 1412 1925 dicitur,
1430 1873 1496 1912 ex
1532 1857 1598 1913 iis
1618 1858 1871 1927 Operibus

281 1943 591 2015 intelligitur
614 1960 736 2016 quae
764 1945 1022 2003 habemus
1049 1960 1171 2004 cum
1200 1947 1387 2003 bestiis
1413 1950 1737 2005 communia.
1770 1951 1872 2006 Be-

277 2036 390 2090 stiae
422 2052 659 2107 namque
683 2048 867 2093 carent
908 2040 1136 2107 ratione,
1158 2056 1279 2111 qua:
1317 2042 1511 2097 mentis
1547 2057 1761 2113 semper
1786 2051 1871 2100 εει

278 2129 509 2199 propria.

498 2221 636 2277 Vill.
696 2222 881 2279 Utrum
919 2240 1009 2293 per
1044 2240 1100 2279 se
1135 2225 1308 2279 anima
1345 2235 1622 2280 moveatur.

342 2311 541 2368 Moveri
572 2328 671 2383 per
700 2329 760 2369 se
784 2315 1016 2369 animam
1042 2317 1233 2383 sentit,
1263 2317 1354 2387 qui
1389 2318 1553 2372 sentit
1573 2316 1626 2372 in
1657 2332 1716 2373 se
1744 2332 1864 2374 esse

271 2404 619 2459 voluntatem.
649 2404 783 2460 Nam
811 2406 857 2460 si
878 2406 1143 2475 volumus,
1168 2422 1273 2462 non
1304 2407 1442 2463 alius
1462 2407 1530 2463 de
1552 2409 1706 2463 nobis
1729 2409 1860 2464 vult.

267 2494 335 2549 Et
375 2495 475 2550 istc
514 2506 695 2551 motus
724 2497 916 2552 anima:
952 2506 1279 2567 spontaneus
1326 2507 1442 2563 est;
1483 2498 1586 2554 hoc
1626 2499 1768 2553 enim
1811 2500 1860 2553 ei

269 2588 525 2644 tributum
550 2598 636 2645 est
660 2605 690 2643 a
722 2591 833 2645 Deo
862 2608 876 2644 :
903 2590 992 2660 qui
1025 2598 1201 2645 tamen
1248 2600 1445 2656 motus,
1491 2606 1595 2645 non
1636 2589 1704 2646 de
1741 2590 1860 2646 loco

267 2686 321 2740 in
365 2685 539 2739 locum
566 2692 671 2749 est,
702 2692 953 2754 tanquam
983 2682 1245 2754 corporis.
1274 2682 1542 2739 Localiter
1569 2683 1711 2738 enim
1737 2698 1858 2738 mo-

265 2775 378 2830 veri
405 2774 643 2845 corporis
677 2774 955 2845 proprium
983 2783 1082 2829 est.
1117 2774 1182 2828 Et
1207 2788 1327 2829 cum
1355 2774 1532 2828 anima
1561 2774 1853 2841 voluntate,

266 2866 319 2922 id
348 2875 449 2933 εει,
481 2867 573 2922 illo
601 2877 749 2922 motu
774 2868 865 2937 qui
900 2866 1083 2921 localis
1114 2880 1220 2921 non
1242 2873 1344 2931 est,
1374 2880 1571 2935 corpus
1596 2880 1749 2920 suum
1778 2874 1857 2919 ta-

265 2975 383 3013 men
431 2958 674 3013 localiter
720 2966 920 3025 movet,
950 2972 1059 3012 non
1103 2971 1168 3011 ex
1198 2956 1387 3012 eodem
1431 2964 1760 3011 monstratur
1800 2965 1856 3012 et

262 3052 373 3121 ipsa
412 3051 656 3107 localiter
691 3050 915 3105 moveri.
960 3048 1107 3105 Sicut
1146 3048 1387 3104 videmus
1424 3062 1454 3101 a
1489 3047 1706 3103 cardine
1732 3064 1852 3102 mo-

259 3145 367 3200 veri
388 3143 589 3215 aliqnid
612 3158 708 3214 per
732 3157 981 3214 magnum
1006 3140 1236 3212 spatium
1258 3140 1382 3209 loci,
1403 3148 1457 3196 et
1478 3150 1653 3196 tamen
1675 3141 1850 3211 ipsum

257 3234 529 3290 cardinem
547 3235 563 3266 ί
609 3248 716 3289 non
742 3233 942 3288 moveri
972 3232 1112 3287 loco.

292 3324 385 3379 IX.
440 3324 624 3380 Utrum
658 3325 913 3395 corporeis
952 3323 1179 3378 sensibus
1208 3323 1399 3395 percipi
1422 3324 1605 3378 veritas
1633 3325 1809 3394 possit.
1900 3351 1908 3360 -

322 3418 495 3475 Omne
519 3418 659 3488 quod
686 3432 974 3488 corporeus
1000 3432 1190 3472 sensus
1228 3417 1457 3487 attingit,
1483 3417 1621 3487 quod
1646 3426 1698 3471 et
1724 3431 1849 3471 seu-

253 3511 403 3567 sibile
436 3511 654 3577 dicitur,
682 3510 797 3564 sine
824 3508 930 3563 ulla
973 3507 1370 3563 intermissione
1407 3509 1662 3577 temporis
1698 3524 1845 3563 com-

252 3610 487 3658 mutatur
508 3600 588 3675 (a)
611 3619 624 3656 :
651 3600 797 3656 velut
821 3616 943 3656 cum
966 3599 1145 3670 capilli
1165 3600 1356 3670 capitis
1386 3602 1549 3654 nostri
1572 3610 1839 3665 crescunt,

251 3695 335 3750 vel
361 3708 558 3763 corpus
592 3692 763 3763 vergit
789 3692 840 3747 in
872 3700 1223 3756 senectutem,
1252 3699 1346 3745 aut
1378 3690 1431 3745 in
1455 3689 1727 3761 juventam
1758 3692 1840 3745 ef-

248 3784 503 3849 florescit,
522 3792 785 3855 perpetuo
814 3781 865 3837 id
895 3782 972 3847 fit,
1004 3796 1103 3838 nec
1128 3782 1346 3836 omnino
1373 3781 1676 3835 intermittit
1701 3781 1837 3836 fieri.

246 3876 396 3943 Quod
434 3884 613 3929 autem
667 3890 771 3928 non
824 3882 1023 3940 manet,
1054 3873 1257 3944 percipi
1301 3887 1407 3926 non
1461 3881 1677 3941 potest:
1710 3872 1838 3927 illud

244 3970 384 4024 enim
423 3968 719 4039 percipitur
741 3966 883 4038 quod
913 3965 1132 4022 scientia
1159 3963 1646 4034 comprehenditur.
1681 3964 1838 4018 Com-

242 4063 504 4133 prehendi
518 4069 698 4117 autem
717 4075 821 4114 non
837 4068 1010 4131 potest
1022 4057 1162 4128 quod
1178 4057 1293 4111 sine
1307 4055 1699 4110 intermissione
1716 4071 1836 4110 mu-

245 4164 404 4209 tatur.
438 4152 557 4208 Non
574 4161 658 4207 est
680 4151 838 4220 igitur
854 4147 1210 4219 exspectanda
1239 4146 1519 4201 sinceritas
1544 4146 1783 4201 veritatis
1802 4160 1833 4200 a

240 4246 492 4302 sensibus
515 4244 781 4314 corporis.
807 4241 912 4298 Sed
946 4257 1015 4296 ne
1044 4241 1165 4312 quis
1191 4238 1332 4294 dicat
1361 4254 1481 4293 esse
1513 4239 1685 4308 aliqua
1706 4252 1834 4293 sen-

240 4339 413 4394 sibilia
442 4336 635 4394 eodem
661 4334 823 4390 modo
851 4348 1063 4403 semper
1091 4332 1379 4396 manentia,
1403 4340 1459 4386 et
1483 4332 1831 4402 quaestionem

239 4431 392 4486 nobis
421 4429 490 4483 de
528 4428 643 4485 sole
682 4436 843 4497 atque
885 4426 1053 4481 stellis
1091 4424 1297 4489 afferat,
1345 4424 1396 4477 in
1439 4422 1632 4493 quibus
1679 4422 1832 4479 facile

237 4522 484 4577 convinci
534 4535 639 4576 non
679 4527 889 4591 potest;
935 4517 1062 4572 illud
1106 4525 1250 4572 certe
1295 4530 1453 4570 nemo
1493 4523 1577 4571 est
1603 4516 1691 4586 qui
1722 4532 1828 4570 non

236 4621 461 4686 cngatur
490 4612 663 4677 fateri,
697 4611 828 4665 nihil
858 4624 978 4665 esse
1020 4608 1275 4664 sensibile
1300 4606 1443 4678 quod
1487 4623 1594 4661 non
1639 4605 1831 4662 habeat

235 4706 411 4763 simile
438 4704 599 4771 falso,
630 4705 701 4759 ita
732 4711 791 4757 ut
817 4701 1103 4757 internosci
1131 4717 1240 4757 non
1265 4700 1449 4769 possit.
1481 4698 1613 4754 Nam
1643 4709 1699 4753 ut
1727 4700 1828 4754 alia

234 4799 665 4870 pretermittam,
682 4796 862 4853 omnia
889 4810 1006 4866 quae
1032 4811 1129 4867 per
1151 4809 1344 4866 corpus
1370 4795 1648 4861 sentimus,
1667 4795 1826 4849 etiam

162 4926 167 4931 -
234 4906 353 4947 cum
387 4905 451 4946 ea
488 4904 595 4945 non
624 4889 821 4943 adsunt
846 4886 1112 4950 sensibus,
1140 4887 1400 4954 imagines
1430 4895 1608 4941 tamen
1639 4901 1825 4941 eorum

235 4983 466 5053 patimur
496 4991 748 5050 tanquam
775 4993 991 5048 prorsus
1018 4977 1212 5041 adsint,
1238 4977 1322 5032 vel
1348 4977 1399 5031 in
1423 4991 1633 5043 somno,
1659 4976 1744 5032 vel
1771 4978 1824 5033 in

234 5076 433 5131 furore.
467 5072 619 5142 Quod
648 5087 769 5126 cum
816 5072 1066 5141 patimur,
1109 5070 1328 5124 omnino
1357 5078 1536 5125 utrum
1579 5085 1641 5125 ea
1698 5070 1825 5139 ipsis

232 5170 477 5225 sensibus
520 5167 839 5232 sentiamus,
883 5174 975 5220 aut
1014 5164 1272 5234 imagines
1319 5163 1649 5218 sensibilium
1694 5163 1822 5230 sint,

232 5262 538 5317 discernere
566 5274 673 5315 non
697 5258 957 5313 valemus.
987 5256 1042 5311 Si
1072 5256 1229 5325 igitur
1256 5264 1381 5309 sunt
1421 5254 1677 5325 imagines
1703 5269 1824 5308 sen—

230 5352 464 5409 sibilium
492 5351 665 5417 falsas,
694 5364 813 5419 qua:
835 5347 1064 5401 discerni
1096 5346 1225 5418 ipsis
1254 5345 1499 5401 sensibus
1529 5354 1820 5417 nequeunt,

228 5455 280 5503 et
310 5445 442 5501 nihil
484 5442 693 5516 percipi
724 5449 900 5512 potest
929 5439 1030 5495 nisi
1069 5437 1211 5510 quod
1248 5451 1277 5491 a
1309 5434 1441 5493 falso
1481 5436 1819 5504 discernitur,

230 5556 333 5593 non
361 5547 443 5594 est
464 5537 730 5609 judicium
775 5532 1012 5589 veritatis
1066 5532 1411 5586 constitutum
1458 5532 1509 5585 in
1553 5531 1816 5588 sensibus.

227 5628 583 5698 Quamobrem
630 5625 986 5681 saluberrime
1026 5622 1378 5678 admonemur
1415 5622 1582 5676 averti
1617 5622 1683 5677 ab
1720 5622 1822 5679 hoc

277 5790 350 5855 (a)
380 5795 399 5841 Ι
435 5795 650 5840 ttetraet.
677 5796 785 5847 cap.
809 5781 890 5833 26.

201 5884 210 5895 '
282 5880 299 5911 ³
332 5877 417 5927 llic
444 5882 547 5925 ttat.
579 5879 635 5922 ct
655 5878 762 5920 tres
786 5876 888 5917 vss.
914 5865 1111 5928 addunt,
1138 5862 1377 5929 siquidem
1400 5865 1752 5929 impartitn'lem.

2644 68 2793 149 1!
2866 59 3141 192 ε.

2386 203 2477 305 ξιξ
2624 228 2954 288 7011118

2376 297 2437 361 *ί
2465 344 2562 417 Ca
2576 349 2611 429 ζ
2632 366 2733 445 ς
2752 326 3225 438 χρέοᾳοςς,
3293 407 3297 412 ,

2519 436 2715 493 ἰα-..ν
2940 460 3005 484 μ

3526 483 3596 540 υ.

2003 567 2224 664 mundo,
2257 572 2359 664 qui
2390 575 2631 643 profecto
2657 593 2951 651 corporeus
2989 596 3073 643 est
3114 599 3171 646 ct
3198 592 3500 664 sensibilis,
3539 614 3595 656 et

1998 656 2065 713 ad
2099 659 2288 728 Deum,
2313 663 2364 719 id
2390 674 2475 722 cst
2498 670 2800 740 veritatem,
2821 691 2937 744 qua:
2964 677 3235 738 intellectu
3261 694 3314 740 et
3339 656 3593 746 interiore

1998 759 2175 807 mente
2202 755 2431 825 capitur,
2460 774 2581 828 qua:
2623 777 2836 833 semper
2866 779 3044 825 manet
3076 781 3131 825 et
3169 774 3407 844 ejusdem
3445 783 3590 835 modi

1996 852 2105 908 est,
2137 860 2257 915 qua:
2306 862 2410 903 non
2451 851 2611 907 habet
2652 854 2936 927 imaginem
2977 863 3116 930 falsi,
3146 880 3174 920 ιι
3206 883 3308 937 qua
3351 869 3587 928 discerni

1995 946 2102 989 non
2132 938 2323 1007 possit,
2355 948 2463 996 tota
2490 943 2765 1003 alacritate
2794 953 3053 1008 converti.

2355 1054 2423 1111 Χ.
2471 1058 2654 1116 Utrum
2691 1081 2878 1137 corpus
2914 1086 2947 1122 a
2984 1070 3094 1127 Deo
3129 1074 3215 1128 sit.

2060 1139 2231 1197 Omne
2260 1144 2457 1202 bonum
2498 1165 2527 1203 a
2569 1153 2680 1208 Deo
2709 1174 2723 1209 :
2752 1171 2912 1215 omne
2939 1164 3236 1231 speciosum
3277 1167 3495 1238 bonum,
3527 1172 3580 1227 in
3623 1201 3629 1207 ο

1988 1242 2245 1299 quantum
2272 1239 2575 1305 speciosum
2616 1252 2696 1298 est
2719 1261 2732 1309 ;
2778 1256 2831 1301 et
2857 1264 3016 1307 omne
3041 1254 3184 1323 quod
3210 1258 3420 1325 Species
3445 1275 3579 1316 con-

1987 1322 2136 1388 tinet,
2158 1327 2458 1395 speciosum
2475 1342 2576 1388 est.
2595 1334 2767 1392 Omne
2784 1353 2958 1396 autem
2975 1322 3187 1416 corpus,
3208 1322 3264 1403 ut
3279 1366 3473 1421 corpus
3486 1355 3575 1421 sit,

1985 1416 2165 1484 specie
2203 1419 2376 1489 aliqua
2417 1426 2741 1483 continetur.
2772 1430 2942 1489 Omne
2972 1435 3131 1506 igitur
3156 1454 3350 1511 corpus
3377 1416 3409 1497 ξι
3442 1416 3576 1501 Deo.

2195 1532 2287 1589 XI.
2332 1535 2504 1604 Quare
2540 1540 2767 1600 Christus
2805 1547 2869 1601 de
2904 1549 3094 1618 femina
3120 1564 3269 1609 natus
3304 1557 3388 1611 sit.

1994 1702 1999 1707 '
2054 1623 2196 1718 Deus
2247 1643 2369 1683 cum
2423 1631 2632 1701 liberat,
2674 1652 2778 1691 non
2834 1651 3035 1708 partem
3090 1645 3317 1715 aliquam
3351 1649 3569 1718 liberat;

1980 1715 2074 1770 sed
2128 1725 2295 1773 totum
2347 1721 2556 1789 liberat,
2589 1729 2731 1796 quod
2780 1728 2919 1787 forte
2956 1735 3005 1788 in
3057 1739 3294 1806 periculo
3338 1750 3442 1796 est.
3472 1715 3573 1799 Sa;

1979 1806 2175 1902 pientia
2201 1826 2330 1882 ergo
2358 1823 2414 1869 et
2440 1814 2620 1872 Virtus
2660 1820 2774 1887 Dei,
2808 1824 2896 1893 qui
2928 1826 3121 1883 dicitttr
3145 1831 3453 1902 unigenitus
3482 1834 3571 1890 Fi-

1978 1897 2100 1962 lius,
2124 1898 2343 1959 homine
2367 1918 2617 1977 suscepto
2640 1910 3004 1972 liberationem
3034 1897 3264 1975 hominis
3293 1922 3567 1980 indicavit.

1977 1991 2220 2051 Hominis
2258 2006 2436 2055 autem
2473 2001 2717 2060 liberatio
2748 2007 2800 2060 in
2832 2018 3056 2080 utroque
3085 2028 3221 2068 sexu
3258 2015 3442 2071 debuit
3474 2033 3569 2088 ap-

1974 2100 2182 2155 parere.
2211 2088 2370 2159 Ergo,
2407 2094 2531 2163 quia
2573 2096 2744 2151 virum
2793 2103 3110 2170 Opportebat
3152 2107 3445 2177 suscipere,
3475 2110 3567 2179 qui

1972 2191 2135 2233 sexus
2178 2179 2548 2240 honorabilior
2572 2197 2673 2254 est,
2707 2205 3040 2263 consequens
3084 2206 3199 2251 erat
3244 2206 3302 2252 ut
3348 2198 3567 2256 feminei

1970 2282 2133 2324 sexus
2160 2270 2403 2329 liberatio
2430 2274 2555 2332 hinc
2580 2291 2883 2351 appareret,
2902 2285 3044 2355 quod
3069 2286 3156 2343 ille
3178 2286 3258 2343 vir
3274 2288 3340 2346 de
3365 2289 3563 2348 femina

1970 2368 2128 2417 natus
2156 2373 2258 2418 est.
3086 2370 3089 2373 ’

2216 2450 2332 2510 Xll.
2375 2456 2640 2515 Sententia
2662 2465 2926 2536 cujusdam
2952 2468 3193 2539 sapientis
3219 2471 3316 2543 (a).

2037 2545 2215 2617 Agite,
2248 2562 2303 2614 ο,
2335 2548 2525 2620 inquit,
2557 2553 2741 2609 miseri
2772 2557 3046 2625 mortales,
3074 2560 3177 2616 hoe
3203 2563 3343 2633 agite
3367 2579 3435 2621 ne
3460 2582 3562 2622 un-

1964 2651 2125 2707 quam
2158 2639 2361 2708 polluat
2394 2642 2498 2697 hoe
2549 2644 2877 2702 domicilium
2917 2651 3181 2721 malignus
3206 2655 3459 2726 spiritus;
3490 2674 3560 2714 ne

1962 2727 2212 2783 sensibus
2230 2729 2503 2787 immixtus
2518 2733 2744 2791 incestet
2763 2738 2954 2793 anima:
2973 2742 3333 2813 sanctitatem,
3347 2745 3557 2802 lucem~

1961 2834 2067 2890 que
2096 2823 2292 2878 mentis
2330 2823 2627 2882 obnubilet.
2664 2826 2842 2899 Serpit
2880 2830 2982 2887 hoc
3018 2834 3215 2889 malum
3244 2852 3341 2905 per
3366 2854 3557 2896 omnes
3610 2888 3613 2889 ν

1959 2912 2138 2969 aditus
2176 2915 2487 2985 sensuales;
2518 2918 2611 2973 dat
2638 2934 2697 2976 se
2727 2920 2932 2992 figuris,
2958 2927 3326 2983 accommodat
3355 2930 3554 2986 colori-

1958 3004 2080 3073 bus,
2106 3006 2346 3064 adhmret
2369 3011 2538 3078 sonis,
2570 3011 2699 3068 latet
2720 3014 2771 3069 in
2800 3014 2910 3082 ira,
2950 3017 3003 3071 in
3026 3017 3232 3075 fallacia
3257 3024 3551 3091 sermonis,

1958 3099 2213 3157 odoribus
2245 3117 2304 3157 se
2342 3104 2585 3174 subjicit,
2628 3105 2861 3162 infundit
2886 3111 3201 3180 saporibus,
3249 3129 3314 3170 ac
3355 3117 3552 3173 turbidi

1955 3201 2133 3247 motus
2162 3192 2343 3247 illuvie
2381 3196 2679 3251 tenebrosis
2705 3198 2982 3255 affectibus
3017 3202 3260 3258 tenebrat
3288 3219 3479 3262 sensus
3506 3210 3547 3276 ί,

1954 3286 2278 3353 quibusdam
2319 3289 2527 3345 nebulis
2569 3292 2755 3361 implet
2796 3310 2984 3349 omnes
3012 3306 3219 3352 meatus
3249 3299 3549 3371 intelligen-

1954 3379 2063 3447 titn,
2091 3394 2188 3449 per
2212 3397 2345 3449 quos
2368 3383 2671 3450 expandere
2699 3384 2880 3440 lumen
2905 3386 3127 3442 rationis
3148 3391 3329 3445 radius
3349 3393 3546 3447 mentis

1951 3473 2111 3528 solet.
2145 3473 2213 3528 Et
2241 3474 2366 3545 quia
2389 3475 2570 3530 radius
2592 3477 2840 3533 aetherem
2861 3478 2997 3533 lucis
3018 3488 3119 3546 est,
3149 3482 3203 3535 in
3229 3496 3402 3553 eoque
3425 3498 3547 3554 spe-

1949 3566 2128 3620 culum
2174 3566 2365 3622 divina:
2420 3570 2759 3639 prmscntize:
2805 3570 2861 3626 in
2916 3571 3019 3629 hoc
3064 3575 3204 3629 enim
3256 3576 3430 3644 Deus,
3489 3579 3540 3632 in

1949 3656 2051 3713 hoc
2080 3659 2324 3714 voluntas
2350 3660 2595 3729 innoxia,
2625 3663 2676 3716 in
2710 3666 2811 3718 hoc
2846 3673 2991 3720 recte
3030 3665 3155 3722 facti
3182 3669 3429 3724 meritum
3457 3686 3545 3725 re-

1950 3748 2130 3806 lucet:
2163 3751 2306 3807 Deus
2343 3751 2539 3823 ubique
2586 3768 2825 3824 prmsens
2874 3764 2988 3823 est;
3046 3767 3171 3813 tunc
3204 3768 3383 3815 autem
3423 3762 3543 3816 uni-

1946 3845 2139 3914 cuique
2178 3854 2420 3900 nostrum
2464 3847 2623 3901 simul
2654 3856 2766 3914 est,
2798 3863 2920 3903 cum
2963 3850 3159 3906 mentis
3197 3860 3396 3907 nostra:
3433 3853 3538 3907 illi-

1944 3934 2067 3989 bata
2093 3935 2298 4005 puritas
2340 3936 2393 3990 in
2422 3936 2538 4007 ejus
2567 3938 2852 4006 prarsentia
2880 3954 2940 3994 se
2981 3954 3103 3994 esse
3142 3942 3425 4010 putaverit.
3471 3943 3537 4000 Ut

1944 4026 2088 4081 enim
2119 4026 2268 4082 visus
2294 4028 2594 4094 oculorum,
2637 4029 2681 4082 si
2704 4027 2865 4084 fuerit
2890 4030 3124 4098 vitiatus,
3156 4030 3413 4101 quidquid
3452 4036 3533 4088 vi-

1943 4117 2071 4172 dere
2100 4132 2208 4172 non
2250 4118 2519 4188 potuerit,
2549 4117 2739 4173 adesse
2782 4134 2888 4174 non
2928 4130 3107 4189 putat;
3154 4119 3344 4176 frustra
3389 4124 3532 4179 enim
3608 4182 3611 4187 λ

1941 4210 2252 4264 circumstat
2273 4208 2456 4264 oculos
2483 4225 2721 4279 prtescns
2748 4211 2923 4282 imago
2950 4228 3151 4279 rerum,
3184 4213 3228 4267 si
3255 4213 3426 4269 oculis
3453 4215 3531 4269 in-

1941 4303 2161 4374 tegritas
2204 4301 2383 4356 desit:
2414 4302 2485 4355 ita
2523 4301 2683 4356 ctiam
2721 4302 2862 4357 Deus
2905 4302 2997 4374 qui
3043 4317 3302 4374 nusquam
3342 4301 3528 4371 deest,

1942 4395 2136 4448 frustra
2177 4393 2392 4463 pollutis
2436 4393 2630 4448 animis
2678 4408 2921 4464 praesens
2970 4404 3088 4463 est,
3140 4411 3301 4466 quem
3346 4398 3531 4455 videre

1938 4486 2133 4540 mentis
2157 4484 2372 4540 caecitas
2397 4500 2505 4539 non
2537 4493 2730 4555 potest.

1936 4597 2075 4654 XIII.
2102 4598 2215 4667 Quo
2233 4598 2531 4653 documento
2561 4607 2750 4655 constet
2769 4597 2997 4655 homines
3016 4599 3186 4656 bestiis
3209 4601 3526 4665 antecedere.

2009 4712 2154 4766 inter
2181 4713 2345 4765 multa
2385 4712 2581 4781 quibus
2606 4711 2814 4766 ostendi
2845 4720 3019 4781 potest
3050 4712 3320 4769 hominem
3349 4714 3521 4767 ratio-

1937 4818 2003 4855 ne
2028 4802 2213 4858 bestiis
2248 4801 2592 4867 antecellere,
2627 4801 2728 4856 hoc
2768 4803 3013 4857 omnibus
3041 4803 3378 4858 manifestum
3420 4814 3523 4868 est,

1933 4896 2075 4966 quod
2130 4896 2323 4951 bellua:
2365 4896 2433 4950 ab
2475 4894 2781 4950 hominibus
2828 4896 3032 4951 domari
3082 4907 3136 4953 et
3182 4897 3523 4954 mansuefieri

1932 4997 2177 5057 possunt,
2212 4986 2456 5042 homines
2500 5000 2531 5041 a
2572 4987 2765 5043 belluis
2787 4989 2937 5043 nullo
2960 4988 3141 5044 modo.

2077 5099 2216 5155 XIV.
2260 5098 2382 5154 Non
2435 5101 2591 5173 fuisse
2632 5117 2819 5173 corpus
2854 5100 3042 5158 Christi
3064 5104 3384 5173 phantasma.

2001 5191 2055 5247 Si
2086 5192 2401 5262 phantasma
2433 5192 2531 5247 fuit
2560 5207 2752 5262 corpus
2782 5191 2997 5258 Christi,
3020 5193 3199 5248 fefellit
3227 5194 3471 5249 Christus
3505 5218 3519 5251 ;

1929 5286 2055 5340 etsi
2106 5284 2310 5352 fefellit,
2368 5285 2565 5340 veritas
2621 5299 2725 5338 non
2779 5293 2880 5337 est.
2940 5285 3031 5338 Est
3090 5296 3269 5341 autem
3328 5289 3523 5342 veritas

1928 5377 2191 5430 Christus.
2227 5375 2341 5429 Non
2370 5376 2529 5446 igitur
2552 5375 2862 5443 phantasma
2884 5374 2980 5429 fuit
3006 5391 3200 5447 corpus
3214 5377 3350 5447 ejus.

2498 5486 2611 5542 XV.
2640 5486 2720 5543 De
2749 5488 3020 5545 intellectu.

2002 5583 2171 5637 Omne
2203 5580 2345 5650 quod
2373 5594 2435 5636 se
2483 5579 2753 5652 intelligit,
2800 5581 3207 5654 comprehendit
3254 5599 3332 5641 se.
3370 5585 3521 5654 Quoi

1991 5782 2005 5813 ¹
2032 5787 2103 5829 Er.
2130 5786 2183 5828 et
2201 5785 2393 5838 septem
2416 5781 2547 5834 Mss,
2568 5772 2801 5838 tenebrati
2831 5784 3011 5838 sensus.

1987 5838 2062 5915 (α)
2076 5833 2274 5915 .Fontet'
2290 5837 2498 5915 scilicet
2516 5833 3019 5915 earthagin-ensisszde
3052 5842 3220 5886 mente
3254 5837 3523 5885 mundanus

1928 5897 2271 5955 adsidendum
2290 5908 2457 5951 Deum.
2484 5906 2499 5948 l
2524 5904 2731 5949 Retract.
2758 5910 2861 5961 cap.
2887 5897 2962 5945 26.
