4084 6508
552 467 620 524 15
1299 457 1386 512 DE
1431 456 1743 513 DlVEliSlS
1780 446 2301 522 QUIES’I‘IONIBES
2338 448 2619 513 LXXXIII,
2660 450 2715 504 S.
2757 448 3121 505 AUGUSTINI
3755 454 3817 510 18

554 592 730 636 autem
764 592 822 632 se
868 570 1300 643 comprehendit,
1334 570 1544 623 ﬁnitum
1570 577 1653 623 est
1682 566 1801 621 sibi.
1836 566 1902 620 Et
1931 563 2135 618 intelle-

553 682 671 728 ctus
701 665 945 736 intelligit
978 678 1055 719 se.
1094 661 1236 731 Ergo
1284 660 1465 714 ﬁnitus
1485 668 1566 713 est
1603 658 1726 712 sibi.
1768 656 1874 711 Nec
1905 656 2137 709 intinitus

551 778 669 818 esse
695 761 823 823 vult,
849 756 1089 828 quamvis
1115 753 1285 825 possit
1310 768 1324 819 ;
1354 752 1475 821 quia
1521 760 1677 806 notus
1710 749 1811 805 sibi
1837 763 1955 804 esse
2004 748 2133 812 vult,

550 862 694 909 amat
709 852 849 908 enim
871 864 950 905 se.

1044 937 1184 993 XVI.
1228 935 1306 990 De
1345 934 1483 988 Filio
1522 932 1639 987 Dei.

623 1040 768 1094 Deus
810 1034 1047 1090 omnium
1093 1046 1213 1101 qua:
1258 1036 1416 1091 sunt,
1448 1043 1605 1081 causa
1642 1034 1743 1081 est.
1784 1024 1933 1093 Quod
1962 1032 2137 1079 autem

552 1130 789 1185 omnium
819 1140 997 1181 rerum
1024 1137 1180 1179 causa
1209 1131 1309 1186 est,
1340 1120 1501 1174 etiam
1530 1118 1801 1187 sapientize
1841 1133 1950 1171 sum
1980 1130 2138 1171 causa

553 1232 637 1278 est
662 1240 674 1276 :
704 1236 802 1275 nec
830 1231 1059 1287 unquam
1084 1216 1224 1268 Deus
1250 1212 1365 1265 sine
1393 1210 1649 1281 sapientia
1681 1224 1794 1263 sua.
1817 1208 1978 1277 Igitur
1998 1224 2139 1262 scm-

554 1312 777 1382 piterna:
797 1305 1069 1376 sapientia:
1091 1318 1200 1357 sua:
1220 1315 1379 1355 causa
1405 1310 1485 1353 est
1505 1299 1824 1367 sempiterna
1851 1314 1865 1350 :
1888 1313 1986 1351 nec
2008 1306 2139 1351 tem-

553 1417 687 1474 pore
718 1400 859 1470 prior
887 1406 967 1451 est
996 1410 1152 1465 quant
1184 1408 1279 1445 sua
1313 1391 1589 1460 sapientia.
1618 1389 1817 1443 Deinde
1852 1390 1895 1443 si
1927 1388 2137 1442 Patrem

553 1498 936 1561 sempiternum
965 1501 1081 1539 esse
1112 1484 1249 1537 inest
1276 1482 1406 1544 Deo,
1440 1494 1538 1534 nec
1579 1479 1675 1532 fuit
1713 1478 1992 1548 aliquando
2031 1493 2137 1531 non

556 1587 731 1651 Pater,
762 1594 1029 1650 nunquam
1058 1573 1171 1630 sine
1200 1571 1336 1629 Filio
1365 1571 1482 1625 t‘uit.

1014 1666 1175 1722 XVII.
1220 1664 1294 1717 De
1326 1662 1533 1717 scientia
1561 1660 1674 1715 Dei.

626 1767 797 1822 Omne
848 1758 1174 1832 praeteritum
1224 1754 1332 1825 jam
1382 1768 1488 1807 non
1533 1760 1648 1816 est;
1695 1766 1854 1807 omne
1903 1750 2136 1805 futurum

556 1856 789 1914 nondum
817 1861 897 1907 est
927 1869 939 1904 :
970 1861 1129 1903 omne
1170 1846 1325 1915 igitur
1358 1853 1411 1897 et
1446 1842 1768 1912 prmteritum
1810 1850 1862 1895 et
1902 1841 2137 1895 futurum

555 1952 726 2006 deest.
752 1945 901 2017 Apud
928 1944 1090 1997 Deum
1116 1946 1294 1993 autem
1322 1935 1453 1990 nihil
1478 1935 1626 1989 deest
1653 1952 1665 1987 :
1696 1949 1794 1989 nec
1814 1936 2138 2003 praeteritum

556 2042 717 2112 igitur
740 2052 836 2092 nec
858 2034 1109 2096 futurum,
1138 2028 1229 2083 sed
1255 2042 1414 2082 omne
1437 2041 1669 2094 praesens
1689 2034 1764 2080 est
1788 2025 1923 2095 apud
1950 2025 2135 2079 Deum.

1054 2121 1239 2178 XVIII.
1272 2119 1348 2173 De
1379 2118 1641 2173 Trinitate.

628 2224 801 2278 Omne
852 2216 993 2287 quod
1045 2222 1160 2279 est,
1214 2211 1357 2266 aliud
1410 2218 1493 2265 est
1541 2227 1647 2281 quo
1700 2220 1940 2277 constat,
1999 2212 2140 2267 aliud

559 2329 665 2385 quo
706 2308 1056 2368 discernitur,
1098 2302 1239 2357 aliud
1270 2316 1373 2372 quo
1403 2303 1663 2371 congruit.
1696 2301 1949 2357 Univcrsa
1983 2303 2143 2374 igitur

557 2412 797 2461 creatura
828 2400 871 2454 si
911 2406 965 2453 et
990 2403 1072 2451 est
1100 2409 1312 2463 quoquo
1349 2392 1543 2457 modo,
1572 2402 1623 2447 et
1651 2393 1719 2447 ab
1758 2409 1823 2448 eo
1856 2395 1995 2463 quod
2026 2411 2143 2449 om-

559 2497 688 2551 nino
716 2492 848 2548 nihil
877 2498 959 2546 est
988 2487 1272 2557 plurimum
1299 2483 1493 2549 distat,
1524 2485 1705 2539 etsuis
1738 2485 1974 2553 partibus
2016 2486 2145 2540 sibi-

560 2595 673 2641 met
699 2581 962 2653 congruit,
986 2591 1199 2633 causam
1230 2589 1440 2645 quoque
1476 2574 1590 2644 ejus
1618 2575 1805 2628 trinam
1835 2590 1953 2630 esse
1982 2590 2145 2645 opor-

561 2686 673 2741 tet;
704 2689 806 2745 qua
846 2672 948 2735 sit,
981 2683 1083 2738 qua
1112 2666 1215 2721 hoc
1249 2666 1349 2729 sit,
1379 2679 1481 2734 qua
1520 2665 1619 2718 sibi
1651 2666 1819 2719 amica
1870 2667 1955 2719 sit.
1985 2666 2146 2720 Crea-

560 2777 695 2823 tura:
716 2774 892 2819 autem
917 2773 1153 2817 causam.
1196 2755 1246 2809 id
1273 2763 1374 2819 est,
1402 2764 1674 2809 auctorem
1704 2758 1867 2809 Deum
1894 2755 2142 2810 dicimus.

560 2858 786 2928 Oportet
819 2866 946 2921 ergo
976 2863 1095 2905 esse
1120 2846 1465 2907 Trinitatem,
1497 2860 1598 2914 qua
1630 2844 1758 2899 nihil
1788 2846 2143 2915 praestantius,
2204 2858 2205 2861 ‘

562 2943 943 3017 intelligentius
972 2949 1026 2995 et
1046 2937 1251 2993 beatius
1278 2935 1515 2990 invenire
1532 2936 1763 3005 perfecta
1789 2937 1924 2991 ratio
1951 2947 2142 3007 potest.

565 3040 795 3108 Ideoque
829 3034 985 3089 etiam
1017 3044 1137 3086 cum
1167 3027 1363 3082 veritas
1402 3029 1676 3097 quaeritur,
1718 3030 1837 3099 plus
1862 3046 2017 3100 quam
2046 3032 2147 3085 tria

564 3142 761 3201 genera
790 3123 1141 3197 quaestionum
1170 3133 1288 3173 esse
1310 3134 1416 3171 non
1447 3129 1699 3188 possunt;
1731 3128 1906 3175 utrum
1932 3121 2149 3177 omnino

565 3224 656 3287 sit,
688 3230 863 3274 utrum
904 3215 1007 3270 hoc
1035 3228 1102 3267 an
1130 3209 1275 3266 aliud
1304 3210 1392 3276 sit,
1424 3219 1598 3265 utrum
1624 3211 2023 3283 approbandum
2054 3214 2150 3267 im-

566 3309 965 3382 probandumve
993 3308 1079 3357 sit.

981 3399 1125 3455 XIX.
1167 3399 1246 3454 De
1275 3398 1382 3454 Deo
1408 3408 1453 3452 et
1482 3405 1729 3451 creatura.

638 3498 790 3567 Quod
842 3496 1274 3553 incommutabile
1322 3504 1438 3561 est,
1485 3503 1742 3548 aeternum
1787 3499 1907 3545 est:
1942 3505 2153 3558 semper

567 3591 711 3647 enim
738 3590 978 3661 ejusdem
1025 3589 1173 3646 modi
1214 3598 1316 3644 est.
1365 3586 1516 3655 Quod
1560 3594 1735 3639 autem
1779 3582 2154 3638 commutabile

568 3690 671 3745 est,
696 3681 920 3751 tempori
941 3681 1228 3735 obnoxium
1250 3687 1333 3733 est
1356 3696 1368 3731 :
1398 3693 1503 3733 non
1524 3677 1663 3730 enim
1686 3690 1897 3742 semper
1916 3672 2153 3743 ejusdem

570 3771 714 3825 modi
743 3780 855 3837 est,
887 3778 941 3825 et
978 3769 1105 3825 ideo
1146 3776 1404 3824 mternum
1437 3782 1542 3821 non
1585 3775 1730 3821 recte
1759 3765 1970 3819 dicitur.
2002 3763 2154 3830 Quod

569 3860 712 3915 enim
742 3869 993 3926 mutatur,
1032 3876 1139 3914 non
1167 3868 1384 3914 manet:
1415 3856 1555 3927 quod
1584 3872 1686 3911 non
1719 3866 1914 3922 manet,
1946 3872 2048 3910 non
2075 3865 2157 3910 est

570 3959 847 4006 aeternum.
872 3951 1045 4021 'quue
1071 3952 1209 4006 inter
1234 3948 1532 4004 immortale
1557 3955 1611 4002 ct
1629 3956 1883 4001 mtcrnum
1911 3948 2152 4014 interest,

570 4042 713 4114 quod
748 4058 907 4097 omne
944 4053 1203 4097 aeternum
1247 4041 1544 4096 immortale
1586 4048 1696 4102 est,
1740 4054 1843 4093 non
1874 4056 2033 4095 omne
2061 4040 2157 4093 im-

572 4132 798 4187 mortale
845 4132 975 4186 satis
1018 4132 1285 4187 subtiliter
1327 4141 1584 4186 teternum
1625 4130 1819 4185 dicitur
1846 4148 1860 4185 :
1892 4131 2013 4202 quia
2058 4131 2156 4184 etsi

573 4239 786 4294 semper
812 4222 1008 4293 aliquid
1045 4224 1217 4289 vivat,
1257 4233 1437 4277 tamen
1476 4222 1520 4277 si
1562 4223 1963 4277 mutabilitatem
1994 4222 2159 4293 patia-

573 4323 679 4381 tur,
716 4330 821 4368 non
850 4314 1064 4383 proprie
1090 4322 1347 4369 :eternum
1374 4312 1692 4383 appellatur,
1722 4315 1842 4383 quia
1874 4330 1981 4368 non
2014 4328 2157 4369 sem-

576 4420 674 4475 per
719 4404 957 4474 ejusdem
1005 4405 1147 4459 modi
1193 4412 1309 4469 eSl;
1359 4406 1600 4475 quamvis
1648 4406 1983 4475 immortale,
2035 4408 2158 4477 quia

575 4512 789 4566 semper
816 4497 962 4561 vivit,
992 4505 1137 4552 recte
1165 4496 1269 4551 dici
1308 4498 1494 4568 possit.
1528 4497 1763 4552 Vocatur
1802 4507 1976 4554 autem
2004 4509 2159 4554 teter-

577 4603 704 4643 num
750 4588 1013 4644 interdum
1042 4589 1213 4644 etiam
1241 4590 1381 4659 quod
1411 4589 1709 4644 immortale
1737 4600 1837 4645 est.
1870 4590 2003 4646 Illud
2030 4606 2160 4647 vero

577 4679 716 4750 quod
743 4688 796 4735 et
818 4680 1165 4735 mutationem
1190 4681 1405 4751 patitur,
1429 4690 1480 4735 et
1499 4681 1692 4735 anima:
1714 4682 2013 4751 prresentia,
2038 4698 2159 4738 cum

578 4771 755 4827 anima
795 4787 899 4827 non
944 4771 1045 4837 sit,
1074 4771 1255 4827 vivere
1279 4770 1493 4839 dicitur,
1523 4786 1694 4842 neque
1728 4772 2027 4829 immortale
2050 4774 2161 4830 ullo

576 4864 772 4931 modo,
803 4873 859 4919 et
885 4863 1054 4919 multo
1100 4863 1278 4919 minus
1317 4872 1574 4920 aeternum
1619 4864 1841 4935 intelligi
1877 4876 2070 4936 potest.
2104 4866 2161 4923 In

578 4967 779 5013 aeterno
806 4956 978 5023 enim,
1025 4972 1149 5013 cum
1173 4957 1391 5025 preprie
1428 4956 1641 5024 dicitur,
1679 4972 1852 5028 neque
1876 4960 2162 5031 quidquam

578 5050 910 5127 przeteritum
956 5047 1109 5118 quasi
1153 5048 1453 5112 transierit,
1483 5063 1656 5119 neque
1700 5049 1985 5121 quidquam
2025 5051 2162 5106 futu«

581 5158 697 5197 rum
735 5142 886 5212 quasi
931 5139 1166 5197 nondum
1208 5140 1313 5209 sit,
1361 5139 1455 5196 sed
1486 5141 1737 5212 quidquid
1780 5151 1894 5211 est,
1935 5152 2165 5199 tantum-

580 5232 741 5288 modo
766 5238 867 5288 est.

1105 5319 1223 5377 XX.
1268 5320 1343 5377 De
1371 5324 1480 5379 loco
1508 5320 1623 5378 Dei.

656 5416 798 5470 Deus
821 5428 927 5469 non
957 5412 1156 5468 alicubi
1194 5424 1295 5468 est.
1325 5414 1476 5481 Quod
1505 5416 1647 5470 enim
1672 5415 1865 5473 alicubi
1891 5428 2006 5486 est,
2034 5433 2166 5474 con-

584 5504 779 5559 tinetur
809 5504 924 5559 loco
950 5522 964 5558 :
996 5504 1138 5573 quod
1162 5505 1464 5559 continetur
1497 5505 1634 5570 loco,
1674 5522 1867 5577 corpus
1894 5516 1995 5564 est.
2027 5509 2167 5565 Deus

582 5605 760 5653 autem
791 5611 896 5652 non
938 5606 1019 5652 est
1057 5612 1250 5666 corpus
1276 5614 1289 5649 :
1320 5613 1422 5650 non
1450 5598 1611 5667 igitur
1650 5599 1841 5654 alicubi
1867 5612 1965 5655 est.
1998 5604 2064 5657 Et
2091 5614 2169 5658 tan

582 5706 706 5746 men
738 5692 860 5761 quia
890 5700 972 5745 est
993 5732 1006 5754 ,
1038 5700 1091 5745 et
1120 5691 1171 5744 in
1201 5690 1318 5744 loco
1359 5706 1464 5743 non
1500 5699 1581 5744 est
1600 5732 1615 5755 ,
1648 5691 1700 5744 in
1729 5692 1818 5746 illo
1847 5704 1968 5749 sunt
1996 5698 2168 5765 potius

585 5785 795 5851 omnia,
825 5800 981 5856 quam
1025 5784 1137 5854 ipse
1177 5782 1388 5839 alicubi.
1438 5782 1544 5838 Nec
1573 5794 1748 5841 tamen
1780 5789 1851 5843 ita
1890 5791 1941 5845 in
1970 5792 2077 5857 illo,
2114 5806 2169 5851 ut

588 5876 704 5949 ipse
728 5878 798 5934 sit
822 5878 969 5933 locus
995 5893 1007 5930 :
1036 5878 1184 5933 locus
1210 5878 1351 5933 enim
1384 5877 1434 5931 in
1462 5878 1635 5948 spatio
1659 5892 1736 5935 est
1768 5885 1907 5952 quod
1938 5887 2167 5958 longitu-

2252 560 2375 614 dine
2401 570 2454 615 et
2492 559 2767 615 latitudine
2809 571 2863 615 et
2903 562 3181 616 altitudine
3222 562 3461 631 corporis
3507 575 3822 633 occupatur;

2251 665 2350 705 nec
2374 650 2513 705 Deus
2532 651 2636 705 tale
2659 651 2854 720 aliquid
2882 662 2979 705 est.
3007 653 3070 705 lit
3090 652 3264 705 omnia
3294 652 3450 721 igitur
3472 653 3521 706 in
3547 654 3661 723 ipso
3682 666 3822 723 sunt,

2248 751 2301 796 et
2329 742 2477 796 locus
2519 758 2623 796 non
2669 755 2768 796 est.
2820 742 2993 797 Locus
3040 754 3214 797 tamen
3260 743 3353 798 Dei
3390 745 3609 798 abusive
3637 744 3827 800 dicitur

2248 834 2500 904 templum
2532 835 2647 899 Dei,
2690 850 2796 888 non
2826 834 2966 904 quod
2998 849 3064 889 eo
3098 834 3451 900 contineatur,
3485 834 3577 889 sed
3606 836 3745 905 quod
3776 837 3822 891 ci

2245 944 2479 998 przesens
2504 930 2589 983 sit.
2615 927 2670 983 Id
2690 937 2864 983 autem
2888 928 3019 982 nihil
3044 929 3232 982 melius
3253 943 3407 997 quam
3432 929 3606 982 anima
3630 929 3825 984 tnunda

2247 1022 2575 1091 intelligitur.

2474 1134 2618 1190 XXI.
2665 1133 2847 1191 Utrum
2873 1134 3010 1189 Deus
3038 1144 3212 1187 auctor
3241 1136 3363 1187 mali
3384 1152 3482 1187 non
3513 1136 3594 1187 sit.

2319 1225 2569 1295 Quisquis
2589 1226 2825 1280 omnium
2855 1241 2971 1295 qua:
2997 1233 3123 1279 sunt
3164 1235 3349 1278 auctor
3378 1236 3479 1288 est,
3510 1234 3562 1278 et
3584 1224 3651 1278 ad
3680 1225 3826 1294 cujus

2246 1316 2537 1371 bonitatem
2585 1317 2637 1371 id
2667 1326 2866 1370 tantum
2910 1316 3141 1385 pertinet
3179 1324 3235 1369 ut
3260 1315 3329 1368 sit
3359 1330 3515 1369 omne
3546 1316 3684 1385 quod
3715 1326 3824 1380 est,

2247 1424 2352 1462 non
2383 1423 2504 1463 esse
2528 1408 2594 1462 ad
2624 1423 2743 1461 eum
2773 1408 3039 1477 pertinere
3069 1406 3217 1460 nullo
3244 1417 3396 1476 pacto
3425 1416 3615 1476 potest.
3659 1408 3830 1462 Omne

2247 1508 2422 1553 autem
2451 1498 2591 1566 quod
2629 1498 2840 1561 deficit,
2888 1498 2954 1552 ab
2982 1512 3049 1553 eo
3076 1498 3215 1567 quod
3255 1508 3337 1553 est
3381 1514 3500 1553 esse
3530 1500 3735 1562 deﬁcit.
3776 1511 3830 1555 et

2245 1588 2415 1643 tendit
2445 1588 2497 1643 in
2527 1603 2633 1643 non
2670 1604 2807 1644 esse.
2854 1590 2987 1644 Esse
3037 1598 3212 1643 autem
3253 1598 3307 1644 et
3340 1590 3395 1643 in
3426 1591 3569 1643 nullo
3603 1591 3831 1647 deticerc

2247 1680 2443 1735 bonum
2484 1690 2599 1745 est,
2632 1690 2686 1735 et
2725 1682 2922 1735 malum
2952 1692 3033 1736 est
3075 1682 3325 1738 deficere.
3360 1685 3428 1737 At
3456 1684 3545 1739 ille
3578 1685 3641 1738 ad
3672 1700 3831 1755 quem

2246 1788 2355 1827 non
2379 1787 2497 1827 esse
2516 1789 2619 1827 non
2646 1772 2877 1843 pertinet
2903 1788 3005 1827 non
3029 1782 3110 1827 est
3130 1788 3287 1829 causa
3316 1773 3615 1841 deiiciendi,
3647 1776 3696 1830 id
3723 1785 3827 1841 est,

2246 1863 2493 1919 tendendi
2524 1864 2590 1918 ad
2631 1879 2736 1919 non
2781 1879 2932 1929 esse;
2977 1865 3134 1933 quia,
3177 1873 3235 1919 ut
3278 1865 3347 1919 ita
3377 1865 3547 1921 dicam
3570 1907 3585 1933 ,
3617 1868 3829 1924 essendi

2243 1970 2402 2009 causa
2428 1962 2526 2009 est.
2561 1955 2690 2009 Boni
2713 1956 2873 2025 igitur
2903 1956 3270 2011 tantummodo
3296 1972 3453 2012 causa
3480 1967 3561 2013 est
3585 1977 3597 2012 :
3631 1969 3684 2014 et
3710 1976 3833 2029 pro-

2244 2058 2426 2115 pterea
2455 2045 2567 2115 ipse
2586 2060 2849 2099 summum
2874 2047 3071 2100 bonum
3093 2056 3200 2102 est.
3222 2046 3475 2114 Quocirca
3499 2049 3624 2103 mali
3646 2059 3831 2104 auctor

2246 2150 2351 2189 non
2380 2145 2491 2203 est,
2531 2136 2623 2206 qui
2660 2137 2898 2191 omnium
2939 2153 3058 2208 quae
3099 2146 3224 2193 sunt
3267 2148 3452 2193 auctor
3480 2150 3598 2195 est:
3628 2142 3746 2211 quia
3778 2142 3833 2195 in

2249 2237 2500 2296 quantum
2532 2236 2674 2293 sunt,
2709 2228 2760 2283 in
2789 2236 2991 2314 tantum
3032 2228 3169 2283 bona
3199 2240 3322 2284 sunt
3349 2230 3445 2301 (α).

2516 2344 2683 2398 XXII.
2725 2344 2888 2398 Deum
2926 2360 3026 2397 non
3062 2345 3168 2414 pati
3194 2345 3556 2399 necessitatem.

2317 2432 2419 2489 Ubi
2457 2435 2599 2489 nulla
2640 2434 2963 2505 indigentia,
2994 2435 3135 2489 nulla
3168 2435 3491 2492 necessitas:
3536 2437 3624 2490 ubi
3656 2438 3834 2491 nullus

2247 2525 2505 2593 defectus,
2542 2527 2681 2582 nulla
2732 2528 3038 2598 indigentia.
3081 2527 3265 2583 Nullus
3291 2538 3467 2585 autem
3510 2528 3751 2585 defectus
3780 2532 3830 2585 in

2254 2618 2398 2675 Deo:
2426 2621 2569 2675 nulla
2598 2635 2725 2691 ergo
2747 2620 3057 2676 necessitas.

2658 2732 2847 2787 XXIII.
2892 2732 2971 2786 De
3003 2732 3162 2786 Patre
3188 2742 3234 2786 et
3266 2732 3424 2787 Filio.

2322 2822 2491 2876 Omne
2517 2832 2718 2876 castum
2759 2824 3002 2877 castitate
3031 2834 3234 2876 castum
3266 2832 3365 2888 est,
3398 2832 3450 2878 et
3492 2838 3650 2879 omne
3674 2837 3836 2881 aiter-

2250 2928 2377 2967 num
2403 2913 2697 2967 aeternitate
2730 2921 2986 2967 mtcrnum
3013 2922 3114 2980 est,
3147 2923 3201 2967 et
3230 2928 3386 2968 omne
3414 2914 3689 2983 pulchrum
3718 2921 3836 2986 pul-

2251 3004 2572 3070 chritudine,
2616 3014 2671 3059 et
2698 3022 2857 3060 omne
2883 3006 3081 3061 bonum
3122 3006 3383 3062 bonitate.
3434 3009 3571 3078 Ergo
3599 3020 3651 3064 et
3676 3026 3839 3066 omne
3868 3020 3889 3039 -“

2252 3098 2468 3167 sapiens
2493 3097 2768 3165 sapientia,
2813 3106 2867 3152 et
2904 3113 3064 3153 omne
3108 3099 3281 3153 simile
3321 3099 3685 3154 similitudine.
3727 3100 3837 3156 Sed

2252 3187 2460 3242 duobus
2486 3187 2658 3243 modis
2679 3196 2882 3242 castum
2908 3187 3152 3243 castitate
3176 3188 3372 3243 dicitur
3396 3207 3408 3243 :
3438 3189 3523 3243 vel
3550 3190 3689 3258 quod
3717 3206 3838 3245 eam

2253 3279 2451 3350 gignat,
2480 3289 2539 3333 ut
2564 3294 2626 3334 ea
2655 3280 2725 3334 sit
2749 3290 2953 3335 castum
2983 3281 3226 3335 castitate
3251 3296 3410 3351 quam
3451 3282 3642 3352 gignit,
3670 3291 3724 3337 et
3750 3284 3840 3337 cui

2255 3371 2569 3441 principium
2597 3380 2753 3441 atque
2781 3387 2939 3426 causa
2970 3381 3052 3427 est
3088 3381 3145 3426 ut
3172 3374 3276 3439 sit;
3323 3373 3478 3429 aliter
3505 3384 3679 3429 autem
3714 3391 3839 3429 eum

2256 3463 2657 3533 participatione
2700 3463 2958 3519 castitatis
3007 3464 3237 3534 quidque
3285 3474 3490 3520 castum
3542 3476 3655 3533 est,
3696 3467 3840 3535 quod

2258 3565 2428 3627 potest
2455 3556 2739 3626 aliquando
2778 3572 2898 3611 esse
2945 3571 3052 3611 non
3080 3566 3318 3621 castum;
3349 3566 3508 3627 atque
3536 3557 3606 3610 ita
3643 3557 3708 3611 de
3736 3573 3844 3612 ca:-

2260 3649 2384 3703 teris
2420 3647 2814 3718 intelligendum
2858 3657 2958 3703 est.
2989 3648 3121 3703 Nam
3167 3658 3219 3704 et
3266 3649 3442 3703 anima
3485 3650 3842 3704 aeternitatem

2258 3737 2344 3791 vel
2387 3737 2697 3808 intelligitur
2739 3738 2819 3791 vel
2870 3738 3103 3793 creditur
3153 3738 3440 3809 consequi,
3495 3739 3589 3794 sed
3640 3750 3843 3795 mterna

2258 3829 2571 3883 aeternitatis
2604 3830 3003 3900 participatione
3043 3830 3117 3883 Iit.
3160 3830 3275 3885 Non
3305 3840 3482 3885 autem
3513 3830 3580 3885 ita
3611 3839 3845 3886 :eternus

2260 3922 2418 3987 Deus,
2448 3922 2539 3977 sed
2571 3922 2710 3992 quod
2742 3923 2908 3993 ipsius
2952 3923 3265 3977 mternitatis
3294 3931 3377 3978 est
3400 3931 3605 3978 auctor.
3648 3925 3760 3979 lloc
3788 3935 3845 3979 ct

2262 4012 2330 4069 de
2357 4012 2747 4084 pulchritudine
2789 4023 2842 4069 et
2868 4014 2933 4068 de
2976 4014 3211 4069 bonitate
3234 4015 3354 4069 licet
3381 4016 3622 4085 intelligi.
3644 4015 3845 4083 Quam-

2260 4106 2442 4161 obrem
2471 4122 2591 4161 cum
2630 4107 2842 4175 sapiens
2873 4108 3009 4162 Deus
3050 4107 3264 4173 dicitur,
3289 4118 3342 4164 et
3366 4123 3428 4163 ea
3468 4109 3726 4178 sapientia
3754 4123 3844 4161 sa-

2260 4198 2413 4266 piens
2438 4197 2651 4262 dieitur,
2680 4198 2796 4252 sine
2816 4213 2919 4267 qua
2945 4213 3067 4251 eum
3108 4199 3191 4252 vel
3220 4198 3401 4261 fuisse,
3430 4200 3730 4269 aliquando,
3760 4200 3845 4255 vel

2261 4303 2380 4343 esse
2409 4302 2565 4356 posse
2596 4287 2745 4343 nefas
2783 4298 2867 4341 est
2894 4286 3135 4354 credere,
3182 4304 3287 4343 non
3329 4289 3727 4359 participatione
3754 4306 3845 4343 sa-

2264 4378 2476 4446 pientia:
2506 4378 2719 4447 sapiens
2747 4378 2959 4445 dicitur,
2992 4379 3147 4433 sicuti
3176 4380 3373 4445 anima,
3402 4395 3519 4449 qua:
3550 4390 3604 4435 et
3641 4395 3760 4435 esse
3793 4390 3848 4435 et

2262 4486 2369 4526 non
2401 4488 2521 4527 esse
2550 4472 2762 4542 sapiens
2787 4479 2963 4541 potest
2994 4489 3006 4525 :
3056 4471 3151 4526 sed
3178 4472 3317 4542 quod
3348 4472 3459 4543 ipse
3485 4488 3601 4529 eam
3643 4488 3847 4543 genue-

2262 4562 2352 4627 rit,
2382 4578 2482 4633 qua
2507 4563 2720 4633 sapiens
2747 4562 2961 4628 dicitur,
2980 4562 3295 4632 sapientiam
3323 4560 3416 4635 (li).
3451 4563 3579 4618 Item
3608 4563 3695 4617 illa
3726 4579 3848 4634 qua:

2264 4654 2669 4724 participatione
2692 4662 2819 4708 sunt
2842 4654 2922 4709 vel
2952 4662 3117 4719 casta,
3141 4653 3225 4708 vel
3252 4664 3471 4721 aeterna,
3495 4655 3575 4708 vel
3602 4656 3851 4725 pulchra,

2270 4745 2354 4800 vel
2396 4744 2555 4812 bona,
2595 4746 2678 4801 vel
2721 4746 3001 4817 sapientia,
3032 4747 3312 4816 recipiunt,
3342 4756 3398 4802 ut
3438 4748 3634 4803 dictum
3660 4758 3763 4817 est,
3794 4760 3853 4804 ut

2274 4837 2480 4907 possint
2514 4853 2613 4893 nec
2638 4846 2783 4894 casta
2806 4852 2944 4905 esse,
2976 4853 3074 4893 nec
3100 4847 3318 4905 :eterna,
3352 4854 3451 4894 nec
3478 4839 3718 4909 pulchra,
3751 4855 3853 4895 nec

2266 4929 2426 4994 bona,
2459 4944 2558 4983 nec
2587 4928 2842 4998 sapientia
2868 4946 2881 4981 :
2912 4937 2967 4981 at
2995 4928 3107 4997 ipsa
3139 4929 3374 4992 castitas,
3399 4930 3690 4995 aeternitas,
3733 4931 3856 4999 pul-

2266 5018 2535 5088 chritudo,
2584 5018 2815 5083 bonitas,
2867 5019 3145 5088 sapientia,
3194 5021 3341 5075 nullo
3390 5020 3547 5076 modo
3590 5022 3857 5091 recipiunt

2267 5122 2361 5167 aut
2384 5112 2807 5182 corruptionem,
2832 5120 2940 5175 aut,
2975 5122 3033 5164 ut
3063 5112 3133 5164 ita
3160 5110 3355 5178 dicam,
3388 5113 3846 5182 temporalitatem,

2268 5213 2361 5258 aut
2391 5203 2791 5273 turpitudinem,
2821 5211 2911 5256 aut
2948 5203 3225 5257 malitiam.
3272 5204 3411 5273 Ergo
3439 5205 3597 5259 etiam
3626 5205 3710 5259 illa
3736 5223 3851 5275 quae

2271 5295 2678 5366 participatione
2720 5293 2911 5347 similia
2962 5303 3121 5359 sunt,
3153 5295 3413 5358 recipiunt
3463 5295 3854 5350 dissimilitudi—

2275 5405 2396 5444 nem
2432 5406 2444 5442 :
2487 5388 2673 5457 atipsa
2701 5387 2991 5441 similitudo
3036 5387 3180 5440 nullo
3206 5387 3365 5440 modo
3403 5403 3468 5441 ex
3495 5387 3667 5456 aliqua
3710 5397 3860 5456 parte

2272 5486 2449 5548 potest
2474 5492 2591 5532 esse
2629 5476 2927 5531 dissimilis.
2955 5475 3107 5530 Unde
3133 5474 3189 5529 Iit
3216 5485 3272 5529 ut
3298 5492 3417 5530 cum
3444 5475 3732 5531 similitudo
3761 5477 3856 5529 Pa-

2274 5572 2369 5627 tris
2392 5572 2559 5626 Filius
2584 5570 2798 5637 dicitur,
2818 5571 2935 5640 quia
2960 5571 3075 5637 ejus
3099 5570 3501 5638 participatione
3523 5571 3711 5624 similia
3735 5582 3863 5625 sunt

2274 5679 2623 5735 quaecumque
2651 5672 2775 5717 sunt
2801 5662 2884 5715 vel
2908 5662 3043 5714 inter
3073 5676 3131 5715 se
3156 5661 3241 5715 vel
3269 5662 3381 5718 Deo
3405 5662 3595 5718 similia
3625 5663 3754 5735 (ipsa
3779 5676 3862 5721 est

2356 5842 2407 5900 α)
2432 5846 2448 5887 ι
2474 5844 2677 5887 aetract.
2703 5848 2807 5897 cap.
2826 5835 2904 5900 9.6:

2356 5842 2407 5900 α)
2432 5846 2448 5887 ι
2474 5844 2677 5887 aetract.
2703 5848 2807 5897 cap.
2826 5842 2904 5884 ‘26.

2334 5842 2409 5966 ξι»)
2444 5908 2459 5947 t
2493 5906 2695 5950 netract.
2735 5911 2838 5960 cap.
2876 5896 2955 5958 26,
2981 5902 3033 5946 et
3068 5895 3153 5945 lib.
3192 5897 3224 5946 6
3247 5929 3262 5959 ,
3294 5897 3359 5947 de
3412 5900 3578 5949 “trinit.
3604 5913 3707 5962 mp.
3728 5898 3775 5953 2.
