4136 6574
369 471 427 527 Π
1796 467 1998 525 LIBER
2035 463 2236 525 UNUS.
3609 471 3674 525 l8

370 589 506 645 enim
531 588 748 660 species
773 590 968 661 prima,
991 604 1094 660 qua
1121 597 1268 655 sunt,
1303 595 1361 644 ut
1387 589 1460 643 ita
1487 586 1682 655 dicam,
1712 587 1968 657 spceiata,

369 692 420 736 et
450 679 621 736 forma
673 697 778 752 qua
824 681 1053 736 formata
1095 690 1220 736 sunt
1246 680 1487 751 omnia);
1519 695 1583 735 ex
1629 679 1770 733 nulla
1816 687 1967 748 parte

373 773 514 830 Patri
542 783 722 844 potest
761 786 883 829 εεοε
908 773 1204 828 dissimilis.
1244 772 1388 827 Idem
1421 771 1580 842 igitur
1611 769 1752 840 quod
1789 770 1966 833 Pater,

369 868 434 919 ita
457 875 514 920 ut
540 865 640 919 iste
665 864 835 919 Filius
863 865 952 931 sit,
976 864 1066 920 ille
1107 864 1284 927 Pater,
1312 861 1363 917 id
1390 870 1491 927 est,
1521 861 1622 915 iste
1651 859 1966 926 similitudo,

369 959 455 1012 ille
499 958 654 1027 cujus
695 957 990 1013 similitudo
1033 967 1147 1022 est;
1191 957 1290 1011 iste
1339 954 1656 1020 substantia,
1699 953 1790 1008 ille
1837 953 1966 1007 sub.

367 1050 612 1115 stantia‘,
647 1064 714 1104 ex
742 1065 850 1119 quo
881 1065 984 1102 una
1011 1047 1327 1103 substantia.
1360 1045 1491 1102 Nam
1517 1046 1559 1100 si
1593 1061 1699 1099 non
1732 1061 1836 1099 una
1858 1051 1962 1111 εει,

368 1143 552 1212 recipit
613 1143 1018 1197 similitudinem
1076 1141 1404 1207 similitudo;
1451 1138 1593 1211 quod
1643 1137 1757 1194 ﬁeri
1806 1152 1965 1208 posse

366 1234 538 1287 munis
567 1235 847 1289 verissima
880 1242 1036 1305 negat
1061 1234 1218 1288 ratio.

405 1322 599 1379 XXIV.
636 1323 818 1380 Utrum
848 1335 1108 1396 peccatum
1135 1333 1181 1378 et
1206 1331 1338 1377 recte
1377 1324 1564 1393 factum
1590 1322 1643 1375 in
1672 1321 1825 1376 libero
1868 1320 1932 1374 sit

902 1416 1176 1469 voluntatis
1205 1415 1437 1468 arbitrio.

433 1506 703 1577 Quidquid
730 1521 855 1562 casu
887 1504 966 1572 ﬁt,
1005 1515 1205 1561 temere
1232 1504 1291 1559 lit
1323 1521 1337 1559 :
1366 1503 1620 1576 quidquid
1649 1513 1851 1559 temere
1883 1503 1962 1570 lit,

360 1614 471 1652 non
500 1597 558 1652 lit
578 1597 932 1668 providentia.
954 1597 1008 1652 Si
1026 1612 1154 1668 ergo
1171 1612 1297 1652 casu
1315 1596 1488 1666 aliqua
1517 1595 1646 1650 [lunt
1669 1596 1722 1650 in
1739 1594 1961 1662 mundo,

360 1707 470 1744 non
499 1690 833 1760 providentia
877 1689 1161 1744 universus
1189 1687 1420 1742 mundus
1449 1687 1874 1742 administratur.
1906 1685 1964 1742 Si

360 1798 469 1838 non
501 1782 839 1853 providentia
862 1782 1147 1836 universus
1173 1779 1403 1836 mundus
1431 1779 1859 1844 administratur,
1883 1786 1966 1832 est

359 1889 492 1944 ergo
517 1874 694 1944 aliqua
723 1883 912 1928 natura
937 1883 1094 1943 atque
1125 1872 1423 1927 substantia
1451 1887 1570 1941 qua:
1591 1869 1656 1924 ad
1686 1885 1820 1940 opus
1839 1885 1965 1941 pro-

357 1965 617 2020 videntia:
661 1983 765 2019 non
798 1965 1083 2035 pertineat.
1131 1964 1303 2019 Omne
1346 1971 1525 2017 autem
1571 1962 1713 2032 quod
1743 1970 1860 2028 est,
1908 1961 1961 2016 in

357 2065 620 2126 quantum
653 2066 770 2123 est,
801 2057 1000 2111 bonum
1029 2065 1131 2110 est.
1172 2055 1393 2111 Summe
1421 2055 1564 2110 enim
1591 2061 1676 2110 est
1711 2054 1841 2108 illud
1867 2054 1964 2109 bo-

355 2163 512 2215 num,
541 2153 694 2220 cujus
721 2150 1126 2220 participatione
1151 2157 1278 2204 sunt
1306 2147 1445 2203 bona
1473 2156 1686 2204 caetera.
1713 2147 1782 2201 Et
1800 2162 1961 2202 omne

356 2242 503 2311 quod
547 2243 803 2298 mutabile
829 2252 944 2308 est,
977 2257 1080 2296 non
1111 2257 1209 2312 per
1231 2256 1292 2296 se
1325 2241 1496 2311 ipsum
1520 2282 1535 2306 ,
1565 2240 1660 2296 sed
1701 2240 1826 2295 boni
1857 2239 1959 2294 im-

357 2333 636 2389 mutabilis
666 2335 1092 2403 participatione,
1131 2333 1183 2387 in
1214 2340 1469 2404 quantum
1496 2341 1596 2396 est,
1625 2333 1823 2387 bonum
1851 2341 1954 2387 est.

356 2423 536 2479 Porro
581 2425 710 2479 illud
743 2426 939 2480 bonum
962 2467 976 2491 ,
1017 2426 1171 2496 cujus
1209 2425 1618 2495 participatione
1657 2433 1781 2478 sunt
1821 2423 1960 2502 bona

355 2526 556 2570 caetera
604 2532 951 2587 qtuccumque
996 2525 1120 2571 sunt
1157 2518 1213 2584 ⁸,
1245 2531 1352 2570 non
1393 2530 1491 2586 per
1519 2513 1660 2569 aliud
1681 2556 1696 2580 ,
1729 2514 1824 2569 sed
1865 2531 1962 2584 per

357 2622 416 2662 se
443 2609 618 2677 ipsum
661 2609 858 2664 bonum
892 2617 972 2664 est
992 2651 1008 2675 ,
1039 2624 1196 2679 quam
1225 2608 1458 2662 divinam
1486 2607 1644 2662 etiam
1673 2606 1960 2676 providen-

363 2698 488 2751 tiam
540 2713 814 2752 vocamus.
849 2697 988 2753 Nihil
1031 2698 1190 2769 igitur
1218 2712 1344 2753 casu
1390 2696 1448 2751 fit
1492 2697 1544 2751 in
1577 2695 1796 2751 mundo.
1847 2697 1961 2753 lloc

361 2788 674 2854 constituto,
705 2805 1039 2860 consequens
1069 2789 1280 2844 videtur
1305 2796 1366 2842 ut
1392 2787 1646 2858 quidquid
1680 2787 1731 2840 in
1760 2786 1962 2842 mundo

358 2881 584 2950 geritur,
632 2880 822 2951 partim
879 2881 1132 2936 divinitus
1161 2890 1394 2951 geratur,
1428 2881 1619 2950 partim
1651 2889 1832 2933 uestra
1862 2895 1960 2934 vo-

360 2971 585 3030 luntate.
621 2971 761 3026 Deus
789 2972 934 3027 enim
977 2972 1168 3043 quovis
1210 2971 1425 3026 homine
1454 2971 1661 3042 optimo
1699 2979 1753 3026 et
1775 2961 1962 3041 justis-

356 3063 496 3117 simo
543 3064 700 3133 longe
729 3073 888 3134 atque
936 3062 1446 3134 imcomparabiliter
1473 3062 1663 3117 melior
1691 3071 1744 3116 et
1767 3062 1962 3130 justior

355 3163 457 3208 est.
488 3153 678 3209 Justus
699 3165 878 3209 autem
909 3169 1102 3225 regens
1126 3164 1178 3209 et
1207 3153 1512 3224 gubernans
1541 3154 1810 3218 universa,
1839 3152 1962 3206 nul-

355 3245 457 3300 lam
504 3260 721 3313 patriam
767 3245 1012 3314 cuiquam
1057 3246 1184 3299 sinit
1223 3244 1491 3298 immerito
1530 3243 1726 3312 indigi,
1754 3243 1960 3297 nullum

355 3336 640 3406 pta-mium
672 3337 940 3391 immerito
969 3334 1103 3389 dari.
1133 3334 1376 3389 Meritum
1405 3342 1580 3387 autem
1605 3348 1798 3403 paenae,
1833 3347 1959 3402 pec—

354 3438 571 3491 eatum;
621 3435 675 3482 et
714 3427 960 3481 meritum
1006 3426 1246 3496 praemii,
1295 3435 1442 3480 recte
1487 3423 1686 3478 factum
1717 3433 1819 3476 est.
1852 3421 1961 3477 Nec

354 3529 639 3588 peccatum
691 3529 907 3583 autem,
965 3533 1066 3572 nec
1111 3526 1262 3571 recte
1306 3515 1504 3570 factum
1552 3515 1804 3585 imputari
1849 3515 1961 3568 cui-

353 3629 516 3682 quam
558 3613 706 3682 juste
751 3619 960 3682 potest,
1010 3610 1099 3680 qui
1131 3609 1260 3664 nihil
1307 3608 1492 3663 fecerit
1522 3608 1732 3678 propria
1769 3607 1958 3662 volun-

355 3717 483 3762 tate.
519 3707 614 3761 Εει
641 3706 802 3775 igitur
830 3713 884 3760 et
928 3712 1203 3775 peccatum
1231 3711 1286 3758 et
1314 3710 1459 3758 recte
1484 3700 1679 3756 factum
1710 3700 1762 3754 in
1794 3700 1959 3755 libero

354 3798 651 3854 voluntatis
685 3796 927 3851 arbitrio.

807 3889 977 3945 XXV.
1018 3887 1097 3943 De
1124 3903 1271 3942 cruce
1297 3886 1504 3941 Christi.

425 3981 706 4051 Sapientia
730 3981 822 4035 Dei
851 3980 1121 4034 hominem
1146 3977 1212 4032 ad
1239 3977 1563 4046 exemplum,
1586 3990 1691 4046 quo
1718 3983 1863 4030 recte
1884 3975 1962 4029 vl-

355 4089 612 4131 veremus
630 4115 645 4140 ,
675 4071 928 4140 suscepit.
959 4070 1196 4125 Pertinet
1223 4076 1402 4123 autem
1426 4066 1492 4121 ad
1525 4067 1688 4121 vitam
1719 4074 1916 4120 rectam
1941 4106 1959 4131 ,

354 4183 415 4222 ea
443 4181 568 4238 quae
596 4179 700 4219 non
728 4172 855 4218 sunt
878 4161 1162 4218 metuenda
1191 4177 1298 4217 non
1330 4169 1588 4215 metuere.
1617 4158 1759 4214 Mors
1783 4166 1960 4213 autem

357 4258 656 4316 metuenda
688 4272 795 4311 non
823 4264 926 4311 est.
968 4254 1216 4325 Oportuit
1253 4267 1382 4323 ergo
1411 4249 1639 4321 idipsum
1675 4249 1816 4304 illius
1860 4249 1960 4303 ho-

356 4353 520 4407 minis
552 4364 713 4420 quem
741 4347 835 4402 Dei
863 4345 1132 4416 Sapientia
1160 4343 1418 4413 suscepit,
1449 4351 1621 4396 morte
1650 4340 1960 4396 monstrari.

359 4445 499 4500 Sunt
525 4451 710 4497 autem
741 4440 988 4494 homines
1014 4438 1104 4509 qui
1135 4436 1379 4507 quamvis
1403 4445 1630 4489 mortem
1663 4435 1830 4503 ipsam
1854 4447 1960 4488 non

361 4539 632 4599 timeant,
671 4549 838 4605 genus
875 4540 1055 4587 tamen
1096 4528 1312 4600 aliquod
1354 4529 1522 4598 ipsius
1561 4527 1750 4582 mortis
1778 4525 1964 4580 horre-

359 4640 541 4686 scunt.
583 4627 942 4683 Nihilominus
971 4634 1147 4679 autem
1173 4666 1186 4689 ,
1234 4633 1291 4678 ut
1329 4623 1441 4694 ipsa
1489 4637 1635 4676 mors
1676 4619 1962 4674 metuenda

359 4739 465 4779 non
491 4731 603 4786 est,
634 4722 701 4774 ita
731 4720 932 4773 nullum
957 4731 1124 4787 genus
1148 4716 1337 4770 mortis
1357 4715 1495 4770 bene
1521 4722 1574 4767 et
1596 4721 1743 4767 recte
1764 4711 1964 4767 viventi

362 4813 572 4870 homini
605 4811 949 4866 metuendum
981 4818 1081 4862 est.
1113 4807 1467 4862 Nihilominus
1508 4805 1665 4874 igitur
1701 4804 1800 4859 hoc
1828 4819 1962 4875 quo-

362 4920 466 4975 que
491 4903 638 4957 illius
667 4901 898 4954 hominis
919 4914 1077 4953 cruce
1100 4896 1490 4952 ostendendum
1519 4895 1634 4948 fuit.
1661 4895 1796 4949 Nihil
1819 4897 1962 4950 enim

363 5005 478 5050 erat
504 4995 652 5048 inter
683 4992 860 5044 omnia
891 5005 1088 5059 genera
1111 4988 1296 5043 mortis
1326 4988 1418 5042 illo
1439 5001 1635 5058 genere
1662 4985 1966 5043 exsecraba-

363 5086 464 5142 lius
493 5095 550 5142 et
581 5082 1006 5138 formidolosius.

668 5173 862 5230 XXVI.
901 5172 976 5226 De
1012 5171 1299 5238 sli/ferentia
1326 5181 1663 5240 peccatorum.

438 5271 555 5325 Alia
585 5277 712 5324 sunt
741 5276 957 5336 peccata
987 5265 1340 5330 infirmitatis,
1371 5265 1472 5319 alia
1501 5263 1780 5333 imperitia:
1804 5305 1818 5330 ,
1859 5263 1958 5325 alia

366 5362 612 5416 malitiae.
665 5357 951 5414 lulirtnitas
994 5356 1260 5410 cetttraria
1306 5364 1390 5409 est
1434 5355 1656 5420 virtuti,
1700 5354 1964 5423 imperitia

367 5455 640 5509 contraria
668 5461 752 5508 est
780 5451 1074 5520 sapientiae,
1105 5449 1304 5504 malitia
1328 5449 1595 5504 contraria
1617 5457 1700 5501 est
1722 5448 1964 5503 bonitati.

369 5547 628 5615 Quisquis
658 5545 820 5614 igitur
849 5542 996 5596 novit
1024 5541 1148 5611 quid
1181 5540 1250 5596 sit
1277 5539 1447 5592 virtus
1474 5548 1528 5592 et
1548 5539 1804 5607 sapientia
1835 5539 1963 5604 Dei,

372 5648 554 5708 potest
577 5638 888 5692 existimare
916 5650 1034 5704 qua:
1065 5634 1171 5688 sint
1201 5641 1416 5703 peccata
1447 5631 1693 5690 venialia.
1722 5631 1790 5685 Et
1815 5632 1965 5702 quis-

434 5754 449 5783 ¹
489 5751 660 5800 tsthtec
682 5749 835 5798 verba
855 5785 868 5808 ,
889 5747 978 5798 iste
1004 5744 1297 5806 substantia,
1324 5743 1407 5804 ille
1439 5741 1720 5802 substtmtia,
1745 5743 1919 5817 absunt
1937 5754 1968 5792 ι

370 5819 806 5923 ωέᾟιῗῗόειη
830 5880 958 5930 λιες..
979 5877 1409 5944 quattttmtrmuque
1451 5874 1575 5919 sunt.
1619 5865 1701 5916 Αιίἱ
1725 5873 1930 5931 quatuor
1949 5901 1964 5927 ,

371 5945 755 6006 quantacumque
780 5943 901 5985 sunt.

2083 585 2202 657 quis
2230 583 2376 640 nevit
2400 583 2525 656 quid
2555 585 2623 640 sit
2652 584 2861 640 bonitas
2889 586 3004 652 Dei,
3034 593 3209 656 potest
3227 586 3532 642 existimare
3557 591 3672 658 qui-

2079 677 2179 732 bus
2205 677 2438 747 peccatis
2465 686 2608 734 certa
2639 693 2797 749 paena
2840 677 3100 732 debeatur
3136 687 3191 733 et
3220 677 3306 732 hic
3330 688 3385 733 et
3409 679 3462 732 in
3494 677 3673 734 futuro

2080 769 2296 825 saeculo.
2335 769 2543 838 Quibus
2578 770 2714 825 bene
2751 769 2987 824 tractatis
3013 810 3027 833 ,
3060 769 3406 838 probabiliter
3441 768 3670 840 iudicari

2078 870 2280 931 potest,
2321 862 2409 932 qui
2441 878 2544 916 non
2577 863 2682 916 sint
2706 861 2928 931 cogendi
2955 861 3020 914 ad
3051 861 3418 930 paenitentiam
3459 861 3670 915 luctuo-

2080 968 2193 1009 sam
2220 963 2273 1010 et
2300 955 2725 1020 Iamcntabilem,
2767 955 3010 1024 quamvis
3037 961 3253 1023 peccata
3284 953 3584 1019 fateantur;
3614 961 3668 1010 ει

2076 1044 2270 1115 quibus
2296 1045 2436 1098 nulla
2466 1046 2687 1100 omnino
2712 1044 2977 1114 speranda
3018 1045 3090 1098 sit
3113 1044 3259 1098 salus
3281 1086 3297 1110 ,
3327 1044 3429 1098 nisi
3457 1044 3666 1100 sacrifi-

2075 1137 2214 1193 cium
2249 1137 2539 1195 obtulerint
2565 1138 2676 1193 Deo
2709 1137 2953 1208 spiritum
2978 1138 3390 1193 contribulatum
3418 1153 3513 1208 per
3552 1154 3666 1210 pm-

2074 1229 2375 1286 nitentium.

2521 1321 2737 1378 XXVII.
2768 1321 2847 1378 De
2875 1322 3208 1393 providentia.

2146 1412 2292 1469 Fieri
2317 1422 2493 1483 potest
2521 1424 2582 1470 ut
2610 1432 2704 1485 per
2729 1415 2930 1470 malum
2970 1415 3244 1471 hominem
3271 1415 3447 1470 divina
3488 1417 3666 1486 provi-

2071 1506 2251 1561 dentia
2281 1515 2335 1561 et
2366 1508 2550 1577 puniat
2575 1515 2628 1561 et
2649 1507 2959 1577 opituletur.
2987 1506 3119 1562 Nam
3143 1506 3448 1562 Iudaeorum
3475 1507 3664 1577 impie-

2071 1607 2154 1653 tas
2179 1606 2233 1654 et
2257 1596 2472 1654 Iudaeos
2497 1600 2858 1670 supplantavit
2888 1601 2904 1632 ί
2927 1641 2942 1665 ,
2974 1608 3029 1655 ει
3056 1600 3314 1656 Gentibus
3344 1599 3502 1655 saluti
3543 1601 3658 1657 fuit.

2071 1687 2201 1744 Item
2231 1689 2343 1744 fieri
2391 1699 2564 1759 potest
2593 1699 2651 1744 ut
2694 1690 2870 1745 divina
2900 1690 3227 1761 providentia
3259 1707 3355 1761 per
3391 1690 3663 1747 hominem

2071 1781 2270 1837 bonum
2313 1790 2368 1838 et
2396 1781 2614 1838 damnet
2653 1791 2708 1838 et
2751 1783 2997 1852 adjuvet,
3040 1782 3177 1838 sicut
3217 1784 3293 1837 ait
3329 1783 3658 1854 Apostolus:

2069 1873 2200 1927 Aliis
2225 1890 2399 1928 sumus
2428 1875 2555 1928 odor
2580 1875 2695 1929 vita:
2716 1876 2770 1928 in
2795 1876 2970 1937 vitam,
3001 1875 3118 1929 aliis
3146 1885 3312 1928 autent
3337 1876 3462 1928 odor
3489 1875 3663 1929 mortis

2067 1963 2121 2017 in
2149 1974 2356 2018 mortem
2383 1964 2452 2035 (ll
2481 1965 2598 2019 Cor.
2631 1981 2700 2032 ιι,
2738 1967 2852 2037 Ili).
2881 1963 2985 2020 Sed
3016 1981 3138 2021 cum
3183 1967 3359 2020 omnis
3386 1966 3659 2021 tribulatio

2068 2067 2154 2109 aut
2195 2071 2354 2128 poena
2402 2058 2684 2127 impiorunt
2724 2060 2826 2124 sit,
2875 2069 2966 2112 aut
3006 2059 3317 2114 exercitatio
3349 2060 3653 2128 justorum;

2067 2147 2187 2216 quia
2217 2147 2402 2204 eadem
2433 2150 2623 2204 tribula
2674 2160 2728 2204 et
2774 2150 2954 2220 paleas
2990 2150 3260 2217 concidit,
3302 2159 3356 2205 ει
3393 2149 3660 2207 frumenta

2067 2239 2234 2308 paleis
2275 2240 2461 2306 exuit,
2505 2239 2646 2296 unde
2693 2241 2965 2296 tribulatio
3007 2257 3206 2296 nomen
3250 2242 3489 2311 accepit;
3535 2257 3658 2296 rur-

2021 2325 2023 2329 ⁴
2067 2343 2181 2393 sus,
2213 2344 2332 2383 cum
2357 2345 2454 2399 pax
2484 2340 2537 2384 et
2565 2330 2718 2400 quies
2744 2345 2772 2383 a
2803 2330 3060 2385 molestiis
3089 2331 3468 2400 temporalibus
3487 2339 3542 2386 et
3565 2331 3661 2386 bo-

2065 2434 2164 2474 nos
2195 2420 2446 2488 lucretur,
2477 2431 2530 2476 et
2557 2429 2864 2491 corrumpat
2889 2422 3058 2476 malos
3089 2438 3102 2475 :
3133 2423 3312 2476 omnia
3342 2421 3455 2476 luce
3480 2423 3659 2478 divina

2066 2512 2397 2581 providentia
2429 2527 2526 2581 pro
2546 2514 2748 2569 meritis
2778 2514 3084 2568 moderatur
3107 2515 3429 2569 animarum.
3453 2513 3557 2570 Sed
3579 2522 3648 2570 ta-

2065 2618 2191 2657 men
2222 2619 2328 2658 non
2367 2605 2470 2660 sibi
2499 2605 2702 2675 eligunt
2730 2606 2856 2660 boni
2887 2605 3240 2661 ministerium
3271 2607 3654 2673 tribulationis.

2065 2710 2166 2749 nec
2196 2696 2319 2750 mali
2348 2706 2528 2750 amant
2553 2711 2756 2766 pacem.
2799 2695 2974 2765 Quare
3003 2698 3101 2767 ipsi
3132 2713 3344 2767 quoque
3363 2739 3376 2763 ,
3406 2713 3500 2768 per
3521 2714 3659 2769 quos

2065 2787 2118 2843 id
2143 2789 2317 2860 agitur
2341 2789 2481 2859 quod
2513 2789 2777 2859 ignorant,
2811 2805 2917 2844 non
2941 2790 3161 2860 justitia:
3188 2807 3306 2862 qua:
3333 2791 3562 2846 refertur
3585 2777 3657 2847 ad

2064 2866 2268 2942 Deum,
2297 2880 2392 2934 sed
2432 2880 2820 2936 malevolentia:
2861 2897 2972 2935 suae
3019 2882 3322 2937 mercedem
3364 2882 3654 2953 accipiunt.

2064 2969 2522 3037 Quemadmodum
2551 2987 2651 3027 nec
2675 2972 2828 3028 bonis
2858 2973 3323 3042 imputatur,quod
3352 2973 3480 3043 ipsis
3494 2974 3656 3044 prod-

2063 3077 2184 3118 esse
2237 3064 2541 3119 volentibus
2577 3075 2800 3120 nocetur
2825 3066 2980 3119 alicui
3007 3109 3020 3130 ,
3063 3066 3158 3121 sed
3186 3066 3327 3120 bono
3353 3067 3534 3121 animo
3562 3067 3656 3122 he-

2063 3154 2382 3209 nevolentite
2407 3156 2683 3225 pratmium
2709 3156 2954 3210 tribuitur
2978 3174 2989 3209 :
3017 3157 3084 3210 ita
3107 3157 3266 3212 etiam
3289 3167 3480 3211 caetera
3507 3173 3656 3212 crea-

2067 3255 2182 3300 tura
2225 3262 2322 3317 pro
2361 3248 2567 3302 meritis
2594 3248 2890 3302 animarum
2934 3249 3271 3303 rationalium
3311 3250 3396 3303 vel
3419 3251 3656 3306 sentitur

2063 3339 2148 3391 vel
2179 3337 2323 3402 latet,
2358 3338 2438 3393 vel
2468 3339 2690 3392 molesta
2721 3339 2805 3392 vel
2830 3338 3108 3394 commoda
3141 3349 3242 3393 est.
3269 3341 3489 3395 Summo
3511 3341 3654 3395 enim

2066 3432 2175 3486 Deo
2201 3441 2389 3486 cuncta
2420 3432 2556 3487 bene
2582 3431 2991 3487 administrante
3019 3449 3137 3501 qua:
3165 3431 3311 3498 fecit,
3351 3433 3485 3487 nihil
3508 3433 3655 3489 inor-

2064 3523 2299 3578 dinatum
2349 3524 2400 3578 iu
2449 3525 2738 3589 universo,
2786 3525 3024 3595 nihilque
3073 3524 3328 3593 injustam
3371 3534 3490 3591 est,
3540 3526 3657 3581 sive

2064 3616 2354 3670 scientibus
2398 3615 2511 3670 sive
2552 3616 2913 3671 nescientibus
2950 3615 3123 3671 nobis.
3156 3615 3260 3672 Sed
3305 3618 3358 3670 in
3399 3627 3546 3688 parte
3573 3617 3658 3672 of-

2065 3705 2300 3761 fenditur
2329 3708 2500 3760 anima
2535 3706 2800 3776 peccatrix
2829 3724 2842 3759 :
2876 3715 3053 3762 tamen
3080 3707 3201 3777 quia
3232 3723 3330 3777 pro
3355 3708 3558 3762 meritis
3582 3708 3652 3763 ibi

2064 3807 2165 3864 est,
2208 3798 2297 3853 ubi
2331 3797 2488 3852 talem
2520 3813 2639 3853 esse
2675 3797 2830 3852 decet
2852 3838 2869 3864 ,
2913 3806 2968 3852 et
3003 3812 3065 3852 ea
3095 3798 3292 3867 patitur
3334 3814 3454 3868 quae
3493 3799 3652 3854 talem

2065 3890 2171 3958 pati
2201 3905 2410 3958 acquum
2438 3898 2541 3958 cst,
2576 3889 2880 3944 universum
2905 3903 3128 3958 regnum
3152 3889 3244 3943 Dei
3272 3889 3413 3944 nulla
3434 3904 3529 3944 sua
3556 3889 3655 3946 fos-

2065 3979 2541 4036 ditate.deformat.
2586 3979 2986 4049 Quamobrem,
3030 3979 3282 4048 quoniam
3326 3993 3434 4034 non
3473 3981 3651 4035 omnia

2065 4074 2312 4128 novimus
2337 4089 2456 4144 qua:
2478 4072 2547 4128 de
2574 4073 2726 4128 nobis
2752 4072 2891 4127 bene
2917 4072 3024 4143 agit
3042 4072 3174 4127 ordo
3200 4072 3430 4140 divinus,
3460 4072 3512 4127 in
3538 4073 3653 4127 sola

2064 4165 2204 4220 bona
2229 4166 2504 4221 voluntate
2543 4165 2836 4221 secundum
2865 4165 3035 4236 legem
3069 4166 3305 4237 agimus;
3347 4167 3399 4221 iu
3439 4167 3652 4223 caneris

2063 4266 2240 4312 autem
2267 4257 2558 4313 secundum
2588 4257 2758 4328 legem
2785 4257 3012 4328 agimur,
3039 4272 3160 4312 cum
3187 4257 3272 4313 lex
3303 4258 3416 4329 ipsa
3444 4258 3653 4314 incom-

2065 4349 2335 4403 mutabilis
2356 4357 2587 4413 maneat,
2609 4357 2666 4404 et
2691 4348 2868 4403 omnia
2886 4347 3530 4417 mutabilia'pulcherrima
3555 4363 3652 4420 gu-

2065 4440 2378 4495 bernatione
2404 4439 2728 4496 moderetur.
2760 4438 2936 4494 Gloria
2965 4438 3123 4508 igitur
3152 4440 3204 4493 in
3233 4440 3495 4495 altissimis
3522 4439 3652 4507 Deo,

2065 4543 2113 4587 et
2142 4534 2193 4587 iu
2217 4542 2350 4587 terra
2376 4550 2479 4602 pax
2503 4532 2787 4587 hominibus
2810 4533 2955 4587 bona:
2980 4533 3251 4588 voluntatis
3277 4532 3424 4606 (Luc.
3448 4551 3507 4602 ιι,
3535 4537 3653 4606 Il).

2199 4623 2434 4679 XXVIII.
2470 4624 2638 4690 Quare
2665 4623 2802 4679 Deus
2830 4623 3078 4678 mundum
3105 4625 3272 4693 facere
3297 4624 3529 4681 voluerit.

2139 4714 2238 4781 Qui
2281 4714 2472 4785 quarrit
2509 4731 2672 4786 quare
2714 4714 2947 4770 voluerit
2981 4715 3120 4770 Deus
3149 4715 3404 4770 mundum
3441 4715 3614 4772 facere
3637 4757 3654 4784 ,

2067 4822 2285 4862 causam
2311 4808 2502 4878 quaerit
2530 4808 2818 4862 voluntatis
2845 4808 2960 4861 Dei.
3003 4806 3108 4862 Sed
3147 4807 3321 4862 omnis
3348 4822 3505 4862 causa
3535 4809 3653 4863 el'ti-

2069 4899 2218 4954 ciens
2244 4908 2344 4953 est.
2389 4899 2562 4953 Omne
2588 4911 2766 4954 autem
2796 4897 3037 4953 efficiens
3072 4897 3245 4967 majus
3290 4908 3370 4952 est
3399 4913 3555 4965 quam
3604 4898 3654 4952 id

2069 4990 2211 5059 quod
2242 4990 2490 5045 efficitur.
2533 4990 2672 5044 Nihil
2703 4998 2879 5044 autem
2918 4989 3090 5058 majus
3128 4997 3212 5044 est
3237 4989 3508 5044 voluntate
3540 4989 3653 5044 Dei.

2071 5079 2186 5136 Non
2213 5097 2339 5150 ergo
2368 5081 2482 5150 ejus
2508 5097 2665 5136 causa
2694 5079 2978 5151 quatreuda
3004 5087 3106 5134 est.

2143 5171 2337 5228 XXIX.
2375 5172 2559 5228 Utrum
2588 5171 2780 5241 aliquid
2809 5171 2873 5225 sit
2906 5185 3108 5223 sursum
3135 5178 3221 5220 aut
3256 5167 3491 5222 deorsum
3534 5170 3586 5223 in

2143 5325 2151 5340 I
2738 5262 2990 5314 universo.

2147 5357 2273 5423 Qua:
2295 5373 2494 5411 sursum
2520 5363 2633 5408 sunt
2653 5353 2814 5422 sapite
2837 5351 3057 5422 (Coloss.
3083 5366 3156 5416 ιιι,
3185 5348 3263 5422 2).
3296 5351 3366 5404 Ea
3395 5367 3513 5420 quq:
3540 5366 3660 5406 sur-

2071 5467 2188 5506 sum
2220 5457 2344 5504 sunt
2370 5461 2560 5518 sapere
2593 5445 2846 5515 jubemur
2867 5485 2882 5510 ,
2923 5431 3217 5513 spiritualia
3256 5442 3496 5506 scilicet,
3540 5460 3662 5512 quae

2073 5558 2179 5595 non
2213 5541 2342 5595 locis
2371 5549 2424 5594 et
2454 5536 2692 5608 partibus
2721 5535 2880 5604 hujus
2902 5535 3084 5589 mundi
3111 5549 3319 5589 sursum
3351 5549 3471 5590 esse
3501 5534 3664 5589 intel—

2075 5632 2281 5704 ligenda
2307 5638 2460 5695 sunt,
2490 5628 2584 5684 sed
2613 5629 2801 5683 merito
2827 5627 3156 5682 excellentia:
3183 5641 3332 5692 suae;
3367 5641 3433 5681 ne
3462 5625 3514 5680 in
3543 5626 3662 5695 ejus

2075 5725 2256 5780 tnuudi
2288 5732 2436 5793 parte
2477 5722 2702 5794 figamus
2724 5720 2958 5774 animum
2989 5727 3251 5784 nostrum,
3279 5733 3384 5787 quo
3414 5717 3663 5772 universo
3721 5791 3726 5797 ν

2141 5863 2266 5970 Idl-ir.
2309 5867 2361 5908 et
2379 5858 2601 5908 undecim
2618 5863 2750 5917 Mss,
2775 5854 2954 5905 Jtt'lmn
2973 5847 3313 5916 supplantavit.
3345 5849 3488 5899 -—sic
3514 5849 3660 5900 etiam

2142 5938 2172 5970 zz
2209 5958 2222 5970 .
2289 5928 2346 5970 Μ.

2076 5928 2222 5986 Lugd.
2289 5928 2346 5970 Μ.
