4084 6510
492 438 560 495 ‘19

489 568 590 609 nos
614 550 872 608 debemus
900 559 1116 603 exuere.
1160 543 1381 599 Sursum
1420 547 1595 593 autem
1624 550 1686 590 ac
1726 533 1976 587 deorsum
2016 524 2072 580 in

490 644 647 714 hujus
674 640 853 697 mundi
881 638 1121 709 partibus
1145 643 1245 692 est.
1273 634 1403 690 Nam
1428 632 1705 687 universus
1725 642 1823 683 nec
1842 627 1955 696 ipse
1975 624 2073 678 ha-

488 738 578 795 bet
629 750 840 792 sursum
901 741 993 789 aut
1054 732 1325 787 deorsum.
1390 730 1690 797 Corporens
1740 730 1825 778 est
1883 719 2066 784 enim;

487 833 609 903 quia
640 843 800 885 omne
843 825 1053 881 visibile
1095 836 1409 893 corporeum
1457 829 1557 875 est.
1611 816 1750 872 Nihil
1796 822 1973 869 autem
2014 810 2070 865 in

487 924 742 979 universo
790 933 1016 990 corpore
1064 931 1276 971 sursum
1325 922 1417 969 aut
1468 911 1719 967 deorsum
1778 916 1879 963 est.
1933 904 2070 959 Cum

488 1016 630 1071 enim
653 1015 704 1069 in
729 1028 823 1069 sex
850 1018 1030 1083 partes
1056 1017 1233 1064 motus
1258 1006 1373 1061 fieri
1396 1004 1653 1067 videatur,
1678 1000 1766 1072 qui
1789 1008 1964 1055 rectus
1987 996 2071 1051 di-

488 1107 650 1172 citur,
682 1104 735 1159 id
764 1111 880 1169 est,
912 1101 1003 1173 qui
1028 1098 1304 1156 circularis
1328 1111 1434 1151 non
1464 1104 1583 1161 est,
1626 1094 1678 1149 in
1704 1092 1977 1147 anteriora
2014 1097 2070 1146 ct

490 1198 809 1269 posteriora,
837 1196 890 1250 in
912 1193 1211 1250 dexteriora
1239 1197 1294 1245 et
1319 1188 1647 1243 sinisteriora
1672 1228 1686 1252 ,
1714 1185 1767 1238 in
1794 1181 2073 1252 superiora

489 1298 544 1343 et
572 1286 854 1350 inferiora;
888 1284 1031 1338 nulla
1056 1281 1275 1337 omnino
1301 1278 1436 1334 ratio
1455 1286 1538 1332 est
1556 1291 1652 1330 cur
1678 1274 1928 1329 universo
1953 1285 2075 1325 cor-

491 1380 607 1450 pori
634 1386 759 1434 ante
782 1391 845 1431 ac
866 1383 986 1445 post
1013 1373 1145 1428 nihil
1171 1372 1259 1438 sit,
1289 1378 1343 1424 et
1366 1368 1583 1424 dextera
1612 1381 1675 1421 ac
1696 1364 1848 1429 lmva,
1880 1362 1950 1418 sit
1978 1375 2072 1416 au-

490 1483 598 1527 tem
621 1484 834 1528 sursum
862 1482 927 1523 ac
951 1466 1223 1522 deorsum.
1264 1460 1368 1518 Sed
1391 1474 1456 1515 eo
1489 1456 1891 1513 considerantes
1930 1450 2073 1506 deci-

489 1564 707 1634 piuntur
730 1602 747 1628 ,
778 1557 921 1631 quod
946 1556 1190 1612 sensibus
1215 1562 1268 1608 et
1294 1547 1663 1607 consuetudini
1691 1544 1906 1601 difficile
1930 1541 2075 1597 obsi-

490 1656 668 1711 stitur.
710 1653 824 1709 Non
850 1649 992 1706 enim
1018 1657 1125 1703 tam
1166 1645 1333 1701 facilis
1356 1650 1437 1697 est
1462 1640 1619 1697 nobis
1647 1635 1927 1693 conversio
1954 1647 2075 1688 cor-

489 1749 637 1821 poris
655 1789 669 1813 ,
700 1760 817 1816 qua:
844 1742 931 1807 fit,
975 1742 1020 1797 si
1049 1740 1168 1810 quis
1196 1737 1368 1807 capite
1395 1734 1647 1789 deorsum
1680 1726 1881 1785 moveri
1908 1725 2034 1780 velit
2053 1766 2068 1785 ,

489 1820 648 1912 quam
689 1836 856 1893 facilis
881 1842 965 1891 est
989 1849 1019 1888 a
1048 1832 1233 1888 dextra
1262 1830 1312 1884 in
1344 1828 1528 1883 lmvam
1554 1867 1567 1891 ,
1599 1823 1682 1878 vel
1710 1822 1776 1876 ab
1804 1820 2074 1875 anteriore

490 1911 544 1997 in
585 1929 930 2002 posteriorem
976 1934 1199 1996 partem.
1243 1920 1598 1989 Quamobrem
1636 1915 1855 1971 remotis
1899 1911 2075 1966 verbis

490 2038 672 2085 secum
703 2022 803 2093 ipsi
826 2020 1004 2076 animo
1024 2014 1371 2086 satagendum
1397 2021 1500 2078 est,
1532 2019 1588 2065 ut
1613 2010 1715 2065 hoc
1742 2022 1963 2063 cernere
1993 2020 2075 2059 va-

489 2116 615 2179 leat.

490 2204 663 2262 XXX.
710 2202 892 2258 Utrum
918 2199 1087 2254 omnia
1116 2198 1170 2251 in
1207 2196 1471 2250 utilitatem
1501 2192 1718 2247 hominis
1756 2198 1922 2246 creata
1948 2189 2071 2244 sint.

563 2298 635 2355 Ut
682 2297 820 2351 inter
853 2293 1134 2349 honestum
1170 2298 1225 2344 et
1260 2287 1389 2342 utile
1432 2288 1689 2350 interest,
1730 2284 1799 2338 ita
1836 2291 1893 2336 et
1937 2282 2076 2335 inter

390 2406 393 2407 '
492 2388 771 2446 fruendum
802 2395 855 2441 et
885 2382 1159 2438 utendum.
1192 2380 1501 2448 Quanquam
1542 2375 1685 2432 enim
1723 2388 1883 2429 omne
1908 2372 2076 2426 hone-

491 2492 631 2538 stum
659 2479 820 2545 utile,
848 2486 902 2531 et
938 2488 1098 2529 omne
1127 2471 1255 2527 utile
1295 2470 1572 2524 honestum
1602 2481 1722 2523 esse
1746 2507 1760 2531 ,
1807 2463 2077 2519 subtiliter

491 2571 701 2630 defendi
735 2576 897 2641 queat
926 2586 940 2623 :
973 2576 1149 2621 tamen
1179 2563 1302 2634 quia
1330 2562 1497 2630 magis
1535 2558 1749 2630 preprie
1774 2566 1935 2627 atque
1962 2556 2074 2611 usi-

494 2676 653 2723 tattus
680 2664 962 2719 honestum
987 2659 1179 2715 dicitur
1212 2655 1354 2727 quod
1382 2664 1598 2726 propter
1620 2668 1680 2708 se
1707 2652 1880 2721 ipsum
1908 2664 2076 2721 expe-

492 2758 711 2822 tendum
741 2763 824 2811 est
843 2794 861 2822 ,
900 2753 1030 2809 utile
1054 2759 1230 2806 autem
1256 2748 1395 2819 quod
1424 2748 1489 2801 ad
1517 2744 1660 2801 aliud
1688 2741 1887 2812 aliquid
1929 2738 2074 2796 refe-

492 2849 714 2907 rendum
744 2854 859 2902 est:
886 2842 1177 2899 secundum
1210 2841 1348 2893 hanc
1365 2836 1717 2893 differentiam
1740 2849 1881 2889 nunc
1907 2831 2078 2903 loqui-

490 2956 640 3007 mur,
676 2936 805 2992 illud
834 2948 965 2989 sane
994 2930 1357 2987 custodientes
1381 2970 1395 2993 ,
1439 2936 1497 2981 ut
1534 2926 1816 2981 honestum
1851 2934 1906 2979 et
1946 2923 2076 2979 utile

490 3031 640 3089 nullo
667 3026 826 3082 modo
853 3024 1067 3080 sibimet
1088 3022 1455 3078 adversentur.
1483 3017 1768 3074 Adversari
1794 3016 1935 3071 enim
1960 3014 2078 3072 haec

490 3122 590 3183 sibi
634 3117 920 3189 aliquando
958 3115 1202 3185 imperite
1248 3127 1311 3167 ac
1354 3111 1640 3182 vulgariter
1678 3110 2073 3165 existimantur.

490 3214 618 3269 Frui
646 3228 773 3283 ergo
801 3210 1027 3265 dicimur
1054 3223 1115 3263 ea
1144 3222 1204 3263 re
1233 3205 1300 3261 de
1327 3220 1429 3275 qua
1455 3205 1697 3274 capimus
1720 3203 2070 3275 voluptatem.

490 3304 701 3375 Utimur
728 3317 789 3357 ea
815 3314 972 3371 quam
999 3297 1278 3354 referimus
1322 3295 1391 3351 ad
1430 3295 1482 3351 id
1523 3293 1668 3351 unde
1696 3295 1942 3366 voluptas
1982 3310 2072 3349 ca-

492 3394 680 3465 pienda
710 3402 810 3449 εει.
838 3390 1022 3447 Omnis
1051 3391 1227 3461 itaque
1250 3388 1479 3453 humana
1506 3387 1778 3459 perversio
1798 3394 1902 3453 est,
1932 3385 2074 3457 quod

488 3489 649 3548 etiam
676 3486 859 3541 vitium
886 3492 1124 3551 vocatur,
1156 3480 1397 3538 fruendis
1424 3481 1498 3536 uti
1525 3479 1664 3536 velle
1685 3521 1701 3547 ,
1732 3488 1891 3550 atque
1916 3489 2076 3534 uten-

489 3582 572 3649 dis
602 3578 723 3636 frui.
755 3580 822 3635 Et
848 3594 1037 3634 rursus
1060 3578 1233 3633 omnis
1261 3577 1546 3643 ordinatio,
1576 3592 1695 3648 qua:
1720 3576 1888 3630 virtus
1913 3574 2073 3630 etiam

491 3672 794 3741 nominatur
815 3712 830 3736 ,
875 3668 1111 3725 fruendis
1136 3667 1274 3739 frui,
1315 3679 1369 3725 et
1397 3668 1608 3724 utendis
1640 3667 1739 3723 uti.
1764 3665 2073 3722 Fruendum

491 3772 573 3819 est
595 3771 773 3818 autem
803 3760 1062 3825 honestis,
1094 3761 1347 3820 utendum
1375 3776 1501 3815 vero
1540 3758 1776 3814 utilibus.
1808 3758 2074 3813 Honesta-

491 3864 597 3910 tem
624 3868 757 3909 voco
786 3852 1172 3923 intelligibilem
1214 3850 1662 3922 pulchritudinem
1684 3890 1699 3915 ,
1730 3864 1889 3920 quam
1918 3849 2076 3919 Spiri-

491 3946 685 4012 tualem
714 3960 811 4002 nos
837 3944 1050 4015 proprie
1076 3943 1333 4008 dicimus;
1380 3942 1657 3999 utilitatem
1686 3951 1863 3997 autem
1883 3982 1898 4007 ,
1938 3941 2075 3995 divi~

492 4054 613 4093 nam
647 4038 1053 4108 providentiam.
1082 4036 1419 4107 Quapropter
1444 4027 1743 4107 quanquam
1775 4033 1880 4089 sint
1908 4032 2075 4088 multa

491 4130 711 4204 pulchra
740 4131 965 4185 visibilia
990 4173 1006 4197 ,
1034 4146 1153 4201 qua:
1182 4131 1358 4185 minus
1382 4128 1596 4198 proprie
1635 4128 1858 4183 honesta
1890 4126 2071 4197 appel-

491 4224 701 4287 lantur;
728 4223 840 4293 ipsa
871 4231 1047 4279 tamen
1081 4222 1438 4293 pulchritudo,
1475 4237 1542 4277 ex
1570 4236 1671 4291 qua
1698 4220 1920 4293 pulchra
1953 4228 2078 4276 sunt

490 4328 838 4383 quaecumque
877 4313 1094 4382 pulchra
1136 4322 1298 4378 sunt,
1342 4312 1488 4367 nullo
1518 4312 1677 4367 modo
1716 4320 1799 4365 est
1823 4310 2073 4366 visibilis.

491 4403 619 4463 Item
648 4405 815 4460 multa
841 4406 985 4460 utilia
1011 4404 1238 4460 visibilia
1264 4422 1278 4471 ;
1325 4403 1419 4459 sed
1447 4403 1559 4473 ipsa
1586 4403 1789 4457 utilitas
1808 4443 1824 4470 ,
1869 4418 1932 4456 ex
1973 4416 2076 4472 qua

495 4499 647 4556 nobis
688 4506 910 4570 prosunt
949 4512 1295 4569 quzecumque
1328 4503 1588 4567 prosunt,
1635 4511 1792 4566 quam
1842 4494 2076 4551 divinam

492 4593 879 4666 providentiam
909 4592 1136 4647 dicimus
1160 4633 1174 4659 ,
1205 4590 1428 4646 visibilis
1456 4604 1562 4644 non
1591 4598 1693 4644 est.
1724 4588 1918 4643 Notum
1949 4602 2079 4642 sane

492 4692 564 4751 sit
614 4688 898 4743 visibilium
950 4685 1166 4740 nomine
1213 4684 1391 4739 omnia
1442 4680 1741 4749 corporalia
1791 4680 2074 4733 contineri.

495 4781 716 4848 Oportet
746 4794 872 4847 ergo
907 4776 1005 4831 frui
1035 4776 1269 4847 pulchris
1294 4772 1666 4837 invisibilibus,
1697 4770 1749 4825 id
1777 4780 1879 4834 est,
1914 4770 2080 4825 hone-

495 4872 590 4925 stis
619 4888 633 4924 :
663 4878 842 4925 utrum
872 4876 1046 4922 autem
1076 4866 1353 4930 omnibus,
1381 4863 1483 4917 alia
1513 4862 1739 4931 qurestio
1764 4870 1881 4925 est;
1912 4875 2080 4931 quan-

494 4979 651 5031 quam
679 4962 900 5017 fortasse
926 4960 1149 5014 honesta
1178 4972 1284 5011 non
1315 4956 1415 5009 nisi
1442 4954 1632 5024 quibus
1663 4952 1941 5007 fruendum
1974 4960 2077 5017 est,

494 5055 597 5119 dici
626 5054 829 5110 deceat.
862 5052 1092 5110 Utilibus
1119 5058 1296 5106 autem
1327 5048 1585 5104 utendum
1612 5056 1695 5102 est
1722 5047 1991 5114 omnibus,
2021 5058 2080 5102 ut
2118 5060 2126 5069 '

494 5160 708 5217 quoquo
727 5161 910 5200 eorum
938 5159 1071 5214 opus
1095 5151 1195 5198 est.
1226 5141 1293 5195 Et
1317 5140 1417 5195 frui
1448 5139 1658 5210 quidem
1686 5140 1806 5194 cibo
1828 5148 1879 5195 et
1906 5140 2081 5209 quali-

496 5236 584 5291 bet
609 5234 872 5304 corporali
899 5235 1167 5302 voluptate
1192 5246 1296 5286 non
1339 5230 1473 5286 adeo
1507 5230 1736 5285 absurde
1764 5230 2078 5285 existiman-

429 5380 434 5385 .
494 5342 580 5386 tur
604 5339 658 5385 et
687 5327 866 5383 bestia:
897 5344 912 5382 :
944 5327 1019 5381 mi
1044 5336 1219 5382 autem
1246 5326 1417 5397 aliqua
1440 5341 1499 5381 re
1518 5341 1626 5381 non
1651 5334 1827 5395 potest
1849 5325 1951 5379 nisi
1973 5325 2080 5379 ani-

495 5423 598 5483 mal
630 5419 771 5491 quod
799 5418 1019 5474 rationis
1063 5427 1145 5472 est
1186 5419 1471 5487 particeps.
1514 5417 1663 5475 Scire
1701 5432 1931 5487 namque
1973 5432 2079 5486 quo

495 5514 725 5585 quidque
750 5511 1086 5567 referendum
1116 5513 1218 5576 sit,
1252 5528 1356 5567 non
1384 5510 1562 5567 datum
1602 5520 1686 5569 est
1722 5512 1945 5567 rationis
1981 5527 2088 5600 εχ-ῒ

495 5608 763 5678 portibus;
813 5604 907 5661 sed
952 5621 1125 5673 neque
1168 5606 1296 5675 ipsis
1335 5605 1681 5661 rationalibus
1729 5605 1923 5660 stultis.
1969 5604 2077 5663 Nec

493 5703 567 5757 uti
599 5701 821 5773 quisque
842 5707 1097 5770 potestea
1124 5716 1182 5755 re
1206 5716 1325 5771 quae
1350 5714 1455 5769 quo
1476 5699 1748 5755 referenda
1772 5701 1843 5755 sit
1866 5701 2069 5765 nescit;

494 5810 593 5861 nec
620 5793 899 5864 quisquam
932 5800 1102 5860 potest
1143 5792 1279 5847 scire
1320 5792 1417 5847 nisi
1461 5792 1690 5861 sapiens.
1723 5791 1900 5861 Quare
1928 5792 2076 5847 abuti

493 5886 686 5962 tectius
714 5883 815 5938 dici
842 5881 1047 5955 solent,
1078 5883 1164 5952 qni
1196 5901 1297 5939 non
1330 5884 1465 5939 bene
1496 5892 1729 5953 utuntur.
1773 5884 1887 5937 Non
1934 5886 2074 5939 enim

492 0 2113 28 ww

1194 422 1285 482 ne
1326 417 1633 479 mvensrs
1668 406 2191 483 QUASSTIONIBUS
2224 407 2508 481 Lxxxm,
2548 412 2606 468 ε.
2646 410 3011 471 AUGUSTINI

3680 419 3748 476 20

2178 524 2421 595 cuiquam
2443 527 2657 596 prodest
2679 527 2731 583 id
2750 544 2856 599 quo
2878 530 3014 587 male
3036 531 3228 599 utitur;
3252 539 3307 589 et
3326 531 3581 604 quodnon
3594 536 3748 605 prod-

2175 625 2290 684 est,
2323 630 2428 671 non
2468 618 2648 687 utique
2700 619 2827 674 utile
2855 629 2955 676 est.
2989 620 3126 677 Utile
3149 631 3327 678 autem
3355 623 3606 694 quidquid
3634 635 3745 692 est,

2176 709 2372 764 utendo
2396 718 2480 765 est
2504 710 2633 765 utile
2665 728 2679 766 :
2708 711 2778 766 ita
2806 727 2962 767 nemo
2990 714 3154 769 utitur
3178 715 3280 770 nisi
3296 716 3446 790 ptili.
3481 715 3596 772 Non
3625 732 3750 788 ergo

2175 799 2340 853 utitur
2362 839 2376 866 ,
2405 800 2643 870 quisquis
2682 802 2819 857 male
2847 803 3029 857 utitur.
3058 804 3298 860 Perfecta
3337 806 3496 877 igitur
3525 805 3751 863 hominis

2173 889 2310 945 ratio
2333 930 2347 955 ,
2385 906 2503 961 qua:
2542 891 2709 947 virtus
2739 902 2959 948 vocatur
2985 934 3001 961 ,
3047 895 3212 950 utitur
3241 896 3414 965 primo
3456 911 3516 954 se
3545 897 3659 967 ipsa
3686 899 3751 953 ad

2175 980 2573 1050 intelligendum
2601 982 2764 1037 Deum
2783 1024 2797 1049 ,
2828 992 2884 1038 ut
2909 998 2974 1041 eo
2999 984 3206 1040 fruatur
3234 1001 3263 1040 a
3293 1003 3399 1057 quo
3426 988 3588 1043 etiam
3620 989 3751 1043 facta

2174 1081 2273 1130 est.
2312 1074 2485 1131 Utitur
2509 1086 2685 1131 autem
2710 1078 2919 1132 caeteris
2944 1078 3289 1135 rationalibus
3313 1079 3668 1135 animantibus
3687 1080 3751 1134 ad

2174 1170 2521 1237 societatem,
2578 1171 2972 1228 irrationalibus
3022 1172 3089 1228 ad
3146 1174 3509 1230 eminentiam.
3580 1172 3753 1230 Vitam

2176 1265 2337 1319 etiam
2374 1280 2525 1320 suam
2563 1264 2631 1319 ad
2662 1264 2713 1319 id
2743 1264 2945 1333 refert,
2974 1274 3031 1320 ut
3076 1265 3280 1321 fruatur
3323 1267 3431 1321 Deo
3464 1286 3477 1320 :
3511 1266 3582 1320 ita
3612 1266 3750 1320 enim

2174 1356 2327 1411 beata
2345 1365 2445 1411 est.
2470 1357 2608 1427 Ergo
2632 1364 2686 1411 et
2709 1371 2767 1411 se
2792 1356 2903 1427 ipsa
2926 1357 3089 1412 utitur
3113 1373 3264 1427 ;qua°.
3281 1357 3519 1427 profecto
3543 1356 3756 1411 inchoat

2175 1449 2442 1503 miseriam
2490 1463 2586 1519 per
2627 1447 2948 1519 superbiam,
2999 1448 3045 1503 si
3086 1447 3153 1503 ad
3195 1462 3255 1504 se
3300 1448 3491 1517 ipsam,
3542 1464 3645 1501 non
3688 1446 3754 1500 ad

2177 1540 2343 1594 Deum
2384 1538 2663 1595 referatur.
2694 1539 2872 1596 Utitur
2901 1541 3059 1595 etiam
3087 1540 3400 1610 corporibus
3438 1538 3755 1611 quibusdam

2176 1630 2505 1687 viviticandis
2550 1630 2614 1685 ad
2661 1630 3099 1696 beneficentiam;
3140 1631 3219 1685 sic
3261 1631 3405 1685 enim
3453 1631 3620 1685 utitur
3662 1645 3758 1684 suo

2175 1739 2401 1794 corpore
2434 1742 2445 1776 :
2476 1723 2790 1793 quibusdam
2833 1723 3167 1778 assumendis
3213 1724 3297 1777 vel
3341 1722 3657 1792 respuendis
3694 1721 3761 1776 ad

2178 1815 2530 1870 valetudinem
2563 1856 2576 1879 ,
2616 1813 2930 1884 quibusdam
2976 1812 3266 1868 tolerandis
3307 1812 3373 1867 ad
3404 1813 3712 1882 patientiam
3742 1854 3759 1878 ,

2176 1910 2489 1981 quibusdam
2521 1908 2827 1963 ordinandis
2856 1908 2924 1964 ad
2957 1908 3218 1979 justitiam
3240 1949 3256 1975 ,
3287 1906 3607 1977 quibusdam
3636 1920 3761 1961 con-

2176 2000 2472 2059 siderandis
2512 2000 2578 2055 ad
2618 2000 2835 2071 aliquod
2872 1999 3111 2055 veritatis
3136 1997 3514 2053 documentum
3548 2013 3561 2051 :
3600 1999 3762 2051 utitur

2178 2095 2338 2149 etiam
2370 2094 2434 2149 iis
2458 2110 2487 2146 a
2517 2093 2707 2164 quibus
2734 2107 2791 2148 se
2824 2091 3076 2159 abstinet,
3112 2091 3181 2146 ad
3225 2089 3654 2161 temperantiam.
3688 2087 3759 2142 lta

2177 2188 2426 2244 omnibus
2464 2195 2517 2242 et
2555 2187 2727 2241 sensis
2756 2194 2809 2239 et
2838 2200 2943 2240 non
2984 2185 3156 2239 sensis
3183 2185 3387 2249 utitur;
3429 2197 3529 2237 nec
3560 2180 3760 2250 aliquid

2179 2279 2390 2333 tertium
2419 2285 2520 2333 est.
2565 2277 2772 2333 Judicat
2811 2286 2988 2331 autem
3028 2275 3095 2331 de
3133 2275 3381 2329 omnibus
3422 2273 3616 2343 quibus
3658 2272 3762 2326 uti-

2179 2382 2265 2426 tur
2296 2388 2308 2423 :
2342 2370 2409 2425 de
2434 2370 2551 2426 solo
2579 2370 2686 2424 Deo
2717 2384 2820 2422 non
2847 2368 3049 2438 judicat
3070 2409 3084 2435 ,
3113 2366 3235 2437 quia
3262 2364 3549 2421 secundum
3588 2364 3760 2418 Deum

2177 2465 2245 2521 de
2270 2465 2479 2520 caeteris
2500 2463 2736 2535 judicat;
2768 2478 2869 2520 nec
2892 2477 2957 2518 eo
2985 2462 3148 2516 utitur
3168 2502 3182 2527 ,
3216 2460 3309 2515 sed
3338 2459 3547 2514 fruitur.
3576 2457 3761 2525 Neque

2177 2560 2319 2615 enim
2346 2558 2410 2613 ad
2439 2557 2635 2628 aliquid
2670 2557 2813 2612 aliud
2852 2557 2993 2612 Deus
3023 2553 3331 2611 referendus
3353 2559 3456 2607 est.
3499 2550 3760 2617 Quoniam

2176 2665 2337 2706 omne
2366 2650 2505 2721 quod
2532 2648 2597 2703 ad
2615 2648 2759 2704 aliud
2778 2647 3111 2703 referendum
3129 2653 3231 2712 est,
3255 2643 3476 2698 inferius
3497 2651 3579 2697 est
3599 2655 3761 2711 quam

2178 2742 2230 2797 id
2258 2743 2325 2797 ad
2356 2742 2496 2813 quod
2526 2740 2860 2795 referendum
2888 2748 2989 2793 est.
3019 2738 3129 2793 Nec
3167 2746 3250 2791 est
3289 2733 3485 2805 aliquid
3528 2734 3640 2788 Deo
3668 2748 3761 2785 suo

2179 2834 2397 2904 perius,
2454 2848 2561 2886 non
2608 2831 2726 2887 loco
2755 2870 2770 2896 ,
2822 2828 2920 2884 sed
2967 2827 3278 2883 excellentia
3325 2840 3434 2880 suae
3489 2832 3692 2877 natura:
3720 2823 3760 2876 ¹.

2178 2927 2367 2983 Omnia
2397 2941 2526 2995 ergo
2552 2939 2670 2995 qua:
2700 2922 2831 2977 facta
2859 2928 3021 2987 sunt,
3066 2918 3118 2973 in
3160 2933 3313 2972 usum
3356 2914 3585 2969 hominis
3624 2911 3763 2967 facta

2177 3026 2336 3087 sunt,
2389 3017 2513 3088 quia
2556 3014 2804 3070 omnibus
2852 3012 3016 3068 utitur
3052 3007 3341 3081 judicando
3386 3007 3596 3074 ratio’,
3641 3018 3763 3074 qua;

2181 3111 2383 3168 homini
2414 3110 2535 3165 data
2571 3116 2672 3166 est.
2714 3108 2782 3162 Et
2810 3116 2935 3161 ante
2966 3106 3172 3175 lapsum
3200 3102 3415 3174 quidem
3442 3116 3546 3156 non
3578 3099 3765 3155 utebao

2182 3213 2266 3261 tur
2292 3201 2614 3267 tolerandis,
2654 3215 2753 3257 nec
2793 3208 2915 3270 post
2955 3198 3161 3268 lapsum
3190 3196 3357 3250 utitur
3396 3195 3496 3248 nisi
3528 3207 3759 3248 conver—

2180 3310 2313 3362 sus,
2372 3302 2428 3349 et
2473 3306 2773 3362 quanquam
2831 3297 2956 3344 ante
3013 3297 3241 3343 mortem
3298 3285 3579 3353 corporis,
3648 3281 3763 3352 jam

2179 3395 2357 3443 tamen
2398 3393 2651 3455 quantum
2703 3391 2879 3452 potest
2927 3381 3021 3437 Dei
3074 3380 3318 3445 amicus,
3365 3377 3486 3448 quia
3533 3374 3766 3429 libenter

2178 3494 2387 3535 servus.

2178 3570 2373 3631 XXXI.
2428 3570 2690 3626 Sententia
2740 3568 3034 3632 Ciceronis,
3085 3564 3507 3632 quemadmodum
3559 3562 3765 3614 virtutes

2248 3664 2408 3719 animi
2443 3663 2504 3717 ab
2534 3663 2622 3717 illo
2648 3662 2821 3717 divisa:
2853 3677 2913 3715 ac
2941 3660 3163 3729 deﬁnita:
3189 3660 3289 3714 sint
3336 3655 3478 3728 (Cic.
3511 3653 3603 3709 lib.
3631 3653 3667 3705 9.
3697 3652 3766 3706 de

2249 3755 2502 3829 lnvent.).

2251 3851 2303 3906 1.
2343 3850 2521 3905 Virtus
2546 3859 2628 3904 est
2657 3848 2819 3904 animi
2848 3847 3059 3902 habitus
3085 3854 3286 3901 naturre
3312 3842 3472 3897 modo
3496 3850 3657 3911 atque
3678 3854 3767 3894 ra.

2178 3943 2305 3999 tioni
2326 3950 2737 3998 consentaneus.
2772 3940 2947 4007 Quare
2974 3939 3221 3995 omnibus
3248 3935 3486 4007 partibus
3527 3932 3642 4002 ejus
3667 3947 3766 3987 co-

2177 4035 2358 4107 gnitis,
2383 4044 2489 4091 tota
2519 4036 2601 4091 vis
2643 4035 2746 4091 erit
2788 4033 3044 4103 simplicis
3081 4030 3375 4087 honestatis
3400 4028 3765 4099 considerata.

2178 4126 2349 4183 Habet
2391 4127 2551 4198 igitur
2586 4133 2768 4195 partes
2811 4131 3069 4195 quatuor:
3098 4120 3454 4191 prudentiam,
3479 4118 3764 4188 justitiam,

2180 4219 2565 4285 fortitudinem,
2589 4216 3014 4288 temperantiam.
3043 4213 3329 4268 Prudentia
3357 4221 3438 4266 est
3462 4226 3640 4265 rerum
3672 4212 3769 4265 bo-

2180 4330 2368 4371 narum
2406 4322 2461 4368 et
2489 4312 2747 4367 malarum
2794 4316 3212 4375 neutrarumqne
3256 4305 3477 4359 scientia
3506 4304 3547 4357 ³.
3579 4304 3769 4357 Partes

2180 4408 2313 4479 ejus,
2344 4404 2622 4469 memoria,
2648 4399 3008 4469 intelligentia,
3032 4397 3382 4469 providentia.
3406 4395 3661 4454 Memoria
3686 4403 3769 4447 est

2181 4514 2278 4570 per
2302 4511 2459 4568 quam
2481 4492 2690 4548 animus
2718 4491 2910 4562 repetit
2938 4491 3025 4545 illa
3053 4506 3170 4561 quae
3195 4489 3425 4543 fuerunt.
3465 4487 3769 4556 Intelligen-

2182 4590 2275 4653 tia,
2305 4603 2400 4656 per
2424 4600 2581 4656 quam
2611 4598 2671 4639 ea
2700 4582 2952 4653 perspicit
2976 4597 3094 4652 qua:
3121 4588 3263 4636 sunt.
3293 4577 3649 4642 Providentia,
3673 4592 3770 4646 per

2180 4694 2340 4751 qnam
2370 4677 2603 4731 futurum
2629 4674 2827 4746 aliquid
2858 4673 3067 4728 videtur
3104 4681 3385 4742 antequam
3432 4672 3625 4734 factum
3660 4678 3764 4722 est.

2182 4770 2389 4826 Justitia
2429 4777 2511 4823 est
2540 4766 2749 4822 habitus
2774 4766 2956 4830 animi,
2989 4765 3256 4820 communi
3288 4763 3513 4817 utilitate
3543 4776 3767 4814 conser-

2182 4871 2327 4927 vata,
2368 4876 2514 4915 suam
2542 4860 2731 4929 cuique
2758 4856 2996 4913 tribuens
3036 4855 3365 4925 dignitatem.
3402 4852 3530 4920 Ejus
3561 4852 3767 4904 initium
3862 4880 3868 4889 -

2182 4964 2267 5012 est
2293 4955 2362 5010 ab
2402 4964 2588 5008 natura
2617 4951 2908 5022 profeCtum
2930 4967 2943 5002 :
2967 4949 3159 5004 deinde
3187 4946 3427 5017 qnzedam
3458 4945 3507 4998 in
3534 4958 3737 4997 ennsue
3756 4974 3769 4982 ο

2184 5048 2419 5105 tudinem
2450 5061 2514 5101 ex
2544 5045 2785 5101 utilitatis
2827 5042 3033 5099 ratione
3062 5048 3322 5097 venerunt
3350 5057 3364 5093 :
3391 5046 3575 5109 postea
3602 5051 3691 5091 res
3718 5044 3772 5090 ει

2182 5140 2253 5199 ab
2275 5148 2461 5195 natura
2492 5136 2757 5208 profectas
2782 5142 2838 5191 et
2862 5133 2932 5189 ab
2956 5131 3341 5188 consuetudine
3368 5128 3638 5200 probatas,
3686 5129 3769 5182 le-

2183 5248 2305 5306 gum
2330 5241 2502 5287 metus
2526 5242 2580 5285 et
2611 5228 2796 5298 religio
2816 5227 3010 5281 sanxit.
3042 5224 3238 5278 Natura
3256 5223 3342 5292 jus
3369 5230 3469 5284 est,
3494 5220 3633 5289 quod
3658 5234 3768 5273 non

2182 5326 2363 5396 opinio
2386 5324 2585 5395 genuit,
2615 5320 2710 5377 sed
2737 5318 2977 5391 qumdam
3008 5318 3187 5371 innata
3222 5316 3301 5368 vis
3332 5313 3574 5379 inseruit,
3604 5320 3661 5365 ut
3682 5327 3775 5366 re-

2185 5419 2457 5490 ligionem,
2489 5416 2764 5486 pietatem,
2818 5409 3063 5480 gratiam,
3110 5407 3543 5468 vindicationem,
3578 5404 3769 5458 obser-

2184 5508 2438 5574 vantiam,
2468 5506 2767 5562 veritatem.
2799 5502 3004 5570 Religio
3029 5508 3111 5555 est
3139 5514 3255 5568 qua:
3276 5495 3567 5566 superioris
3591 5493 3775 5563 cujus-

2250 5646 2355 5692 'Er.
2396 5649 2448 5692 et
2468 5640 2637 5704 plures
2679 5647 2805 5698 Mss,
2852 5634 2938 5686 sed
2975 5630 3260 5685 excellentia
3299 5628 3591 5683 substantia
3616 5652 3674 5664 ——
3698 5626 3777 5674 sic

2186 5708 2333 5759 etiam
2351 5705 2496 5768 Lugd.
2518 5710 2571 5768 et
2591 5711 2709 5768 ven.
2751 5707 2833 5768 HM.
2900 5756 2930 5768 __

2249 5756 2269 5801 ί
2301 5756 2498 5817 Οοᾱὶῖῗεε
2519 5765 2643 5821 duo,
2666 5756 2935 5825 jttdimndi
2949 5756 3089 5807 ratio.

2251 5832 2272 5864 ³
2304 5815 2519 5879 nonnulli
2544 5815 2724 5874 λιεεζῑιι
2747 5822 2870 5883 apud
2892 5822 3194 5883 Ciceronem,
3246 5827 3417 5869 Iterum
3462 5815 3691 5867 bonarum
3731 5816 3778 5863 ct

2186 5893 2425 5957 malarum
2448 5898 2491 5941 rt
2520 5882 2827 5947 utrarumque
2852 5882 3062 5933 srimtia.
