4136 6532
260 449 345 505 2I‘

268 564 391 618 dam
422 570 654 621 naturae,
682 570 843 627 quam
882 552 1115 608 divinam
1154 552 1367 611 vocant,
1412 555 1593 598 curam
1639 539 1866 596 cerimo-

274 659 530 727 niamque
559 652 735 708 affert.
757 650 953 713 Pietas,
985 660 1081 715 per
1099 657 1257 713 quam
1285 638 1542 709 sanguine
1571 632 1871 705 conjunctis

279 724 574 817 patriaeque
600 740 928 799 benevolens
953 735 1207 797 ofﬁcium,
1254 739 1309 787 et
1354 729 1579 798 diligens
1622 724 1873 780 tribuitur

284 812 714 902 cultus—Gratia,
746 833 801 888 in
830 846 933 901 qua
961 825 1315 882 amicitiarum
1349 830 1406 877 et
1439 818 1763 882 ofﬁciorum,
1790 812 1873 867 al-

288 935 453 991 terius
493 927 775 990 memoria,
816 933 870 978 et
912 920 1133 977 alterius
1159 918 1176 949 ¹
1208 910 1585 972 remunerandi
1630 907 1877 963 voluntas

286 1025 609 1082 continetur.
643 1015 964 1081 Vindicatio,
1006 1025 1102 1081 per
1138 1022 1298 1081 quam
1341 1005 1423 1061 vis
1458 1013 1551 1058 aut
1579 1002 1794 1072 injuria,
1823 1006 1878 1054 et

290 1117 510 1173 omnino
548 1125 709 1168 omne
747 1106 893 1179 quod
941 1104 1247 1161 obfuturum
1278 1108 1382 1167 est,
1424 1094 1761 1155 defendendo
1788 1101 1881 1149 aut

293 1204 600 1264 ulciscendo
628 1200 987 1274 propulsatur.
1019 1191 1388 1257 Observantia,
1434 1204 1530 1259 per
1571 1201 1731 1258 quam
1779 1186 1880 1239 ho-

293 1302 464 1357 mines
492 1297 667 1367 aliqua
693 1291 949 1364 dignitate
972 1285 1371 1349 antecellentes,
1406 1282 1553 1337 cultu
1580 1279 1810 1350 quodam
1829 1286 1886 1332 et

295 1394 498 1447 honore
521 1389 823 1457 dignamur.
846 1381 1071 1445 Veritas,
1094 1392 1189 1450 per
1208 1389 1367 1446 quam
1393 1374 1667 1428 immutata
1686 1382 1885 1438 eaquae

294 1495 419 1542 sunt
444 1492 539 1537 aut
567 1480 786 1536 fuerunt
814 1482 907 1531 aut
928 1472 1105 1528 futura
1140 1476 1261 1526 sunt
1292 1467 1560 1522 dicuntur.
1589 1462 1889 1518 Consuetu-

294 1578 418 1633 dine
448 1582 627 1628 autem
650 1571 741 1641 jus
764 1576 848 1624 est
864 1564 1008 1637 quod
1031 1571 1123 1618 aut
1147 1560 1335 1618 leviter
1358 1573 1389 1613 a
1408 1567 1597 1612 natura
1623 1554 1885 1611 tractum‘

295 1670 467 1735 aluit,
520 1676 576 1723 et
602 1665 775 1735 majus
802 1662 925 1717 fecit
950 1673 1099 1725 usus,
1127 1665 1195 1711 ut
1214 1654 1526 1725 religionem
1552 1668 1566 1717 ;
1596 1658 1650 1706 et
1686 1650 1733 1705 si
1759 1646 1889 1719 quid

298 1776 487 1818 eorum
515 1774 635 1829 qua:
660 1764 786 1811 ante
813 1753 1067 1816 diximus,
1099 1763 1127 1802 a
1160 1755 1346 1803 natura
1373 1743 1690 1815 profectum,
1718 1740 1890 1809 majus

296 1856 493 1911 factum
522 1859 742 1923 propter
761 1843 1203 1905 consuetudinem
1229 1840 1507 1896 videmus:
1537 1844 1629 1893 aut
1654 1834 1795 1906 quod
1835 1834 1890 1889 in

296 1964 507 2008 morem
552 1952 791 2002 vetustas
826 1939 967 2010 vulgi
1010 1935 1393 2007 approbatione
1424 1930 1692 2003 perduxit.
1738 1928 1892 1996 Quod

298 2056 467 2115 genus
487 2048 704 2111 paetum
733 2043 835 2101 est,
863 2048 979 2103 par,
1020 2032 1104 2086 lex
1121 2029 1166 2096 ³,
1194 2027 1510 2098 judicatum.
1552 2024 1770 2079 Pactum
1810 2030 1895 2078 est

298 2113 440 2205 quod
455 2134 592 2187 inter
605 2129 813 2198 aliquos
826 2122 1222 2187 convenit.Par,
1235 2117 1447 2190 quodin
1458 2130 1643 2172 omnes
1660 2114 1862 2185 mquale
1874 2113 1895 2146 ⁸

301 2236 407 2283 est.
437 2224 762 2287 Judicatum,
815 2220 883 2275 de
911 2232 1018 2289 quo
1060 2214 1286 2285 alicujus
1327 2222 1418 2269 aut
1458 2212 1758 2283 aliquorum
1782 2210 1895 2279 jam

302 2317 580 2374 sententiis
607 2313 956 2370 constitutum
998 2316 1101 2364 est.
1142 2305 1285 2376 Lege
1320 2304 1408 2374 jus
1435 2310 1538 2369 est,
1581 2301 1723 2373 quod
1752 2302 1804 2355 in
1830 2315 1897 2356 eo

301 2412 525 2481 scripto,
555 2408 698 2478 quod
725 2405 922 2476 populo
951 2401 1249 2474 expositum
1276 2406 1440 2454 estut
1464 2397 1734 2461 observet,
1762 2410 1895 2450 cono

306 2505 526 2559 tinetur.
557 2497 839 2557 Fortitudo
859 2506 939 2553 est
957 2493 1294 2552 considerata
1326 2489 1681 2561 periculorum
1710 2500 1897 2542 susce-

306 2598 440 2667 ptio,
466 2605 523 2650 et
546 2593 790 2648 laborum
822 2587 1115 2660 perpessio.
1158 2584 1288 2655 Ejus
1318 2590 1515 2653 partes,
1557 2578 1893 2649 magniﬁcen-

312 2689 404 2754 tia,
430 2685 663 2749 lidentia,
682 2681 957 2753 patientia,
981 2675 1397 2749 perseverantia.
1415 2671 1803 2743 Magniﬁcentia
1820 2678 1902 2725 est

310 2794 488 2835 rerum
528 2789 838 2847 magnarum
881 2780 937 2827 et
973 2769 1303 2826 excelsarum
1344 2780 1465 2821 cum
1517 2762 1681 2817 animi
1726 2760 1903 2830 ampla

311 2868 539 2940 quadam
574 2875 628 2921 et
652 2862 928 2935 splendida
956 2859 1321 2932 propositione
1344 2854 1597 2927 agitatio“
1617 2863 1777 2923 atque
1805 2850 1904 2907 ad-

314 2959 654 3017 ministratio.
672 2956 916 3013 Fidentia
937 2963 1021 3010 est
1044 2967 1143 3023 per
1164 2966 1322 3022 quam
1349 2947 1555 3017 magnis
1583 2954 1638 3003 et
1663 2943 1906 3001 honestis

314 3054 369 3109 in
393 3053 556 3113 rebus
580 3050 804 3106 multum
842 3048 957 3118 ipse
987 3046 1197 3101 animus
1226 3044 1276 3098 in
1306 3058 1365 3098 se
1392 3040 1599 3097 ﬁducim
1618 3046 1763 3095 certa
1784 3050 1906 3092 cum

314 3160 410 3215 spe
439 3141 740 3199 collocavit.
782 3136 1041 3194 Patientia
1083 3142 1167 3191 est
1206 3133 1503 3190 honestatis
1535 3141 1628 3187 aut
1667 3134 1908 3189 utilitatis

314 3252 477 3293 causa
520 3250 699 3291 rerum
744 3231 1030 3287 arduarum
1069 3242 1133 3283 ac
1170 3225 1469 3282 difﬁcilium
1506 3225 1807 3280 voluntaria
1846 3210 1910 3281 ac

315 3330 564 3385 diuturna
589 3324 885 3397 perpessio.
918 3318 1319 3377 Perseverantia
1346 3326 1429 3373 est
1458 3317 1510 3372 in
1537 3316 1742 3372 ratione
1771 3316 1910 3372 bene

315 3422 651 3479 considerata
676 3417 883 3475 stabilis
912 3424 966 3472 et
1010 3421 1263 3483 perpetua
1305 3410 1633 3481 permansio.
1681 3409 1911 3479 Tempe-

318 3515 489 3570 rantia
519 3523 603 3569 est
630 3508 853 3566 rationis
883 3508 938 3563 in
964 3505 1240 3563 libidinem
1270 3512 1427 3574 atque
1448 3503 1502 3557 in
1530 3502 1665 3557 alios
1694 3517 1797 3556 non
1822 3517 1912 3556 re-.

320 3617 438 3665 ctos
464 3607 693 3677 impetus
718 3602 883 3657 animi
912 3600 1063 3655 ﬁrma
1083 3608 1137 3653 et
1156 3597 1433 3653 moderata
1452 3595 1763 3650 dominatio.
1786 3595 1916 3663 Ejus

323 3708 527 3769 partes,
554 3692 901 3755 continentia,
928 3688 1233 3753 clementia,
1264 3685 1544 3741 modestia.
1575 3684 1916 3739 Continentia

325 3802 408 3849 est
428 3807 523 3862 per
550 3804 708 3861 quam
736 3784 999 3856 cupiditas
1025 3781 1234 3837 consilii
1275 3777 1659 3850 gubernatione
1692 3777 1914 3847 regitur.

326 3884 643 3947 Clementia,
670 3896 768 3951 per
789 3893 949 3950 quam
970 3876 1134 3932 animi
1162 3883 1364 3929 temere
1403 3873 1455 3927 in
1485 3872 1665 3928 odium
1694 3870 1918 3940 alicujus

327 3977 491 4035 illecti
514 3972 872 4040 concitatique
890 3968 1141 4024 comitate
1157 3964 1454 4020 retinentur
1471 3961 1512 4014 °.
1530 3961 1801 4026 Modesﬁa,
1827 3976 1922 4031 per

329 4084 488 4139 quam
522 4066 693 4137 pudor
718 4063 972 4118 honestus
1004 4056 1241 4114 claram'
1272 4064 1330 4111 et
1369 4054 1616 4111 stabilem
1645 4062 1927 4124 comparat

330 4160 723 4218 auctoritatem.

400 4252 459 4307 2.
500 4252 675 4320 Atque
716 4246 834 4302 have
876 4243 1053 4298 omnia
1081 4248 1302 4314 propter
1342 4253 1402 4293 se
1440 4237 1637 4303 solum,
1685 4246 1742 4291 ut
1794 4235 1926 4292 nihil

334 4344 657 4415 adjungatur
680 4334 1050 4401 emolumenti,
1082 4330 1310 4403 petenda
1336 4337 1485 4386 sunt.
1516 4327 1668 4396 Quod
1692 4335 1749 4381 ut
1768 4342 1926 4383 mon-

335 4446 556 4501 stretur,
589 4445 763 4501 neque
789 4427 857 4483 ad
883 4426 985 4481 hoc
1013 4433 1254 4481 nostrum
1286 4420 1583 4475 institutum
1606 4419 1855 4488 pertinet,
1874 4425 1932 4472 et

339 4544 371 4583 a
400 4526 661 4583 brevitate
692 4515 1033 4593 praecipiendi
1068 4521 1332 4570 remotum
1361 4518 1465 4567 est.
1495 4510 1722 4579 Propter
1745 4523 1805 4564 se
1832 4523 1929 4563 au-

339 4629 450 4677 tem
473 4614 689 4672 vitanda
710 4618 854 4679 sunt,
878 4624 984 4665 non
1011 4621 1073 4663 ea
1095 4604 1254 4662 modo
1279 4618 1399 4675 qua:
1419 4602 1485 4657 iis
1502 4601 1769 4657 contraria
1786 4606 1931 4667 sunt,

340 4722 402 4768 ut
443 4705 738 4766 fortitudini
776 4703 1018 4775 ignavia,
1063 4707 1118 4756 et
1154 4697 1373 4769 justitiac
1415 4693 1702 4766 injustitia;
1748 4707 1933 4748 verum

341 4804 506 4859 etiam
535 4800 626 4856 illa
655 4812 775 4868 qua:
805 4793 1103 4866 propinqua
1140 4788 1387 4847 videntur
1431 4795 1485 4842 et
1526 4784 1747 4840 ﬁnitima
1793 4796 1935 4847 esse,

344 4898 539 4952 absunt
577 4901 759 4949 autem
791 4886 1119 4958 longissime.
1167 4880 1319 4950 Quod
1348 4893 1518 4951 genus
1544 4877 1776 4933 ﬁdentia:
1806 4889 1939 4931 con-

348 4990 568 5047 trarium
605 4994 689 5043 est
716 4980 1030 5046 difﬁdentia,
1060 4986 1117 5033 et
1142 4992 1205 5033 ea
1236 4992 1296 5031 re
1326 4974 1511 5029 vitium
1551 4981 1666 5049 est:
1694 4969 1936 5035 audacia,

346 5098 456 5139 non
484 5078 841 5141 contrarium,
888 5072 983 5129 sed
1029 5069 1328 5142 appositum
1369 5082 1432 5121 ac
1476 5065 1851 5136 propinquum,
1891 5069 1947 5116 et

295 5162 299 5173 ⁸
349 5183 529 5230 tamen
553 5170 743 5227 vitium
768 5176 872 5224 est.
900 5163 989 5221 Sic
1027 5160 1317 5231 unicuique
1347 5157 1530 5213 virtuti
1562 5154 1843 5211 ﬁnitimum
1868 5153 1948 5207 vi-

418 5366 436 5398 ί
472 5340 563 5415 ιιῖά
590 5362 795 5421 deerat,
828 5352 1064 5415 altera“;
1104 5352 1380 5403 restituitur
1421 5362 1487 5399 ex
1539 5355 1646 5399 Mss.
1687 5354 1740 5398 et
1766 5358 1832 5396 ex
1873 5345 1949 5394 ci-

352 5438 622 5546 εοῖυὲλῗίιι,
664 5482 916 5545 iactaturn.
943 5484 1000 5529 At
1034 5484 1144 5528 Mss.
1177 5473 1372 5540 quidam
1407 5479 1459 5523 et
1485 5470 1785 5524 Ciceroniani
1806 5468 1916 5519 libri
1936 5503 1952 5532 ,

353 5556 583 5604 tractum.

420 5615 441 5645 ³
474 5620 594 5670 Vox,
624 5606 726 5665 lex,
748 5606 891 5655 abest
912 5614 946 5670 a
965 5607 1065 5651 nat.
1101 5608 1154 5651 et
1176 5598 1334 5670 tribus
1356 5604 1460 5647 Mss.

419 5676 443 5706 δ
476 5659 801 5734 Aliquot
829 5674 882 5734 e_t
900 5666 1084 5734 cicero,
1117 5659 1369 5734 mquuln'le.

416 5738 440 5771 ⁸
474 5717 905 5794 iud-ili,
941 5733 1019 5795 {ist
1176 5717 1394 5795 potiores
1417 5720 1675 5795 etltzicero,
1692 5717 1907 5795 agitatio.
1925 5778 1936 5790 ο

420 5782 673 5909 σέιξὲυὸι
829 5797 881 5840 et
915 5790 1099 5858 Qicero,
1127 5782 1191 5837 ἐπ’
1220 5784 1385 5837 odium
1434 5782 1640 5845 alicujus
1684 5782 1959 5832 iurectionis

358 5875 450 5915 con
470 5900 473 5905 λ
613 5859 835 5907 comitate
852 5854 1134 5915 retinentur.

428 5882 591 5911 Il'fuuu
613 5882 833 5907 ιυηιιιακ
854 5882 866 5901 1
879 5882 1102 5902 "Hocine"
1121 5882 1134 5895 ο

428 5925 449 5957 '
490 5928 595 5973 ttat.
619 5925 672 5971 et
692 5922 797 5969 tres
820 5922 949 5977 Mss,
964 5910 1180 5997 citarmn.

1689 418 1886 476 LIBER
1928 414 2129 474 UNUS.
3481 395 3557 451 ‘29.

1979 531 2109 586 tium
2134 527 2447 599 reperietur,
2473 532 2564 579 aut
2587 531 2734 579 certo
2749 521 2859 592 jam
2887 520 3102 575 nomine
3128 518 3474 591 appellatum,
3504 526 3562 571 ut

1976 618 2196 675 audacia
2232 632 2352 688 qua:
2383 614 2633 679 ﬁdentize,
2667 609 2958 682 pertinacia
2988 625 3109 680 quae
3152 608 3563 679 perseverantia:

1977 711 2199 765 finitima
2224 716 2323 771 cst,
2357 704 2662 777 superstitio
2692 718 2809 772 qua:
2840 701 3079 771 religioni
3124 697 3416 769 prepinqua
3442 707 3565 762 est;

1978 810 2070 856 aut
2098 801 2213 856 sine
2241 799 2351 854 ullo
2379 804 2528 852 certo
2557 793 2809 850 nomine:
2835 808 2952 862 qua:
2984 792 3157 845 omnia
3181 791 3307 846 item
3335 790 3409 844 uti
3430 804 3565 844 con-

1980 893 2142 948 traria
2168 904 2347 947 rerum
2376 888 2637 943 bonarum
2683 885 2737 939 in
2778 884 2940 938 rebus
2966 881 3194 936 vitandis
3224 896 3566 951 reponemus.

1982 985 2061 1040 Ac
2089 983 2157 1039 de
2184 998 2250 1038 eo
2279 980 2492 1052 quidem
2522 993 2719 1049 genere
2760 975 3077 1041 honestatis,
3125 973 3267 1045 quod
3310 974 3455 1028 omni
3504 989 3572 1028 ex

1984 1083 2133 1145 parte
2160 1082 2384 1144 prepter
2408 1085 2468 1126 se
2498 1068 2731 1139 petitur,
2748 1067 2876 1121 satis
2902 1066 3101 1121 dictum
3122 1074 3225 1120 est.
3246 1063 3398 1119 Nunc
3418 1063 3487 1118 de
3508 1078 3570 1118 en

1986 1167 2039 1221 in
2064 1180 2168 1237 quo
2194 1165 2395 1219 utilitas
2419 1176 2631 1232 quoque
2659 1158 2985 1229 adjungitur,
3017 1155 3157 1228 quod
3187 1165 3363 1211 tamen
3405 1157 3572 1209 hone-

1986 1268 2126 1313 sturn
2149 1269 2422 1321 vocamus,
2452 1252 2735 1308 dicendum
2761 1250 2991 1305 videtur.

2058 1350 2113 1405 5.
2151 1348 2287 1403 Sunt
2320 1346 2476 1415 igitur
2499 1344 2664 1398 multa
2694 1358 2813 1412 qua:
2842 1356 2961 1409 nos,
2992 1356 3115 1396 cum
3157 1340 3433 1411 dignitate,
3464 1347 3576 1393 tum

1990 1441 2161 1496 fructu
2183 1454 2396 1511 quoque
2421 1454 2518 1494 suo
2543 1438 2763 1493 ducunt.
2790 1436 2907 1504 Quo
2945 1436 2998 1489 in
3037 1450 3233 1505 genere
3273 1442 3358 1490 est
3384 1432 3577 1502 gloria,

1990 1533 2242 1603 dignitas,
2273 1530 2591 1602 amplitudo,
2624 1528 2877 1583 amicitia.
2909 1526 3089 1583 Gloria
3128 1534 3211 1581 est
3237 1526 3484 1594 frequens
3513 1523 3582 1579 de

1991 1626 2168 1696 aliquo
2197 1624 2337 1678 fama
2366 1638 2488 1679 cum
2515 1621 2691 1677 laude.
2722 1621 2978 1692 Dignitas,
3008 1619 3230 1689 alicujus
3256 1618 3508 1673 honesta‘
3528 1626 3585 1672 et

1994 1717 2137 1772 cultu
2179 1725 2233 1771 et
2260 1715 2465 1770 honore
2494 1722 2548 1769 et
2572 1712 2890 1769 verecundia
2924 1712 3082 1783 digna
3113 1712 3420 1766 auctoritas.
3451 1714 3584 1764 Am-

1994 1808 2201 1879 plitudo
2243 1816 2326 1862 est
2368 1806 2626 1877 potentia,
2660 1812 2751 1858 aut
2779 1803 3029 1873 majeslas
3065 1805 3106 1866 ³,
3151 1811 3243 1856 aut
3289 1801 3585 1870 aliquarum

1998 1899 2272 1969 copiarum
2298 1912 2489 1969 magna
2514 1895 2859 1951 abundantia.
2888 1893 3158 1959 Amicitia,
3186 1892 3434 1947 voluntas
3460 1905 3587 1961 erga

1997 1995 2227 2063 aliquem
2262 2007 2439 2047 rerum
2466 1991 2744 2052 bonarum,
2774 1988 2911 2042 illius
2953 1988 3115 2056 ipsius
3141 2000 3299 2041 causa
3322 2000 3479 2056 quem
3510 1984 3592 2039 di-

2000 2085 2132 2157 ligit,
2163 2100 2284 2139 cum
2328 2083 2444 2153 ejus
2485 2082 2598 2153 pari
2637 2081 2928 2136 voluntate.
2972 2079 3070 2134 llic
3096 2079 3219 2150 quia
3247 2077 3314 2133 de
3339 2077 3592 2133 civilibus

2000 2176 2174 2231 causis
2203 2175 2490 2245 loquimur,
2520 2172 2725 2227 fructus
2747 2170 2814 2226 ad
2834 2170 3120 2226 amicitiam
3146 2168 3504 2239 adjungimus,
3535 2172 3594 2222 ut

2001 2286 2187 2326 eorum
2214 2284 2426 2340 quoque
2441 2282 2598 2322 causa
2618 2264 2843 2335 petenda
2862 2263 3127 2329 videatur,
3148 2277 3215 2316 ne
3238 2260 3373 2316 forte
3387 2260 3476 2331 qui
3493 2273 3595 2316 nos

2002 2361 2071 2416 de
2090 2360 2237 2415 omni
2276 2357 2509 2414 amicitia
2554 2357 2734 2411 dicere
2757 2353 3115 2409 existimarint
3140 2348 3591 2421 reprehendant’.

2003 2454 2317 2523 Quanquam
2344 2459 2472 2504 sunt
2500 2448 2589 2519 qui
2620 2457 2840 2517 propter
2885 2446 3169 2500 utilitatem
3217 2441 3378 2497 modo
3403 2450 3596 2511 peten-

2005 2542 2129 2597 dam
2171 2549 2358 2611 putent
2385 2538 2695 2602 amicitiam,
2738 2544 2861 2590 sunt
2899 2534 2985 2605 qui
3031 2540 3249 2602 propter
3294 2547 3353 2585 se
3399 2530 3595 2596 solum,

2006 2642 2131 2690 sunt
2158 2634 2246 2703 qui
2277 2640 2331 2687 et
2373 2638 2593 2700 propter
2635 2644 2693 2683 se
2740 2636 2795 2683 et
2839 2634 3056 2695 promer
3097 2624 3402 2678 utilitatem.
3449 2620 3597 2690 Quo-

2007 2742 2126 2781 rum
2164 2724 2293 2795 quid
2324 2721 2602 2778 verissime
2644 2725 2927 2781 statuatur,
2956 2717 3091 2771 alius
3121 2715 3269 2769 locus
3295 2713 3398 2769 erit
3422 2711 3599 2768 consi-

2008 2814 2255 2872 derandi.

2012 2906 2229 2963 XXXII.
2275 2903 2461 2960 Utrum
2489 2918 2594 2955 rem
2611 2900 2771 2954 ullam
2788 2898 2919 2952 alius
2936 2896 3038 2949 alio
3054 2895 3215 2965 magis
3234 2892 3501 2963 intelligat,
3524 2900 3603 2944 at-

2109 3014 2203 3069 que
2227 2997 2297 3050 ita
2323 2992 2549 3066 ejusdem
2573 2992 2644 3045 rei
2671 3006 2760 3062 per
2783 2988 3039 3057 inﬁnitum
3068 2996 3146 3039 eat
3166 2982 3519 3054 intelligentia.

2083 3087 2337 3158 Quisquis
2366 3087 2525 3141 ullam
2550 3099 2663 3139 rem
2690 3082 2846 3135 aliter
2865 3094 3021 3149 quam
3046 3093 3106 3132 ea
3132 3092 3218 3132 res
3234 3086 3316 3133 est
3342 3073 3601 3144 intelligit,

2011 3182 2246 3238 fallitur:
2276 3187 2329 3234 et
2354 3176 2527 3232 omnis
2565 3174 2655 3245 qui
2687 3171 2914 3235 fallitur,
2947 3169 2998 3224 id
3046 3168 3096 3221 in
3139 3183 3243 3237 quo
3273 3166 3471 3222 fallitur
3500 3179 3607 3218 non

2014 3270 2280 3339 intelligit.
2314 3266 2567 3336 Quisquis
2610 3263 2768 3334 igitur
2811 3261 2971 3315 ullam
3014 3272 3125 3313 rem
3158 3257 3312 3312 aliter
3339 3270 3495 3325 quam
3525 3263 3611 3309 est

2018 3362 2287 3432 intelligit,
2320 3360 2570 3413 non‘eam
2600 3354 2871 3424 intelligit.
2921 3351 3035 3405 Non
3083 3364 3210 3420 ergo
3252 3356 3428 3418 potest
3454 3346 3612 3417 quid-

2018 3471 2176 3526 quam
2204 3451 2448 3521 intelligi,
2475 3449 2577 3503 nisi
2607 3455 2664 3502 ut
2692 3455 2791 3501 est.
2822 3444 2931 3499 Nos
2958 3451 3138 3497 autem
3166 3440 3366 3510 aliquid
3408 3455 3513 3494 non
3542 3440 3611 3492 ita

2019 3554 2079 3601 ut
2121 3553 2203 3600 est
2246 3541 2610 3611 intelligimus,
2656 3538 2801 3592 velut
2832 3535 2933 3589 hoc
2976 3534 3147 3604 ipsum
3198 3532 3328 3586 nihil
3370 3530 3613 3599 intelligi,

2022 3635 2163 3707 quod
2205 3649 2311 3688 non
2344 3632 2415 3687 ita
2442 3638 2502 3685 ut
2529 3637 2613 3684 est
2648 3626 2977 3694 intelligitur.
3009 3623 3186 3691 Quare
3217 3638 3324 3677 non
3355 3630 3435 3675 est
3461 3619 3616 3675 dubi~

2026 3727 2243 3783 tandum
2274 3739 2392 3781 esse
2420 3721 2707 3794 perfectam
2738 3716 3168 3787 intelligentiam,
3197 3730 3298 3783 qua
3353 3720 3613 3780 prmstau-

2027 3821 2131 3875 tior
2167 3833 2287 3874 esse
2316 3830 2421 3870 non
2454 3812 2651 3884 possit;
2684 3819 2739 3865 et
2789 3808 2911 3863 ideo
2943 3822 3047 3861 non
3092 3820 3189 3875 per
3229 3804 3491 3857 inﬁnitum
3540 3802 3621 3855 ire

2029 3913 2168 3985 quod
2213 3923 2436 3981 quaeque
2475 3922 2564 3961 res
2613 3901 2948 3971 intelligitur,
2983 3912 3083 3953 nec
3112 3912 3228 3951 eam
3272 3909 3427 3966 posse
3456 3894 3619 3948 alium

2030 4006 2133 4059 alio
2159 4003 2276 4074 plus
2302 3998 2621 4068 intelligere.

2228 4100 2233 4104 ’
2552 4084 2791 4142 XXXIII.
2834 4082 2911 4137 De
2936 4092 3087 4136 metu.

2102 4186 2245 4243 Nulli
2271 4182 2488 4238 dubium
2516 4189 2598 4234 est
2624 4193 2728 4231 non
2756 4176 2913 4230 aliam
2946 4172 3218 4228 metuendi
3244 4186 3364 4225 esse
3384 4183 3623 4230 causam,

2034 4280 2138 4336 nisi
2165 4293 2232 4333 ne
2254 4275 2306 4331 id
2323 4272 2462 4346 quod
2489 4284 2754 4334 amamus,
2785 4275 2875 4320 aut
2902 4264 3152 4334 adeptum
3183 4261 3510 4326 amittamus,
3538 4266 3631 4313 aut

2038 4386 2144 4426 non
2166 4367 2525 4437 adipiscamur
2544 4367 2837 4431 speratum.
2864 4354 3039 4425 Quare
3065 4352 3307 4423 quisquis
3334 4351 3435 4404 hoc
3457 4350 3628 4419 ipsum

2040 4478 2147 4519 non
2170 4468 2411 4515 metuere
2431 4450 2689 4509 amaverit
2716 4458 2875 4518 atque
2914 4444 3179 4507 habuerit,
3210 4442 3329 4512 quis
3354 4448 3527 4495 metus
3550 4447 3635 4493 cst

2041 4569 2111 4610 ne
2132 4551 2185 4607 id
2206 4548 2374 4621 possit
2399 4540 2677 4600 amittere?
2708 4539 2868 4594 Multa
2895 4537 3037 4592 enim
3064 4549 3182 4605 quae
3204 4546 3445 4586 amamus
3471 4539 3525 4585 et
3552 4530 3640 4583 ha.

2042 4646 2254 4710 bemus,
2277 4640 2566 4696 metuimus
2594 4634 2879 4695 amittere;
2907 4630 2978 4684 ita
3007 4642 3070 4682 ea
3095 4624 3426 4681 custodimus
3450 4632 3593 4678 metu
3624 4642 3637 4676 :

2045 4752 2155 4793 non
2185 4742 2424 4789 metuere
2448 4735 2627 4782 autem
2652 4737 2811 4779 nemo
2836 4727 3012 4790 potest
3035 4715 3303 4773 custodire
3330 4713 3639 4768 metuendo.

2046 4830 2179 4885 Item
2221 4820 2460 4894 quisquis
2489 4826 2635 4873 amat
2674 4831 2781 4870 non
2822 4820 3081 4875 metuere,
3112 4818 3271 4878 atque
3310 4806 3360 4860 id
3404 4804 3642 4861 nondum

2048 4919 2229 4986 habet,
2263 4924 2550 4986 speratque
2571 4925 2632 4965 se
2656 4906 2981 4967 habiturum,
3012 4916 3117 4955 non
3149 4914 3269 4954 eum
3297 4904 3505 4967 oportet
3533 4911 3647 4948 mc-

2055 5020 2206 5066 tuere
2234 5022 2302 5062 ne
2331 5020 2437 5059 non
2468 5000 2813 5071 adipiscatur.
2841 4994 2952 5049 Hoc
2976 4992 3116 5047 enim
3154 4998 3295 5043 metu
3343 4986 3475 5040 nihil
3502 4986 3648 5040 aliud

2060 5101 2313 5159 metuitur
2337 5110 2495 5169 quam
2526 5093 2666 5147 idem
2694 5096 2887 5144 metus.
2917 5085 3085 5139 Porro
3125 5090 3299 5135 metus
3340 5078 3517 5133 omnis
3547 5079 3648 5133 ali-

2059 5195 2184 5266 quid
2214 5192 2363 5263 fugit,
2396 5198 2450 5244 ct
2477 5186 2618 5241 nulla
2644 5198 2731 5239 res
2750 5196 2809 5235 se
2835 5182 3002 5248 ipsam
3025 5174 3178 5245 fugit.
3200 5172 3316 5228 Non
3345 5173 3504 5243 igitur
3533 5188 3650 5226 me-

2061 5260 2226 5343 tuitur
2243 5260 2434 5340 metus.
2462 5276 2568 5334 Sed
2589 5276 2633 5329 si
2659 5270 2778 5345 quis
2804 5268 3072 5326 existimat
3096 5280 3201 5320 non
3230 5274 3374 5319 recte
3390 5262 3492 5318 dici
3510 5260 3652 5331 quod

2126 5464 2143 5496 ί
2177 5469 2254 5512 Er.
2278 5466 2331 5510 et
2357 5465 2469 5507 ιον.
2493 5446 2983 5515 alicmushqnestatis.
3000 5452 3216 5515 amataet
3237 5443 3416 5515 aliquot
3429 5451 3657 5515 Mssxum

2062 5505 2566 5583 αοθτῖἠὲξιῷὶιρειαη
2580 5505 2909 5583 Michaeliuus
2933 5510 3121 5583 eoder,
3145 5505 3402 5583 honestate.
3424 5531 3484 5544 --
3509 5512 3603 5571 [υς
3624 5512 3655 5553 t.

2067 5575 2132 5639 et?
2149 5575 2523 5644 Ven.,'alicujus
2548 5575 2804 5644 honestatis
2821 5610 2848 5644 ,_
2863 5579 3015 5644 ιιι-Εεζἶ
3035 5578 3086 5644 et
3108 5577 3220 5644 Lor.
3285 5575 3343 5644 at.

2130 5627 2525 5719 "‘IXI—iquotﬂiiss'.
2554 5627 2605 5690 et
2634 5627 2933 5688 Ciceroniani
2969 5632 3107 5693 libri,
3144 5629 3362 5697 potentia:
3395 5633 3478 5678 aut
3512 5627 3661 5689 maje-

2065 5715 2223 5819 “aliis
2264 5778 2367 5817 MSS.
2396 5764 2683 5830 quibusdam
2725 5767 2776 5811 et
2812 5760 2863 5809 in
2895 5756 3219 5830 Ciceronianis
3244 5752 3407 5830 libris,
3441 5751 3512 5830 de‘
3533 5752 3663 5830 enim

2069 5812 2782 5886 mziéiiia'ai’céié'éxisimi,
2802 5818 3153 5871 revrelwndere
3177 5813 3406 5879 incipiant
3427 5826 3442 5864 :
3465 5820 3517 5864 et
3540 5812 3658 5864 infra

2072 5885 2274 5957 habent,
2293 5891 2603 5952 constituatur
2620 5900 2637 5950 ,°
2658 5885 2781 5948 loco,
2799 5886 3052 5953 statuatur.
