4136 6548
526 450 596 502 23
1276 443 1360 515 es
1403 441 1712 519 DIVI-uisis
1749 436 2271 506 eumeroNIaus
2309 435 2591 521 Lxxxut,
2632 436 2689 493 s.
2730 438 3095 515 AUGUSTINI
3726 447 3805 505 ιιι

516 574 693 633 metus
719 564 915 636 aliquid
948 570 1169 630 metuat,
1201 578 1322 618 cum
1352 563 1528 619 anima
1575 560 1749 630 potius
1790 558 1906 627 ipso
1951 564 2097 609 metu

515 636 749 729 metuat;
799 639 925 733 illud
952 654 1209 733 attendat,
1242 648 1626 724 quodcnguitu
1657 650 1809 705 facile
1833 657 1936 713 est,
1978 646 2099 701 nul-

515 745 625 805 lum
656 757 855 810 metum
896 730 1018 806 essm
1048 730 1147 801 nisi
1176 746 1331 801 futuri
1363 754 1416 800 ct
1454 743 1779 799 imminentis
1806 742 1953 796 mali.
1990 738 2098 794 Ne-

514 822 666 915 cesse
688 822 769 893 est
789 824 1054 893 autemut
1079 839 1165 908 qui
1194 838 1398 901 metuit,
1422 836 1618 907 aliquid
1641 834 1825 904 fugiat.
1850 831 2100 902 Quisquis

514 910 691 999 itaque
720 940 961 985 metuere
1004 930 1212 993 metuit,
1260 938 1343 983 est
1382 926 1622 997 profecto
1664 923 2097 985 absurdissimus,

512 1024 635 1092 quia
659 1022 907 1091 fugiendo
928 1021 1090 1076 habet
1109 1021 1177 1075 idi
1187 1036 1335 1089 psum
1353 1018 1497 1089 quod
1524 1018 1671 1087 fugit.
1694 1015 1827 1070 Nam
1849 1014 2099 1085 quoniam

515 1129 620 1167 non
650 1114 904 1168 metuitur
929 1113 1029 1167 nisi
1063 1128 1128 1166 ne
1149 1111 1343 1182 aliquid
1375 1111 1496 1164 mali
1519 1109 1742 1174 accidat,
1768 1116 2007 1161 metuere
2033 1119 2101 1159 ne

514 1194 721 1257 accidat
754 1188 947 1265 In‘etus,
975 1201 1107 1255 nihil
1141 1189 1284 1255 aliud
1314 1207 1396 1254 est
1418 1200 1518 1269 nisi
1548 1198 1794 1267 amplecti
1836 1196 1976 1266 quod
2011 1210 2101 1249 re-

514 1294 681 1361 spuis.
710 1292 860 1360 Quod
882 1292 926 1346 si
947 1278 1248 1361 repugnans
1269 1277 1549 1357 est,'sicuti
1575 1298 1677 1352 est,
1709 1289 1856 1355 nullo
1885 1300 2101 1357 prorsus

516 1368 678 1435 modo
701 1382 905 1445 metuit,
930 1380 1312 1450 quisquis’niltil
1341 1372 1486 1433 aliud
1507 1389 1648 1434 amat
1676 1394 1832 1446 quam
1861 1393 1963 1431 non
1990 1392 2103 1430 mc-

518 1474 688 1525 tucrc.
716 1472 779 1524 Et
804 1479 1083 1540 prepterea
1105 1486 1262 1525 nemo
1292 1478 1467 1540 potest
1496 1469 1599 1523 hoc
1626 1469 1795 1522 solum
1823 1483 2022 1532 amare,
2047 1475 2117 1520 ct-

516 1577 624 1615 non
670 1561 884 1616 babere.
917 1553 1105 1616 Utrum
1136 1544 1313 1616 autem
1357 1560 1458 1614 hoc
1487 1560 1657 1614 solum
1699 1558 1981 1635 amandum
2010 1558 2099 1619 sit,
2150 1552 2153 1555 λ

516 1652 622 1705 alia
651 1652 874 1720 quaestio
898 1642 1138 1706 e’stIJam
1168 1667 1324 1720 quem
1352 1666 1456 1705 non
1484 1651 1749 1705 exanimat
1776 1658 1969 1716 metus,
2001 1665 2103 1704 nec

516 1741 778 1814 cupiditas
806 1735 927 1795 etim
950 1749 1141 1807 vastat,
1164 1756 1262 1795 nec
1288 1740 1550 1810 agritudo
1576 1750 1827 1803 macerat,
1848 1755 1946 1794 nec
1969 1756 2102 1794 ven-

518 1826 637 1884 tilat
664 1834 897 1900 gestiens
922 1839 977 1884 et
998 1845 1133 1884 vana
1162 1830 1364 1884 lartitia.
1391 1830 1448 1885 Si
1469 1830 1610 1885 enim
1639 1831 1803 1899 cupit,
1823 1831 1947 1901 quia
1972 1829 2103 1885 nihil

515 1915 658 1976 aliud
683 1932 765 1978 est
786 1922 1047 1992 cupiditas
1064 1922 1166 1977 nisi
1190 1937 1340 1977 amor
1361 1920 1536 1977 rerum
1562 1918 1969 1988 transeuntium,
1993 1938 2105 1977 me-

516 2023 631 2068 tuat
658 2014 877 2069 necesse
904 2018 1005 2075 eat.
1040 2029 1107 2068 ne
1132 2022 1223 2068 aut
1250 2014 1458 2068 amittat
1479 2008 1720 2093 caseum
1744 2012 1968 2084 adeptus
1992 2014 2106 2068 fue-

514 2106 605 2170 rit,
637 2115 728 2160 aut
760 2120 867 2160 non
890 2096 1230 2175 adipiscatur.
1258 2104 1374 2181 Non
1397 2112 1573 2183 autem
1599 2105 1780 2160 metuit
1804 2124 1818 2160 :
1845 2120 1950 2160 non
1976 2120 2105 2176 ergo

515 2196 680 2266 cupit.
709 2196 842 2251 ltem
862 2196 906 2250 si
928 2195 1140 2265 angitur
1164 2196 1325 2273 animi
1351 2192 1561 2263 dolore,
1588 2212 1811 2253 necesse
1839 2206 1922 2253 est
1944 2197 2105 2252 etiam

516 2296 661 2342 metu
681 2288 939 2357 agitetur:
962 2287 1210 2363 quoniam
1232 2274 1455 2357 quorum
1478 2288 1740 2363 malarum
1760 2288 2103 2357 praesentium

518 2386 601 2432 est
621 2377 930 2445 anxietudo,
950 2392 1131 2433 eorum
1160 2387 1241 2433 est
1260 2378 1324 2434 ’et
1346 2370 1737 2457 imminentium
1755 2390 1947 2435 metus.
1967 2379 2107 2435 Metu

516 2478 696 2525 autem
724 2478 871 2525 caret
891 2488 905 2525 :
922 2485 1050 2542 ergo
1068 2480 1122 2525 et
1146 2463 1505 2526 anxietudine.
1526 2467 1661 2526 Item
1685 2470 1730 2526 si
1754 2472 1964 2526 lmtetur
1989 2472 2104 2525 ina-

517 2562 676 2629 uiter,
720 2562 788 2615 de
832 2561 895 2621 iis
944 2561 1102 2615 rebus
1143 2561 1369 2627 laetatur,
1416 2577 1548 2632 quas
1593 2570 1773 2632 potest
1821 2563 2101 2641 amittere:

518 2667 683 2721 quare
712 2660 912 2706 metuat
934 2667 1153 2713 necesse
1174 2662 1257 2708 est
1288 2668 1355 2709 ne
1380 2654 1610 2729 amittat.
1638 2653 1745 2709 Sed
1773 2655 1919 2710 nullo
1948 2654 2108 2709 modo

519 2745 740 2798 metuit:
774 2745 920 2799 nullo
943 2744 1102 2800 modo
1123 2746 1280 2815 igitur
1303 2746 1513 2801 lmtatur
1538 2747 1788 2801 inaniter.
2086 2746 2090 2753 ‘

518 2836 759 2891 XXXIV.
804 2836 986 2892 Utrum
1025 2854 1127 2891 non
1174 2837 1316 2891 aliud
1356 2839 1630 2892 amandum
1669 2840 1753 2904 sit,
1794 2855 1947 2912 quant
1974 2848 2109 2918 metu

1221 2945 1408 2984 carere.
2066 2929 2068 2932 ’

596 3018 651 3074 Si
683 3019 870 3072 vitium
901 3026 983 3073 est
1013 3033 1117 3072 non
1141 3028 1401 3086 metuere,
1432 3035 1536 3074 non
1567 3030 1649 3074 est
1674 3020 1980 3076 amandum.
2003 3020 2111 3078 Sed

523 3125 682 3163 nemo
713 3108 1051 3185 beatissimus
1075 3110 1281 3176 metuit,
1309 3119 1363 3165 et
1383 3126 1540 3164 nemo
1558 3111 1893 3166 beatissimus
1911 3113 1962 3166 in
1985 3114 2112 3167 vitio

523 3188 624 3257 est.
657 3202 770 3256 Non
813 3211 895 3255 est
935 3202 1111 3270 itaque
1136 3202 1319 3256 vitium
1348 3219 1454 3257 non
1482 3213 1739 3259 metuere.
1781 3205 1849 3259 At
1891 3205 2111 3262 audacia

522 3294 706 3367 vitium
730 3276 834 3347 est.
865 3292 981 3346 Non
1004 3308 1130 3363 ergo
1151 3293 1389 3363 quisquis
1410 3310 1514 3348 non
1541 3296 1746 3357 metuit,
1788 3296 1958 3349 audax
1998 3305 2109 3361 est;

522 3398 823 3453 quanquam
854 3382 1027 3437 omnis
1055 3384 1142 3452 qui
1183 3374 1362 3449 audet,
1394 3399 1497 3437 nou
1530 3393 1751 3438 metuat.
1796 3384 1923 3440 ltetn
1951 3386 2114 3439 cada-

520 3492 616 3529 ver
645 3491 801 3529 omne
828 3489 930 3527 non
974 3474 1181 3527 metuit.
1211 3474 1544 3544 QuaprOptcr
1572 3491 1690 3529 cum
1731 3490 2014 3531 commune
2045 3478 2114 3531 sit

522 3583 629 3621 non
668 3575 906 3621 metuere
951 3565 1261 3621 beatissimo
1301 3576 1351 3620 et
1391 3566 1575 3620 audaci
1620 3576 1675 3641 et
1711 3567 1976 3629 cadaveri,
2017 3568 2113 3623 sed

522 3658 861 3715 beatissimus
894 3657 944 3712 id
974 3658 1163 3712 habeat
1190 3674 1285 3727 per
1328 3660 1756 3729 tranquillitatem
1800 3660 1986 3729 animi,
2014 3677 2111 3715 au-

522 3753 625 3805 dax
654 3768 747 3820 per
773 3752 1149 3815 temeritatem,
1182 3751 1409 3806 cadaver
1428 3752 1547 3821 quia
1570 3754 1715 3807 omni
1742 3767 1902 3808 sensu
1928 3763 2110 3819 caret;

522 3859 693 3914 neque
721 3859 824 3899 non
851 3842 1134 3903 amandum
1161 3852 1242 3907 est
1273 3859 1374 3897 non
1407 3853 1665 3909 metuere,
1693 3846 1943 3915 quoniam
1971 3847 2111 3902 beati

522 3923 642 3992 esse
668 3918 944 4003 volumus;
976 3952 1145 4007 neque
1169 3938 1341 3992 solum
1373 3939 1681 4007 amandum,
1730 3940 1983 4013 quoniam
2014 3956 2110 4011 au-

521 4029 680 4084 daces
704 4038 759 4085 et
784 4028 1043 4084 inanimes
1072 4043 1190 4084 esse
1216 4029 1484 4098 nolumus.

912 4100 1129 4187 XXXV:
1176 4104 1310 4184 Quid
1329 4121 1605 4174 amandum
1632 4121 1714 4175 sit.

594 4211 647 4284 1.
689 4209 948 4276 Quoniam
979 4199 1230 4279 quidquid
1260 4225 1364 4263 non
1392 4210 1521 4264 vivit
1547 4226 1653 4279 non
1684 4211 1892 4279 metuit,
1937 4226 2113 4284 neque

520 4282 627 4354 vita
653 4299 939 4354 carendum
969 4299 1248 4369 quisquam
1292 4302 1637 4381 persuaserit,
1669 4310 1728 4355 ut
1763 4311 1908 4357 metu
1950 4296 2111 4357 etiam

424 4444 440 4463 ,
521 4386 705 4446 carere
732 4392 1027 4461 possimus;
1057 4391 1347 4447 amandum
1374 4402 1455 4447 est
1486 4394 1602 4449 sine
1623 4402 1768 4448 metu
1784 4395 1983 4451 vivere.
2004 4396 2111 4452 Sed

522 4500 707 4538 rursus
736 4484 858 4554 quia
887 4485 990 4538 vita
1021 4494 1162 4539 metu
1192 4500 1400 4552 carens,
1438 4487 1630 4555 etiam,
1671 4487 1716 4542 si
1764 4488 2110 4560 intelligentia

521 4586 720 4649 careat,
757 4593 863 4632 non
903 4586 986 4633 est
1021 4578 1345 4648 appetenda;
1393 4580 1678 4636 amandum
1718 4592 1801 4638 est
1826 4584 1941 4638 sine
1968 4593 2111 4640 metu

518 4646 638 4745 eum
663 4669 932 4749 intellectu
962 4672 1159 4743 vivere.
1193 4671 1316 4727 Idne
1333 4673 1501 4727 solum
1527 4674 1852 4730 amandum?
1878 4692 1945 4732 an
1961 4693 2115 4734 amor

521 4754 732 4840 quoque
758 4763 871 4838 ipse
900 4762 1158 4840 amandus
1183 4764 1299 4835 est?
1328 4764 1397 4835 Ita
1433 4781 1581 4837 vero,
1611 4767 1823 4837 quando
1864 4768 1981 4824 sine
2010 4770 2114 4828 hoc

519 4835 742 4931 illanon
771 4835 1038 4908 amantur.
1078 4835 1184 4931 Sed
1228 4856 1272 4926 si
1319 4835 1537 4931 propter
1579 4835 1678 4926 alia
1726 4876 1844 4929 qua:
1886 4862 2112 4918 amanda

519 4926 643 5023 sunt
684 4945 837 4999 amur
878 4928 1107 5022 amatur,
1141 4946 1437 5028 non'reete
1481 4928 1646 5005 amari
1686 4950 1935 5019 dicitur’.
1969 4952 2110 5007 Nihil

518 5034 659 5101 enim
704 5038 846 5117 aliud
892 5030 975 5094 est
1022 5022 1231 5123 amare,
1279 5022 1435 5116 quam
1468 5050 1685 5115 propter
1711 5057 1770 5096 se
1802 5043 1966 5119 ipsam
1998 5061 2109 5100 rem

516 5128 745 5205 aliquam
777 5139 1049 5201 appetere.
1076 5129 1209 5208 Num
1241 5130 1398 5212 igitur
1424 5142 1641 5212 propter
1666 5148 1724 5211 se
1760 5134 1929 5202 ipsum
1958 5152 2112 5192 amor

515 5214 847 5289 appetendus
880 5230 982 5293 est,
1026 5222 1151 5275 eum
1185 5205 1410 5291 quando
1439 5205 1578 5279 desit
1615 5208 1755 5294 quod
1782 5235 2010 5291 amatur,
2044 5243 2107 5282 ea

513 5308 582 5362 sit
624 5308 912 5361 indubitata
954 5312 1199 5365 miseria?
1230 5310 1427 5369 Deinde
1454 5298 1574 5369 cuin
1605 5331 1756 5370 amor
1784 5326 1959 5372 motus
1988 5320 2109 5388 qui-

513 5402 635 5454 dam
678 5402 764 5466 sit,
800 5416 974 5470 neque
1002 5404 1141 5463 ullus
1188 5406 1255 5457 sit
1297 5416 1473 5461 motus
1500 5408 1601 5462 nisi
1627 5408 1694 5463 ad
1722 5408 1955 5483 aliquid;
1985 5426 2105 5465 cum

512 5482 805 5559 quecrimus
835 5492 960 5561 quid
995 5487 1279 5549 amandum
1305 5499 1394 5565 sit,
1424 5500 1547 5567 quid
1577 5501 1647 5556 sit
1684 5501 1813 5555 illud
1854 5502 1919 5556 ad
1962 5502 2106 5573 quod

514 5584 714 5637 moveri
761 5592 1022 5653 oporteat,
1068 5585 1375 5653 quccrituus.
1427 5589 1603 5656 Quare
1648 5592 1692 5645 si
1741 5593 1998 5653 amandus
2025 5601 2111 5647 est

516 5688 687 5740 amor,
742 5689 849 5729 non
899 5674 1080 5742 utique
1132 5676 1305 5730 omnis
1342 5664 1603 5734 amandus
1633 5674 1731 5736 est.
1763 5684 1857 5738 Est
1885 5685 2026 5739 enim
2052 5695 2108 5740 et

528 5780 689 5875 ‘__'..sic
710 5812 881 5875 ttat._et
907 5807 1174 5875 octodecim
1192 5816 1296 5857 Mss.
1324 5816 1470 5875 AtEr.
1492 5820 1545 5863 et
1566 5820 1804 5875 ιλοτηηοη
1830 5825 2104 5875 rectcautor

514 5866 709 5941 dicitur.
737 5894 797 5904 -
816 5869 963 5945 ωβά.
991 5878 1040 5920 et
1066 5876 1203 5935 Ven,
1229 5873 1403 5922 amari.
1472 5881 1526 5937 at.
1684 5866 1696 5875 ’
1733 5866 1755 5867 ⁷⁷
1794 5866 1797 5867 ⁷
1971 5866 2031 5907 "7

2211 553 2395 623 turpis,
2421 567 2527 624 quo
2545 554 2755 610 animus
2775 570 2833 611 se
2858 556 2974 627 ipso
2994 558 3243 615 inferiora
3271 568 3522 629 sectatur,
3545 580 3662 633 qua:
3687 582 3801 619 nia-

2206 644 2285 713 gis
2314 645 2527 714 proprie
2568 647 2828 716 cupiditas
2871 648 3083 715 dicitur,
3128 652 3367 708 omnium
3396 654 3602 710 scilicet
3630 659 3802 712 malo-

2206 750 2323 789 rum
2354 736 2519 790 radix.
2565 736 2631 791 Et
2671 737 2789 792 ideo
2815 754 2920 794 non
2950 741 3234 797 amandum
3261 752 3363 811 est,
3390 745 3533 815 quod
3560 747 3800 803 manenti

2206 833 2261 879 et
2290 825 2482 880 fruenti
2510 828 2676 883 amori
2697 830 2714 864 ι
2741 830 2939 885 auferri
2972 842 3162 901 potest.
3196 834 3359 905 Cujus
3384 852 3512 907 ergo
3540 839 3617 893 rei
3642 854 3800 894 amor

2205 916 2462 971 amandus
2491 927 2592 981 est,
2634 919 2735 973 nisi
2774 920 2890 989 ejus
2920 937 3039 992 quae
3077 939 3182 978 non
3225 935 3400 995 potest
3443 928 3635 985 deesse
3666 930 3797 986 dunt

2206 1008 2451 1061 amatur?
2479 1008 2532 1062 ld
2570 1018 2747 1064 autent
2788 1020 2889 1077 est,
2935 1013 3077 1083 quod
3121 1015 3252 1070 nihil
3296 1028 3380 1072 est
3421 1019 3565 1075 aliud
3598 1021 3801 1077 habere

2204 1115 2362 1169 quam
2406 1103 2620 1156 nosse‘.
2653 1103 2819 1158 Porro
2845 1120 3029 1160 aurum
3061 1117 3116 1162 et
3152 1125 3311 1165 omne
3339 1126 3534 1183 corpus
3562 1130 3666 1169 non
3697 1115 3801 1175 lino

2205 1201 2288 1244 est
2322 1190 2518 1247 habere
2542 1193 2682 1262 quod
2713 1210 2906 1252 nosse:
2934 1213 3037 1255 non
3065 1199 3241 1271 itaque
3268 1205 3553 1260 amandum
3593 1217 3697 1263 est.
3732 1209 3801 1264 Et

2206 1282 2453 1350 quoniam
2483 1293 2659 1352 potest
2682 1285 2880 1356 aliquid
2907 1290 3095 1356 amari,
3126 1306 3224 1347 nec
3244 1293 3447 1361 haberi,
3489 1312 3594 1351 non
3624 1298 3796 1354 solum

2205 1388 2268 1426 cx
2304 1373 2385 1428 Itis
2414 1391 2533 1445 qua:
2569 1377 2794 1431 amanda
2824 1394 2931 1433 non
2960 1390 3103 1446 sunt,
3147 1392 3205 1438 ut
3251 1386 3531 1454 pulchrum
3580 1390 3799 1461 aliquod

2205 1479 2419 1535 corpus,
2450 1466 2541 1520 sed
2574 1468 2734 1521 etiam
2764 1484 2949 1524 eorum
2975 1488 3093 1542 qua:
3116 1476 3341 1530 amanda
3373 1487 3517 1546 sunt,
3559 1490 3617 1534 ut
3643 1481 3799 1536 beata

2212 1558 2345 1622 vita;
2386 1567 2438 1612 et
2468 1574 2655 1614 rursus
2689 1571 2866 1631 potest
2906 1564 3106 1634 aliquid
3137 1566 3341 1634 haberi,
3378 1587 3477 1627 nec
3519 1575 3709 1640 amari,
3741 1586 3801 1629 ιιι

2208 1650 2527 1717 compedes:
2549 1651 2671 1722 jure
2710 1655 2967 1722 quaeritur
3012 1667 3186 1712 utrutn
3234 1663 3402 1730 possit
3435 1664 3699 1734 quispiam
3746 1668 3799 1721 id

2207 1744 2348 1815 quod
2378 1744 2575 1801 habere
2606 1746 2732 1801 nihil
2758 1757 2841 1803 est
2864 1750 2967 1804 nisi
2996 1766 3176 1817 nosse,
3213 1769 3314 1809 non
3344 1771 3525 1812 amare
3551 1774 3670 1813 cum
3705 1761 3802 1815 Ita-

2208 1836 2349 1901 beat,
2395 1838 2445 1893 id
2488 1848 2592 1903 est,
2635 1842 2863 1897 noverit.
2906 1842 3011 1899 Sed
3053 1860 3176 1902 cum
3207 1848 3482 1906 videamus
3514 1855 3799 1914 nonnullos

2208 1944 2314 1984 non
2342 1930 2410 1985 ob
2435 1930 2602 1997 aliud,
2635 1932 2783 1988 verbi
2810 1935 2999 2004 gratia,
3044 1936 3254 1995 discere
3301 1956 3576 2009 numeros,
3610 1946 3711 2001 nisi
3741 1956 3802 2002 ut

2209 2024 2397 2079 eadem
2426 2024 2705 2096 disciplina
2736 2030 3010 2098 pecuniosi
3042 2030 3189 2098 ﬁant,
3221 2042 3314 2089 aut
3337 2034 3643 2094 hominibus
3681 2041 3802 2110 pla-

2210 2125 2398 2182 ceant;
2427 2132 2583 2187 quam
2611 2133 2731 2173 cum
2759 2118 3061 2189 didicerint,
3090 2122 3157 2178 ad
3195 2126 3441 2182 eumdem
3470 2129 3631 2185 finem
3656 2132 3802 2189 refe-

2211 2218 2351 2274 runt,
2384 2225 2540 2280 quem
2567 2211 2666 2267 sibi
2696 2227 2817 2267 cum
2845 2213 3134 2283 discerent,
3176 2231 3591 2288 proposuerant;
3624 2241 3802 2295 neque

2211 2299 2371 2353 ullam
2403 2299 2736 2369 disciplinam
2766 2304 2907 2359 aliud
2930 2304 2999 2360 sit
3034 2305 3231 2364 habere
3256 2326 3416 2380 quam
3463 2329 3656 2369 nosse:
3688 2316 3804 2373 fieri

2211 2401 2388 2463 potest
2415 2402 2472 2447 ut
2502 2394 2697 2451 habeat
2724 2396 2950 2468 quisque
2975 2398 3198 2470 aliquid,
3243 2404 3384 2472 quod
3431 2405 3652 2472 habere,
3700 2408 3806 2465 hoc

2211 2486 2281 2539 sit
2304 2485 2446 2555 quod
2471 2501 2648 2551 nosse,
2682 2504 2854 2559 neque
2873 2500 3016 2546 amet
3044 2501 3237 2549 tamen.
3263 2496 3574 2568 Quanquam
3602 2501 3805 2558 bonum

2212 2576 2354 2646 quod
2384 2593 2489 2632 non
2519 2588 2748 2647 amatur,
2795 2596 2954 2641 nemo
2993 2592 3169 2652 potest
3210 2586 3445 2655 perfecte
3493 2590 3692 2649 habere
3722 2596 3807 2651 vel

2214 2686 2391 2726 nosse.
2434 2672 2563 2740 Quis
2604 2673 2745 2727 enim
2792 2684 2967 2743 potest
3008 2692 3165 2733 nosse
3206 2690 3458 2749 quantum
3488 2685 3557 2740 sit
3582 2686 3806 2757 bonum,

2213 2780 2319 2833 quo
2345 2780 2449 2819 non
2478 2766 2700 2819 fruitur?
2730 2766 2843 2821 Non
2870 2777 3045 2822 autem
3077 2770 3281 2835 fruitur,
3309 2775 3352 2828 si
3384 2791 3488 2830 non
3511 2789 3653 2832 amat
3673 2798 3688 2833 :
3708 2796 3810 2837 nec

2217 2854 2377 2910 liabet
2409 2856 2566 2925 igitur
2588 2856 2728 2926 quod
2756 2858 3041 2913 amandum
3068 2870 3170 2928 est,
3202 2864 3288 2932 qui
3318 2880 3421 2920 non
3450 2878 3613 2935 amat,
3642 2872 3805 2927 etiam

2215 2947 2259 3001 si
2282 2962 2462 3002 amare
2488 2950 2673 3018 possit,
2706 2950 2797 3019 qui
2836 2966 2940 3005 non
2984 2952 3161 3008 habet.
3213 2957 3379 3012 Nemo
3411 2959 3574 3029 igitur
3598 2963 3809 3023 beatam

2216 3037 2377 3091 vitam
2395 3039 2561 3103 novit,
2581 3048 2634 3095 et
2660 3041 2823 3095 miser
2847 3050 2962 3097 est:
2989 3047 3240 3113 quoniam
3265 3049 3307 3102 si
3331 3053 3555 3107 antanda
3580 3065 3681 3122 est,
3707 3043 3813 3113 sic-

2219 3131 2293 3184 uti
2323 3140 2425 3194 est,
2451 3131 2551 3186 hoc
2572 3142 2653 3186 est
2679 3148 2796 3187 eam
2820 3150 2978 3190 nosse
3002 3136 3143 3205 quod
3172 3138 3371 3195 habere
3396 3142 3494 3215 (τι).

2286 3223 2340 3276 2.
2373 3224 2502 3289 Quae
2522 3239 2643 3278 cum
2671 3225 2739 3278 ita
2777 3226 2904 3294 sint,
2931 3228 3058 3298 quid
3085 3242 3168 3284 est
3213 3232 3356 3287 aliud
3391 3236 3545 3293 beate
3575 3239 3789 3310 vivere,

2218 3313 2318 3367 nisi
2364 3324 2625 3369 mteruum
2664 3316 2862 3385 aliquid
2917 3322 3293 3389 cognoscendo
3345 3325 3580 3382 habere?
3629 3330 3810 3386 Aiter-

2218 3422 2344 3459 uum
2369 3415 2450 3461 est
2473 3408 2638 3473 enim,
2661 3408 2728 3462 de
2748 3424 2856 3479 quo
2883 3411 2998 3465 solo
3026 3422 3173 3468 recte
3199 3415 3393 3482 fiditur,
3433 3420 3574 3488 quod
3602 3412 3801 3481 amanti

2217 3498 2413 3552 auferri
2447 3514 2551 3552 non
2602 3508 2778 3568 potest
2806 3516 2820 3553 :
2847 3500 3005 3571 idque
3044 3502 3215 3571 ipsum
3258 3516 3342 3561 est
3378 3488 3691 3578 quodniltil
3735 3518 3800 3575 sit

2218 3589 2359 3643 aliud
2389 3589 2587 3645 habere
2607 3606 2765 3660 quam
2793 3606 2971 3647 nosse.
3002 3593 3251 3651 Omnium
3291 3600 3435 3653 enim
3472 3618 3651 3660 rerum
3676 3621 3816 3675 prae-

2220 3682 2610 3739 stantissimum
2639 3692 2723 3737 est
2747 3683 2887 3753 quod
2908 3693 3165 3741 :etcrnum
3197 3698 3314 3743 est:
3346 3700 3399 3746 et
3434 3705 3715 3764 propterea
3751 3698 3802 3755 id

2219 3773 2419 3829 habere
2448 3790 2553 3828 non
2582 3790 2887 3844 possumus,
2936 3777 3037 3831 nisi
3078 3794 3137 3833 ea
3177 3797 3236 3837 re
3262 3798 3365 3853 qua
3411 3791 3813 3854 praestantiores

2218 3881 2423 3933 sumus,
2460 3867 2509 3921 id
2537 3877 2619 3923 est
2643 3878 2841 3924 mente.
2867 3869 3131 3941 Quidquid
3154 3883 3329 3929 autem
3359 3887 3537 3933 mente
3563 3880 3807 3951 habetur,

2220 3959 2490 4013 nosccudo
2516 3959 2762 4027 habetur;
2791 3961 3104 4033 nullumque
3139 3963 3336 4019 bonum
3367 3969 3604 4036 perfecte
3634 3957 3815 4028 nosci;

2222 4065 2325 4115 tur,
2350 4053 2489 4123 quod
2515 4069 2619 4107 non
2652 4054 2887 4123 perfecte
2926 4066 3155 4111 amatur.
3196 4057 3379 4128 Neque
3414 4071 3469 4116 ut
3506 4064 3615 4117 sola
3661 4081 3813 4122 tuens

2219 4156 2394 4216 potest
2422 4162 2770 4215 cognoscere,
2811 4147 2883 4201 ita
2918 4156 2971 4203 et
2991 4164 3171 4205 amare
3200 4152 3313 4205 sola
3342 4162 3534 4222 potest.
3571 4156 3813 4228 Namque

2218 4254 2370 4293 atnor
2394 4240 2660 4308 appetitus
2688 4239 2902 4309 quidam
2924 4249 3007 4296 est
3035 4259 3048 4295 :
3078 4252 3131 4296 et
3156 4243 3395 4300 videmus
3414 4247 3572 4301 etiam
3601 4252 3811 4306 caeteris

2217 4331 2383 4386 animi
2415 4332 2653 4401 partibus
2682 4332 2860 4388 inesse
2894 4335 3210 4404 appetitum,
3267 4338 3356 4406 qui
3409 4339 3453 4393 si
3512 4343 3674 4397 menti
3719 4360 3814 4399 ra-

2220 4424 2454 4493 tionique
2482 4424 2804 4489 consentiat,
2836 4424 2887 4478 in
2921 4425 3011 4481 tali
3041 4441 3173 4496 pace
3212 4437 3267 4483 et
3303 4432 3688 4501 tranquillitate
3714 4452 3812 4492 va-

2216 4517 2358 4571 cabit
2403 4526 2583 4573 mente
2632 4519 2979 4590 contemplari
3032 4521 3175 4591 quod
3225 4532 3484 4581 aeternum
3530 4510 3633 4583 est.
3662 4530 3809 4604 Ergo

2217 4608 2376 4662 etiam
2404 4609 2612 4663 cmteris
2641 4609 2753 4663 suis
2782 4610 3022 4680 partibus
3051 4627 3234 4669 amare
3264 4617 3477 4674 animus
3502 4618 3664 4676 debet
3707 4614 3813 4685 hoc

2220 4708 2325 4755 tam
2358 4717 2605 4771 magnum
2628 4703 2770 4771 quod
2796 4711 2975 4758 mente
2999 4709 3425 4775 cognoscendum
3456 4720 3556 4766 est.
3591 4713 3655 4767 Et
3674 4729 3813 4784 quo-

2219 4793 2361 4846 niam
2390 4792 2439 4846 id
2481 4793 2624 4862 quod
2655 4801 2884 4861 amatur,
2933 4794 3131 4850 afliciat
3171 4814 3236 4852 ex
3296 4815 3355 4853 se
3400 4814 3669 4858 amantem
3717 4820 3814 4861 ne-

2217 4900 2369 4939 cesse
2395 4894 2506 4949 est;
2535 4884 2594 4939 fit
2620 4894 2677 4940 ut
2703 4887 2779 4940 sic
2801 4896 3035 4942 amatum
3054 4891 3195 4959 quod
3225 4903 3484 4947 :eternum
3516 4905 3618 4963 est,
3648 4880 3812 4954 teter-

2218 4978 2386 5031 nitate
2407 4977 2641 5030 animum
2664 4977 2876 5031 afficiat.
2905 4978 3161 5046 Quocirca
3184 4998 3244 5037 ea
3264 4983 3478 5039 demum
3494 4988 3598 5041 vita
3630 4988 3809 5059 beata,

2218 5085 2336 5138 qua:
2366 5077 2563 5122 aeterna
2590 5076 2691 5121 est.
2724 5067 2862 5134 Quid
2886 5085 3013 5124 vero
3043 5080 3301 5128 aeternum
3333 5086 3435 5141 est,
3483 5079 3624 5147 quod
3654 5091 3811 5137 πων-

2219 5159 2383 5212 uitale
2402 5159 2639 5211 animum
2670 5158 2889 5223 efﬁciat,
2924 5160 3027 5214 nisi
3069 5162 3251 5217 Deus?
3306 5167 3473 5220 Amor
3500 5181 3681 5224 autem
3726 5166 3813 5227 re-

2218 5266 2335 5305 rum
2366 5249 2739 5312 amandarum,
2768 5250 3001 5306 charitas
3023 5254 3103 5308 vel
3135 5255 3350 5310 dilectio
3372 5260 3562 5315 melius
3586 5262 3805 5319 dicitur.

2217 5341 2393 5408 Quare
2424 5340 2671 5394 omnibus
2715 5342 3053 5411 cogitationis
3112 5345 3313 5401 viribus
3357 5351 3806 5410 considerandum

2216 5443 2298 5488 est
2327 5433 2733 5488 saluberrimum
2766 5434 2894 5489 illud
2924 5448 3272 5507 prceceptum,
3302 5440 3501 5513 Diliges
3528 5442 3810 5502 Dominum

2281 5572 2295 5601 ¹
2326 5576 2422 5617 nat.
2452 5577 2502 5618 ct
2526 5576 2634 5618 octo
2650 5575 2779 5627 Mss,
2803 5573 3025 5620 amatori.

2280 5633 2299 5662 ³
2322 5639 2658 5697 ριιθιιιοινλ-Μεε.
2685 5645 2794 5679 cum
2829 5635 3056 5697 Ettgypio,
3082 5648 3225 5697 quam
3258 5637 3385 5688 sicut
3409 5643 3703 5692 noscendum
3736 5652 3809 5695 est

2214 5706 2366 5745 nosse.
2390 5694 2616 5761 t:t,_int'ra_,
2634 5702 2784 5761 __\'emo
2823 5692 2973 5754 igitur
2994 5692 3179 5747 beatam
3216 5699 3361 5749 tatam
3399 5701 3521 5752 sicut
3565 5692 3806 5761 noscenda

2212 5763 2315 5878 :24",
2354 5754 2502 5863 arguit.
2549 5754 2930 5807 Additameuluut
2982 5769 3222 5821 sumptum
3274 5770 3351 5812 est
3407 5778 3468 5814 ex
3531 5771 3545 5812 1
3596 5754 3799 5821 Retract.

2276 5876 2349 5941 (ρ)
2384 5886 2396 5925 1
2428 5884 2630 5926 netract.
2660 5889 2760 5937 cap.
2781 5876 2856 5926 96.
