  <div class='ocr_page' id='page_1' title='image "/cluster/home/n/w/nwhite01/storage/ocr_20150623/40-41/uc1.31175026811482/020.png"; bbox 0 0 4136 6528; ppageno 0'>
   <div class='ocr_carea' id='block_1_1' title="bbox 308 453 2176 513">
    <p class='ocr_par' dir='ltr' id='par_1_1' title="bbox 308 453 2176 513">
     <span class='ocr_line' id='line_1_1' title="bbox 308 453 2176 513; baseline 0 0"><span class='ocrx_word' id='word_1_1' title='bbox 308 456 382 513; x_wconf 65' lang='lat'><strong>25</strong></span> <span class='ocrx_word' id='word_1_2' title='bbox 1736 453 1938 511; x_wconf 77' lang='lat' dir='ltr'><strong>LIBER</strong></span> <span class='ocrx_word' id='word_1_3' title='bbox 1978 454 2176 513; x_wconf 79' lang='lat' dir='ltr'><strong>UNUS.</strong></span> 
     </span>
    </p>
   </div>
   <div class='ocr_carea' id='block_1_2' title="bbox 312 569 1917 637">
    <p class='ocr_par' dir='ltr' id='par_1_2' title="bbox 312 569 1917 637">
     <span class='ocr_line' id='line_1_2' title="bbox 312 569 1917 637; baseline -0.005 -6"><span class='ocrx_word' id='word_1_4' title='bbox 312 575 481 632; x_wconf 79' lang='lat' dir='ltr'><strong>Deum</strong></span> <span class='ocrx_word' id='word_1_5' title='bbox 509 582 655 629; x_wconf 77' lang='lat' dir='ltr'><strong>tuum</strong></span> <span class='ocrx_word' id='word_1_6' title='bbox 680 573 736 628; x_wconf 85' lang='lat' dir='ltr'><strong>in</strong></span> <span class='ocrx_word' id='word_1_7' title='bbox 777 580 878 627; x_wconf 89' lang='lat' dir='ltr'><strong>toto</strong></span> <span class='ocrx_word' id='word_1_8' title='bbox 907 571 1058 626; x_wconf 80' lang='lat' dir='ltr'><strong>corde</strong></span> <span class='ocrx_word' id='word_1_9' title='bbox 1083 581 1189 637; x_wconf 82' lang='lat' dir='ltr'><strong>tuo,</strong></span> <span class='ocrx_word' id='word_1_10' title='bbox 1220 580 1267 624; x_wconf 87' lang='lat' dir='ltr'><strong>et</strong></span> <span class='ocrx_word' id='word_1_11' title='bbox 1288 571 1340 623; x_wconf 88' lang='lat' dir='ltr'><strong>in</strong></span> <span class='ocrx_word' id='word_1_12' title='bbox 1366 578 1470 623; x_wconf 85' lang='lat' dir='ltr'><strong>tota</strong></span> <span class='ocrx_word' id='word_1_13' title='bbox 1510 569 1681 622; x_wconf 86' lang='lat' dir='ltr'><strong>anima</strong></span> <span class='ocrx_word' id='word_1_14' title='bbox 1730 580 1838 634; x_wconf 87' lang='lat' dir='ltr'><strong>tua,</strong></span> <span class='ocrx_word' id='word_1_15' title='bbox 1871 579 1917 623; x_wconf 92' lang='lat' dir='ltr'><strong>et</strong></span> 
     </span>
    </p>
   </div>
   <div class='ocr_carea' id='block_1_3' title="bbox 313 660 1916 737">
    <p class='ocr_par' dir='ltr' id='par_1_3' title="bbox 313 660 1916 737">
     <span class='ocr_line' id='line_1_3' title="bbox 313 660 1916 737; baseline -0.007 -12"><span class='ocrx_word' id='word_1_16' title='bbox 313 672 367 725; x_wconf 78' lang='lat' dir='ltr'><strong>in</strong></span> <span class='ocrx_word' id='word_1_17' title='bbox 391 678 496 724; x_wconf 88' lang='lat' dir='ltr'><strong>tota</strong></span> <span class='ocrx_word' id='word_1_18' title='bbox 514 677 687 722; x_wconf 76' lang='lat' dir='ltr'><strong>niente</strong></span> <span class='ocrx_word' id='word_1_19' title='bbox 712 676 801 721; x_wconf 84' lang='lat' dir='ltr'><strong>tua</strong></span> <span class='ocrx_word' id='word_1_20' title='bbox 829 664 1044 737; x_wconf 77' lang='lat' dir='ltr'><strong>(Matth.</strong></span> <span class='ocrx_word' id='word_1_21' title='bbox 1077 677 1207 729; x_wconf 66' lang='grc' dir='ltr'>χιιι,</span> <span class='ocrx_word' id='word_1_22' title='bbox 1256 660 1369 735; x_wconf 74' lang='grc'><strong>57);</strong></span> <span class='ocrx_word' id='word_1_23' title='bbox 1412 670 1466 716; x_wconf 90' lang='lat' dir='ltr'><strong>ct</strong></span> <span class='ocrx_word' id='word_1_24' title='bbox 1496 660 1625 715; x_wconf 90' lang='lat' dir='ltr'><strong>illud</strong></span> <span class='ocrx_word' id='word_1_25' title='bbox 1657 660 1798 730; x_wconf 89' lang='lat' dir='ltr'><strong>quod</strong></span> <span class='ocrx_word' id='word_1_26' title='bbox 1843 660 1916 715; x_wconf 97' lang='lat' dir='ltr'><strong>ait</strong></span> 
     </span>
    </p>
   </div>
   <div class='ocr_carea' id='block_1_4' title="bbox 318 754 1914 826">
    <p class='ocr_par' dir='ltr' id='par_1_4' title="bbox 318 754 1914 826">
     <span class='ocr_line' id='line_1_4' title="bbox 318 754 1914 826; baseline -0.006 -12"><span class='ocrx_word' id='word_1_27' title='bbox 318 760 577 815; x_wconf 83' lang='lat' dir='ltr'><strong>Dominus</strong></span> <span class='ocrx_word' id='word_1_28' title='bbox 605 757 786 826; x_wconf 83' lang='lat' dir='ltr'><strong>Jesus,</strong></span> <span class='ocrx_word' id='word_1_29' title='bbox 817 755 947 811; x_wconf 79' lang='lat' dir='ltr'><strong>lltec</strong></span> <span class='ocrx_word' id='word_1_30' title='bbox 975 764 1045 809; x_wconf 78' lang='lat' dir='ltr'><strong>est</strong></span> <span class='ocrx_word' id='word_1_31' title='bbox 1065 763 1232 807; x_wconf 84' lang='lat' dir='ltr'><strong>autem</strong></span> <span class='ocrx_word' id='word_1_32' title='bbox 1262 754 1363 807; x_wconf 80' lang='lat' dir='ltr'><strong>vita</strong></span> <span class='ocrx_word' id='word_1_33' title='bbox 1389 762 1595 815; x_wconf 66' lang='lat' dir='ltr'><strong>(eterna,</strong></span> <span class='ocrx_word' id='word_1_34' title='bbox 1628 755 1682 804; x_wconf 83' lang='lat' dir='ltr'><strong>iu</strong></span> <span class='ocrx_word' id='word_1_35' title='bbox 1723 768 1914 820; x_wconf 88' lang='lat' dir='ltr'><strong>cogno-</strong></span> 
     </span>
    </p>
   </div>
   <div class='ocr_carea' id='block_1_5' title="bbox 313 843 1916 916">
    <p class='ocr_par' dir='ltr' id='par_1_5' title="bbox 313 843 1916 916">
     <span class='ocr_line' id='line_1_5' title="bbox 313 843 1916 916; baseline -0.007 -7"><span class='ocrx_word' id='word_1_36' title='bbox 313 865 457 909; x_wconf 75' lang='lat' dir='ltr'><strong>scant</strong></span> <span class='ocrx_word' id='word_1_37' title='bbox 486 865 535 908; x_wconf 87' lang='lat' dir='ltr'><strong>te</strong></span> <span class='ocrx_word' id='word_1_38' title='bbox 560 852 730 907; x_wconf 80' lang='lat' dir='ltr'><strong>solum</strong></span> <span class='ocrx_word' id='word_1_39' title='bbox 776 866 951 905; x_wconf 84' lang='lat' dir='ltr'><strong>verum</strong></span> <span class='ocrx_word' id='word_1_40' title='bbox 1001 847 1187 916; x_wconf 86' lang='lat' dir='ltr'><strong>Deum,</strong></span> <span class='ocrx_word' id='word_1_41' title='bbox 1237 856 1284 902; x_wconf 89' lang='lat' dir='ltr'><strong>et</strong></span> <span class='ocrx_word' id='word_1_42' title='bbox 1322 862 1467 916; x_wconf 86' lang='lat' dir='ltr'><strong>quem</strong></span> <span class='ocrx_word' id='word_1_43' title='bbox 1515 846 1694 899; x_wconf 76' lang='lat' dir='ltr'><strong>misisti</strong></span> <span class='ocrx_word' id='word_1_44' title='bbox 1733 843 1916 899; x_wconf 75' lang='lat' dir='ltr'><strong>Iesum</strong></span> 
     </span>
    </p>
   </div>
   <div class='ocr_carea' id='block_1_6' title="bbox 315 941 1046 1015">
    <p class='ocr_par' dir='ltr' id='par_1_6' title="bbox 315 941 1046 1015">
     <span class='ocr_line' id='line_1_6' title="bbox 315 941 1046 1015; baseline -0.01 -14"><span class='ocrx_word' id='word_1_45' title='bbox 315 947 572 1001; x_wconf 74' lang='lat' dir='ltr'><strong>Christum</strong></span> <span class='ocrx_word' id='word_1_46' title='bbox 595 943 776 1015; x_wconf 82' lang='lat' dir='ltr'><strong>(Joan.</strong></span> <span class='ocrx_word' id='word_1_47' title='bbox 811 958 937 1005; x_wconf 84' lang='lat' dir='ltr'><strong>xvu,</strong></span> <span class='ocrx_word' id='word_1_48' title='bbox 969 941 1046 1013; x_wconf 76' lang='lat'><strong>5).</strong></span> 
     </span>
    </p>
   </div>
   <div class='ocr_carea' id='block_1_7' title="bbox 634 1030 1594 1091">
    <p class='ocr_par' dir='ltr' id='par_1_7' title="bbox 634 1030 1594 1091">
     <span class='ocr_line' id='line_1_7' title="bbox 634 1030 1594 1091; baseline -0.008 0"><span class='ocrx_word' id='word_1_49' title='bbox 634 1033 880 1091; x_wconf 76' lang='lat' dir='ltr'><strong>XXXVI.</strong></span> <span class='ocrx_word' id='word_1_50' title='bbox 917 1033 992 1087; x_wconf 90' lang='lat' dir='ltr'><strong>De</strong></span> <span class='ocrx_word' id='word_1_51' title='bbox 1032 1030 1299 1086; x_wconf 84' lang='lat' dir='ltr'><strong>nutrienda</strong></span> <span class='ocrx_word' id='word_1_52' title='bbox 1331 1031 1594 1084; x_wconf 86' lang='lat' dir='ltr'><strong>charitate.</strong></span> 
     </span>
    </p>
   </div>
   <div class='ocr_carea' id='block_1_8' title="bbox 390 1124 1910 1194">
    <p class='ocr_par' dir='ltr' id='par_1_8' title="bbox 390 1124 1910 1194">
     <span class='ocr_line' id='line_1_8' title="bbox 390 1124 1910 1194; baseline -0.007 -9"><span class='ocrx_word' id='word_1_53' title='bbox 390 1132 442 1186; x_wconf 74' lang='grc'><strong>1.</strong></span> <span class='ocrx_word' id='word_1_54' title='bbox 475 1128 801 1184; x_wconf 88' lang='lat' dir='ltr'><strong>Charitatcm</strong></span> <span class='ocrx_word' id='word_1_55' title='bbox 846 1140 1002 1190; x_wconf 89' lang='lat' dir='ltr'><strong>voco,</strong></span> <span class='ocrx_word' id='word_1_56' title='bbox 1057 1140 1160 1194; x_wconf 88' lang='lat' dir='ltr'><strong>qua</strong></span> <span class='ocrx_word' id='word_1_57' title='bbox 1191 1124 1475 1177; x_wconf 68' lang='lat' dir='ltr'><strong>‘amantur</strong></span> <span class='ocrx_word' id='word_1_58' title='bbox 1519 1137 1581 1176; x_wconf 91' lang='lat' dir='ltr'><strong>ea</strong></span> <span class='ocrx_word' id='word_1_59' title='bbox 1630 1136 1749 1192; x_wconf 68' lang='lat' dir='ltr'><strong>qum</strong></span> <span class='ocrx_word' id='word_1_60' title='bbox 1805 1136 1910 1175; x_wconf 90' lang='lat' dir='ltr'><strong>non</strong></span> 
     </span>
    </p>
   </div>
   <div class='ocr_carea' id='block_1_9' title="bbox 313 1212 1909 1291">
    <p class='ocr_par' dir='ltr' id='par_1_9' title="bbox 313 1212 1909 1291">
     <span class='ocr_line' id='line_1_9' title="bbox 313 1212 1909 1291; baseline -0.007 -14"><span class='ocrx_word' id='word_1_61' title='bbox 313 1231 442 1277; x_wconf 91' lang='lat' dir='ltr'><strong>sunt</strong></span> <span class='ocrx_word' id='word_1_62' title='bbox 473 1236 584 1291; x_wconf 79' lang='lat' dir='ltr'><strong>pra:</strong></span> <span class='ocrx_word' id='word_1_63' title='bbox 614 1220 733 1289; x_wconf 90' lang='lat' dir='ltr'><strong>ipso</strong></span> <span class='ocrx_word' id='word_1_64' title='bbox 777 1228 990 1271; x_wconf 89' lang='lat' dir='ltr'><strong>amante</strong></span> <span class='ocrx_word' id='word_1_65' title='bbox 1043 1213 1434 1271; x_wconf 85' lang='lat' dir='ltr'><strong>contemnenda</strong></span> <span class='ocrx_word' id='word_1_66' title='bbox 1467 1229 1478 1265; x_wconf 94' lang='lat'>:</span> <span class='ocrx_word' id='word_1_67' title='bbox 1518 1213 1569 1267; x_wconf 90' lang='lat' dir='ltr'><strong>id</strong></span> <span class='ocrx_word' id='word_1_68' title='bbox 1617 1222 1719 1278; x_wconf 89' lang='lat' dir='ltr'><strong>est,</strong></span> <span class='ocrx_word' id='word_1_69' title='bbox 1770 1212 1909 1281; x_wconf 88' lang='lat' dir='ltr'><strong>quod</strong></span> 
     </span>
    </p>
   </div>
   <div class='ocr_carea' id='block_1_10' title="bbox 310 1306 1907 1379">
    <p class='ocr_par' dir='ltr' id='par_1_10' title="bbox 310 1306 1907 1379">
     <span class='ocr_line' id='line_1_10' title="bbox 310 1306 1907 1379; baseline -0.008 -11"><span class='ocrx_word' id='word_1_70' title='bbox 310 1324 573 1368; x_wconf 73' lang='lat' dir='ltr'><strong>mternum</strong></span> <span class='ocrx_word' id='word_1_71' title='bbox 602 1319 704 1377; x_wconf 86' lang='lat' dir='ltr'><strong>est,</strong></span> <span class='ocrx_word' id='word_1_72' title='bbox 734 1320 788 1365; x_wconf 90' lang='lat' dir='ltr'><strong>et</strong></span> <span class='ocrx_word' id='word_1_73' title='bbox 817 1308 957 1379; x_wconf 90' lang='lat' dir='ltr'><strong>quod</strong></span> <span class='ocrx_word' id='word_1_74' title='bbox 979 1322 1162 1361; x_wconf 87' lang='lat' dir='ltr'><strong>amare</strong></span> <span class='ocrx_word' id='word_1_75' title='bbox 1190 1306 1363 1375; x_wconf 90' lang='lat' dir='ltr'><strong>ipsum</strong></span> <span class='ocrx_word' id='word_1_76' title='bbox 1410 1313 1666 1359; x_wconf 74' lang='lat' dir='ltr'><strong>mternum</strong></span> <span class='ocrx_word' id='word_1_77' title='bbox 1714 1312 1907 1373; x_wconf 90' lang='lat' dir='ltr'><strong>potest.</strong></span> 
     </span>
    </p>
   </div>
   <div class='ocr_carea' id='block_1_11' title="bbox 308 1396 1911 1474">
    <p class='ocr_par' dir='ltr' id='par_1_11' title="bbox 308 1396 1911 1474">
     <span class='ocr_line' id='line_1_11' title="bbox 308 1396 1911 1474; baseline -0.005 -15"><span class='ocrx_word' id='word_1_78' title='bbox 308 1406 455 1459; x_wconf 82' lang='lat' dir='ltr'><strong>Deus</strong></span> <span class='ocrx_word' id='word_1_79' title='bbox 474 1403 639 1474; x_wconf 80' lang='lat' dir='ltr'><strong>igitur</strong></span> <span class='ocrx_word' id='word_1_80' title='bbox 662 1410 718 1456; x_wconf 89' lang='lat' dir='ltr'><strong>et</strong></span> <span class='ocrx_word' id='word_1_81' title='bbox 743 1402 949 1455; x_wconf 88' lang='lat' dir='ltr'><strong>animus</strong></span> <span class='ocrx_word' id='word_1_82' title='bbox 980 1415 1086 1470; x_wconf 91' lang='lat' dir='ltr'><strong>quo</strong></span> <span class='ocrx_word' id='word_1_83' title='bbox 1128 1405 1342 1451; x_wconf 89' lang='lat' dir='ltr'><strong>amatur</strong></span> <span class='ocrx_word' id='word_1_84' title='bbox 1363 1398 1406 1465; x_wconf 75' lang='lat'><strong>’,</strong></span> <span class='ocrx_word' id='word_1_85' title='bbox 1436 1396 1668 1451; x_wconf 82' lang='lat' dir='ltr'><strong>Charitas</strong></span> <span class='ocrx_word' id='word_1_86' title='bbox 1696 1396 1911 1465; x_wconf 86' lang='lat' dir='ltr'><strong>proprie</strong></span> 
     </span>
    </p>
   </div>
   <div class='ocr_carea' id='block_1_12' title="bbox 308 1486 1908 1563">
    <p class='ocr_par' dir='ltr' id='par_1_12' title="bbox 308 1486 1908 1563">
     <span class='ocr_line' id='line_1_12' title="bbox 308 1486 1908 1563; baseline -0.005 -14"><span class='ocrx_word' id='word_1_87' title='bbox 308 1495 506 1551; x_wconf 90' lang='lat' dir='ltr'><strong>dicitur</strong></span> <span class='ocrx_word' id='word_1_88' title='bbox 558 1492 931 1563; x_wconf 80' lang='lat' dir='ltr'><strong>purgatissima</strong></span> <span class='ocrx_word' id='word_1_89' title='bbox 951 1499 1006 1545; x_wconf 90' lang='lat' dir='ltr'><strong>et</strong></span> <span class='ocrx_word' id='word_1_90' title='bbox 1046 1497 1440 1553; x_wconf 91' lang='lat' dir='ltr'><strong>consummata,</strong></span> <span class='ocrx_word' id='word_1_91' title='bbox 1496 1488 1540 1542; x_wconf 88' lang='lat' dir='ltr'><strong>si</strong></span> <span class='ocrx_word' id='word_1_92' title='bbox 1592 1487 1720 1541; x_wconf 83' lang='lat' dir='ltr'><strong>nihil</strong></span> <span class='ocrx_word' id='word_1_93' title='bbox 1766 1486 1908 1541; x_wconf 83' lang='lat' dir='ltr'><strong>aliud</strong></span> 
     </span>
    </p>
   </div>
   <div class='ocr_carea' id='block_1_13' title="bbox 307 1577 1908 1655">
    <p class='ocr_par' dir='ltr' id='par_1_13' title="bbox 307 1577 1908 1655">
     <span class='ocr_line' id='line_1_13' title="bbox 307 1577 1908 1655; baseline -0.006 -14"><span class='ocrx_word' id='word_1_94' title='bbox 307 1594 523 1641; x_wconf 90' lang='lat' dir='ltr'><strong>amatur</strong></span> <span class='ocrx_word' id='word_1_95' title='bbox 550 1584 626 1655; x_wconf 83' lang='grc' dir='ltr'><strong>(η)</strong></span> <span class='ocrx_word' id='word_1_96' title='bbox 660 1603 673 1639; x_wconf 91' lang='lat'><strong>:</strong></span> <span class='ocrx_word' id='word_1_97' title='bbox 700 1584 841 1637; x_wconf 90' lang='lat' dir='ltr'><strong>hanc</strong></span> <span class='ocrx_word' id='word_1_98' title='bbox 868 1591 923 1637; x_wconf 93' lang='lat' dir='ltr'><strong>et</strong></span> <span class='ocrx_word' id='word_1_99' title='bbox 942 1581 1284 1636; x_wconf 79' lang='lat' dir='ltr'><strong>dilectionem</strong></span> <span class='ocrx_word' id='word_1_100' title='bbox 1314 1579 1416 1634; x_wconf 92' lang='lat' dir='ltr'><strong>dici</strong></span> <span class='ocrx_word' id='word_1_101' title='bbox 1443 1581 1631 1649; x_wconf 82' lang='lat' dir='ltr'><strong>placet.</strong></span> <span class='ocrx_word' id='word_1_102' title='bbox 1659 1577 1763 1633; x_wconf 94' lang='lat' dir='ltr'><strong>Sed</strong></span> <span class='ocrx_word' id='word_1_103' title='bbox 1784 1593 1908 1633; x_wconf 92' lang='lat' dir='ltr'><strong>cum</strong></span> 
     </span>
    </p>
   </div>
   <div class='ocr_carea' id='block_1_14' title="bbox 307 1671 1908 1745">
    <p class='ocr_par' dir='ltr' id='par_1_14' title="bbox 307 1671 1908 1745">
     <span class='ocr_line' id='line_1_14' title="bbox 307 1671 1908 1745; baseline -0.005 -12"><span class='ocrx_word' id='word_1_104' title='bbox 307 1680 454 1733; x_wconf 86' lang='lat' dir='ltr'><strong>Deus</strong></span> <span class='ocrx_word' id='word_1_105' title='bbox 505 1677 674 1745; x_wconf 82' lang='lat' dir='ltr'><strong>magis</strong></span> <span class='ocrx_word' id='word_1_106' title='bbox 721 1675 957 1744; x_wconf 79' lang='lat' dir='ltr'><strong>diligitur</strong></span> <span class='ocrx_word' id='word_1_107' title='bbox 999 1680 1173 1743; x_wconf 86' lang='lat' dir='ltr'><strong>quam</strong></span> <span class='ocrx_word' id='word_1_108' title='bbox 1194 1673 1426 1739; x_wconf 89' lang='lat' dir='ltr'><strong>animus,</strong></span> <span class='ocrx_word' id='word_1_109' title='bbox 1476 1679 1533 1725; x_wconf 92' lang='lat' dir='ltr'><strong>ut</strong></span> <span class='ocrx_word' id='word_1_110' title='bbox 1563 1671 1715 1725; x_wconf 84' lang='lat' dir='ltr'><strong>malit</strong></span> <span class='ocrx_word' id='word_1_111' title='bbox 1746 1671 1908 1725; x_wconf 90' lang='lat' dir='ltr'><strong>homo</strong></span> 
     </span>
    </p>
   </div>
   <div class='ocr_carea' id='block_1_15' title="bbox 304 1764 1909 1840">
    <p class='ocr_par' dir='ltr' id='par_1_15' title="bbox 304 1764 1909 1840">
     <span class='ocr_line' id='line_1_15' title="bbox 304 1764 1909 1840; baseline -0.005 -16"><span class='ocrx_word' id='word_1_112' title='bbox 304 1772 425 1840; x_wconf 79' lang='lat' dir='ltr'><strong>ejus</strong></span> <span class='ocrx_word' id='word_1_113' title='bbox 446 1786 566 1825; x_wconf 90' lang='lat' dir='ltr'><strong>esse</strong></span> <span class='ocrx_word' id='word_1_114' title='bbox 592 1784 751 1840; x_wconf 90' lang='lat' dir='ltr'><strong>quam</strong></span> <span class='ocrx_word' id='word_1_115' title='bbox 777 1782 927 1834; x_wconf 90' lang='lat' dir='ltr'><strong>suus,</strong></span> <span class='ocrx_word' id='word_1_116' title='bbox 961 1775 1085 1822; x_wconf 91' lang='lat' dir='ltr'><strong>tunc</strong></span> <span class='ocrx_word' id='word_1_117' title='bbox 1102 1780 1227 1820; x_wconf 89' lang='lat' dir='ltr'><strong>vere</strong></span> <span class='ocrx_word' id='word_1_118' title='bbox 1246 1764 1427 1819; x_wconf 92' lang='lat' dir='ltr'><strong>animo</strong></span> <span class='ocrx_word' id='word_1_119' title='bbox 1446 1778 1760 1833; x_wconf 91' lang='lat' dir='ltr'><strong>summeque</strong></span> <span class='ocrx_word' id='word_1_120' title='bbox 1780 1776 1909 1817; x_wconf 90' lang='lat' dir='ltr'><strong>con-</strong></span> 
     </span>
    </p>
   </div>
   <div class='ocr_carea' id='block_1_16' title="bbox 302 1855 1909 1931">
    <p class='ocr_par' dir='ltr' id='par_1_16' title="bbox 302 1855 1909 1931">
     <span class='ocr_line' id='line_1_16' title="bbox 302 1855 1909 1931; baseline -0.006 -13"><span class='ocrx_word' id='word_1_121' title='bbox 302 1864 527 1926; x_wconf 89' lang='lat' dir='ltr'><strong>sulitur,</strong></span> <span class='ocrx_word' id='word_1_122' title='bbox 558 1868 955 1931; x_wconf 89' lang='lat' dir='ltr'><strong>consequenter</strong></span> <span class='ocrx_word' id='word_1_123' title='bbox 978 1868 1036 1914; x_wconf 94' lang='lat' dir='ltr'><strong>et</strong></span> <span class='ocrx_word' id='word_1_124' title='bbox 1055 1858 1292 1927; x_wconf 87' lang='lat' dir='ltr'><strong>corpori,</strong></span> <span class='ocrx_word' id='word_1_125' title='bbox 1320 1856 1475 1912; x_wconf 86' lang='lat' dir='ltr'><strong>nobis</strong></span> <span class='ocrx_word' id='word_1_126' title='bbox 1500 1855 1551 1911; x_wconf 92' lang='lat' dir='ltr'><strong>id</strong></span> <span class='ocrx_word' id='word_1_127' title='bbox 1585 1870 1689 1909; x_wconf 91' lang='lat' dir='ltr'><strong>non</strong></span> <span class='ocrx_word' id='word_1_128' title='bbox 1718 1869 1909 1909; x_wconf 89' lang='lat' dir='ltr'><strong>curan-</strong></span> 
     </span>
    </p>
   </div>
   <div class='ocr_carea' id='block_1_17' title="bbox 303 1948 1907 2025">
    <p class='ocr_par' dir='ltr' id='par_1_17' title="bbox 303 1948 1907 2025">
     <span class='ocr_line' id='line_1_17' title="bbox 303 1948 1907 2025; baseline -0.005 -16"><span class='ocrx_word' id='word_1_129' title='bbox 303 1957 451 2011; x_wconf 87' lang='lat' dir='ltr'><strong>tibus</strong></span> <span class='ocrx_word' id='word_1_130' title='bbox 477 1955 656 2025; x_wconf 89' lang='lat' dir='ltr'><strong>aliquo</strong></span> <span class='ocrx_word' id='word_1_131' title='bbox 675 1952 913 2022; x_wconf 86' lang='lat' dir='ltr'><strong>appetitu</strong></span> <span class='ocrx_word' id='word_1_132' title='bbox 931 1958 1225 2021; x_wconf 87' lang='lat' dir='ltr'><strong>satagente,</strong></span> <span class='ocrx_word' id='word_1_133' title='bbox 1245 1948 1341 2005; x_wconf 90' lang='lat' dir='ltr'><strong>sed</strong></span> <span class='ocrx_word' id='word_1_134' title='bbox 1367 1958 1570 2003; x_wconf 89' lang='lat' dir='ltr'><strong>tantum</strong></span> <span class='ocrx_word' id='word_1_135' title='bbox 1590 1956 1832 2018; x_wconf 91' lang='lat' dir='ltr'><strong>prompta</strong></span> <span class='ocrx_word' id='word_1_136' title='bbox 1853 1956 1907 2002; x_wconf 90' lang='lat' dir='ltr'><strong>et</strong></span> 
     </span>
    </p>
   </div>
   <div class='ocr_carea' id='block_1_18' title="bbox 302 2042 1902 2108">
    <p class='ocr_par' dir='ltr' id='par_1_18' title="bbox 302 2042 1902 2108">
     <span class='ocr_line' id='line_1_18' title="bbox 302 2042 1902 2108; baseline -0.004 -8"><span class='ocrx_word' id='word_1_137' title='bbox 302 2047 485 2101; x_wconf 86' lang='lat' dir='ltr'><strong>oblata</strong></span> <span class='ocrx_word' id='word_1_138' title='bbox 516 2046 876 2100; x_wconf 88' lang='lat' dir='ltr'><strong>sumentibus.</strong></span> <span class='ocrx_word' id='word_1_139' title='bbox 922 2042 1215 2098; x_wconf 87' lang='lat' dir='ltr'><strong>Charitatis</strong></span> <span class='ocrx_word' id='word_1_140' title='bbox 1265 2050 1444 2096; x_wconf 90' lang='lat' dir='ltr'><strong>autem</strong></span> <span class='ocrx_word' id='word_1_141' title='bbox 1486 2056 1754 2096; x_wconf 89' lang='lat' dir='ltr'><strong>venenum</strong></span> <span class='ocrx_word' id='word_1_142' title='bbox 1799 2049 1902 2108; x_wconf 89' lang='lat' dir='ltr'><strong>est,</strong></span> 
     </span>
    </p>
   </div>
   <div class='ocr_carea' id='block_1_19' title="bbox 301 2131 1901 2207">
    <p class='ocr_par' dir='ltr' id='par_1_19' title="bbox 301 2131 1901 2207">
     <span class='ocr_line' id='line_1_19' title="bbox 301 2131 1901 2207; baseline -0.004 -16"><span class='ocrx_word' id='word_1_143' title='bbox 301 2153 432 2207; x_wconf 86' lang='lat' dir='ltr'><strong>spes</strong></span> <span class='ocrx_word' id='word_1_144' title='bbox 458 2135 932 2206; x_wconf 88' lang='lat' dir='ltr'><strong>adipiscendorum</strong></span> <span class='ocrx_word' id='word_1_145' title='bbox 962 2142 1053 2188; x_wconf 90' lang='lat' dir='ltr'><strong>aut</strong></span> <span class='ocrx_word' id='word_1_146' title='bbox 1079 2131 1484 2189; x_wconf 91' lang='lat' dir='ltr'><strong>retinendorum</strong></span> <span class='ocrx_word' id='word_1_147' title='bbox 1509 2132 1901 2201; x_wconf 87' lang='lat' dir='ltr'><strong>temporalium.</strong></span> 
     </span>
    </p>
   </div>
   <div class='ocr_carea' id='block_1_20' title="bbox 300 2223 1902 2299">
    <p class='ocr_par' dir='ltr' id='par_1_20' title="bbox 300 2223 1902 2299">
     <span class='ocr_line' id='line_1_20' title="bbox 300 2223 1902 2299; baseline -0.004 -13"><span class='ocrx_word' id='word_1_148' title='bbox 300 2231 701 2286; x_wconf 76' lang='lat' dir='ltr'><strong>Nutrimentum</strong></span> <span class='ocrx_word' id='word_1_149' title='bbox 743 2229 861 2299; x_wconf 84' lang='lat' dir='ltr'><strong>ejus</strong></span> <span class='ocrx_word' id='word_1_150' title='bbox 899 2236 1002 2292; x_wconf 91' lang='lat' dir='ltr'><strong>est,</strong></span> <span class='ocrx_word' id='word_1_151' title='bbox 1036 2226 1336 2281; x_wconf 83' lang='lat' dir='ltr'><strong>imminutio</strong></span> <span class='ocrx_word' id='word_1_152' title='bbox 1370 2224 1699 2295; x_wconf 85' lang='lat' dir='ltr'><strong>cupiditatis;</strong></span> <span class='ocrx_word' id='word_1_153' title='bbox 1722 2223 1902 2294; x_wconf 86' lang='lat' dir='ltr'><strong>perfe-</strong></span> 
     </span>
    </p>
   </div>
   <div class='ocr_carea' id='block_1_21' title="bbox 299 2317 1903 2393">
    <p class='ocr_par' dir='ltr' id='par_1_21' title="bbox 299 2317 1903 2393">
     <span class='ocr_line' id='line_1_21' title="bbox 299 2317 1903 2393; baseline -0.004 -14"><span class='ocrx_word' id='word_1_154' title='bbox 299 2326 432 2391; x_wconf 88' lang='lat' dir='ltr'><strong>ctio,</strong></span> <span class='ocrx_word' id='word_1_155' title='bbox 462 2325 605 2378; x_wconf 78' lang='lat' dir='ltr'><strong>milla</strong></span> <span class='ocrx_word' id='word_1_156' title='bbox 649 2322 934 2392; x_wconf 91' lang='lat' dir='ltr'><strong>cupiditas.</strong></span> <span class='ocrx_word' id='word_1_157' title='bbox 961 2321 1185 2393; x_wconf 80' lang='lat' dir='ltr'><strong>Signum</strong></span> <span class='ocrx_word' id='word_1_158' title='bbox 1236 2317 1507 2390; x_wconf 85' lang='lat' dir='ltr'><strong>profectus</strong></span> <span class='ocrx_word' id='word_1_159' title='bbox 1553 2317 1690 2387; x_wconf 85' lang='lat' dir='ltr'><strong>ejus,</strong></span> <span class='ocrx_word' id='word_1_160' title='bbox 1724 2318 1903 2373; x_wconf 81' lang='lat' dir='ltr'><strong>immi-</strong></span> 
     </span>
    </p>
   </div>
   <div class='ocr_carea' id='block_1_22' title="bbox 299 2409 1904 2484">
    <p class='ocr_par' dir='ltr' id='par_1_22' title="bbox 299 2409 1904 2484">
     <span class='ocr_line' id='line_1_22' title="bbox 299 2409 1904 2484; baseline -0.004 -14"><span class='ocrx_word' id='word_1_161' title='bbox 299 2416 457 2471; x_wconf 88' lang='lat' dir='ltr'><strong>nutio</strong></span> <span class='ocrx_word' id='word_1_162' title='bbox 488 2415 715 2479; x_wconf 86' lang='lat' dir='ltr'><strong>timoris;</strong></span> <span class='ocrx_word' id='word_1_163' title='bbox 772 2413 983 2484; x_wconf 85' lang='lat' dir='ltr'><strong>signum</strong></span> <span class='ocrx_word' id='word_1_164' title='bbox 1035 2410 1377 2481; x_wconf 81' lang='lat' dir='ltr'><strong>perfectionis</strong></span> <span class='ocrx_word' id='word_1_165' title='bbox 1426 2409 1561 2479; x_wconf 89' lang='lat' dir='ltr'><strong>ejus,</strong></span> <span class='ocrx_word' id='word_1_166' title='bbox 1607 2409 1785 2464; x_wconf 91' lang='lat' dir='ltr'><strong>nullus</strong></span> <span class='ocrx_word' id='word_1_167' title='bbox 1834 2409 1904 2463; x_wconf 88' lang='lat' dir='ltr'><strong>ti-</strong></span> 
     </span>
    </p>
   </div>
   <div class='ocr_carea' id='block_1_23' title="bbox 297 2499 1903 2577">
    <p class='ocr_par' dir='ltr' id='par_1_23' title="bbox 297 2499 1903 2577">
     <span class='ocr_line' id='line_1_23' title="bbox 297 2499 1903 2577; baseline -0.004 -15"><span class='ocrx_word' id='word_1_168' title='bbox 297 2523 467 2562; x_wconf 88' lang='lat' dir='ltr'><strong>mor:</strong></span> <span class='ocrx_word' id='word_1_169' title='bbox 499 2507 622 2577; x_wconf 87' lang='lat' dir='ltr'><strong>quia</strong></span> <span class='ocrx_word' id='word_1_170' title='bbox 673 2513 730 2560; x_wconf 90' lang='lat' dir='ltr'><strong>et</strong></span> <span class='ocrx_word' id='word_1_171' title='bbox 767 2504 920 2559; x_wconf 71' lang='lat' dir='ltr'><strong>radix</strong></span> <span class='ocrx_word' id='word_1_172' title='bbox 959 2513 1032 2558; x_wconf 79' lang='lat' dir='ltr'><strong>est</strong></span> <span class='ocrx_word' id='word_1_173' title='bbox 1075 2503 1302 2557; x_wconf 86' lang='lat' dir='ltr'><strong>omnium</strong></span> <span class='ocrx_word' id='word_1_174' title='bbox 1354 2502 1606 2555; x_wconf 85' lang='lat' dir='ltr'><strong>malorum</strong></span> <span class='ocrx_word' id='word_1_175' title='bbox 1653 2499 1903 2571; x_wconf 75' lang='lat' dir='ltr'><strong>cupiditas</strong></span> 
     </span>
    </p>
   </div>
   <div class='ocr_carea' id='block_1_24' title="bbox 300 2592 1901 2668">
    <p class='ocr_par' dir='ltr' id='par_1_24' title="bbox 300 2592 1901 2668">
     <span class='ocr_line' id='line_1_24' title="bbox 300 2592 1901 2668; baseline -0.004 -16"><span class='ocrx_word' id='word_1_176' title='bbox 300 2598 348 2667; x_wconf 90' lang='grc'><strong>(1</strong></span> <span class='ocrx_word' id='word_1_177' title='bbox 379 2598 517 2652; x_wconf 87' lang='lat' dir='ltr'><strong>Tim.</strong></span> <span class='ocrx_word' id='word_1_178' title='bbox 544 2614 618 2661; x_wconf 85' lang='lat' dir='ltr'><strong>vt,</strong></span> <span class='ocrx_word' id='word_1_179' title='bbox 653 2597 771 2668; x_wconf 70' lang='lat'><strong>10);</strong></span> <span class='ocrx_word' id='word_1_180' title='bbox 798 2604 872 2663; x_wconf 92' lang='lat' dir='ltr'><strong>et,</strong></span> <span class='ocrx_word' id='word_1_181' title='bbox 901 2604 1249 2651; x_wconf 82' lang='lat' dir='ltr'><strong>consummata</strong></span> <span class='ocrx_word' id='word_1_182' title='bbox 1275 2593 1477 2647; x_wconf 84' lang='lat' dir='ltr'><strong>dilectio</strong></span> <span class='ocrx_word' id='word_1_183' title='bbox 1499 2594 1636 2664; x_wconf 79' lang='lat' dir='ltr'><strong>foras</strong></span> <span class='ocrx_word' id='word_1_184' title='bbox 1666 2592 1817 2645; x_wconf 87' lang='lat' dir='ltr'><strong>mittit</strong></span> <span class='ocrx_word' id='word_1_185' title='bbox 1839 2592 1901 2645; x_wconf 83' lang='lat' dir='ltr'><strong>ti-</strong></span> 
     </span>
    </p>
   </div>
   <div class='ocr_carea' id='block_1_25' title="bbox 297 2677 1901 2761">
    <p class='ocr_par' dir='ltr' id='par_1_25' title="bbox 297 2677 1901 2761">
     <span class='ocr_line' id='line_1_25' title="bbox 297 2677 1901 2761; baseline -0.003 -17"><span class='ocrx_word' id='word_1_186' title='bbox 297 2708 491 2745; x_wconf 85' lang='lat' dir='ltr'><strong>morem</strong></span> <span class='ocrx_word' id='word_1_187' title='bbox 522 2689 565 2759; x_wconf 85' lang='lat' dir='ltr'><strong>(l</strong></span> <span class='ocrx_word' id='word_1_188' title='bbox 588 2689 748 2743; x_wconf 78' lang='lat' dir='ltr'><strong>Joan.</strong></span> <span class='ocrx_word' id='word_1_189' title='bbox 779 2705 851 2755; x_wconf 79' lang='lat' dir='ltr'><strong>tv,</strong></span> <span class='ocrx_word' id='word_1_190' title='bbox 886 2687 999 2761; x_wconf 80' lang='grc'><strong>18).</strong></span> <span class='ocrx_word' id='word_1_191' title='bbox 1024 2686 1276 2757; x_wconf 75' lang='lat' dir='ltr'><strong>Quisquis</strong></span> <span class='ocrx_word' id='word_1_192' title='bbox 1320 2686 1481 2755; x_wconf 81' lang='lat' dir='ltr'><strong>igitur</strong></span> <span class='ocrx_word' id='word_1_193' title='bbox 1524 2699 1641 2739; x_wconf 90' lang='lat' dir='ltr'><strong>eam</strong></span> <span class='ocrx_word' id='word_1_194' title='bbox 1695 2677 1901 2739; x_wconf 88' lang='lat' dir='ltr'><strong>nutrire</strong></span> 
     </span>
    </p>
   </div>
   <div class='ocr_carea' id='block_1_26' title="bbox 298 2776 1897 2847">
    <p class='ocr_par' dir='ltr' id='par_1_26' title="bbox 298 2776 1897 2847">
     <span class='ocr_line' id='line_1_26' title="bbox 298 2776 1897 2847; baseline -0.003 -14"><span class='ocrx_word' id='word_1_195' title='bbox 298 2782 440 2847; x_wconf 87' lang='lat' dir='ltr'><strong>vult,</strong></span> <span class='ocrx_word' id='word_1_196' title='bbox 472 2782 634 2835; x_wconf 87' lang='lat' dir='ltr'><strong>instet</strong></span> <span class='ocrx_word' id='word_1_197' title='bbox 660 2779 968 2834; x_wconf 90' lang='lat' dir='ltr'><strong>minuendis</strong></span> <span class='ocrx_word' id='word_1_198' title='bbox 1000 2777 1403 2847; x_wconf 55' lang='lat' dir='ltr'><strong>cuiiiditatibus.</strong></span> <span class='ocrx_word' id='word_1_199' title='bbox 1448 2776 1543 2830; x_wconf 87' lang='lat' dir='ltr'><strong>Est</strong></span> <span class='ocrx_word' id='word_1_200' title='bbox 1585 2783 1763 2829; x_wconf 89' lang='lat' dir='ltr'><strong>autem</strong></span> <span class='ocrx_word' id='word_1_201' title='bbox 1802 2790 1897 2829; x_wconf 89' lang='lat' dir='ltr'><strong>cu-</strong></span> 
     </span>
    </p>
   </div>
   <div class='ocr_carea' id='block_1_27' title="bbox 296 2866 1895 2941">
    <p class='ocr_par' dir='ltr' id='par_1_27' title="bbox 296 2866 1895 2941">
     <span class='ocr_line' id='line_1_27' title="bbox 296 2866 1895 2941; baseline -0.003 -16"><span class='ocrx_word' id='word_1_202' title='bbox 296 2872 517 2941; x_wconf 86' lang='lat' dir='ltr'><strong>piditas,</strong></span> <span class='ocrx_word' id='word_1_203' title='bbox 546 2886 703 2925; x_wconf 89' lang='lat' dir='ltr'><strong>amor</strong></span> <span class='ocrx_word' id='word_1_204' title='bbox 729 2870 1061 2940; x_wconf 84' lang='lat' dir='ltr'><strong>adipiscendi</strong></span> <span class='ocrx_word' id='word_1_205' title='bbox 1110 2877 1204 2923; x_wconf 91' lang='lat' dir='ltr'><strong>aut</strong></span> <span class='ocrx_word' id='word_1_206' title='bbox 1233 2866 1510 2924; x_wconf 85' lang='lat' dir='ltr'><strong>obtinendi</strong></span> <span class='ocrx_word' id='word_1_207' title='bbox 1558 2866 1895 2935; x_wconf 82' lang='lat' dir='ltr'><strong>temporalia.</strong></span> 
     </span>
    </p>
   </div>
   <div class='ocr_carea' id='block_1_28' title="bbox 296 2959 1899 3034">
    <p class='ocr_par' dir='ltr' id='par_1_28' title="bbox 296 2959 1899 3034">
     <span class='ocr_line' id='line_1_28' title="bbox 296 2959 1899 3034; baseline -0.004 -14"><span class='ocrx_word' id='word_1_208' title='bbox 296 2966 469 3034; x_wconf 89' lang='lat' dir='ltr'><strong>llujus</strong></span> <span class='ocrx_word' id='word_1_209' title='bbox 496 2964 799 3020; x_wconf 79' lang='lat' dir='ltr'><strong>minuenda:</strong></span> <span class='ocrx_word' id='word_1_210' title='bbox 833 2964 1037 3017; x_wconf 91' lang='lat' dir='ltr'><strong>initium</strong></span> <span class='ocrx_word' id='word_1_211' title='bbox 1071 2971 1174 3030; x_wconf 92' lang='lat' dir='ltr'><strong>est,</strong></span> <span class='ocrx_word' id='word_1_212' title='bbox 1209 2963 1375 3017; x_wconf 91' lang='lat' dir='ltr'><strong>Deum</strong></span> <span class='ocrx_word' id='word_1_213' title='bbox 1402 2962 1610 3025; x_wconf 90' lang='lat' dir='ltr'><strong>timere,</strong></span> <span class='ocrx_word' id='word_1_214' title='bbox 1639 2959 1728 3030; x_wconf 92' lang='lat' dir='ltr'><strong>qui</strong></span> <span class='ocrx_word' id='word_1_215' title='bbox 1751 2959 1899 3014; x_wconf 90' lang='lat' dir='ltr'><strong>solus</strong></span> 
     </span>
    </p>
   </div>
   <div class='ocr_carea' id='block_1_29' title="bbox 295 3052 1896 3126">
    <p class='ocr_par' dir='ltr' id='par_1_29' title="bbox 295 3052 1896 3126">
     <span class='ocr_line' id='line_1_29' title="bbox 295 3052 1896 3126; baseline -0.002 -13"><span class='ocrx_word' id='word_1_216' title='bbox 295 3057 475 3113; x_wconf 89' lang='lat' dir='ltr'><strong>timeri</strong></span> <span class='ocrx_word' id='word_1_217' title='bbox 504 3058 623 3113; x_wconf 91' lang='lat' dir='ltr'><strong>sine</strong></span> <span class='ocrx_word' id='word_1_218' title='bbox 651 3072 837 3112; x_wconf 90' lang='lat' dir='ltr'><strong>amore</strong></span> <span class='ocrx_word' id='word_1_219' title='bbox 887 3071 995 3110; x_wconf 92' lang='lat' dir='ltr'><strong>non</strong></span> <span class='ocrx_word' id='word_1_220' title='bbox 1018 3064 1217 3126; x_wconf 87' lang='lat' dir='ltr'><strong>potest.</strong></span> <span class='ocrx_word' id='word_1_221' title='bbox 1258 3054 1340 3109; x_wconf 87' lang='lat' dir='ltr'><strong>Ad</strong></span> <span class='ocrx_word' id='word_1_222' title='bbox 1392 3052 1712 3124; x_wconf 89' lang='lat' dir='ltr'><strong>sapientiam</strong></span> <span class='ocrx_word' id='word_1_223' title='bbox 1754 3053 1896 3110; x_wconf 90' lang='lat' dir='ltr'><strong>enim</strong></span> 
     </span>
    </p>
   </div>
   <div class='ocr_carea' id='block_1_30' title="bbox 297 3145 1898 3217">
    <p class='ocr_par' dir='ltr' id='par_1_30' title="bbox 297 3145 1898 3217">
     <span class='ocr_line' id='line_1_30' title="bbox 297 3145 1898 3217; baseline 0.001 -15"><span class='ocrx_word' id='word_1_224' title='bbox 297 3148 558 3214; x_wconf 89' lang='lat' dir='ltr'><strong>tenditur,</strong></span> <span class='ocrx_word' id='word_1_225' title='bbox 581 3157 637 3203; x_wconf 91' lang='lat' dir='ltr'><strong>et</strong></span> <span class='ocrx_word' id='word_1_226' title='bbox 660 3147 793 3202; x_wconf 86' lang='lat' dir='ltr'><strong>nihil</strong></span> <span class='ocrx_word' id='word_1_227' title='bbox 822 3147 997 3203; x_wconf 87' lang='lat' dir='ltr'><strong>verius</strong></span> <span class='ocrx_word' id='word_1_228' title='bbox 1030 3162 1097 3201; x_wconf 90' lang='lat' dir='ltr'><strong>eo</strong></span> <span class='ocrx_word' id='word_1_229' title='bbox 1138 3146 1279 3217; x_wconf 87' lang='lat' dir='ltr'><strong>quod</strong></span> <span class='ocrx_word' id='word_1_230' title='bbox 1303 3145 1501 3201; x_wconf 90' lang='lat' dir='ltr'><strong>dictum</strong></span> <span class='ocrx_word' id='word_1_231' title='bbox 1549 3156 1652 3214; x_wconf 89' lang='lat' dir='ltr'><strong>est,</strong></span> <span class='ocrx_word' id='word_1_232' title='bbox 1683 3146 1898 3203; x_wconf 81' lang='lat' dir='ltr'><strong>Initium</strong></span> 
     </span>
    </p>
   </div>
   <div class='ocr_carea' id='block_1_31' title="bbox 292 3236 1898 3311">
    <p class='ocr_par' dir='ltr' id='par_1_31' title="bbox 292 3236 1898 3311">
     <span class='ocr_line' id='line_1_31' title="bbox 292 3236 1898 3311; baseline 0 -17"><span class='ocrx_word' id='word_1_233' title='bbox 292 3240 561 3309; x_wconf 76' lang='lat' dir='ltr'><strong>sapientia:</strong></span> <span class='ocrx_word' id='word_1_234' title='bbox 587 3241 736 3294; x_wconf 87' lang='lat' dir='ltr'><strong>timor</strong></span> <span class='ocrx_word' id='word_1_235' title='bbox 755 3239 960 3293; x_wconf 85' lang='lat' dir='ltr'><strong>Domini</strong></span> <span class='ocrx_word' id='word_1_236' title='bbox 986 3238 1171 3310; x_wconf 83' lang='lat' dir='ltr'><strong>(Eccli.</strong></span> <span class='ocrx_word' id='word_1_237' title='bbox 1201 3254 1240 3303; x_wconf 81' lang='grc' dir='ltr'><strong>ι,</strong></span> <span class='ocrx_word' id='word_1_238' title='bbox 1266 3236 1380 3307; x_wconf 81' lang='grc'><strong>16).</strong></span> <span class='ocrx_word' id='word_1_239' title='bbox 1402 3237 1572 3294; x_wconf 85' lang='lat' dir='ltr'><strong>Nemo</strong></span> <span class='ocrx_word' id='word_1_240' title='bbox 1599 3248 1682 3293; x_wconf 88' lang='lat' dir='ltr'><strong>est</strong></span> <span class='ocrx_word' id='word_1_241' title='bbox 1702 3240 1898 3311; x_wconf 84' lang='lat' dir='ltr'><strong>quippe</strong></span> 
     </span>
    </p>
   </div>
   <div class='ocr_carea' id='block_1_32' title="bbox 294 3331 1896 3403">
    <p class='ocr_par' dir='ltr' id='par_1_32' title="bbox 294 3331 1896 3403">
     <span class='ocr_line' id='line_1_32' title="bbox 294 3331 1896 3403; baseline 0.001 -16"><span class='ocrx_word' id='word_1_242' title='bbox 294 3333 386 3402; x_wconf 88' lang='lat' dir='ltr'><strong>qui</strong></span> <span class='ocrx_word' id='word_1_243' title='bbox 413 3348 521 3388; x_wconf 91' lang='lat' dir='ltr'><strong>non</strong></span> <span class='ocrx_word' id='word_1_244' title='bbox 546 3333 716 3402; x_wconf 88' lang='lat' dir='ltr'><strong>magis</strong></span> <span class='ocrx_word' id='word_1_245' title='bbox 745 3332 987 3387; x_wconf 88' lang='lat' dir='ltr'><strong>dolorem</strong></span> <span class='ocrx_word' id='word_1_246' title='bbox 1030 3331 1237 3401; x_wconf 90' lang='lat' dir='ltr'><strong>fugiat,</strong></span> <span class='ocrx_word' id='word_1_247' title='bbox 1270 3347 1428 3403; x_wconf 87' lang='lat' dir='ltr'><strong>quam</strong></span> <span class='ocrx_word' id='word_1_248' title='bbox 1484 3343 1699 3403; x_wconf 89' lang='lat' dir='ltr'><strong>appetat</strong></span> <span class='ocrx_word' id='word_1_249' title='bbox 1741 3335 1896 3389; x_wconf 88' lang='lat' dir='ltr'><strong>volu-</strong></span> 
     </span>
    </p>
   </div>
   <div class='ocr_carea' id='block_1_33' title="bbox 301 3422 1896 3494">
    <p class='ocr_par' dir='ltr' id='par_1_33' title="bbox 301 3422 1896 3494">
     <span class='ocr_line' id='line_1_33' title="bbox 301 3422 1896 3494; baseline 0.001 -15"><span class='ocrx_word' id='word_1_250' title='bbox 301 3434 506 3494; x_wconf 87' lang='lat' dir='ltr'><strong>ptatem</strong></span> <span class='ocrx_word' id='word_1_251' title='bbox 538 3442 551 3477; x_wconf 93' lang='lat'>:</span> <span class='ocrx_word' id='word_1_252' title='bbox 586 3423 1015 3493; x_wconf 84' lang='lat' dir='ltr'><strong>quandoquidem</strong></span> <span class='ocrx_word' id='word_1_253' title='bbox 1029 3422 1274 3477; x_wconf 85' lang='lat' dir='ltr'><strong>videmus</strong></span> <span class='ocrx_word' id='word_1_254' title='bbox 1302 3423 1461 3477; x_wconf 88' lang='lat' dir='ltr'><strong>etiam</strong></span> <span class='ocrx_word' id='word_1_255' title='bbox 1483 3424 1896 3480; x_wconf 87' lang='lat' dir='ltr'><strong>immanissimas</strong></span> 
     </span>
    </p>
   </div>
   <div class='ocr_carea' id='block_1_34' title="bbox 292 3516 1894 3586">
    <p class='ocr_par' dir='ltr' id='par_1_34' title="bbox 292 3516 1894 3586">
     <span class='ocr_line' id='line_1_34' title="bbox 292 3516 1894 3586; baseline -0.002 -11"><span class='ocrx_word' id='word_1_256' title='bbox 292 3517 553 3575; x_wconf 83' lang='lat' dir='ltr'><strong>bestiasa</strong></span> <span class='ocrx_word' id='word_1_257' title='bbox 605 3516 858 3571; x_wconf 77' lang='lat' dir='ltr'><strong>maximis</strong></span> <span class='ocrx_word' id='word_1_258' title='bbox 905 3516 1268 3586; x_wconf 68' lang='lat' dir='ltr'><strong>voluptatibus</strong></span> <span class='ocrx_word' id='word_1_259' title='bbox 1315 3516 1601 3570; x_wconf 88' lang='lat' dir='ltr'><strong>absterreri</strong></span> <span class='ocrx_word' id='word_1_260' title='bbox 1649 3516 1894 3572; x_wconf 86' lang='lat' dir='ltr'><strong>dolorum</strong></span> 
     </span>
    </p>
   </div>
   <div class='ocr_carea' id='block_1_35' title="bbox 292 3606 1895 3678">
    <p class='ocr_par' dir='ltr' id='par_1_35' title="bbox 292 3606 1895 3678">
     <span class='ocr_line' id='line_1_35' title="bbox 292 3606 1895 3678; baseline -0.002 -13"><span class='ocrx_word' id='word_1_261' title='bbox 292 3619 480 3673; x_wconf 88' lang='lat' dir='ltr'><strong>metu;</strong></span> <span class='ocrx_word' id='word_1_262' title='bbox 515 3608 657 3678; x_wconf 89' lang='lat' dir='ltr'><strong>quod</strong></span> <span class='ocrx_word' id='word_1_263' title='bbox 687 3624 809 3663; x_wconf 91' lang='lat' dir='ltr'><strong>cum</strong></span> <span class='ocrx_word' id='word_1_264' title='bbox 838 3608 889 3661; x_wconf 92' lang='lat' dir='ltr'><strong>in</strong></span> <span class='ocrx_word' id='word_1_265' title='bbox 916 3606 1229 3661; x_wconf 89' lang='lat' dir='ltr'><strong>earumdem</strong></span> <span class='ocrx_word' id='word_1_266' title='bbox 1250 3607 1691 3662; x_wconf 89' lang='lat' dir='ltr'><strong>consuetudinem</strong></span> <span class='ocrx_word' id='word_1_267' title='bbox 1719 3618 1895 3663; x_wconf 83' lang='lat' dir='ltr'><strong>verte-</strong></span> 
     </span>
    </p>
   </div>
   <div class='ocr_carea' id='block_1_36' title="bbox 292 3695 1899 3767">
    <p class='ocr_par' dir='ltr' id='par_1_36' title="bbox 292 3695 1899 3767">
     <span class='ocr_line' id='line_1_36' title="bbox 292 3695 1899 3767; baseline -0.002 -14"><span class='ocrx_word' id='word_1_268' title='bbox 292 3700 384 3761; x_wconf 84' lang='lat' dir='ltr'><strong>rit,</strong></span> <span class='ocrx_word' id='word_1_269' title='bbox 408 3698 631 3752; x_wconf 64' lang='lat' dir='ltr'><strong>domitae</strong></span> <span class='ocrx_word' id='word_1_270' title='bbox 668 3706 727 3753; x_wconf 92' lang='lat' dir='ltr'><strong>et</strong></span> <span class='ocrx_word' id='word_1_271' title='bbox 754 3706 1043 3753; x_wconf 70' lang='lat' dir='ltr'><strong>mansueta:</strong></span> <span class='ocrx_word' id='word_1_272' title='bbox 1072 3706 1353 3752; x_wconf 79' lang='lat' dir='ltr'><strong>vocantur.</strong></span> <span class='ocrx_word' id='word_1_273' title='bbox 1381 3695 1720 3766; x_wconf 89' lang='lat' dir='ltr'><strong>Quapropter</strong></span> <span class='ocrx_word' id='word_1_274' title='bbox 1759 3712 1899 3767; x_wconf 74' lang='lat' dir='ltr'><strong>quo-</strong></span> 
     </span>
    </p>
   </div>
   <div class='ocr_carea' id='block_1_37' title="bbox 296 3786 1896 3857">
    <p class='ocr_par' dir='ltr' id='par_1_37' title="bbox 296 3786 1896 3857">
     <span class='ocr_line' id='line_1_37' title="bbox 296 3786 1896 3857; baseline -0.002 -13"><span class='ocrx_word' id='word_1_275' title='bbox 296 3791 442 3845; x_wconf 86' lang='lat' dir='ltr'><strong>niam</strong></span> <span class='ocrx_word' id='word_1_276' title='bbox 476 3790 622 3844; x_wconf 86' lang='lat' dir='ltr'><strong>inest</strong></span> <span class='ocrx_word' id='word_1_277' title='bbox 651 3788 853 3849; x_wconf 79' lang='lat' dir='ltr'><strong>homini</strong></span> <span class='ocrx_word' id='word_1_278' title='bbox 883 3788 1041 3854; x_wconf 88' lang='lat' dir='ltr'><strong>ratio,</strong></span> <span class='ocrx_word' id='word_1_279' title='bbox 1078 3802 1198 3857; x_wconf 75' lang='lat' dir='ltr'><strong>qua:</strong></span> <span class='ocrx_word' id='word_1_280' title='bbox 1229 3802 1352 3841; x_wconf 91' lang='lat' dir='ltr'><strong>cum</strong></span> <span class='ocrx_word' id='word_1_281' title='bbox 1408 3788 1573 3841; x_wconf 89' lang='lat' dir='ltr'><strong>servit</strong></span> <span class='ocrx_word' id='word_1_282' title='bbox 1618 3786 1896 3857; x_wconf 88' lang='lat' dir='ltr'><strong>cupiditati</strong></span> 
     </span>
    </p>
   </div>
   <div class='ocr_carea' id='block_1_38' title="bbox 292 3878 1893 3952">
    <p class='ocr_par' dir='ltr' id='par_1_38' title="bbox 292 3878 1893 3952">
     <span class='ocr_line' id='line_1_38' title="bbox 292 3878 1893 3952; baseline -0.002 -15"><span class='ocrx_word' id='word_1_283' title='bbox 292 3882 647 3952; x_wconf 86' lang='lat' dir='ltr'><strong>pervcrsione</strong></span> <span class='ocrx_word' id='word_1_284' title='bbox 691 3879 1004 3944; x_wconf 87' lang='lat' dir='ltr'><strong>miserabili,</strong></span> <span class='ocrx_word' id='word_1_285' title='bbox 1033 3888 1092 3933; x_wconf 91' lang='lat' dir='ltr'><strong>ut</strong></span> <span class='ocrx_word' id='word_1_286' title='bbox 1145 3878 1393 3934; x_wconf 88' lang='lat' dir='ltr'><strong>homines</strong></span> <span class='ocrx_word' id='word_1_287' title='bbox 1439 3893 1545 3933; x_wconf 93' lang='lat' dir='ltr'><strong>non</strong></span> <span class='ocrx_word' id='word_1_288' title='bbox 1587 3878 1893 3948; x_wconf 85' lang='lat' dir='ltr'><strong>timeantur,</strong></span> 
     </span>
    </p>
   </div>
   <div class='ocr_carea' id='block_1_39' title="bbox 291 3969 1895 4044">
    <p class='ocr_par' dir='ltr' id='par_1_39' title="bbox 291 3969 1895 4044">
     <span class='ocr_line' id='line_1_39' title="bbox 291 3969 1895 4044; baseline -0.001 -15"><span class='ocrx_word' id='word_1_289' title='bbox 291 3975 537 4044; x_wconf 78' lang='lat' dir='ltr'><strong>suggerit</strong></span> <span class='ocrx_word' id='word_1_290' title='bbox 564 3973 735 4026; x_wconf 90' lang='lat' dir='ltr'><strong>latere</strong></span> <span class='ocrx_word' id='word_1_291' title='bbox 767 3986 922 4041; x_wconf 87' lang='lat' dir='ltr'><strong>posse</strong></span> <span class='ocrx_word' id='word_1_292' title='bbox 941 3970 1253 4033; x_wconf 88' lang='lat' dir='ltr'><strong>commissa,</strong></span> <span class='ocrx_word' id='word_1_293' title='bbox 1282 3979 1335 4024; x_wconf 90' lang='lat' dir='ltr'><strong>et</strong></span> <span class='ocrx_word' id='word_1_294' title='bbox 1353 3969 1418 4023; x_wconf 87' lang='lat' dir='ltr'><strong>ad</strong></span> <span class='ocrx_word' id='word_1_295' title='bbox 1444 3970 1666 4040; x_wconf 84' lang='lat' dir='ltr'><strong>tegenda</strong></span> <span class='ocrx_word' id='word_1_296' title='bbox 1689 3972 1895 4027; x_wconf 89' lang='lat' dir='ltr'><strong>occulta</strong></span> 
     </span>
    </p>
   </div>
   <div class='ocr_carea' id='block_1_40' title="bbox 290 4063 1896 4155">
    <p class='ocr_par' dir='ltr' id='par_1_40' title="bbox 290 4063 1896 4155">
     <span class='ocr_line' id='line_1_40' title="bbox 290 4063 1896 4155; baseline -0.003 -34"><span class='ocrx_word' id='word_1_297' title='bbox 290 4076 515 4137; x_wconf 88' lang='lat' dir='ltr'><strong>peccata</strong></span> <span class='ocrx_word' id='word_1_298' title='bbox 547 4065 906 4155; x_wconf 59' lang='lat' dir='ltr'><strong>astutissimas</strong></span> <span class='ocrx_word' id='word_1_299' title='bbox 929 4063 1167 4117; x_wconf 80' lang='lat' dir='ltr'><strong>fallacias</strong></span> <span class='ocrx_word' id='word_1_300' title='bbox 1200 4070 1503 4132; x_wconf 86' lang='lat' dir='ltr'><strong>comparat;</strong></span> <span class='ocrx_word' id='word_1_301' title='bbox 1532 4078 1598 4117; x_wconf 92' lang='lat' dir='ltr'><strong>eo</strong></span> <span class='ocrx_word' id='word_1_302' title='bbox 1629 4064 1686 4116; x_wconf 89' lang='lat' dir='ltr'><strong>lit</strong></span> <span class='ocrx_word' id='word_1_303' title='bbox 1715 4071 1772 4118; x_wconf 91' lang='lat' dir='ltr'><strong>ut</strong></span> <span class='ocrx_word' id='word_1_304' title='bbox 1801 4064 1896 4117; x_wconf 87' lang='lat' dir='ltr'><strong>ho-</strong></span> 
     </span>
    </p>
   </div>
   <div class='ocr_carea' id='block_1_41' title="bbox 190 4144 1893 4226">
    <p class='ocr_par' dir='ltr' id='par_1_41' title="bbox 190 4144 1893 4226">
     <span class='ocr_line' id='line_1_41' title="bbox 190 4144 1893 4226; baseline -0.005 -12"><span class='ocrx_word' id='word_1_305' title='bbox 190 4144 193 4147; x_wconf 52' lang='grc'><em>’</em></span> <span class='ocrx_word' id='word_1_306' title='bbox 291 4160 473 4214; x_wconf 87' lang='lat' dir='ltr'><strong>mines</strong></span> <span class='ocrx_word' id='word_1_307' title='bbox 526 4144 662 4226; x_wconf 72' lang='lat' dir='ltr'><strong>quos</strong></span> <span class='ocrx_word' id='word_1_308' title='bbox 714 4154 949 4211; x_wconf 92' lang='lat' dir='ltr'><strong>nondum</strong></span> <span class='ocrx_word' id='word_1_309' title='bbox 989 4154 1222 4210; x_wconf 88' lang='lat' dir='ltr'><strong>delectat</strong></span> <span class='ocrx_word' id='word_1_310' title='bbox 1277 4151 1615 4222; x_wconf 82' lang='lat' dir='ltr'><strong>pulchritudo</strong></span> <span class='ocrx_word' id='word_1_311' title='bbox 1661 4154 1893 4222; x_wconf 90' lang='lat' dir='ltr'><strong>virtutis,</strong></span> 
     </span>
    </p>
   </div>
   <div class='ocr_carea' id='block_1_42' title="bbox 289 4245 1897 4319">
    <p class='ocr_par' dir='ltr' id='par_1_42' title="bbox 289 4245 1897 4319">
     <span class='ocr_line' id='line_1_42' title="bbox 289 4245 1897 4319; baseline -0.002 -15"><span class='ocrx_word' id='word_1_312' title='bbox 289 4250 395 4305; x_wconf 90' lang='lat' dir='ltr'><strong>nisi</strong></span> <span class='ocrx_word' id='word_1_313' title='bbox 420 4249 646 4319; x_wconf 73' lang='lat' dir='ltr'><strong>prenisa</strong></span> <span class='ocrx_word' id='word_1_314' title='bbox 682 4246 956 4317; x_wconf 87' lang='lat' dir='ltr'><strong>peccando</strong></span> <span class='ocrx_word' id='word_1_315' title='bbox 994 4245 1393 4310; x_wconf 86' lang='lat' dir='ltr'><strong>deterreantur,</strong></span> <span class='ocrx_word' id='word_1_316' title='bbox 1451 4260 1570 4314; x_wconf 75' lang='lat' dir='ltr'><strong>qua:</strong></span> <span class='ocrx_word' id='word_1_317' title='bbox 1618 4245 1897 4301; x_wconf 87' lang='lat' dir='ltr'><strong>verissime</strong></span> 
     </span>
    </p>
   </div>
   <div class='ocr_carea' id='block_1_43' title="bbox 289 4334 1897 4410">
    <p class='ocr_par' dir='ltr' id='par_1_43' title="bbox 289 4334 1897 4410">
     <span class='ocr_line' id='line_1_43' title="bbox 289 4334 1897 4410; baseline -0.001 -16"><span class='ocrx_word' id='word_1_318' title='bbox 289 4355 390 4410; x_wconf 85' lang='lat' dir='ltr'><strong>per</strong></span> <span class='ocrx_word' id='word_1_319' title='bbox 413 4347 635 4394; x_wconf 85' lang='lat' dir='ltr'><strong>sanctos</strong></span> <span class='ocrx_word' id='word_1_320' title='bbox 677 4346 734 4393; x_wconf 89' lang='lat' dir='ltr'><strong>ct</strong></span> <span class='ocrx_word' id='word_1_321' title='bbox 761 4336 968 4392; x_wconf 90' lang='lat' dir='ltr'><strong>divinos</strong></span> <span class='ocrx_word' id='word_1_322' title='bbox 1020 4336 1167 4391; x_wconf 91' lang='lat' dir='ltr'><strong>viros</strong></span> <span class='ocrx_word' id='word_1_323' title='bbox 1213 4334 1588 4405; x_wconf 67' lang='lat' dir='ltr'><strong>praedicantur,</strong></span> <span class='ocrx_word' id='word_1_324' title='bbox 1645 4344 1701 4391; x_wconf 90' lang='lat' dir='ltr'><strong>et</strong></span> <span class='ocrx_word' id='word_1_325' title='bbox 1753 4336 1897 4405; x_wconf 88' lang='lat' dir='ltr'><strong>quod</strong></span> 
     </span>
    </p>
   </div>
   <div class='ocr_carea' id='block_1_44' title="bbox 291 4426 1893 4497">
    <p class='ocr_par' dir='ltr' id='par_1_44' title="bbox 291 4426 1893 4497">
     <span class='ocr_line' id='line_1_44' title="bbox 291 4426 1893 4497; baseline -0.002 -13"><span class='ocrx_word' id='word_1_326' title='bbox 291 4431 477 4497; x_wconf 81' lang='lat' dir='ltr'><strong>celant</strong></span> <span class='ocrx_word' id='word_1_327' title='bbox 516 4429 844 4496; x_wconf 86' lang='lat' dir='ltr'><strong>hominibus,</strong></span> <span class='ocrx_word' id='word_1_328' title='bbox 880 4428 989 4483; x_wconf 88' lang='lat' dir='ltr'><strong>Deo</strong></span> <span class='ocrx_word' id='word_1_329' title='bbox 1017 4426 1183 4483; x_wconf 90' lang='lat' dir='ltr'><strong>celari</strong></span> <span class='ocrx_word' id='word_1_330' title='bbox 1216 4441 1321 4481; x_wconf 93' lang='lat' dir='ltr'><strong>non</strong></span> <span class='ocrx_word' id='word_1_331' title='bbox 1355 4441 1514 4496; x_wconf 89' lang='lat' dir='ltr'><strong>posse</strong></span> <span class='ocrx_word' id='word_1_332' title='bbox 1533 4427 1893 4494; x_wconf 90' lang='lat' dir='ltr'><strong>consentiant,</strong></span> 
     </span>
    </p>
   </div>
   <div class='ocr_carea' id='block_1_45' title="bbox 292 4519 1898 4591">
    <p class='ocr_par' dir='ltr' id='par_1_45' title="bbox 292 4519 1898 4591">
     <span class='ocr_line' id='line_1_45' title="bbox 292 4519 1898 4591; baseline -0.003 -12"><span class='ocrx_word' id='word_1_333' title='bbox 292 4524 570 4580; x_wconf 86' lang='lat' dir='ltr'><strong>difficilius</strong></span> <span class='ocrx_word' id='word_1_334' title='bbox 618 4523 904 4578; x_wconf 85' lang='lat' dir='ltr'><strong>domentur</strong></span> <span class='ocrx_word' id='word_1_335' title='bbox 932 4536 1091 4591; x_wconf 88' lang='lat' dir='ltr'><strong>quam</strong></span> <span class='ocrx_word' id='word_1_336' title='bbox 1126 4521 1273 4576; x_wconf 63' lang='grc' dir='ltr'><strong>[εγω.</strong></span> <span class='ocrx_word' id='word_1_337' title='bbox 1316 4519 1384 4576; x_wconf 91' lang='lat' dir='ltr'><strong>Ut</strong></span> <span class='ocrx_word' id='word_1_338' title='bbox 1421 4527 1598 4575; x_wconf 90' lang='lat' dir='ltr'><strong>autem</strong></span> <span class='ocrx_word' id='word_1_339' title='bbox 1648 4520 1898 4575; x_wconf 90' lang='lat' dir='ltr'><strong>timeatur</strong></span> 
     </span>
    </p>
   </div>
   <div class='ocr_carea' id='block_1_46' title="bbox 293 4613 1894 4686">
    <p class='ocr_par' dir='ltr' id='par_1_46' title="bbox 293 4613 1894 4686">
     <span class='ocr_line' id='line_1_46' title="bbox 293 4613 1894 4686; baseline -0.004 -11"><span class='ocrx_word' id='word_1_340' title='bbox 293 4617 463 4680; x_wconf 84' lang='lat' dir='ltr'><strong>Deus,</strong></span> <span class='ocrx_word' id='word_1_341' title='bbox 504 4615 683 4671; x_wconf 86' lang='lat' dir='ltr'><strong>divina</strong></span> <span class='ocrx_word' id='word_1_342' title='bbox 707 4614 1035 4686; x_wconf 88' lang='lat' dir='ltr'><strong>providentia</strong></span> <span class='ocrx_word' id='word_1_343' title='bbox 1062 4615 1171 4685; x_wconf 85' lang='lat' dir='ltr'><strong>regi</strong></span> <span class='ocrx_word' id='word_1_344' title='bbox 1201 4613 1449 4669; x_wconf 88' lang='lat' dir='ltr'><strong>universa</strong></span> <span class='ocrx_word' id='word_1_345' title='bbox 1470 4613 1894 4683; x_wconf 90' lang='lat' dir='ltr'><strong>persuadendum</strong></span> 
     </span>
    </p>
   </div>
   <div class='ocr_carea' id='block_1_47' title="bbox 292 4704 1899 4776">
    <p class='ocr_par' dir='ltr' id='par_1_47' title="bbox 292 4704 1899 4776">
     <span class='ocr_line' id='line_1_47' title="bbox 292 4704 1899 4776; baseline -0.001 -13"><span class='ocrx_word' id='word_1_346' title='bbox 292 4719 410 4773; x_wconf 87' lang='lat' dir='ltr'><strong>est;</strong></span> <span class='ocrx_word' id='word_1_347' title='bbox 439 4717 682 4767; x_wconf 89' lang='lat' dir='ltr'><strong>nontam</strong></span> <span class='ocrx_word' id='word_1_348' title='bbox 713 4707 1028 4771; x_wconf 83' lang='lat' dir='ltr'><strong>rationibus,</strong></span> <span class='ocrx_word' id='word_1_349' title='bbox 1052 4721 1190 4776; x_wconf 91' lang='lat' dir='ltr'><strong>quas</strong></span> <span class='ocrx_word' id='word_1_350' title='bbox 1230 4706 1322 4776; x_wconf 88' lang='lat' dir='ltr'><strong>qui</strong></span> <span class='ocrx_word' id='word_1_351' title='bbox 1371 4713 1544 4774; x_wconf 84' lang='lat' dir='ltr'><strong>potest</strong></span> <span class='ocrx_word' id='word_1_352' title='bbox 1598 4704 1754 4771; x_wconf 88' lang='lat' dir='ltr'><strong>inire,</strong></span> <span class='ocrx_word' id='word_1_353' title='bbox 1804 4719 1899 4776; x_wconf 87' lang='lat' dir='ltr'><strong>po-</strong></span> 
     </span>
    </p>
   </div>
   <div class='ocr_carea' id='block_1_48' title="bbox 294 4797 1896 4871">
    <p class='ocr_par' dir='ltr' id='par_1_48' title="bbox 294 4797 1896 4871">
     <span class='ocr_line' id='line_1_48' title="bbox 294 4797 1896 4871; baseline -0.002 -15"><span class='ocrx_word' id='word_1_354' title='bbox 294 4813 401 4858; x_wconf 85' lang='lat' dir='ltr'><strong>test</strong></span> <span class='ocrx_word' id='word_1_355' title='bbox 432 4802 546 4871; x_wconf 87' lang='lat' dir='ltr'><strong>jam</strong></span> <span class='ocrx_word' id='word_1_356' title='bbox 586 4810 641 4856; x_wconf 91' lang='lat' dir='ltr'><strong>et</strong></span> <span class='ocrx_word' id='word_1_357' title='bbox 678 4799 1126 4870; x_wconf 87' lang='lat' dir='ltr'><strong>pulchritudinem</strong></span> <span class='ocrx_word' id='word_1_358' title='bbox 1196 4798 1401 4854; x_wconf 88' lang='lat' dir='ltr'><strong>sentire</strong></span> <span class='ocrx_word' id='word_1_359' title='bbox 1448 4797 1678 4862; x_wconf 91' lang='lat' dir='ltr'><strong>virtutis,</strong></span> <span class='ocrx_word' id='word_1_360' title='bbox 1737 4812 1896 4867; x_wconf 87' lang='lat' dir='ltr'><strong>quam</strong></span> 
     </span>
    </p>
   </div>
   <div class='ocr_carea' id='block_1_49' title="bbox 292 4888 1899 4963">
    <p class='ocr_par' dir='ltr' id='par_1_49' title="bbox 292 4888 1899 4963">
     <span class='ocr_line' id='line_1_49' title="bbox 292 4888 1899 4963; baseline -0.001 -17"><span class='ocrx_word' id='word_1_361' title='bbox 292 4893 559 4963; x_wconf 77' lang='lat' dir='ltr'><strong>exemplis</strong></span> <span class='ocrx_word' id='word_1_362' title='bbox 601 4892 683 4947; x_wconf 85' lang='lat' dir='ltr'><strong>vel</strong></span> <span class='ocrx_word' id='word_1_363' title='bbox 708 4890 1034 4955; x_wconf 87' lang='lat' dir='ltr'><strong>recentibus,</strong></span> <span class='ocrx_word' id='word_1_364' title='bbox 1081 4890 1125 4945; x_wconf 88' lang='lat' dir='ltr'><strong>si</strong></span> <span class='ocrx_word' id='word_1_365' title='bbox 1152 4905 1254 4960; x_wconf 92' lang='lat' dir='ltr'><strong>qua</strong></span> <span class='ocrx_word' id='word_1_366' title='bbox 1282 4896 1590 4955; x_wconf 89' lang='lat' dir='ltr'><strong>occurrunt,</strong></span> <span class='ocrx_word' id='word_1_367' title='bbox 1618 4889 1699 4944; x_wconf 91' lang='lat' dir='ltr'><strong>vel</strong></span> <span class='ocrx_word' id='word_1_368' title='bbox 1722 4888 1791 4943; x_wconf 90' lang='lat' dir='ltr'><strong>de</strong></span> <span class='ocrx_word' id='word_1_369' title='bbox 1817 4888 1899 4944; x_wconf 87' lang='lat' dir='ltr'><strong>hi-</strong></span> 
     </span>
    </p>
   </div>
   <div class='ocr_carea' id='block_1_50' title="bbox 292 4983 1892 5055">
    <p class='ocr_par' dir='ltr' id='par_1_50' title="bbox 292 4983 1892 5055">
     <span class='ocr_line' id='line_1_50' title="bbox 292 4983 1892 5055; baseline -0.005 -11"><span class='ocrx_word' id='word_1_370' title='bbox 292 4988 486 5053; x_wconf 88' lang='lat' dir='ltr'><strong>storia,</strong></span> <span class='ocrx_word' id='word_1_371' title='bbox 524 4995 580 5042; x_wconf 90' lang='lat' dir='ltr'><strong>et</strong></span> <span class='ocrx_word' id='word_1_372' title='bbox 601 5002 665 5042; x_wconf 90' lang='lat' dir='ltr'><strong>ea</strong></span> <span class='ocrx_word' id='word_1_373' title='bbox 718 4986 950 5040; x_wconf 81' lang='lat' dir='ltr'><strong>maxime</strong></span> <span class='ocrx_word' id='word_1_374' title='bbox 1001 5001 1124 5055; x_wconf 72' lang='lat' dir='ltr'><strong>qua:</strong></span> <span class='ocrx_word' id='word_1_375' title='bbox 1169 4985 1286 5053; x_wconf 86' lang='lat' dir='ltr'><strong>ipsa</strong></span> <span class='ocrx_word' id='word_1_376' title='bbox 1330 4984 1509 5038; x_wconf 89' lang='lat' dir='ltr'><strong>divina</strong></span> <span class='ocrx_word' id='word_1_377' title='bbox 1557 4983 1892 5053; x_wconf 89' lang='lat' dir='ltr'><strong>providentia</strong></span> 
     </span>
    </p>
   </div>
   <div class='ocr_carea' id='block_1_51' title="bbox 294 5076 1897 5152">
    <p class='ocr_par' dir='ltr' id='par_1_51' title="bbox 294 5076 1897 5152">
     <span class='ocr_line' id='line_1_51' title="bbox 294 5076 1897 5152; baseline -0.003 -17"><span class='ocrx_word' id='word_1_378' title='bbox 294 5090 638 5152; x_wconf 87' lang='lat' dir='ltr'><strong>procurante,</strong></span> <span class='ocrx_word' id='word_1_379' title='bbox 672 5080 785 5134; x_wconf 85' lang='lat' dir='ltr'><strong>sive</strong></span> <span class='ocrx_word' id='word_1_380' title='bbox 813 5080 864 5133; x_wconf 92' lang='lat' dir='ltr'><strong>in</strong></span> <span class='ocrx_word' id='word_1_381' title='bbox 895 5078 1116 5145; x_wconf 79' lang='lat' dir='ltr'><strong>Vetere,</strong></span> <span class='ocrx_word' id='word_1_382' title='bbox 1144 5078 1258 5132; x_wconf 88' lang='lat' dir='ltr'><strong>sive</strong></span> <span class='ocrx_word' id='word_1_383' title='bbox 1284 5078 1333 5130; x_wconf 90' lang='lat' dir='ltr'><strong>in</strong></span> <span class='ocrx_word' id='word_1_384' title='bbox 1375 5076 1524 5130; x_wconf 86' lang='lat' dir='ltr'><strong>Novo</strong></span> <span class='ocrx_word' id='word_1_385' title='bbox 1554 5076 1897 5131; x_wconf 87' lang='lat' dir='ltr'><strong>Testamento</strong></span> 
     </span>
    </p>
   </div>
   <div class='ocr_carea' id='block_1_52' title="bbox 292 5167 1898 5238">
    <p class='ocr_par' dir='ltr' id='par_1_52' title="bbox 292 5167 1898 5238">
     <span class='ocr_line' id='line_1_52' title="bbox 292 5167 1898 5238; baseline -0.002 -13"><span class='ocrx_word' id='word_1_386' title='bbox 292 5172 803 5227; x_wconf 73' lang='lat' dir='ltr'><strong>excellentissimam</strong></span> <span class='ocrx_word' id='word_1_387' title='bbox 844 5170 1216 5224; x_wconf 84' lang='lat' dir='ltr'><strong>auctoritatem</strong></span> <span class='ocrx_word' id='word_1_388' title='bbox 1250 5167 1521 5238; x_wconf 82' lang='lat' dir='ltr'><strong>religionis</strong></span> <span class='ocrx_word' id='word_1_389' title='bbox 1559 5167 1781 5237; x_wconf 84' lang='lat' dir='ltr'><strong>recepit.</strong></span> <span class='ocrx_word' id='word_1_390' title='bbox 1813 5167 1898 5223; x_wconf 92' lang='lat' dir='ltr'><strong>Si-</strong></span> 
     </span>
    </p>
   </div>
   <div class='ocr_carea' id='block_1_53' title="bbox 292 5260 1898 5333">
    <p class='ocr_par' dir='ltr' id='par_1_53' title="bbox 292 5260 1898 5333">
     <span class='ocr_line' id='line_1_53' title="bbox 292 5260 1898 5333; baseline -0.001 -16"><span class='ocrx_word' id='word_1_391' title='bbox 292 5264 408 5318; x_wconf 87' lang='lat' dir='ltr'><strong>mul</strong></span> <span class='ocrx_word' id='word_1_392' title='bbox 431 5273 609 5318; x_wconf 90' lang='lat' dir='ltr'><strong>autem</strong></span> <span class='ocrx_word' id='word_1_393' title='bbox 632 5262 897 5333; x_wconf 85' lang='lat' dir='ltr'><strong>agendum</strong></span> <span class='ocrx_word' id='word_1_394' title='bbox 930 5270 1015 5315; x_wconf 89' lang='lat' dir='ltr'><strong>cst</strong></span> <span class='ocrx_word' id='word_1_395' title='bbox 1052 5270 1106 5315; x_wconf 85' lang='lat' dir='ltr'><strong>cl</strong></span> <span class='ocrx_word' id='word_1_396' title='bbox 1134 5261 1201 5315; x_wconf 91' lang='lat' dir='ltr'><strong>de</strong></span> <span class='ocrx_word' id='word_1_397' title='bbox 1228 5260 1403 5330; x_wconf 62' lang='lat' dir='ltr'><strong>patriis</strong></span> <span class='ocrx_word' id='word_1_398' title='bbox 1449 5268 1811 5330; x_wconf 82' lang='lat' dir='ltr'><strong>peccatorum,</strong></span> <span class='ocrx_word' id='word_1_399' title='bbox 1842 5268 1898 5315; x_wconf 87' lang='lat' dir='ltr'><strong>et</strong></span> 
     </span>
    </p>
   </div>
   <div class='ocr_carea' id='block_1_54' title="bbox 291 5356 1106 5427">
    <p class='ocr_par' dir='ltr' id='par_1_54' title="bbox 291 5356 1106 5427">
     <span class='ocr_line' id='line_1_54' title="bbox 291 5356 1106 5427; baseline -0.004 -16"><span class='ocrx_word' id='word_1_400' title='bbox 291 5357 363 5427; x_wconf 86' lang='lat' dir='ltr'><strong>de</strong></span> <span class='ocrx_word' id='word_1_401' title='bbox 391 5356 626 5427; x_wconf 73' lang='lat' dir='ltr'><strong>prmmiis</strong></span> <span class='ocrx_word' id='word_1_402' title='bbox 654 5365 800 5410; x_wconf 90' lang='lat' dir='ltr'><strong>recte</strong></span> <span class='ocrx_word' id='word_1_403' title='bbox 823 5357 1106 5409; x_wconf 83' lang='lat' dir='ltr'><strong>factorum.</strong></span> 
     </span>
    </p>
   </div>
   <div class='ocr_carea' id='block_1_55' title="bbox 366 5446 1891 5517">
    <p class='ocr_par' dir='ltr' id='par_1_55' title="bbox 366 5446 1891 5517">
     <span class='ocr_line' id='line_1_55' title="bbox 366 5446 1891 5517; baseline -0.001 -14"><span class='ocrx_word' id='word_1_404' title='bbox 366 5451 421 5503; x_wconf 74' lang='lat'><strong>2.</strong></span> <span class='ocrx_word' id='word_1_405' title='bbox 451 5450 568 5504; x_wconf 82' lang='lat' dir='ltr'><strong>Jam</strong></span> <span class='ocrx_word' id='word_1_406' title='bbox 598 5465 727 5505; x_wconf 88' lang='lat' dir='ltr'><strong>vero</strong></span> <span class='ocrx_word' id='word_1_407' title='bbox 757 5464 878 5503; x_wconf 91' lang='lat' dir='ltr'><strong>cum</strong></span> <span class='ocrx_word' id='word_1_408' title='bbox 913 5448 1088 5517; x_wconf 88' lang='lat' dir='ltr'><strong>aliqua</strong></span> <span class='ocrx_word' id='word_1_409' title='bbox 1116 5463 1219 5501; x_wconf 88' lang='lat' dir='ltr'><strong>non</strong></span> <span class='ocrx_word' id='word_1_410' title='bbox 1253 5446 1507 5516; x_wconf 84' lang='lat' dir='ltr'><strong>peccandi</strong></span> <span class='ocrx_word' id='word_1_411' title='bbox 1539 5446 1891 5513; x_wconf 86' lang='lat' dir='ltr'><strong>consuetudo,</strong></span> 
     </span>
    </p>
   </div>
   <div class='ocr_carea' id='block_1_56' title="bbox 293 5538 1892 5612">
    <p class='ocr_par' dir='ltr' id='par_1_56' title="bbox 293 5538 1892 5612">
     <span class='ocr_line' id='line_1_56' title="bbox 293 5538 1892 5612; baseline -0.002 -17"><span class='ocrx_word' id='word_1_412' title='bbox 293 5543 440 5612; x_wconf 87' lang='lat' dir='ltr'><strong>quod</strong></span> <span class='ocrx_word' id='word_1_413' title='bbox 488 5558 779 5597; x_wconf 89' lang='lat' dir='ltr'><strong>onerosum</strong></span> <span class='ocrx_word' id='word_1_414' title='bbox 823 5541 1124 5611; x_wconf 83' lang='lat' dir='ltr'><strong>putabatur,</strong></span> <span class='ocrx_word' id='word_1_415' title='bbox 1178 5540 1331 5595; x_wconf 92' lang='lat' dir='ltr'><strong>facile</strong></span> <span class='ocrx_word' id='word_1_416' title='bbox 1376 5553 1495 5593; x_wconf 76' lang='lat' dir='ltr'><strong>esse</strong></span> <span class='ocrx_word' id='word_1_417' title='bbox 1546 5538 1892 5607; x_wconf 86' lang='lat' dir='ltr'><strong>persuaserit;</strong></span> 
     </span>
    </p>
   </div>
   <div class='ocr_carea' id='block_1_57' title="bbox 293 5630 1895 5706">
    <p class='ocr_par' dir='ltr' id='par_1_57' title="bbox 293 5630 1895 5706">
     <span class='ocr_line' id='line_1_57' title="bbox 293 5630 1895 5706; baseline -0.003 -17"><span class='ocrx_word' id='word_1_418' title='bbox 293 5634 519 5705; x_wconf 72' lang='lat' dir='ltr'><strong>incipiat</strong></span> <span class='ocrx_word' id='word_1_419' title='bbox 542 5633 749 5706; x_wconf 77' lang='lat' dir='ltr'><strong>gestari</strong></span> <span class='ocrx_word' id='word_1_420' title='bbox 773 5632 997 5687; x_wconf 90' lang='lat' dir='ltr'><strong>dulcedo</strong></span> <span class='ocrx_word' id='word_1_421' title='bbox 1028 5632 1258 5702; x_wconf 86' lang='lat' dir='ltr'><strong>pictatis,</strong></span> <span class='ocrx_word' id='word_1_422' title='bbox 1291 5642 1343 5687; x_wconf 91' lang='lat' dir='ltr'><strong>et</strong></span> <span class='ocrx_word' id='word_1_423' title='bbox 1374 5630 1736 5686; x_wconf 88' lang='lat' dir='ltr'><strong>commendari</strong></span> <span class='ocrx_word' id='word_1_424' title='bbox 1775 5630 1895 5699; x_wconf 89' lang='lat' dir='ltr'><strong>pul-</strong></span> 
     </span>
    </p>
   </div>
   <div class='ocr_carea' id='block_1_58' title="bbox 358 5740 1896 5802">
    <p class='ocr_par' dir='ltr' id='par_1_58' title="bbox 358 5740 1896 5802">
     <span class='ocr_line' id='line_1_58' title="bbox 358 5740 1896 5802; baseline -0.003 -8"><span class='ocrx_word' id='word_1_425' title='bbox 358 5750 373 5777; x_wconf 82' lang='lat'>&#39;</span> <span class='ocrx_word' id='word_1_426' title='bbox 396 5752 462 5797; x_wconf 89' lang='lat' dir='ltr'><strong>tta</strong></span> <span class='ocrx_word' id='word_1_427' title='bbox 516 5753 626 5796; x_wconf 82' lang='lat' dir='ltr'><strong>Itss.</strong></span> <span class='ocrx_word' id='word_1_428' title='bbox 688 5750 747 5793; x_wconf 80' lang='lat' dir='ltr'><strong>At</strong></span> <span class='ocrx_word' id='word_1_429' title='bbox 792 5744 942 5802; x_wconf 90' lang='lat' dir='ltr'><strong>editi,</strong></span> <span class='ocrx_word' id='word_1_430' title='bbox 997 5742 1291 5795; x_wconf 81' lang='lat' dir='ltr'><strong>Charitatent</strong></span> <span class='ocrx_word' id='word_1_431' title='bbox 1347 5757 1457 5797; x_wconf 72' lang='lat' dir='ltr'><strong>voco</strong></span> <span class='ocrx_word' id='word_1_432' title='bbox 1516 5749 1692 5793; x_wconf 83' lang='lat' dir='ltr'><strong>motum</strong></span> <span class='ocrx_word' id='word_1_433' title='bbox 1745 5740 1896 5791; x_wconf 82' lang='lat' dir='ltr'><strong>animi</strong></span> 
     </span>
    </p>
   </div>
   <div class='ocr_carea' id='block_1_59' title="bbox 294 5818 1123 5932">
    <p class='ocr_par' dir='ltr' id='par_1_59' title="bbox 294 5818 1123 5932">
     <span class='ocr_line' id='line_1_59' title="bbox 294 5818 1123 5932; baseline -0.005 -10"><span class='ocrx_word' id='word_1_434' title='bbox 294 5821 385 5904; x_wconf 55' lang='lat' dir='ltr'><strong>qn?</strong></span> <span class='ocrx_word' id='word_1_435' title='bbox 611 5875 748 5925; x_wconf 66' lang='lat' dir='ltr'><strong>Mss,</strong></span> <span class='ocrx_word' id='word_1_436' title='bbox 768 5880 871 5932; x_wconf 71' lang='lat' dir='ltr'><strong>qua</strong></span> <span class='ocrx_word' id='word_1_437' title='bbox 883 5870 1123 5932; x_wconf 72' lang='lat' dir='ltr'><strong>(nitamur.</strong></span> 
     </span>
    </p>
   </div>
   <div class='ocr_carea' id='block_1_60' title="bbox 348 5930 925 6000">
    <p class='ocr_par' dir='ltr' id='par_1_60' title="bbox 348 5930 925 6000">
     <span class='ocr_line' id='line_1_60' title="bbox 348 5930 925 6000; baseline -0.012 -15"><span class='ocrx_word' id='word_1_438' title='bbox 348 5930 420 6000; x_wconf 74' lang='grc' dir='ltr'><strong>(α)</strong></span> <span class='ocrx_word' id='word_1_439' title='bbox 455 5942 469 5984; x_wconf 91' lang='lat' dir='ltr'><strong>t</strong></span> <span class='ocrx_word' id='word_1_440' title='bbox 491 5932 708 5985; x_wconf 68' lang='lat' dir='ltr'><strong>nctract.</strong></span> <span class='ocrx_word' id='word_1_441' title='bbox 724 5944 830 5993; x_wconf 83' lang='lat' dir='ltr'><strong>cap.</strong></span> <span class='ocrx_word' id='word_1_442' title='bbox 849 5930 925 5979; x_wconf 71' lang='lat'><strong>26.</strong></span> 
     </span>
    </p>
   </div>
   <div class='ocr_carea' id='block_1_61' title="bbox 3548 470 3619 529">
    <p class='ocr_par' dir='ltr' id='par_1_61' title="bbox 3548 470 3619 529">
     <span class='ocr_line' id='line_1_61' title="bbox 3548 470 3619 529; baseline 0.042 -3"><span class='ocrx_word' id='word_1_443' title='bbox 3548 470 3619 529; x_wconf 71' lang='lat'><strong>26</strong></span> 
     </span>
    </p>
   </div>
   <div class='ocr_carea' id='block_1_62' title="bbox 2020 570 3610 654">
    <p class='ocr_par' dir='ltr' id='par_1_62' title="bbox 2020 570 3610 654">
     <span class='ocr_line' id='line_1_62' title="bbox 2020 570 3610 654; baseline 0.012 -30"><span class='ocrx_word' id='word_1_444' title='bbox 2020 570 2267 626; x_wconf 89' lang='lat' dir='ltr'><strong>chritudo</strong></span> <span class='ocrx_word' id='word_1_445' title='bbox 2290 571 2522 639; x_wconf 89' lang='lat' dir='ltr'><strong>virtutis,</strong></span> <span class='ocrx_word' id='word_1_446' title='bbox 2550 583 2609 631; x_wconf 91' lang='lat' dir='ltr'><strong>ut</strong></span> <span class='ocrx_word' id='word_1_447' title='bbox 2636 575 2911 636; x_wconf 84' lang='lat' dir='ltr'><strong>eharitatis</strong></span> <span class='ocrx_word' id='word_1_448' title='bbox 2939 580 3161 638; x_wconf 86' lang='lat' dir='ltr'><strong>libertas</strong></span> <span class='ocrx_word' id='word_1_449' title='bbox 3186 598 3302 654; x_wconf 70' lang='lat' dir='ltr'><strong>prta</strong></span> <span class='ocrx_word' id='word_1_450' title='bbox 3350 588 3610 643; x_wconf 83' lang='lat' dir='ltr'><strong>servitute</strong></span> 
     </span>
    </p>
   </div>
   <div class='ocr_carea' id='block_1_63' title="bbox 2024 664 3616 741">
    <p class='ocr_par' dir='ltr' id='par_1_63' title="bbox 2024 664 3616 741">
     <span class='ocr_line' id='line_1_63' title="bbox 2024 664 3616 741; baseline 0.011 -25"><span class='ocrx_word' id='word_1_451' title='bbox 2024 664 2231 718; x_wconf 90' lang='lat' dir='ltr'><strong>timoris</strong></span> <span class='ocrx_word' id='word_1_452' title='bbox 2254 665 2507 721; x_wconf 87' lang='lat' dir='ltr'><strong>emineat.</strong></span> <span class='ocrx_word' id='word_1_453' title='bbox 2537 667 2689 724; x_wconf 91' lang='lat' dir='ltr'><strong>Tunc</strong></span> <span class='ocrx_word' id='word_1_454' title='bbox 2704 669 2818 740; x_wconf 90' lang='lat' dir='ltr'><strong>jam</strong></span> <span class='ocrx_word' id='word_1_455' title='bbox 2853 674 3287 741; x_wconf 88' lang='lat' dir='ltr'><strong>persuadendum</strong></span> <span class='ocrx_word' id='word_1_456' title='bbox 3332 686 3417 732; x_wconf 91' lang='lat' dir='ltr'><strong>est</strong></span> <span class='ocrx_word' id='word_1_457' title='bbox 3442 676 3616 735; x_wconf 55' lang='lat' dir='ltr'><strong>fideli.</strong></span> 
     </span>
    </p>
   </div>
   <div class='ocr_carea' id='block_1_64' title="bbox 2020 754 3616 839">
    <p class='ocr_par' dir='ltr' id='par_1_64' title="bbox 2020 754 3616 839">
     <span class='ocr_line' id='line_1_64' title="bbox 2020 754 3616 839; baseline 0.011 -31"><span class='ocrx_word' id='word_1_458' title='bbox 2020 754 2120 809; x_wconf 91' lang='lat' dir='ltr'><strong>bus</strong></span> <span class='ocrx_word' id='word_1_459' title='bbox 2148 757 2573 825; x_wconf 72' lang='lat' dir='ltr'><strong>prmcedentihus</strong></span> <span class='ocrx_word' id='word_1_460' title='bbox 2597 764 3021 830; x_wconf 75' lang='lat' dir='ltr'><strong>regenerationis</strong></span> <span class='ocrx_word' id='word_1_461' title='bbox 3064 766 3454 835; x_wconf 86' lang='lat' dir='ltr'><strong>Sacramentis,</strong></span> <span class='ocrx_word' id='word_1_462' title='bbox 3493 784 3616 839; x_wconf 71' lang='lat' dir='ltr'><strong>qua:</strong></span> 
     </span>
    </p>
   </div>
   <div class='ocr_carea' id='block_1_65' title="bbox 2020 851 3611 926">
    <p class='ocr_par' dir='ltr' id='par_1_65' title="bbox 2020 851 3611 926">
     <span class='ocr_line' id='line_1_65' title="bbox 2020 851 3611 926; baseline 0.009 -25"><span class='ocrx_word' id='word_1_463' title='bbox 2020 858 2242 903; x_wconf 87' lang='lat' dir='ltr'><strong>necesse</strong></span> <span class='ocrx_word' id='word_1_464' title='bbox 2291 858 2374 904; x_wconf 88' lang='lat' dir='ltr'><strong>est</strong></span> <span class='ocrx_word' id='word_1_465' title='bbox 2410 851 2696 920; x_wconf 90' lang='lat' dir='ltr'><strong>plurimum</strong></span> <span class='ocrx_word' id='word_1_466' title='bbox 2745 864 3014 921; x_wconf 86' lang='lat' dir='ltr'><strong>moveant,</strong></span> <span class='ocrx_word' id='word_1_467' title='bbox 3056 857 3182 926; x_wconf 90' lang='lat' dir='ltr'><strong>quid</strong></span> <span class='ocrx_word' id='word_1_468' title='bbox 3217 859 3426 915; x_wconf 86' lang='lat' dir='ltr'><strong>intersit</strong></span> <span class='ocrx_word' id='word_1_469' title='bbox 3467 858 3611 915; x_wconf 86' lang='lat' dir='ltr'><strong>inter</strong></span> 
     </span>
    </p>
   </div>
   <div class='ocr_carea' id='block_1_66' title="bbox 2019 939 3613 1014">
    <p class='ocr_par' dir='ltr' id='par_1_66' title="bbox 2019 939 3613 1014">
     <span class='ocr_line' id='line_1_66' title="bbox 2019 939 3613 1014; baseline 0.009 -19"><span class='ocrx_word' id='word_1_470' title='bbox 2019 939 2155 996; x_wconf 88' lang='lat' dir='ltr'><strong>duos</strong></span> <span class='ocrx_word' id='word_1_471' title='bbox 2199 941 2466 1008; x_wconf 87' lang='lat' dir='ltr'><strong>homines,</strong></span> <span class='ocrx_word' id='word_1_472' title='bbox 2495 956 2729 1002; x_wconf 88' lang='lat' dir='ltr'><strong>veterem</strong></span> <span class='ocrx_word' id='word_1_473' title='bbox 2761 957 2815 1003; x_wconf 91' lang='lat' dir='ltr'><strong>et</strong></span> <span class='ocrx_word' id='word_1_474' title='bbox 2843 965 3062 1014; x_wconf 90' lang='lat' dir='ltr'><strong>novum,</strong></span> <span class='ocrx_word' id='word_1_475' title='bbox 3095 954 3422 1008; x_wconf 83' lang='lat' dir='ltr'><strong>exteriorem</strong></span> <span class='ocrx_word' id='word_1_476' title='bbox 3452 963 3507 1011; x_wconf 90' lang='lat' dir='ltr'><strong>et</strong></span> <span class='ocrx_word' id='word_1_477' title='bbox 3537 956 3613 1009; x_wconf 90' lang='lat' dir='ltr'><strong>in-</strong></span> 
     </span>
    </p>
   </div>
   <div class='ocr_carea' id='block_1_67' title="bbox 2021 1032 3609 1109">
    <p class='ocr_par' dir='ltr' id='par_1_67' title="bbox 2021 1032 3609 1109">
     <span class='ocr_line' id='line_1_67' title="bbox 2021 1032 3609 1109; baseline 0.01 -25"><span class='ocrx_word' id='word_1_478' title='bbox 2021 1032 2292 1099; x_wconf 86' lang='lat' dir='ltr'><strong>teriorem,</strong></span> <span class='ocrx_word' id='word_1_479' title='bbox 2324 1043 2595 1091; x_wconf 88' lang='lat' dir='ltr'><strong>terrenum</strong></span> <span class='ocrx_word' id='word_1_480' title='bbox 2641 1048 2695 1094; x_wconf 92' lang='lat' dir='ltr'><strong>et</strong></span> <span class='ocrx_word' id='word_1_481' title='bbox 2724 1040 3019 1108; x_wconf 61' lang='lat' dir='ltr'><strong>caelestem;</strong></span> <span class='ocrx_word' id='word_1_482' title='bbox 3071 1042 3121 1096; x_wconf 89' lang='lat' dir='ltr'><strong>id</strong></span> <span class='ocrx_word' id='word_1_483' title='bbox 3167 1054 3269 1109; x_wconf 76' lang='lat' dir='ltr'><strong>est,</strong></span> <span class='ocrx_word' id='word_1_484' title='bbox 3311 1045 3451 1100; x_wconf 88' lang='lat' dir='ltr'><strong>inter</strong></span> <span class='ocrx_word' id='word_1_485' title='bbox 3485 1062 3609 1100; x_wconf 89' lang='lat' dir='ltr'><strong>eum</strong></span> 
     </span>
    </p>
   </div>
   <div class='ocr_carea' id='block_1_68' title="bbox 2017 1124 3611 1206">
    <p class='ocr_par' dir='ltr' id='par_1_68' title="bbox 2017 1124 3611 1206">
     <span class='ocr_line' id='line_1_68' title="bbox 2017 1124 3611 1206; baseline 0.009 -29"><span class='ocrx_word' id='word_1_486' title='bbox 2017 1124 2106 1193; x_wconf 91' lang='lat' dir='ltr'><strong>qui</strong></span> <span class='ocrx_word' id='word_1_487' title='bbox 2136 1124 2271 1180; x_wconf 90' lang='lat' dir='ltr'><strong>bona</strong></span> <span class='ocrx_word' id='word_1_488' title='bbox 2315 1129 2545 1184; x_wconf 84' lang='lat' dir='ltr'><strong>carnalia</strong></span> <span class='ocrx_word' id='word_1_489' title='bbox 2575 1139 2628 1184; x_wconf 87' lang='lat' dir='ltr'><strong>et</strong></span> <span class='ocrx_word' id='word_1_490' title='bbox 2657 1134 2990 1202; x_wconf 81' lang='lat' dir='ltr'><strong>temporalia,</strong></span> <span class='ocrx_word' id='word_1_491' title='bbox 3016 1143 3069 1188; x_wconf 81' lang='lat' dir='ltr'><strong>et</strong></span> <span class='ocrx_word' id='word_1_492' title='bbox 3090 1151 3213 1189; x_wconf 89' lang='lat' dir='ltr'><strong>eum</strong></span> <span class='ocrx_word' id='word_1_493' title='bbox 3242 1136 3331 1206; x_wconf 90' lang='lat' dir='ltr'><strong>qui</strong></span> <span class='ocrx_word' id='word_1_494' title='bbox 3358 1138 3611 1206; x_wconf 72' lang='lat' dir='ltr'><strong>spiritua-</strong></span> 
     </span>
    </p>
   </div>
   <div class='ocr_carea' id='block_1_69' title="bbox 2017 1214 3609 1298">
    <p class='ocr_par' dir='ltr' id='par_1_69' title="bbox 2017 1214 3609 1298">
     <span class='ocr_line' id='line_1_69' title="bbox 2017 1214 3609 1298; baseline 0.009 -30"><span class='ocrx_word' id='word_1_495' title='bbox 2017 1214 2085 1268; x_wconf 85' lang='lat' dir='ltr'><strong>lia</strong></span> <span class='ocrx_word' id='word_1_496' title='bbox 2130 1225 2193 1270; x_wconf 88' lang='lat' dir='ltr'><strong>et</strong></span> <span class='ocrx_word' id='word_1_497' title='bbox 2223 1227 2422 1273; x_wconf 67' lang='lat' dir='ltr'><strong>(eterna</strong></span> <span class='ocrx_word' id='word_1_498' title='bbox 2472 1230 2746 1276; x_wconf 88' lang='lat' dir='ltr'><strong>sectatur:</strong></span> <span class='ocrx_word' id='word_1_499' title='bbox 2778 1225 3218 1295; x_wconf 78' lang='lat' dir='ltr'><strong>manendumque</strong></span> <span class='ocrx_word' id='word_1_500' title='bbox 3259 1243 3323 1280; x_wconf 91' lang='lat' dir='ltr'><strong>ne</strong></span> <span class='ocrx_word' id='word_1_501' title='bbox 3376 1229 3609 1298; x_wconf 77' lang='lat' dir='ltr'><strong>peritura</strong></span> 
     </span>
    </p>
   </div>
   <div class='ocr_carea' id='block_1_70' title="bbox 2015 1307 3611 1389">
    <p class='ocr_par' dir='ltr' id='par_1_70' title="bbox 2015 1307 3611 1389">
     <span class='ocr_line' id='line_1_70' title="bbox 2015 1307 3611 1389; baseline 0.009 -28"><span class='ocrx_word' id='word_1_502' title='bbox 2015 1307 2273 1364; x_wconf 88' lang='lat' dir='ltr'><strong>beneficia</strong></span> <span class='ocrx_word' id='word_1_503' title='bbox 2304 1321 2359 1367; x_wconf 92' lang='lat' dir='ltr'><strong>et</strong></span> <span class='ocrx_word' id='word_1_504' title='bbox 2397 1317 2725 1371; x_wconf 88' lang='lat' dir='ltr'><strong>transeuntia</strong></span> <span class='ocrx_word' id='word_1_505' title='bbox 2759 1328 3141 1385; x_wconf 77' lang='lat' dir='ltr'><strong>exspectentur</strong></span> <span class='ocrx_word' id='word_1_506' title='bbox 3175 1336 3203 1372; x_wconf 90' lang='lat' dir='ltr'><strong>a</strong></span> <span class='ocrx_word' id='word_1_507' title='bbox 3236 1320 3365 1386; x_wconf 89' lang='lat' dir='ltr'><strong>Deo,</strong></span> <span class='ocrx_word' id='word_1_508' title='bbox 3416 1321 3611 1389; x_wconf 84' lang='lat' dir='ltr'><strong>quibus</strong></span> 
     </span>
    </p>
   </div>
   <div class='ocr_carea' id='block_1_71' title="bbox 2016 1403 3613 1479">
    <p class='ocr_par' dir='ltr' id='par_1_71' title="bbox 2016 1403 3613 1479">
     <span class='ocr_line' id='line_1_71' title="bbox 2016 1403 3613 1479; baseline 0.006 -24"><span class='ocrx_word' id='word_1_509' title='bbox 2016 1410 2071 1456; x_wconf 91' lang='lat' dir='ltr'><strong>et</strong></span> <span class='ocrx_word' id='word_1_510' title='bbox 2095 1403 2322 1472; x_wconf 84' lang='lat' dir='ltr'><strong>improbi</strong></span> <span class='ocrx_word' id='word_1_511' title='bbox 2352 1404 2594 1462; x_wconf 88' lang='lat' dir='ltr'><strong>homines</strong></span> <span class='ocrx_word' id='word_1_512' title='bbox 2621 1407 2893 1463; x_wconf 78' lang='lat' dir='ltr'><strong>abundare</strong></span> <span class='ocrx_word' id='word_1_513' title='bbox 2925 1418 3188 1479; x_wconf 89' lang='lat' dir='ltr'><strong>possunt;</strong></span> <span class='ocrx_word' id='word_1_514' title='bbox 3234 1410 3329 1466; x_wconf 91' lang='lat' dir='ltr'><strong>sed</strong></span> <span class='ocrx_word' id='word_1_515' title='bbox 3378 1410 3528 1465; x_wconf 85' lang='lat' dir='ltr'><strong>firma</strong></span> <span class='ocrx_word' id='word_1_516' title='bbox 3557 1418 3613 1465; x_wconf 83' lang='lat' dir='ltr'><strong>et</strong></span> 
     </span>
    </p>
   </div>
   <div class='ocr_carea' id='block_1_72' title="bbox 2015 1495 3611 1573">
    <p class='ocr_par' dir='ltr' id='par_1_72' title="bbox 2015 1495 3611 1573">
     <span class='ocr_line' id='line_1_72' title="bbox 2015 1495 3611 1573; baseline 0.006 -25"><span class='ocrx_word' id='word_1_517' title='bbox 2015 1495 2357 1562; x_wconf 84' lang='lat' dir='ltr'><strong>sempiterna,</strong></span> <span class='ocrx_word' id='word_1_518' title='bbox 2385 1512 2480 1567; x_wconf 91' lang='lat' dir='ltr'><strong>pro</strong></span> <span class='ocrx_word' id='word_1_519' title='bbox 2509 1498 2703 1569; x_wconf 91' lang='lat' dir='ltr'><strong>quibus</strong></span> <span class='ocrx_word' id='word_1_520' title='bbox 2727 1500 3053 1570; x_wconf 87' lang='lat' dir='ltr'><strong>accipiendis</strong></span> <span class='ocrx_word' id='word_1_521' title='bbox 3083 1502 3263 1556; x_wconf 88' lang='lat' dir='ltr'><strong>omnia</strong></span> <span class='ocrx_word' id='word_1_522' title='bbox 3285 1517 3406 1573; x_wconf 77' lang='lat' dir='ltr'><strong>qua:</strong></span> <span class='ocrx_word' id='word_1_523' title='bbox 3427 1502 3479 1556; x_wconf 93' lang='lat' dir='ltr'><strong>in</strong></span> <span class='ocrx_word' id='word_1_524' title='bbox 3507 1502 3611 1558; x_wconf 91' lang='lat' dir='ltr'><strong>hoc</strong></span> 
     </span>
    </p>
   </div>
   <div class='ocr_carea' id='block_1_73' title="bbox 2013 1584 3605 1661">
    <p class='ocr_par' dir='ltr' id='par_1_73' title="bbox 2013 1584 3605 1661">
     <span class='ocr_line' id='line_1_73' title="bbox 2013 1584 3605 1661; baseline 0.007 -24"><span class='ocrx_word' id='word_1_525' title='bbox 2013 1584 2215 1639; x_wconf 92' lang='lat' dir='ltr'><strong>mundo</strong></span> <span class='ocrx_word' id='word_1_526' title='bbox 2245 1586 2381 1642; x_wconf 87' lang='lat' dir='ltr'><strong>bona</strong></span> <span class='ocrx_word' id='word_1_527' title='bbox 2412 1598 2662 1657; x_wconf 88' lang='lat' dir='ltr'><strong>putantur</strong></span> <span class='ocrx_word' id='word_1_528' title='bbox 2690 1599 2746 1645; x_wconf 90' lang='lat' dir='ltr'><strong>et</strong></span> <span class='ocrx_word' id='word_1_529' title='bbox 2772 1592 2932 1657; x_wconf 90' lang='lat' dir='ltr'><strong>mala,</strong></span> <span class='ocrx_word' id='word_1_530' title='bbox 2967 1592 3186 1661; x_wconf 88' lang='lat' dir='ltr'><strong>penitus</strong></span> <span class='ocrx_word' id='word_1_531' title='bbox 3214 1593 3605 1648; x_wconf 89' lang='lat' dir='ltr'><strong>contemnenda</strong></span> 
     </span>
    </p>
   </div>
   <div class='ocr_carea' id='block_1_74' title="bbox 2014 1682 3607 1755">
    <p class='ocr_par' dir='ltr' id='par_1_74' title="bbox 2014 1682 3607 1755">
     <span class='ocr_line' id='line_1_74' title="bbox 2014 1682 3607 1755; baseline 0.006 -24"><span class='ocrx_word' id='word_1_532' title='bbox 2014 1690 2156 1735; x_wconf 91' lang='lat' dir='ltr'><strong>sunt.</strong></span> <span class='ocrx_word' id='word_1_533' title='bbox 2187 1682 2283 1735; x_wconf 92' lang='lat' dir='ltr'><strong>llic</strong></span> <span class='ocrx_word' id='word_1_534' title='bbox 2304 1683 2802 1749; x_wconf 74' lang='lat' dir='ltr'><strong>przestantissimum</strong></span> <span class='ocrx_word' id='word_1_535' title='bbox 2831 1685 2959 1741; x_wconf 91' lang='lat' dir='ltr'><strong>illud</strong></span> <span class='ocrx_word' id='word_1_536' title='bbox 2986 1695 3038 1739; x_wconf 92' lang='lat' dir='ltr'><strong>et</strong></span> <span class='ocrx_word' id='word_1_537' title='bbox 3061 1686 3274 1743; x_wconf 83' lang='lat' dir='ltr'><strong>unicum</strong></span> <span class='ocrx_word' id='word_1_538' title='bbox 3303 1686 3607 1755; x_wconf 79' lang='lat' dir='ltr'><strong>exemplum</strong></span> 
     </span>
    </p>
   </div>
   <div class='ocr_carea' id='block_1_75' title="bbox 2014 1771 3604 1845">
    <p class='ocr_par' dir='ltr' id='par_1_75' title="bbox 2014 1771 3604 1845">
     <span class='ocr_line' id='line_1_75' title="bbox 2014 1771 3604 1845; baseline 0.003 -21"><span class='ocrx_word' id='word_1_539' title='bbox 2014 1771 2275 1826; x_wconf 91' lang='lat' dir='ltr'><strong>Dominici</strong></span> <span class='ocrx_word' id='word_1_540' title='bbox 2303 1772 2533 1827; x_wconf 86' lang='lat' dir='ltr'><strong>hominis</strong></span> <span class='ocrx_word' id='word_1_541' title='bbox 2556 1775 2960 1844; x_wconf 86' lang='lat' dir='ltr'><strong>proponendum</strong></span> <span class='ocrx_word' id='word_1_542' title='bbox 2988 1786 3079 1830; x_wconf 90' lang='lat' dir='ltr'><strong>est</strong></span> <span class='ocrx_word' id='word_1_543' title='bbox 3108 1776 3149 1843; x_wconf 75' lang='grc' dir='ltr'><strong>ί,</strong></span> <span class='ocrx_word' id='word_1_544' title='bbox 3183 1776 3274 1845; x_wconf 91' lang='lat' dir='ltr'><strong>qui</strong></span> <span class='ocrx_word' id='word_1_545' title='bbox 3301 1792 3422 1830; x_wconf 91' lang='lat' dir='ltr'><strong>cum</strong></span> <span class='ocrx_word' id='word_1_546' title='bbox 3451 1791 3509 1830; x_wconf 88' lang='lat' dir='ltr'><strong>se</strong></span> <span class='ocrx_word' id='word_1_547' title='bbox 3528 1784 3604 1830; x_wconf 94' lang='lat' dir='ltr'><strong>tot</strong></span> 
     </span>
    </p>
   </div>
   <div class='ocr_carea' id='block_1_76' title="bbox 2011 1865 3606 1938">
    <p class='ocr_par' dir='ltr' id='par_1_76' title="bbox 2011 1865 3606 1938">
     <span class='ocr_line' id='line_1_76' title="bbox 2011 1865 3606 1938; baseline 0.001 -19"><span class='ocrx_word' id='word_1_548' title='bbox 2011 1865 2284 1921; x_wconf 89' lang='lat' dir='ltr'><strong>miraculis</strong></span> <span class='ocrx_word' id='word_1_549' title='bbox 2311 1876 2511 1921; x_wconf 89' lang='lat' dir='ltr'><strong>tantam</strong></span> <span class='ocrx_word' id='word_1_550' title='bbox 2540 1884 2718 1923; x_wconf 89' lang='lat' dir='ltr'><strong>rerum</strong></span> <span class='ocrx_word' id='word_1_551' title='bbox 2750 1876 3069 1938; x_wconf 88' lang='lat' dir='ltr'><strong>potestatem</strong></span> <span class='ocrx_word' id='word_1_552' title='bbox 3105 1868 3305 1924; x_wconf 89' lang='lat' dir='ltr'><strong>habere</strong></span> <span class='ocrx_word' id='word_1_553' title='bbox 3333 1877 3606 1923; x_wconf 87' lang='lat' dir='ltr'><strong>monstra-</strong></span> 
     </span>
    </p>
   </div>
   <div class='ocr_carea' id='block_1_77' title="bbox 2011 1959 3605 2031">
    <p class='ocr_par' dir='ltr' id='par_1_77' title="bbox 2011 1959 3605 2031">
     <span class='ocr_line' id='line_1_77' title="bbox 2011 1959 3605 2031; baseline -0.001 -17"><span class='ocrx_word' id='word_1_554' title='bbox 2011 1968 2114 2026; x_wconf 88' lang='lat' dir='ltr'><strong>ret,</strong></span> <span class='ocrx_word' id='word_1_555' title='bbox 2142 1968 2199 2015; x_wconf 91' lang='lat' dir='ltr'><strong>et</strong></span> <span class='ocrx_word' id='word_1_556' title='bbox 2223 1975 2287 2015; x_wconf 91' lang='lat' dir='ltr'><strong>ea</strong></span> <span class='ocrx_word' id='word_1_557' title='bbox 2320 1961 2521 2030; x_wconf 86' lang='lat' dir='ltr'><strong>sprevit</strong></span> <span class='ocrx_word' id='word_1_558' title='bbox 2563 1976 2680 2029; x_wconf 74' lang='lat' dir='ltr'><strong>qua:</strong></span> <span class='ocrx_word' id='word_1_559' title='bbox 2709 1976 2899 2031; x_wconf 88' lang='lat' dir='ltr'><strong>magna</strong></span> <span class='ocrx_word' id='word_1_560' title='bbox 2940 1961 3104 2025; x_wconf 85' lang='lat' dir='ltr'><strong>bona,</strong></span> <span class='ocrx_word' id='word_1_561' title='bbox 3152 1969 3210 2017; x_wconf 91' lang='lat' dir='ltr'><strong>et</strong></span> <span class='ocrx_word' id='word_1_562' title='bbox 3256 1976 3319 2015; x_wconf 88' lang='lat' dir='ltr'><strong>ea</strong></span> <span class='ocrx_word' id='word_1_563' title='bbox 3354 1959 3605 2015; x_wconf 86' lang='lat' dir='ltr'><strong>sustinuit</strong></span> 
     </span>
    </p>
   </div>
   <div class='ocr_carea' id='block_1_78' title="bbox 2011 2050 3603 2123">
    <p class='ocr_par' dir='ltr' id='par_1_78' title="bbox 2011 2050 3603 2123">
     <span class='ocr_line' id='line_1_78' title="bbox 2011 2050 3603 2123; baseline 0 -19"><span class='ocrx_word' id='word_1_564' title='bbox 2011 2068 2129 2123; x_wconf 60' lang='lat' dir='ltr'><strong>quae</strong></span> <span class='ocrx_word' id='word_1_565' title='bbox 2153 2068 2341 2123; x_wconf 83' lang='lat' dir='ltr'><strong>magna</strong></span> <span class='ocrx_word' id='word_1_566' title='bbox 2368 2052 2505 2108; x_wconf 87' lang='lat' dir='ltr'><strong>mala</strong></span> <span class='ocrx_word' id='word_1_567' title='bbox 2528 2053 2759 2122; x_wconf 89' lang='lat' dir='ltr'><strong>imperiti</strong></span> <span class='ocrx_word' id='word_1_568' title='bbox 2788 2062 2977 2121; x_wconf 90' lang='lat' dir='ltr'><strong>putant</strong></span> <span class='ocrx_word' id='word_1_569' title='bbox 3013 2070 3025 2106; x_wconf 89' lang='lat'>:</span> <span class='ocrx_word' id='word_1_570' title='bbox 3050 2068 3188 2123; x_wconf 91' lang='lat' dir='ltr'><strong>quos</strong></span> <span class='ocrx_word' id='word_1_571' title='bbox 3228 2066 3409 2107; x_wconf 89' lang='lat' dir='ltr'><strong>mores</strong></span> <span class='ocrx_word' id='word_1_572' title='bbox 3436 2060 3490 2105; x_wconf 90' lang='lat' dir='ltr'><strong>ct</strong></span> <span class='ocrx_word' id='word_1_573' title='bbox 3516 2050 3603 2104; x_wconf 81' lang='lat' dir='ltr'><strong>di-</strong></span> 
     </span>
    </p>
   </div>
   <div class='ocr_carea' id='block_1_79' title="bbox 2009 2142 3602 2217">
    <p class='ocr_par' dir='ltr' id='par_1_79' title="bbox 2009 2142 3602 2217">
     <span class='ocr_line' id='line_1_79' title="bbox 2009 2142 3602 2217; baseline -0.004 -16"><span class='ocrx_word' id='word_1_574' title='bbox 2009 2145 2313 2217; x_wconf 88' lang='lat' dir='ltr'><strong>sciplinam,</strong></span> <span class='ocrx_word' id='word_1_575' title='bbox 2338 2162 2405 2200; x_wconf 91' lang='lat' dir='ltr'><strong>ne</strong></span> <span class='ocrx_word' id='word_1_576' title='bbox 2435 2153 2584 2201; x_wconf 88' lang='lat' dir='ltr'><strong>tanto</strong></span> <span class='ocrx_word' id='word_1_577' title='bbox 2613 2144 2791 2201; x_wconf 90' lang='lat' dir='ltr'><strong>minus</strong></span> <span class='ocrx_word' id='word_1_578' title='bbox 2820 2145 3098 2215; x_wconf 87' lang='lat' dir='ltr'><strong>quisquam</strong></span> <span class='ocrx_word' id='word_1_579' title='bbox 3129 2143 3344 2213; x_wconf 80' lang='lat' dir='ltr'><strong>aggredi</strong></span> <span class='ocrx_word' id='word_1_580' title='bbox 3383 2142 3602 2209; x_wconf 85' lang='lat' dir='ltr'><strong>audeat,</strong></span> 
     </span>
    </p>
   </div>
   <div class='ocr_carea' id='block_1_80' title="bbox 2008 2232 3602 2307">
    <p class='ocr_par' dir='ltr' id='par_1_80' title="bbox 2008 2232 3602 2307">
     <span class='ocr_line' id='line_1_80' title="bbox 2008 2232 3602 2307; baseline -0.003 -16"><span class='ocrx_word' id='word_1_581' title='bbox 2008 2246 2211 2307; x_wconf 89' lang='lat' dir='ltr'><strong>quanto</strong></span> <span class='ocrx_word' id='word_1_582' title='bbox 2233 2236 2363 2291; x_wconf 92' lang='lat' dir='ltr'><strong>illud</strong></span> <span class='ocrx_word' id='word_1_583' title='bbox 2404 2236 2576 2306; x_wconf 89' lang='lat' dir='ltr'><strong>magis</strong></span> <span class='ocrx_word' id='word_1_584' title='bbox 2618 2236 2867 2304; x_wconf 89' lang='lat' dir='ltr'><strong>honorat,</strong></span> <span class='ocrx_word' id='word_1_585' title='bbox 2912 2244 2967 2291; x_wconf 86' lang='lat' dir='ltr'><strong>et</strong></span> <span class='ocrx_word' id='word_1_586' title='bbox 3014 2235 3082 2291; x_wconf 90' lang='lat' dir='ltr'><strong>de</strong></span> <span class='ocrx_word' id='word_1_587' title='bbox 3130 2232 3602 2305; x_wconf 76' lang='lat' dir='ltr'><strong>pollicitatioaibus</strong></span> 
     </span>
    </p>
   </div>
   <div class='ocr_carea' id='block_1_81' title="bbox 2008 2326 3603 2399">
    <p class='ocr_par' dir='ltr' id='par_1_81' title="bbox 2008 2326 3603 2399">
     <span class='ocr_line' id='line_1_81' title="bbox 2008 2326 3603 2399; baseline -0.003 -17"><span class='ocrx_word' id='word_1_588' title='bbox 2008 2338 2169 2399; x_wconf 90' lang='lat' dir='ltr'><strong>atque</strong></span> <span class='ocrx_word' id='word_1_589' title='bbox 2195 2328 2590 2384; x_wconf 89' lang='lat' dir='ltr'><strong>hortationibus</strong></span> <span class='ocrx_word' id='word_1_590' title='bbox 2636 2327 2773 2396; x_wconf 85' lang='lat' dir='ltr'><strong>ejus,</strong></span> <span class='ocrx_word' id='word_1_591' title='bbox 2805 2336 2860 2381; x_wconf 89' lang='lat' dir='ltr'><strong>et</strong></span> <span class='ocrx_word' id='word_1_592' title='bbox 2897 2326 2964 2382; x_wconf 91' lang='lat' dir='ltr'><strong>de</strong></span> <span class='ocrx_word' id='word_1_593' title='bbox 2992 2326 3311 2380; x_wconf 90' lang='lat' dir='ltr'><strong>imitantium</strong></span> <span class='ocrx_word' id='word_1_594' title='bbox 3355 2326 3603 2378; x_wconf 91' lang='lat' dir='ltr'><strong>multitu-</strong></span> 
     </span>
    </p>
   </div>
   <div class='ocr_carea' id='block_1_82' title="bbox 2007 2417 3602 2490">
    <p class='ocr_par' dir='ltr' id='par_1_82' title="bbox 2007 2417 3602 2490">
     <span class='ocr_line' id='line_1_82' title="bbox 2007 2417 3602 2490; baseline -0.004 -15"><span class='ocrx_word' id='word_1_595' title='bbox 2007 2420 2133 2476; x_wconf 88' lang='lat' dir='ltr'><strong>dine</strong></span> <span class='ocrx_word' id='word_1_596' title='bbox 2159 2420 2579 2489; x_wconf 84' lang='lat' dir='ltr'><strong>Apostolorum,</strong></span> <span class='ocrx_word' id='word_1_597' title='bbox 2624 2429 2940 2490; x_wconf 84' lang='lat' dir='ltr'><strong>martyrum,</strong></span> <span class='ocrx_word' id='word_1_598' title='bbox 2986 2427 3403 2486; x_wconf 88' lang='lat' dir='ltr'><strong>sanctorumque</strong></span> <span class='ocrx_word' id='word_1_599' title='bbox 3441 2417 3602 2471; x_wconf 89' lang='lat' dir='ltr'><strong>innu-</strong></span> 
     </span>
    </p>
   </div>
   <div class='ocr_carea' id='block_1_83' title="bbox 2006 2507 3604 2580">
    <p class='ocr_par' dir='ltr' id='par_1_83' title="bbox 2006 2507 3604 2580">
     <span class='ocr_line' id='line_1_83' title="bbox 2006 2507 3604 2580; baseline -0.002 -16"><span class='ocrx_word' id='word_1_600' title='bbox 2006 2511 2370 2577; x_wconf 87' lang='lat' dir='ltr'><strong>merabilimn,</strong></span> <span class='ocrx_word' id='word_1_601' title='bbox 2404 2526 2561 2580; x_wconf 85' lang='lat' dir='ltr'><strong>quam</strong></span> <span class='ocrx_word' id='word_1_602' title='bbox 2603 2526 2709 2563; x_wconf 90' lang='lat' dir='ltr'><strong>non</strong></span> <span class='ocrx_word' id='word_1_603' title='bbox 2754 2509 2862 2563; x_wconf 88' lang='lat' dir='ltr'><strong>sint</strong></span> <span class='ocrx_word' id='word_1_604' title='bbox 2898 2508 2985 2563; x_wconf 86' lang='lat' dir='ltr'><strong>illa</strong></span> <span class='ocrx_word' id='word_1_605' title='bbox 3037 2507 3375 2578; x_wconf 85' lang='lat' dir='ltr'><strong>desperanda</strong></span> <span class='ocrx_word' id='word_1_606' title='bbox 3422 2517 3604 2562; x_wconf 64' lang='lat' dir='ltr'><strong>osteno</strong></span> 
     </span>
    </p>
   </div>
   <div class='ocr_carea' id='block_1_84' title="bbox 2005 2602 2360 2658">
    <p class='ocr_par' dir='ltr' id='par_1_84' title="bbox 2005 2602 2360 2658">
     <span class='ocr_line' id='line_1_84' title="bbox 2005 2602 2360 2658; baseline 0.003 -1"><span class='ocrx_word' id='word_1_607' title='bbox 2005 2602 2236 2658; x_wconf 89' lang='lat' dir='ltr'><strong>dendum</strong></span> <span class='ocrx_word' id='word_1_608' title='bbox 2257 2612 2360 2658; x_wconf 90' lang='lat' dir='ltr'><strong>est.</strong></span> 
     </span>
    </p>
   </div>
   <div class='ocr_carea' id='block_1_85' title="bbox 2079 2688 3601 2763">
    <p class='ocr_par' dir='ltr' id='par_1_85' title="bbox 2079 2688 3601 2763">
     <span class='ocr_line' id='line_1_85' title="bbox 2079 2688 3601 2763; baseline -0.005 -11"><span class='ocrx_word' id='word_1_609' title='bbox 2079 2698 2134 2752; x_wconf 84' lang='grc'><strong>5.</strong></span> <span class='ocrx_word' id='word_1_610' title='bbox 2174 2698 2243 2750; x_wconf 83' lang='lat' dir='ltr'><strong>At</strong></span> <span class='ocrx_word' id='word_1_611' title='bbox 2272 2696 2358 2750; x_wconf 91' lang='lat' dir='ltr'><strong>ubi</strong></span> <span class='ocrx_word' id='word_1_612' title='bbox 2388 2694 2587 2750; x_wconf 88' lang='lat' dir='ltr'><strong>fuerint</strong></span> <span class='ocrx_word' id='word_1_613' title='bbox 2614 2694 2906 2749; x_wconf 89' lang='lat' dir='ltr'><strong>carnalium</strong></span> <span class='ocrx_word' id='word_1_614' title='bbox 2949 2692 3279 2763; x_wconf 84' lang='lat' dir='ltr'><strong>voluptatum</strong></span> <span class='ocrx_word' id='word_1_615' title='bbox 3333 2688 3601 2746; x_wconf 72' lang='lat' dir='ltr'><strong>illecebrte</strong></span> 
     </span>
    </p>
   </div>
   <div class='ocr_carea' id='block_1_86' title="bbox 2005 2782 3601 2860">
    <p class='ocr_par' dir='ltr' id='par_1_86' title="bbox 2005 2782 3601 2860">
     <span class='ocr_line' id='line_1_86' title="bbox 2005 2782 3601 2860; baseline -0.004 -16"><span class='ocrx_word' id='word_1_616' title='bbox 2005 2798 2290 2860; x_wconf 60' lang='lat' dir='ltr'><strong>superata},</strong></span> <span class='ocrx_word' id='word_1_617' title='bbox 2324 2789 2620 2844; x_wconf 90' lang='lat' dir='ltr'><strong>cavendum</strong></span> <span class='ocrx_word' id='word_1_618' title='bbox 2651 2797 2735 2843; x_wconf 92' lang='lat' dir='ltr'><strong>est</strong></span> <span class='ocrx_word' id='word_1_619' title='bbox 2767 2805 2833 2841; x_wconf 91' lang='lat' dir='ltr'><strong>ne</strong></span> <span class='ocrx_word' id='word_1_620' title='bbox 2860 2786 3116 2855; x_wconf 86' lang='lat' dir='ltr'><strong>subrepat</strong></span> <span class='ocrx_word' id='word_1_621' title='bbox 3144 2796 3304 2855; x_wconf 89' lang='lat' dir='ltr'><strong>atque</strong></span> <span class='ocrx_word' id='word_1_622' title='bbox 3347 2782 3601 2839; x_wconf 87' lang='lat' dir='ltr'><strong>succedat</strong></span> 
     </span>
    </p>
   </div>
   <div class='ocr_carea' id='block_1_87' title="bbox 2004 2875 3599 2952">
    <p class='ocr_par' dir='ltr' id='par_1_87' title="bbox 2004 2875 3599 2952">
     <span class='ocr_line' id='line_1_87' title="bbox 2004 2875 3599 2952; baseline -0.006 -14"><span class='ocrx_word' id='word_1_623' title='bbox 2004 2883 2267 2952; x_wconf 91' lang='lat' dir='ltr'><strong>cupiditas</strong></span> <span class='ocrx_word' id='word_1_624' title='bbox 2318 2881 2565 2951; x_wconf 90' lang='lat' dir='ltr'><strong>placendi</strong></span> <span class='ocrx_word' id='word_1_625' title='bbox 2611 2880 2916 2935; x_wconf 89' lang='lat' dir='ltr'><strong>hominibus</strong></span> <span class='ocrx_word' id='word_1_626' title='bbox 2968 2887 3059 2933; x_wconf 90' lang='lat' dir='ltr'><strong>aut</strong></span> <span class='ocrx_word' id='word_1_627' title='bbox 3103 2893 3199 2947; x_wconf 90' lang='lat' dir='ltr'><strong>per</strong></span> <span class='ocrx_word' id='word_1_628' title='bbox 3232 2877 3406 2946; x_wconf 84' lang='lat' dir='ltr'><strong>aliqua</strong></span> <span class='ocrx_word' id='word_1_629' title='bbox 3460 2875 3599 2930; x_wconf 86' lang='lat' dir='ltr'><strong>facta</strong></span> 
     </span>
    </p>
   </div>
   <div class='ocr_carea' id='block_1_88' title="bbox 2004 2971 3597 3045">
    <p class='ocr_par' dir='ltr' id='par_1_88' title="bbox 2004 2971 3597 3045">
     <span class='ocr_line' id='line_1_88' title="bbox 2004 2971 3597 3045; baseline -0.005 -13"><span class='ocrx_word' id='word_1_630' title='bbox 2004 2976 2287 3042; x_wconf 87' lang='lat' dir='ltr'><strong>mirabilia,</strong></span> <span class='ocrx_word' id='word_1_631' title='bbox 2328 2983 2421 3030; x_wconf 89' lang='lat' dir='ltr'><strong>aut</strong></span> <span class='ocrx_word' id='word_1_632' title='bbox 2447 2991 2541 3045; x_wconf 90' lang='lat' dir='ltr'><strong>per</strong></span> <span class='ocrx_word' id='word_1_633' title='bbox 2585 2974 2856 3029; x_wconf 87' lang='lat' dir='ltr'><strong>difficilem</strong></span> <span class='ocrx_word' id='word_1_634' title='bbox 2902 2972 3290 3028; x_wconf 85' lang='lat' dir='ltr'><strong>continentiam</strong></span> <span class='ocrx_word' id='word_1_635' title='bbox 3339 2971 3451 3025; x_wconf 88' lang='lat' dir='ltr'><strong>sive</strong></span> <span class='ocrx_word' id='word_1_636' title='bbox 3496 2986 3597 3040; x_wconf 86' lang='lat' dir='ltr'><strong>pa-</strong></span> 
     </span>
    </p>
   </div>
   <div class='ocr_carea' id='block_1_89' title="bbox 2004 3062 3600 3137">
    <p class='ocr_par' dir='ltr' id='par_1_89' title="bbox 2004 3062 3600 3137">
     <span class='ocr_line' id='line_1_89' title="bbox 2004 3062 3600 3137; baseline -0.003 -15"><span class='ocrx_word' id='word_1_637' title='bbox 2004 3069 2268 3131; x_wconf 87' lang='lat' dir='ltr'><strong>tientiam,</strong></span> <span class='ocrx_word' id='word_1_638' title='bbox 2307 3076 2399 3122; x_wconf 92' lang='lat' dir='ltr'><strong>aut</strong></span> <span class='ocrx_word' id='word_1_639' title='bbox 2432 3082 2530 3137; x_wconf 87' lang='lat' dir='ltr'><strong>per</strong></span> <span class='ocrx_word' id='word_1_640' title='bbox 2564 3067 2794 3136; x_wconf 89' lang='lat' dir='ltr'><strong>aliquam</strong></span> <span class='ocrx_word' id='word_1_641' title='bbox 2833 3064 3197 3135; x_wconf 87' lang='lat' dir='ltr'><strong>largitionem,</strong></span> <span class='ocrx_word' id='word_1_642' title='bbox 3256 3070 3347 3116; x_wconf 90' lang='lat' dir='ltr'><strong>aut</strong></span> <span class='ocrx_word' id='word_1_643' title='bbox 3382 3062 3600 3118; x_wconf 88' lang='lat' dir='ltr'><strong>nomine</strong></span> 
     </span>
    </p>
   </div>
   <div class='ocr_carea' id='block_1_90' title="bbox 2003 3153 3592 3229">
    <p class='ocr_par' dir='ltr' id='par_1_90' title="bbox 2003 3153 3592 3229">
     <span class='ocr_line' id='line_1_90' title="bbox 2003 3153 3592 3229; baseline -0.004 -15"><span class='ocrx_word' id='word_1_644' title='bbox 2003 3161 2241 3215; x_wconf 72' lang='lat' dir='ltr'><strong>scientia:</strong></span> <span class='ocrx_word' id='word_1_645' title='bbox 2272 3159 2355 3213; x_wconf 89' lang='lat' dir='ltr'><strong>vel</strong></span> <span class='ocrx_word' id='word_1_646' title='bbox 2377 3158 2695 3229; x_wconf 73' lang='lat' dir='ltr'><strong>eloquentiae</strong></span> <span class='ocrx_word' id='word_1_647' title='bbox 2721 3174 2735 3210; x_wconf 90' lang='lat'><strong>:</strong></span> <span class='ocrx_word' id='word_1_648' title='bbox 2764 3157 2814 3211; x_wconf 94' lang='lat' dir='ltr'><strong>in</strong></span> <span class='ocrx_word' id='word_1_649' title='bbox 2843 3172 2908 3211; x_wconf 92' lang='lat' dir='ltr'><strong>eo</strong></span> <span class='ocrx_word' id='word_1_650' title='bbox 2928 3171 3126 3226; x_wconf 89' lang='lat' dir='ltr'><strong>genere</strong></span> <span class='ocrx_word' id='word_1_651' title='bbox 3151 3164 3234 3210; x_wconf 92' lang='lat' dir='ltr'><strong>est</strong></span> <span class='ocrx_word' id='word_1_652' title='bbox 3253 3164 3307 3210; x_wconf 91' lang='lat' dir='ltr'><strong>et</strong></span> <span class='ocrx_word' id='word_1_653' title='bbox 3327 3153 3592 3225; x_wconf 88' lang='lat' dir='ltr'><strong>cupiditas</strong></span> 
     </span>
    </p>
   </div>
   <div class='ocr_carea' id='block_1_91' title="bbox 2003 3245 3595 3319">
    <p class='ocr_par' dir='ltr' id='par_1_91' title="bbox 2003 3245 3595 3319">
     <span class='ocr_line' id='line_1_91' title="bbox 2003 3245 3595 3319; baseline -0.006 -13"><span class='ocrx_word' id='word_1_654' title='bbox 2003 3251 2243 3307; x_wconf 89' lang='lat' dir='ltr'><strong>honoris.</strong></span> <span class='ocrx_word' id='word_1_655' title='bbox 2260 3248 2456 3306; x_wconf 88' lang='lat' dir='ltr'><strong>Contra</strong></span> <span class='ocrx_word' id='word_1_656' title='bbox 2474 3265 2593 3319; x_wconf 68' lang='lat' dir='ltr'><strong>qua:</strong></span> <span class='ocrx_word' id='word_1_657' title='bbox 2607 3248 2785 3303; x_wconf 89' lang='lat' dir='ltr'><strong>omnia</strong></span> <span class='ocrx_word' id='word_1_658' title='bbox 2810 3246 3156 3317; x_wconf 87' lang='lat' dir='ltr'><strong>proferantur</strong></span> <span class='ocrx_word' id='word_1_659' title='bbox 3172 3262 3231 3300; x_wconf 88' lang='lat' dir='ltr'><strong>ea</strong></span> <span class='ocrx_word' id='word_1_660' title='bbox 3253 3261 3372 3315; x_wconf 70' lang='lat' dir='ltr'><strong>qurc</strong></span> <span class='ocrx_word' id='word_1_661' title='bbox 3394 3245 3595 3314; x_wconf 86' lang='lat' dir='ltr'><strong>scripta</strong></span> 
     </span>
    </p>
   </div>
   <div class='ocr_carea' id='block_1_92' title="bbox 2004 3337 3595 3407">
    <p class='ocr_par' dir='ltr' id='par_1_92' title="bbox 2004 3337 3595 3407">
     <span class='ocr_line' id='line_1_92' title="bbox 2004 3337 3595 3407; baseline -0.004 -9"><span class='ocrx_word' id='word_1_662' title='bbox 2004 3355 2129 3399; x_wconf 89' lang='lat' dir='ltr'><strong>sunt</strong></span> <span class='ocrx_word' id='word_1_663' title='bbox 2171 3343 2240 3398; x_wconf 90' lang='lat' dir='ltr'><strong>de</strong></span> <span class='ocrx_word' id='word_1_664' title='bbox 2269 3342 2427 3397; x_wconf 90' lang='lat' dir='ltr'><strong>laude</strong></span> <span class='ocrx_word' id='word_1_665' title='bbox 2476 3340 2769 3404; x_wconf 86' lang='lat' dir='ltr'><strong>charitatis,</strong></span> <span class='ocrx_word' id='word_1_666' title='bbox 2814 3348 2870 3395; x_wconf 89' lang='lat' dir='ltr'><strong>et</strong></span> <span class='ocrx_word' id='word_1_667' title='bbox 2913 3339 2982 3395; x_wconf 92' lang='lat' dir='ltr'><strong>dc</strong></span> <span class='ocrx_word' id='word_1_668' title='bbox 3010 3338 3265 3393; x_wconf 88' lang='lat' dir='ltr'><strong>inanitate</strong></span> <span class='ocrx_word' id='word_1_669' title='bbox 3296 3337 3595 3407; x_wconf 70' lang='lat' dir='ltr'><strong>jactantiaz;</strong></span> 
     </span>
    </p>
   </div>
   <div class='ocr_carea' id='block_1_93' title="bbox 2002 3426 3594 3504">
    <p class='ocr_par' dir='ltr' id='par_1_93' title="bbox 2002 3426 3594 3504">
     <span class='ocr_line' id='line_1_93' title="bbox 2002 3426 3594 3504; baseline -0.006 -15"><span class='ocrx_word' id='word_1_670' title='bbox 2002 3435 2364 3504; x_wconf 88' lang='lat' dir='ltr'><strong>doceaturque</strong></span> <span class='ocrx_word' id='word_1_671' title='bbox 2407 3449 2566 3504; x_wconf 89' lang='lat' dir='ltr'><strong>quam</strong></span> <span class='ocrx_word' id='word_1_672' title='bbox 2602 3432 2672 3487; x_wconf 86' lang='lat' dir='ltr'><strong>sit</strong></span> <span class='ocrx_word' id='word_1_673' title='bbox 2704 3430 3012 3501; x_wconf 87' lang='lat' dir='ltr'><strong>pudendum</strong></span> <span class='ocrx_word' id='word_1_674' title='bbox 3053 3430 3131 3484; x_wconf 91' lang='lat' dir='ltr'><strong>eis</strong></span> <span class='ocrx_word' id='word_1_675' title='bbox 3176 3429 3389 3499; x_wconf 87' lang='lat' dir='ltr'><strong>placere</strong></span> <span class='ocrx_word' id='word_1_676' title='bbox 3436 3426 3594 3493; x_wconf 87' lang='lat' dir='ltr'><strong>velle,</strong></span> 
     </span>
    </p>
   </div>
   <div class='ocr_carea' id='block_1_94' title="bbox 2002 3516 3596 3596">
    <p class='ocr_par' dir='ltr' id='par_1_94' title="bbox 2002 3516 3596 3596">
     <span class='ocr_line' id='line_1_94' title="bbox 2002 3516 3596 3596; baseline -0.006 -17"><span class='ocrx_word' id='word_1_677' title='bbox 2002 3542 2136 3596; x_wconf 89' lang='lat' dir='ltr'><strong>quos</strong></span> <span class='ocrx_word' id='word_1_678' title='bbox 2164 3527 2301 3580; x_wconf 89' lang='lat' dir='ltr'><strong>nolis</strong></span> <span class='ocrx_word' id='word_1_679' title='bbox 2326 3525 2541 3579; x_wconf 91' lang='lat' dir='ltr'><strong>imitari.</strong></span> <span class='ocrx_word' id='word_1_680' title='bbox 2574 3525 2676 3577; x_wconf 86' lang='lat' dir='ltr'><strong>Aut</strong></span> <span class='ocrx_word' id='word_1_681' title='bbox 2705 3523 2847 3577; x_wconf 89' lang='lat' dir='ltr'><strong>enim</strong></span> <span class='ocrx_word' id='word_1_682' title='bbox 2888 3520 3016 3576; x_wconf 89' lang='lat' dir='ltr'><strong>boni</strong></span> <span class='ocrx_word' id='word_1_683' title='bbox 3061 3536 3169 3575; x_wconf 92' lang='lat' dir='ltr'><strong>non</strong></span> <span class='ocrx_word' id='word_1_684' title='bbox 3208 3528 3353 3584; x_wconf 88' lang='lat' dir='ltr'><strong>sunt,</strong></span> <span class='ocrx_word' id='word_1_685' title='bbox 3378 3528 3432 3573; x_wconf 91' lang='lat' dir='ltr'><strong>et</strong></span> <span class='ocrx_word' id='word_1_686' title='bbox 3462 3516 3596 3570; x_wconf 88' lang='lat' dir='ltr'><strong>nihil</strong></span> 
     </span>
    </p>
   </div>
   <div class='ocr_carea' id='block_1_95' title="bbox 2001 3612 3596 3688">
    <p class='ocr_par' dir='ltr' id='par_1_95' title="bbox 2001 3612 3596 3688">
     <span class='ocr_line' id='line_1_95' title="bbox 2001 3612 3596 3688; baseline -0.004 -16"><span class='ocrx_word' id='word_1_687' title='bbox 2001 3634 2250 3688; x_wconf 90' lang='lat' dir='ltr'><strong>magnum</strong></span> <span class='ocrx_word' id='word_1_688' title='bbox 2282 3625 2364 3671; x_wconf 83' lang='lat' dir='ltr'><strong>est</strong></span> <span class='ocrx_word' id='word_1_689' title='bbox 2390 3631 2419 3669; x_wconf 90' lang='lat' dir='ltr'><strong>a</strong></span> <span class='ocrx_word' id='word_1_690' title='bbox 2448 3615 2603 3669; x_wconf 85' lang='lat' dir='ltr'><strong>malis</strong></span> <span class='ocrx_word' id='word_1_691' title='bbox 2632 3615 2833 3669; x_wconf 89' lang='lat' dir='ltr'><strong>laudari</strong></span> <span class='ocrx_word' id='word_1_692' title='bbox 2861 3631 2876 3680; x_wconf 93' lang='lat'><strong>;</strong></span> <span class='ocrx_word' id='word_1_693' title='bbox 2932 3623 3025 3667; x_wconf 89' lang='lat' dir='ltr'><strong>aut</strong></span> <span class='ocrx_word' id='word_1_694' title='bbox 3052 3612 3178 3667; x_wconf 91' lang='lat' dir='ltr'><strong>boni</strong></span> <span class='ocrx_word' id='word_1_695' title='bbox 3220 3620 3363 3674; x_wconf 89' lang='lat' dir='ltr'><strong>sunt,</strong></span> <span class='ocrx_word' id='word_1_696' title='bbox 3399 3620 3454 3665; x_wconf 92' lang='lat' dir='ltr'><strong>et</strong></span> <span class='ocrx_word' id='word_1_697' title='bbox 3500 3624 3596 3665; x_wconf 90' lang='lat' dir='ltr'><strong>eos</strong></span> 
     </span>
    </p>
   </div>
   <div class='ocr_carea' id='block_1_96' title="bbox 2001 3701 3592 3777">
    <p class='ocr_par' dir='ltr' id='par_1_96' title="bbox 2001 3701 3592 3777">
     <span class='ocr_line' id='line_1_96' title="bbox 2001 3701 3592 3777; baseline -0.006 -15"><span class='ocrx_word' id='word_1_698' title='bbox 2001 3715 2212 3777; x_wconf 90' lang='lat' dir='ltr'><strong>oportet</strong></span> <span class='ocrx_word' id='word_1_699' title='bbox 2241 3706 2458 3761; x_wconf 89' lang='lat' dir='ltr'><strong>imitari.</strong></span> <span class='ocrx_word' id='word_1_700' title='bbox 2482 3705 2590 3760; x_wconf 91' lang='lat' dir='ltr'><strong>Sed</strong></span> <span class='ocrx_word' id='word_1_701' title='bbox 2620 3706 2709 3775; x_wconf 88' lang='lat' dir='ltr'><strong>qui</strong></span> <span class='ocrx_word' id='word_1_702' title='bbox 2740 3704 2865 3759; x_wconf 91' lang='lat' dir='ltr'><strong>boni</strong></span> <span class='ocrx_word' id='word_1_703' title='bbox 2890 3713 3037 3769; x_wconf 91' lang='lat' dir='ltr'><strong>sunt,</strong></span> <span class='ocrx_word' id='word_1_704' title='bbox 3061 3703 3259 3756; x_wconf 89' lang='lat' dir='ltr'><strong>virtute</strong></span> <span class='ocrx_word' id='word_1_705' title='bbox 3286 3701 3409 3756; x_wconf 91' lang='lat' dir='ltr'><strong>boni</strong></span> <span class='ocrx_word' id='word_1_706' title='bbox 3438 3709 3592 3754; x_wconf 90' lang='lat' dir='ltr'><strong>sunt:</strong></span> 
     </span>
    </p>
   </div>
   <div class='ocr_carea' id='block_1_97' title="bbox 2000 3778 3596 3867">
    <p class='ocr_par' dir='ltr' id='par_1_97' title="bbox 2000 3778 3596 3867">
     <span class='ocr_line' id='line_1_97' title="bbox 2000 3778 3596 3867; baseline -0.002 -15"><span class='ocrx_word' id='word_1_707' title='bbox 2000 3799 2169 3853; x_wconf 90' lang='lat' dir='ltr'><strong>virtus</strong></span> <span class='ocrx_word' id='word_1_708' title='bbox 2194 3806 2372 3853; x_wconf 90' lang='lat' dir='ltr'><strong>autem</strong></span> <span class='ocrx_word' id='word_1_709' title='bbox 2403 3814 2509 3852; x_wconf 92' lang='lat' dir='ltr'><strong>non</strong></span> <span class='ocrx_word' id='word_1_710' title='bbox 2533 3798 2739 3867; x_wconf 89' lang='lat' dir='ltr'><strong>appetit</strong></span> <span class='ocrx_word' id='word_1_711' title='bbox 2769 3796 2911 3865; x_wconf 89' lang='lat' dir='ltr'><strong>quod</strong></span> <span class='ocrx_word' id='word_1_712' title='bbox 2953 3796 3006 3850; x_wconf 89' lang='lat' dir='ltr'><strong>in</strong></span> <span class='ocrx_word' id='word_1_713' title='bbox 3044 3795 3277 3849; x_wconf 90' lang='lat' dir='ltr'><strong>aliorum</strong></span> <span class='ocrx_word' id='word_1_714' title='bbox 3318 3778 3596 3849; x_wconf 85' lang='lat' dir='ltr'><strong>hominum</strong></span> 
     </span>
    </p>
   </div>
   <div class='ocr_carea' id='block_1_98' title="bbox 2000 3884 3597 3964">
    <p class='ocr_par' dir='ltr' id='par_1_98' title="bbox 2000 3884 3597 3964">
     <span class='ocr_line' id='line_1_98' title="bbox 2000 3884 3597 3964; baseline -0.004 -19"><span class='ocrx_word' id='word_1_715' title='bbox 2000 3900 2268 3964; x_wconf 87' lang='lat' dir='ltr'><strong>potestate</strong></span> <span class='ocrx_word' id='word_1_716' title='bbox 2298 3898 2398 3945; x_wconf 86' lang='lat' dir='ltr'><strong>est.</strong></span> <span class='ocrx_word' id='word_1_717' title='bbox 2430 3890 2530 3958; x_wconf 88' lang='lat' dir='ltr'><strong>Qui</strong></span> <span class='ocrx_word' id='word_1_718' title='bbox 2570 3904 2700 3958; x_wconf 90' lang='lat' dir='ltr'><strong>ergo</strong></span> <span class='ocrx_word' id='word_1_719' title='bbox 2744 3888 2985 3943; x_wconf 91' lang='lat' dir='ltr'><strong>imitatur</strong></span> <span class='ocrx_word' id='word_1_720' title='bbox 3014 3887 3204 3952; x_wconf 89' lang='lat' dir='ltr'><strong>bonos,</strong></span> <span class='ocrx_word' id='word_1_721' title='bbox 3260 3886 3459 3940; x_wconf 89' lang='lat' dir='ltr'><strong>nullius</strong></span> <span class='ocrx_word' id='word_1_722' title='bbox 3499 3884 3597 3938; x_wconf 71' lang='lat' dir='ltr'><strong>ho~</strong></span> 
     </span>
    </p>
   </div>
   <div class='ocr_carea' id='block_1_99' title="bbox 2001 3978 3598 4055">
    <p class='ocr_par' dir='ltr' id='par_1_99' title="bbox 2001 3978 3598 4055">
     <span class='ocr_line' id='line_1_99' title="bbox 2001 3978 3598 4055; baseline -0.006 -14"><span class='ocrx_word' id='word_1_723' title='bbox 2001 3986 2162 4041; x_wconf 91' lang='lat' dir='ltr'><strong>minis</strong></span> <span class='ocrx_word' id='word_1_724' title='bbox 2202 3984 2403 4055; x_wconf 90' lang='lat' dir='ltr'><strong>appetit</strong></span> <span class='ocrx_word' id='word_1_725' title='bbox 2442 3982 2674 4047; x_wconf 86' lang='lat' dir='ltr'><strong>laudem;</strong></span> <span class='ocrx_word' id='word_1_726' title='bbox 2725 3982 2813 4052; x_wconf 91' lang='lat' dir='ltr'><strong>qui</strong></span> <span class='ocrx_word' id='word_1_727' title='bbox 2870 3980 3065 4044; x_wconf 83' lang='lat' dir='ltr'><strong>malos,</strong></span> <span class='ocrx_word' id='word_1_728' title='bbox 3110 3994 3215 4033; x_wconf 90' lang='lat' dir='ltr'><strong>non</strong></span> <span class='ocrx_word' id='word_1_729' title='bbox 3257 3978 3450 4048; x_wconf 86' lang='lat' dir='ltr'><strong>dignus</strong></span> <span class='ocrx_word' id='word_1_730' title='bbox 3511 3986 3598 4032; x_wconf 91' lang='lat' dir='ltr'><strong>est</strong></span> 
     </span>
    </p>
   </div>
   <div class='ocr_carea' id='block_1_100' title="bbox 2005 4068 3597 4143">
    <p class='ocr_par' dir='ltr' id='par_1_100' title="bbox 2005 4068 3597 4143">
     <span class='ocr_line' id='line_1_100' title="bbox 2005 4068 3597 4143; baseline -0.005 -11"><span class='ocrx_word' id='word_1_731' title='bbox 2005 4076 2183 4132; x_wconf 90' lang='lat' dir='ltr'><strong>laude.</strong></span> <span class='ocrx_word' id='word_1_732' title='bbox 2212 4076 2266 4132; x_wconf 91' lang='lat' dir='ltr'><strong>Si</strong></span> <span class='ocrx_word' id='word_1_733' title='bbox 2293 4084 2472 4131; x_wconf 90' lang='lat' dir='ltr'><strong>autem</strong></span> <span class='ocrx_word' id='word_1_734' title='bbox 2522 4074 2735 4143; x_wconf 89' lang='lat' dir='ltr'><strong>placere</strong></span> <span class='ocrx_word' id='word_1_735' title='bbox 2782 4072 3087 4127; x_wconf 90' lang='lat' dir='ltr'><strong>hominibus</strong></span> <span class='ocrx_word' id='word_1_736' title='bbox 3129 4070 3249 4125; x_wconf 89' lang='lat' dir='ltr'><strong>ideo</strong></span> <span class='ocrx_word' id='word_1_737' title='bbox 3288 4070 3389 4135; x_wconf 89' lang='lat' dir='ltr'><strong>vis,</strong></span> <span class='ocrx_word' id='word_1_738' title='bbox 3422 4076 3479 4123; x_wconf 93' lang='lat' dir='ltr'><strong>ut</strong></span> <span class='ocrx_word' id='word_1_739' title='bbox 3516 4068 3597 4125; x_wconf 86' lang='lat' dir='ltr'><strong>eis</strong></span> 
     </span>
    </p>
   </div>
   <div class='ocr_carea' id='block_1_101' title="bbox 2003 4158 3595 4240">
    <p class='ocr_par' dir='ltr' id='par_1_101' title="bbox 2003 4158 3595 4240">
     <span class='ocr_line' id='line_1_101' title="bbox 2003 4158 3595 4240; baseline -0.005 -17"><span class='ocrx_word' id='word_1_740' title='bbox 2003 4169 2178 4240; x_wconf 89' lang='lat' dir='ltr'><strong>prosis</strong></span> <span class='ocrx_word' id='word_1_741' title='bbox 2206 4167 2271 4222; x_wconf 89' lang='lat' dir='ltr'><strong>ad</strong></span> <span class='ocrx_word' id='word_1_742' title='bbox 2297 4166 2625 4237; x_wconf 89' lang='lat' dir='ltr'><strong>diligendum</strong></span> <span class='ocrx_word' id='word_1_743' title='bbox 2660 4166 2853 4227; x_wconf 89' lang='lat' dir='ltr'><strong>Deum;</strong></span> <span class='ocrx_word' id='word_1_744' title='bbox 2882 4178 2990 4217; x_wconf 92' lang='lat' dir='ltr'><strong>non</strong></span> <span class='ocrx_word' id='word_1_745' title='bbox 3013 4162 3123 4233; x_wconf 90' lang='lat' dir='ltr'><strong>jam</strong></span> <span class='ocrx_word' id='word_1_746' title='bbox 3148 4161 3270 4227; x_wconf 92' lang='lat' dir='ltr'><strong>hoc,</strong></span> <span class='ocrx_word' id='word_1_747' title='bbox 3318 4160 3413 4215; x_wconf 87' lang='lat' dir='ltr'><strong>sed</strong></span> <span class='ocrx_word' id='word_1_748' title='bbox 3451 4158 3595 4215; x_wconf 91' lang='lat' dir='ltr'><strong>aliud</strong></span> 
     </span>
    </p>
   </div>
   <div class='ocr_carea' id='block_1_102' title="bbox 2001 4252 3597 4329">
    <p class='ocr_par' dir='ltr' id='par_1_102' title="bbox 2001 4252 3597 4329">
     <span class='ocr_line' id='line_1_102' title="bbox 2001 4252 3597 4329; baseline -0.004 -14"><span class='ocrx_word' id='word_1_749' title='bbox 2001 4261 2173 4329; x_wconf 91' lang='lat' dir='ltr'><strong>cupis.</strong></span> <span class='ocrx_word' id='word_1_750' title='bbox 2196 4258 2298 4327; x_wconf 89' lang='lat' dir='ltr'><strong>Qui</strong></span> <span class='ocrx_word' id='word_1_751' title='bbox 2327 4267 2506 4314; x_wconf 91' lang='lat' dir='ltr'><strong>autem</strong></span> <span class='ocrx_word' id='word_1_752' title='bbox 2538 4258 2754 4328; x_wconf 85' lang='lat' dir='ltr'><strong>placere</strong></span> <span class='ocrx_word' id='word_1_753' title='bbox 2791 4257 2960 4326; x_wconf 89' lang='lat' dir='ltr'><strong>cupit,</strong></span> <span class='ocrx_word' id='word_1_754' title='bbox 3014 4255 3378 4311; x_wconf 89' lang='lat' dir='ltr'><strong>necessarium</strong></span> <span class='ocrx_word' id='word_1_755' title='bbox 3422 4252 3597 4308; x_wconf 87' lang='lat' dir='ltr'><strong>adhuc</strong></span> 
     </span>
    </p>
   </div>
   <div class='ocr_carea' id='block_1_103' title="bbox 2003 4345 3670 4420">
    <p class='ocr_par' dir='ltr' id='par_1_103' title="bbox 2003 4345 3670 4420">
     <span class='ocr_line' id='line_1_103' title="bbox 2003 4345 3670 4420; baseline -0.004 -13"><span class='ocrx_word' id='word_1_756' title='bbox 2003 4352 2164 4408; x_wconf 89' lang='lat' dir='ltr'><strong>habet</strong></span> <span class='ocrx_word' id='word_1_757' title='bbox 2187 4352 2433 4406; x_wconf 90' lang='lat' dir='ltr'><strong>timorem</strong></span> <span class='ocrx_word' id='word_1_758' title='bbox 2466 4368 2479 4405; x_wconf 89' lang='lat'><strong>:</strong></span> <span class='ocrx_word' id='word_1_759' title='bbox 2508 4350 2765 4420; x_wconf 90' lang='lat' dir='ltr'><strong>primum,</strong></span> <span class='ocrx_word' id='word_1_760' title='bbox 2810 4364 2878 4403; x_wconf 93' lang='lat' dir='ltr'><strong>ne</strong></span> <span class='ocrx_word' id='word_1_761' title='bbox 2907 4347 3115 4403; x_wconf 90' lang='lat' dir='ltr'><strong>occulte</strong></span> <span class='ocrx_word' id='word_1_762' title='bbox 3146 4345 3423 4418; x_wconf 88' lang='lat' dir='ltr'><strong>peccando</strong></span> <span class='ocrx_word' id='word_1_763' title='bbox 3458 4345 3597 4400; x_wconf 89' lang='lat' dir='ltr'><strong>inter</strong></span> <span class='ocrx_word' id='word_1_764' title='bbox 3664 4413 3670 4419; x_wconf 30' lang='lat'><strong><em>‘</em></strong></span> 
     </span>
    </p>
   </div>
   <div class='ocr_carea' id='block_1_104' title="bbox 2002 4437 3592 4513">
    <p class='ocr_par' dir='ltr' id='par_1_104' title="bbox 2002 4437 3592 4513">
     <span class='ocr_line' id='line_1_104' title="bbox 2002 4437 3592 4513; baseline -0.006 -13"><span class='ocrx_word' id='word_1_765' title='bbox 2002 4442 2310 4513; x_wconf 83' lang='lat' dir='ltr'><strong>hypocritas</strong></span> <span class='ocrx_word' id='word_1_766' title='bbox 2357 4457 2388 4496; x_wconf 90' lang='lat' dir='ltr'><strong>a</strong></span> <span class='ocrx_word' id='word_1_767' title='bbox 2428 4442 2657 4497; x_wconf 90' lang='lat' dir='ltr'><strong>Domino</strong></span> <span class='ocrx_word' id='word_1_768' title='bbox 2694 4448 3054 4510; x_wconf 87' lang='lat' dir='ltr'><strong>computetur;</strong></span> <span class='ocrx_word' id='word_1_769' title='bbox 3092 4438 3308 4507; x_wconf 86' lang='lat' dir='ltr'><strong>deinde,</strong></span> <span class='ocrx_word' id='word_1_770' title='bbox 3350 4438 3393 4493; x_wconf 89' lang='lat' dir='ltr'><strong>si</strong></span> <span class='ocrx_word' id='word_1_771' title='bbox 3425 4437 3592 4492; x_wconf 81' lang='lat' dir='ltr'><strong>bene-</strong></span> 
     </span>
    </p>
   </div>
   <div class='ocr_carea' id='block_1_105' title="bbox 2001 4529 3596 4604">
    <p class='ocr_par' dir='ltr' id='par_1_105' title="bbox 2001 4529 3596 4604">
     <span class='ocr_line' id='line_1_105' title="bbox 2001 4529 3596 4604; baseline -0.005 -11"><span class='ocrx_word' id='word_1_772' title='bbox 2001 4535 2153 4593; x_wconf 89' lang='lat' dir='ltr'><strong>factis</strong></span> <span class='ocrx_word' id='word_1_773' title='bbox 2178 4534 2392 4604; x_wconf 89' lang='lat' dir='ltr'><strong>placere</strong></span> <span class='ocrx_word' id='word_1_774' title='bbox 2435 4532 2656 4603; x_wconf 89' lang='lat' dir='ltr'><strong>appetit,</strong></span> <span class='ocrx_word' id='word_1_775' title='bbox 2705 4548 2772 4586; x_wconf 89' lang='lat' dir='ltr'><strong>ne</strong></span> <span class='ocrx_word' id='word_1_776' title='bbox 2812 4530 2950 4587; x_wconf 91' lang='lat' dir='ltr'><strong>hanc</strong></span> <span class='ocrx_word' id='word_1_777' title='bbox 2981 4529 3284 4586; x_wconf 91' lang='lat' dir='ltr'><strong>mercedem</strong></span> <span class='ocrx_word' id='word_1_778' title='bbox 3323 4532 3596 4599; x_wconf 84' lang='lat' dir='ltr'><strong>aucupans</strong></span> 
     </span>
    </p>
   </div>
   <div class='ocr_carea' id='block_1_106' title="bbox 2002 4623 3141 4699">
    <p class='ocr_par' dir='ltr' id='par_1_106' title="bbox 2002 4623 3141 4699">
     <span class='ocr_line' id='line_1_106' title="bbox 2002 4623 3141 4699; baseline -0.004 -18"><span class='ocrx_word' id='word_1_779' title='bbox 2002 4627 2191 4699; x_wconf 88' lang='lat' dir='ltr'><strong>perdat</strong></span> <span class='ocrx_word' id='word_1_780' title='bbox 2210 4624 2352 4697; x_wconf 91' lang='lat' dir='ltr'><strong>quod</strong></span> <span class='ocrx_word' id='word_1_781' title='bbox 2372 4624 2596 4680; x_wconf 90' lang='lat' dir='ltr'><strong>daturus</strong></span> <span class='ocrx_word' id='word_1_782' title='bbox 2621 4632 2703 4679; x_wconf 90' lang='lat' dir='ltr'><strong>cst</strong></span> <span class='ocrx_word' id='word_1_783' title='bbox 2733 4623 2897 4678; x_wconf 89' lang='lat' dir='ltr'><strong>Deus.</strong></span> <span class='ocrx_word' id='word_1_784' title='bbox 3130 4686 3141 4693; x_wconf 25' lang='grc' dir='ltr'><strong>ς</strong></span> 
     </span>
    </p>
   </div>
   <div class='ocr_carea' id='block_1_107' title="bbox 2072 4712 3593 4787">
    <p class='ocr_par' dir='ltr' id='par_1_107' title="bbox 2072 4712 3593 4787">
     <span class='ocr_line' id='line_1_107' title="bbox 2072 4712 3593 4787; baseline -0.006 -11"><span class='ocrx_word' id='word_1_785' title='bbox 2072 4722 2127 4776; x_wconf 74' lang='grc'><strong>4.</strong></span> <span class='ocrx_word' id='word_1_786' title='bbox 2158 4719 2265 4776; x_wconf 89' lang='lat' dir='ltr'><strong>Sed</strong></span> <span class='ocrx_word' id='word_1_787' title='bbox 2291 4719 2496 4774; x_wconf 88' lang='lat' dir='ltr'><strong>devicta</strong></span> <span class='ocrx_word' id='word_1_788' title='bbox 2542 4719 2640 4773; x_wconf 90' lang='lat' dir='ltr'><strong>ista</strong></span> <span class='ocrx_word' id='word_1_789' title='bbox 2693 4717 3006 4787; x_wconf 86' lang='lat' dir='ltr'><strong>cupiditate,</strong></span> <span class='ocrx_word' id='word_1_790' title='bbox 3053 4714 3294 4771; x_wconf 88' lang='lat' dir='ltr'><strong>cavenda</strong></span> <span class='ocrx_word' id='word_1_791' title='bbox 3344 4712 3593 4784; x_wconf 88' lang='lat' dir='ltr'><strong>superbia</strong></span> 
     </span>
    </p>
   </div>
   <div class='ocr_carea' id='block_1_108' title="bbox 2002 4804 3595 4878">
    <p class='ocr_par' dir='ltr' id='par_1_108' title="bbox 2002 4804 3595 4878">
     <span class='ocr_line' id='line_1_108' title="bbox 2002 4804 3595 4878; baseline -0.006 -11"><span class='ocrx_word' id='word_1_792' title='bbox 2002 4821 2103 4867; x_wconf 88' lang='lat' dir='ltr'><strong>est.</strong></span> <span class='ocrx_word' id='word_1_793' title='bbox 2138 4810 2367 4867; x_wconf 89' lang='lat' dir='ltr'><strong>Difficile</strong></span> <span class='ocrx_word' id='word_1_794' title='bbox 2397 4808 2639 4864; x_wconf 90' lang='lat' dir='ltr'><strong>estenim</strong></span> <span class='ocrx_word' id='word_1_795' title='bbox 2666 4815 2725 4862; x_wconf 93' lang='lat' dir='ltr'><strong>ut</strong></span> <span class='ocrx_word' id='word_1_796' title='bbox 2754 4807 3004 4878; x_wconf 90' lang='lat' dir='ltr'><strong>dignetur</strong></span> <span class='ocrx_word' id='word_1_797' title='bbox 3031 4805 3329 4861; x_wconf 90' lang='lat' dir='ltr'><strong>consociari</strong></span> <span class='ocrx_word' id='word_1_798' title='bbox 3362 4804 3595 4858; x_wconf 90' lang='lat' dir='ltr'><strong>homini-</strong></span> 
     </span>
    </p>
   </div>
   <div class='ocr_carea' id='block_1_109' title="bbox 2002 4898 3598 4973">
    <p class='ocr_par' dir='ltr' id='par_1_109' title="bbox 2002 4898 3598 4973">
     <span class='ocr_line' id='line_1_109' title="bbox 2002 4898 3598 4973; baseline -0.004 -15"><span class='ocrx_word' id='word_1_799' title='bbox 2002 4903 2120 4968; x_wconf 87' lang='lat' dir='ltr'><strong>bus,</strong></span> <span class='ocrx_word' id='word_1_800' title='bbox 2146 4903 2235 4973; x_wconf 90' lang='lat' dir='ltr'><strong>qui</strong></span> <span class='ocrx_word' id='word_1_801' title='bbox 2264 4903 2342 4956; x_wconf 90' lang='lat' dir='ltr'><strong>eis</strong></span> <span class='ocrx_word' id='word_1_802' title='bbox 2361 4902 2572 4973; x_wconf 88' lang='lat' dir='ltr'><strong>placere</strong></span> <span class='ocrx_word' id='word_1_803' title='bbox 2608 4901 2718 4970; x_wconf 87' lang='lat' dir='ltr'><strong>jam</strong></span> <span class='ocrx_word' id='word_1_804' title='bbox 2750 4916 2857 4954; x_wconf 89' lang='lat' dir='ltr'><strong>non</strong></span> <span class='ocrx_word' id='word_1_805' title='bbox 2883 4899 3173 4963; x_wconf 85' lang='lat' dir='ltr'><strong>desiderat,</strong></span> <span class='ocrx_word' id='word_1_806' title='bbox 3202 4907 3255 4953; x_wconf 89' lang='lat' dir='ltr'><strong>et</strong></span> <span class='ocrx_word' id='word_1_807' title='bbox 3298 4898 3511 4967; x_wconf 89' lang='lat' dir='ltr'><strong>plenum</strong></span> <span class='ocrx_word' id='word_1_808' title='bbox 3537 4911 3598 4953; x_wconf 88' lang='lat' dir='ltr'><strong>se</strong></span> 
     </span>
    </p>
   </div>
   <div class='ocr_carea' id='block_1_110' title="bbox 2003 4989 3594 5062">
    <p class='ocr_par' dir='ltr' id='par_1_110' title="bbox 2003 4989 3594 5062">
     <span class='ocr_line' id='line_1_110' title="bbox 2003 4989 3594 5062; baseline -0.003 -15"><span class='ocrx_word' id='word_1_809' title='bbox 2003 4994 2287 5050; x_wconf 82' lang='lat' dir='ltr'><strong>virtutibus</strong></span> <span class='ocrx_word' id='word_1_810' title='bbox 2317 5001 2483 5061; x_wconf 88' lang='lat' dir='ltr'><strong>putat.</strong></span> <span class='ocrx_word' id='word_1_811' title='bbox 2512 4991 2701 5062; x_wconf 85' lang='lat' dir='ltr'><strong>Itaque</strong></span> <span class='ocrx_word' id='word_1_812' title='bbox 2729 4990 2911 5045; x_wconf 88' lang='lat' dir='ltr'><strong>adhuc</strong></span> <span class='ocrx_word' id='word_1_813' title='bbox 2938 4991 3274 5045; x_wconf 81' lang='lat' dir='ltr'><strong>necessarius</strong></span> <span class='ocrx_word' id='word_1_814' title='bbox 3301 4997 3381 5041; x_wconf 88' lang='lat' dir='ltr'><strong>est</strong></span> <span class='ocrx_word' id='word_1_815' title='bbox 3413 4989 3594 5053; x_wconf 87' lang='lat' dir='ltr'><strong>timor,</strong></span> 
     </span>
    </p>
   </div>
   <div class='ocr_carea' id='block_1_111' title="bbox 2003 5077 3598 5153">
    <p class='ocr_par' dir='ltr' id='par_1_111' title="bbox 2003 5077 3598 5153">
     <span class='ocr_line' id='line_1_111' title="bbox 2003 5077 3598 5153; baseline -0.007 -12"><span class='ocrx_word' id='word_1_816' title='bbox 2003 5102 2071 5141; x_wconf 91' lang='lat' dir='ltr'><strong>ne</strong></span> <span class='ocrx_word' id='word_1_817' title='bbox 2094 5084 2220 5138; x_wconf 89' lang='lat' dir='ltr'><strong>illud</strong></span> <span class='ocrx_word' id='word_1_818' title='bbox 2251 5085 2410 5139; x_wconf 88' lang='lat' dir='ltr'><strong>etiam</strong></span> <span class='ocrx_word' id='word_1_819' title='bbox 2441 5083 2581 5153; x_wconf 91' lang='lat' dir='ltr'><strong>quod</strong></span> <span class='ocrx_word' id='word_1_820' title='bbox 2612 5082 2830 5137; x_wconf 90' lang='lat' dir='ltr'><strong>videtur</strong></span> <span class='ocrx_word' id='word_1_821' title='bbox 2860 5081 3079 5143; x_wconf 87' lang='lat' dir='ltr'><strong>habere,</strong></span> <span class='ocrx_word' id='word_1_822' title='bbox 3112 5079 3386 5132; x_wconf 89' lang='lat' dir='ltr'><strong>auferatur</strong></span> <span class='ocrx_word' id='word_1_823' title='bbox 3424 5077 3491 5131; x_wconf 92' lang='lat' dir='ltr'><strong>ab</strong></span> <span class='ocrx_word' id='word_1_824' title='bbox 3529 5094 3598 5133; x_wconf 88' lang='lat' dir='ltr'><strong>co</strong></span> 
     </span>
    </p>
   </div>
   <div class='ocr_carea' id='block_1_112' title="bbox 2005 5171 3598 5253">
    <p class='ocr_par' dir='ltr' id='par_1_112' title="bbox 2005 5171 3598 5253">
     <span class='ocr_line' id='line_1_112' title="bbox 2005 5171 3598 5253; baseline -0.005 -20"><span class='ocrx_word' id='word_1_825' title='bbox 2005 5178 2218 5253; x_wconf 83' lang='lat' dir='ltr'><strong>(Matth.</strong></span> <span class='ocrx_word' id='word_1_826' title='bbox 2249 5194 2373 5243; x_wconf 74' lang='lat' dir='ltr'><strong>xxv,</strong></span> <span class='ocrx_word' id='word_1_827' title='bbox 2405 5178 2521 5247; x_wconf 70' lang='lat'><strong>29);</strong></span> <span class='ocrx_word' id='word_1_828' title='bbox 2551 5186 2607 5233; x_wconf 91' lang='lat' dir='ltr'><strong>et</strong></span> <span class='ocrx_word' id='word_1_829' title='bbox 2632 5176 2886 5231; x_wconf 87' lang='lat' dir='ltr'><strong>manibus</strong></span> <span class='ocrx_word' id='word_1_830' title='bbox 2913 5188 2978 5228; x_wconf 93' lang='lat' dir='ltr'><strong>ac</strong></span> <span class='ocrx_word' id='word_1_831' title='bbox 3022 5172 3245 5240; x_wconf 87' lang='lat' dir='ltr'><strong>pedibus</strong></span> <span class='ocrx_word' id='word_1_832' title='bbox 3278 5172 3452 5240; x_wconf 82' lang='lat' dir='ltr'><strong>ligatis</strong></span> <span class='ocrx_word' id='word_1_833' title='bbox 3473 5171 3598 5226; x_wconf 83' lang='lat' dir='ltr'><strong>mit-</strong></span> 
     </span>
    </p>
   </div>
   <div class='ocr_carea' id='block_1_113' title="bbox 2003 5260 3600 5334">
    <p class='ocr_par' dir='ltr' id='par_1_113' title="bbox 2003 5260 3600 5334">
     <span class='ocr_line' id='line_1_113' title="bbox 2003 5260 3600 5334; baseline -0.008 -6"><span class='ocrx_word' id='word_1_834' title='bbox 2003 5280 2143 5328; x_wconf 83' lang='lat' dir='ltr'><strong>tatur</strong></span> <span class='ocrx_word' id='word_1_835' title='bbox 2181 5270 2234 5323; x_wconf 92' lang='lat' dir='ltr'><strong>in</strong></span> <span class='ocrx_word' id='word_1_836' title='bbox 2282 5268 2533 5323; x_wconf 90' lang='lat' dir='ltr'><strong>tenebras</strong></span> <span class='ocrx_word' id='word_1_837' title='bbox 2576 5266 2879 5321; x_wconf 84' lang='lat' dir='ltr'><strong>exteriores</strong></span> <span class='ocrx_word' id='word_1_838' title='bbox 2925 5260 3036 5334; x_wconf 90' lang='lat' dir='ltr'><strong>(Id.</strong></span> <span class='ocrx_word' id='word_1_839' title='bbox 3060 5262 3321 5329; x_wconf 63' lang='lat'><strong>“11.13).</strong></span> <span class='ocrx_word' id='word_1_840' title='bbox 3367 5261 3600 5331; x_wconf 87' lang='lat' dir='ltr'><strong>Quapro-</strong></span> 
     </span>
    </p>
   </div>
   <div class='ocr_carea' id='block_1_114' title="bbox 2002 5351 3602 5433">
    <p class='ocr_par' dir='ltr' id='par_1_114' title="bbox 2002 5351 3602 5433">
     <span class='ocr_line' id='line_1_114' title="bbox 2002 5351 3602 5433; baseline -0.006 -17"><span class='ocrx_word' id='word_1_841' title='bbox 2002 5373 2120 5433; x_wconf 87' lang='lat' dir='ltr'><strong>pter</strong></span> <span class='ocrx_word' id='word_1_842' title='bbox 2145 5360 2236 5415; x_wconf 90' lang='lat' dir='ltr'><strong>Dei</strong></span> <span class='ocrx_word' id='word_1_843' title='bbox 2265 5360 2426 5413; x_wconf 91' lang='lat' dir='ltr'><strong>timor</strong></span> <span class='ocrx_word' id='word_1_844' title='bbox 2447 5372 2551 5411; x_wconf 93' lang='lat' dir='ltr'><strong>non</strong></span> <span class='ocrx_word' id='word_1_845' title='bbox 2595 5355 2769 5410; x_wconf 90' lang='lat' dir='ltr'><strong>solum</strong></span> <span class='ocrx_word' id='word_1_846' title='bbox 2800 5354 3035 5421; x_wconf 88' lang='lat' dir='ltr'><strong>inchoat,</strong></span> <span class='ocrx_word' id='word_1_847' title='bbox 3064 5353 3157 5409; x_wconf 90' lang='lat' dir='ltr'><strong>sed</strong></span> <span class='ocrx_word' id='word_1_848' title='bbox 3207 5354 3365 5407; x_wconf 89' lang='lat' dir='ltr'><strong>etiam</strong></span> <span class='ocrx_word' id='word_1_849' title='bbox 3392 5351 3602 5421; x_wconf 89' lang='lat' dir='ltr'><strong>perficit</strong></span> 
     </span>
    </p>
   </div>
   <div class='ocr_carea' id='block_1_115' title="bbox 2003 5445 3602 5522">
    <p class='ocr_par' dir='ltr' id='par_1_115' title="bbox 2003 5445 3602 5522">
     <span class='ocr_line' id='line_1_115' title="bbox 2003 5445 3602 5522; baseline -0.007 -14"><span class='ocrx_word' id='word_1_850' title='bbox 2003 5454 2316 5522; x_wconf 87' lang='lat' dir='ltr'><strong>sapientem.</strong></span> <span class='ocrx_word' id='word_1_851' title='bbox 2348 5450 2396 5503; x_wconf 92' lang='lat' dir='ltr'><strong>ls</strong></span> <span class='ocrx_word' id='word_1_852' title='bbox 2423 5458 2505 5503; x_wconf 90' lang='lat' dir='ltr'><strong>est</strong></span> <span class='ocrx_word' id='word_1_853' title='bbox 2531 5456 2714 5501; x_wconf 89' lang='lat' dir='ltr'><strong>autem</strong></span> <span class='ocrx_word' id='word_1_854' title='bbox 2758 5446 2848 5516; x_wconf 89' lang='lat' dir='ltr'><strong>qui</strong></span> <span class='ocrx_word' id='word_1_855' title='bbox 2877 5462 3086 5501; x_wconf 91' lang='lat' dir='ltr'><strong>summe</strong></span> <span class='ocrx_word' id='word_1_856' title='bbox 3113 5445 3283 5515; x_wconf 89' lang='lat' dir='ltr'><strong>diligit</strong></span> <span class='ocrx_word' id='word_1_857' title='bbox 3327 5445 3515 5507; x_wconf 88' lang='lat' dir='ltr'><strong>Deum,</strong></span> <span class='ocrx_word' id='word_1_858' title='bbox 3548 5453 3602 5499; x_wconf 92' lang='lat' dir='ltr'><strong>et</strong></span> 
     </span>
    </p>
   </div>
   <div class='ocr_carea' id='block_1_116' title="bbox 2003 5536 3600 5615">
    <p class='ocr_par' dir='ltr' id='par_1_116' title="bbox 2003 5536 3600 5615">
     <span class='ocr_line' id='line_1_116' title="bbox 2003 5536 3600 5615; baseline -0.004 -16"><span class='ocrx_word' id='word_1_859' title='bbox 2003 5544 2303 5615; x_wconf 75' lang='lat' dir='ltr'><strong>proximum</strong></span> <span class='ocrx_word' id='word_1_860' title='bbox 2334 5551 2584 5611; x_wconf 88' lang='lat' dir='ltr'><strong>tanquam</strong></span> <span class='ocrx_word' id='word_1_861' title='bbox 2610 5555 2668 5595; x_wconf 92' lang='lat' dir='ltr'><strong>se</strong></span> <span class='ocrx_word' id='word_1_862' title='bbox 2698 5540 2893 5609; x_wconf 89' lang='lat' dir='ltr'><strong>ipsum.</strong></span> <span class='ocrx_word' id='word_1_863' title='bbox 2926 5539 3056 5607; x_wconf 73' lang='lat' dir='ltr'><strong>Qua:</strong></span> <span class='ocrx_word' id='word_1_864' title='bbox 3077 5550 3254 5592; x_wconf 91' lang='lat' dir='ltr'><strong>autem</strong></span> <span class='ocrx_word' id='word_1_865' title='bbox 3300 5538 3353 5592; x_wconf 92' lang='lat' dir='ltr'><strong>in</strong></span> <span class='ocrx_word' id='word_1_866' title='bbox 3386 5536 3487 5592; x_wconf 88' lang='lat' dir='ltr'><strong>hoc</strong></span> <span class='ocrx_word' id='word_1_867' title='bbox 3510 5536 3600 5592; x_wconf 86' lang='lat' dir='ltr'><strong>iti-</strong></span> 
     </span>
    </p>
   </div>
   <div class='ocr_carea' id='block_1_117' title="bbox 2068 5729 3600 5799">
    <p class='ocr_par' dir='ltr' id='par_1_117' title="bbox 2068 5729 3600 5799">
     <span class='ocr_line' id='line_1_117' title="bbox 2068 5729 3600 5799; baseline -0.003 -16"><span class='ocrx_word' id='word_1_868' title='bbox 2068 5739 2083 5769; x_wconf 80' lang='grc'>¹</span> <span class='ocrx_word' id='word_1_869' title='bbox 2108 5736 2345 5799; x_wconf 73' lang='lat' dir='ltr'><strong>Eugypius</strong></span> <span class='ocrx_word' id='word_1_870' title='bbox 2367 5735 2412 5783; x_wconf 91' lang='lat' dir='ltr'><strong>in</strong></span> <span class='ocrx_word' id='word_1_871' title='bbox 2437 5733 2627 5799; x_wconf 79' lang='lat' dir='ltr'><strong>duobus</strong></span> <span class='ocrx_word' id='word_1_872' title='bbox 2650 5741 2779 5799; x_wconf 56' lang='lat' dir='ltr'><strong>uss,</strong></span> <span class='ocrx_word' id='word_1_873' title='bbox 2811 5731 3089 5799; x_wconf 74' lang='lat' dir='ltr'><strong>exemptum</strong></span> <span class='ocrx_word' id='word_1_874' title='bbox 3108 5729 3300 5799; x_wconf 67' lang='lat' dir='ltr'><strong>Domini</strong></span> <span class='ocrx_word' id='word_1_875' title='bbox 3331 5741 3600 5799; x_wconf 75' lang='lat' dir='ltr'><strong>proponen-</strong></span> 
     </span>
    </p>
   </div>
   <div class='ocr_carea' id='block_1_118' title="bbox 2004 5791 3599 5856">
    <p class='ocr_par' dir='ltr' id='par_1_118' title="bbox 2004 5791 3599 5856">
     <span class='ocr_line' id='line_1_118' title="bbox 2004 5791 3599 5856; baseline -0.006 -8"><span class='ocrx_word' id='word_1_876' title='bbox 2004 5798 2121 5850; x_wconf 83' lang='lat' dir='ltr'><strong>dum</strong></span> <span class='ocrx_word' id='word_1_877' title='bbox 2143 5791 2252 5846; x_wconf 57' lang='grc' dir='ltr'><strong>(εζῐὲ</strong></span> <span class='ocrx_word' id='word_1_878' title='bbox 2278 5796 2382 5844; x_wconf 86' lang='lat' dir='ltr'><strong>loco</strong></span> <span class='ocrx_word' id='word_1_879' title='bbox 2406 5796 2593 5846; x_wconf 86' lang='lat' dir='ltr'><strong>scilicet</strong></span> <span class='ocrx_word' id='word_1_880' title='bbox 2614 5796 2672 5845; x_wconf 91' lang='lat' dir='ltr'><strong>ad</strong></span> <span class='ocrx_word' id='word_1_881' title='bbox 2700 5791 2783 5845; x_wconf 67' lang='lat' dir='ltr'><strong>lib.</strong></span> <span class='ocrx_word' id='word_1_882' title='bbox 2806 5796 2827 5845; x_wconf 83' lang='grc'><strong>1</strong></span> <span class='ocrx_word' id='word_1_883' title='bbox 2860 5791 3064 5844; x_wconf 78' lang='lat' dir='ltr'><strong>Itetract.</strong></span> <span class='ocrx_word' id='word_1_884' title='bbox 3088 5808 3193 5856; x_wconf 83' lang='lat' dir='ltr'><strong>cap.</strong></span> <span class='ocrx_word' id='word_1_885' title='bbox 3216 5793 3290 5849; x_wconf 69' lang='lat'><strong>19,</strong></span> <span class='ocrx_word' id='word_1_886' title='bbox 3320 5791 3599 5856; x_wconf 80' lang='lat' dir='ltr'><strong>emendato;</strong></span> 
     </span>
    </p>
   </div>
   <div class='ocr_carea' id='block_1_119' title="bbox 2004 5853 3597 5920">
    <p class='ocr_par' dir='ltr' id='par_1_119' title="bbox 2004 5853 3597 5920">
     <span class='ocr_line' id='line_1_119' title="bbox 2004 5853 3597 5920; baseline -0.002 -13"><span class='ocrx_word' id='word_1_887' title='bbox 2004 5864 2085 5910; x_wconf 78' lang='lat' dir='ltr'><strong>ubi</strong></span> <span class='ocrx_word' id='word_1_888' title='bbox 2122 5861 2413 5919; x_wconf 69' lang='lat' dir='ltr'><strong>Augustinus</strong></span> <span class='ocrx_word' id='word_1_889' title='bbox 2433 5860 2669 5907; x_wconf 74' lang='lat' dir='ltr'><strong>Christum</strong></span> <span class='ocrx_word' id='word_1_890' title='bbox 2687 5870 2714 5905; x_wconf 88' lang='lat' dir='ltr'><strong>a</strong></span> <span class='ocrx_word' id='word_1_891' title='bbox 2737 5870 2794 5907; x_wconf 87' lang='lat' dir='ltr'><strong>sc</strong></span> <span class='ocrx_word' id='word_1_892' title='bbox 2814 5857 3070 5920; x_wconf 86' lang='lat' dir='ltr'><strong>aliquando</strong></span> <span class='ocrx_word' id='word_1_893' title='bbox 3094 5853 3272 5905; x_wconf 76' lang='lat' dir='ltr'><strong>dictum</strong></span> <span class='ocrx_word' id='word_1_894' title='bbox 3306 5866 3419 5904; x_wconf 67' lang='lat' dir='ltr'><strong>esse</strong></span> <span class='ocrx_word' id='word_1_895' title='bbox 3444 5853 3597 5904; x_wconf 66' lang='grc' dir='ltr'><strong>δοιοί*</strong></span> 
     </span>
    </p>
   </div>
   <div class='ocr_carea' id='block_1_120' title="bbox 2006 5922 2762 5999">
    <p class='ocr_par' dir='ltr' id='par_1_120' title="bbox 2006 5922 2762 5999">
     <span class='ocr_line' id='line_1_120' title="bbox 2006 5922 2762 5999; baseline -0.008 -27"><span class='ocrx_word' id='word_1_896' title='bbox 2006 5937 2117 5999; x_wconf 79' lang='lat' dir='ltr'><strong>nem</strong></span> <span class='ocrx_word' id='word_1_897' title='bbox 2142 5922 2434 5991; x_wconf 76' lang='lat' dir='ltr'><strong>Dominicutn</strong></span> <span class='ocrx_word' id='word_1_898' title='bbox 2461 5936 2553 5984; x_wconf 82' lang='lat' dir='ltr'><strong>non</strong></span> <span class='ocrx_word' id='word_1_899' title='bbox 2579 5922 2762 5995; x_wconf 61' lang='lat' dir='ltr'><strong>probat.</strong></span> 
     </span>
    </p>
   </div>
  </div>
