4084 6548
525 641 655 684 nere
674 622 904 697 pericula
924 614 1368 682 difﬁcultatesque
1406 601 1707 663 metuenda:
1745 599 1874 662 sint,
1912 600 1969 649 et
1991 588 2112 660 qui-

523 719 626 775 bus
650 695 904 772 remediis
928 712 1005 767 uti
1030 712 1296 778 oporteat,
1320 701 1420 755 alia
1451 695 1676 769 quaestio
1701 698 1804 748 est.

937 797 1203 858 XXXVII.
1235 794 1313 849 De
1333 804 1529 861 semper
1551 794 1693 841 nato.

598 899 786 955 Melior
806 903 889 953 est
911 906 1126 963 semper
1155 898 1335 953 natus,
1363 896 1524 954 quam
1562 876 1654 949 qui
1680 884 1897 941 semper
1938 862 2115 922 nasci-

527 1002 636 1049 tur.
662 991 799 1060 Quia
823 989 915 1060 qui
940 999 1156 1055 semper
1176 980 1436 1043 nascitur,
1461 971 1699 1030 nondum
1725 975 1809 1023 est
1842 970 2036 1060 natus;
2058 965 2116 1014 et

531 1052 806 1153 nunquam
837 1052 992 1135 natus
1015 1052 1099 1133 est
1121 1081 1211 1131 aut
1242 1080 1401 1127 natus
1415 1067 1537 1133 erit,
1560 1064 1605 1119 si
1625 1073 1841 1131 semper
1856 1052 2116 1153 nascitur.

535 1144 700 1235 Aliud
725 1185 809 1232 cst
830 1174 970 1231 enim
998 1168 1168 1235 nasci,
1213 1163 1354 1220 aliud
1399 1168 1585 1216 natum
1614 1168 1753 1211 esse.
1784 1153 1864 1206 Ac
1895 1162 1994 1219 per
2017 1144 2121 1235 hoc

532 1282 807 1338 nunquam
837 1265 998 1330 tilius,
1028 1261 1071 1316 si
1106 1234 1377 1327 nunquam
1401 1260 1556 1307 natus
1585 1265 1599 1303 :
1629 1246 1773 1301 ﬁlius
1796 1248 1976 1297 autem
1998 1234 2121 1309 quia

537 1372 719 1427 natus,
747 1365 833 1415 est
853 1368 1066 1425 semper
1087 1351 1225 1406 [ilius
1250 1366 1265 1402 :
1287 1358 1502 1416 semper
1528 1339 1689 1411 igitur
1708 1343 1887 1391 natus.

797 1443 1086 1505 XXXVIII.
1115 1441 1195 1496 De
1221 1434 1623 1511 conformatione
1650 1429 1857 1484 animat.

606 1543 742 1598 Cum
767 1538 911 1594 aliud
933 1537 1002 1592 sit
1028 1544 1239 1599 natura,
1282 1528 1426 1585 aliud
1460 1522 1763 1594 disciplina,
1791 1514 1936 1571 aliud
1970 1526 2122 1578 usus,

537 1641 593 1689 et
621 1631 737 1688 haec
767 1632 819 1685 in
850 1644 954 1684 una
995 1627 1171 1681 anima
1224 1620 1589 1691 intelligantur
1624 1613 1769 1669 nulla
1814 1606 2126 1665 diversitate

537 1722 890 1779 substantim:
922 1720 1049 1775 item
1082 1729 1204 1772 cum
1234 1711 1378 1768 aliud
1417 1709 1489 1765 sit
1518 1704 1813 1777 ingenium,
1835 1697 1980 1754 aliud
2015 1696 2127 1750 vir-

541 1824 651 1879 tus,
675 1812 819 1867 aliud
863 1807 1238 1880 tranquillitas,
1281 1801 1530 1858 similiter
1581 1796 1739 1852 unius
1782 1789 2130 1863 ejusdemque

539 1905 896 1962 substantiam
938 1910 994 1957 et
1042 1914 1164 1955 cum
1206 1896 1385 1951 anima
1425 1892 1497 1947 sit
1531 1887 1752 1945 alterius
1793 1880 2128 1944 substantim,

542 2013 703 2069 quam
735 1998 897 2059 Deus,
932 2005 1235 2064 quanquam
1264 1988 1334 2043 ab
1355 1986 1447 2041 illo
1466 1984 1624 2049 facta;
1652 1980 1769 2051 ipse
1789 1975 2133 2069 autemqDeus

541 2068 613 2145 sit
634 2086 994 2143 sacratissima
1043 2083 1157 2149 illa,
1188 2089 1243 2137 et
1285 2077 1470 2134 multis
1494 2074 1681 2138 verbo,
1729 2086 1792 2127 re
1832 2068 2018 2139 paucis
2040 2079 2135 2120 co-

545 2181 693 2251 gnita
750 2177 1025 2232 Trinitas:
1057 2170 1471 2242 diligentissime
1534 2160 1963 2234 investigandum
2012 2163 2134 2224 est,

548 2269 690 2340 quod
714 2269 787 2322 ait
809 2266 1070 2322 Dominus
1092 2263 1276 2330 Iesus,
1302 2260 1468 2315 Nemo
1493 2256 1625 2312 venit
1653 2254 1722 2309 ad
1746 2270 1844 2319 me,
1868 2251 1966 2306 nisi
1986 2264 2135 2321 quem

546 2339 706 2414 Pater
733 2358 994 2411 attraxerit
1028 2354 1207 2429 (Joan.
1238 2360 1314 2420 vi,
1341 2349 1457 2423 44);
1489 2357 1564 2415 et,
1592 2344 1758 2402 Nemo
1782 2345 1914 2400 venit
1939 2342 2008 2397 ad
2034 2339 2149 2393 Pa—

548 2465 694 2517 trem,
720 2453 817 2506 nisi
842 2467 932 2523 per
963 2467 1043 2504 me
1074 2448 1184 2521 (Id.
1212 2463 1322 2513 xw,
1350 2446 1428 2516 6);
1457 2452 1532 2511 et,
1562 2440 1685 2514 Ipse
1708 2455 1795 2494 vos
1848 2438 1904 2491 in
1941 2450 2139 2491 omnem

546 2549 805 2604 veritatem
828 2546 1030 2600 inducet
1053 2541 1162 2617 (Id.
1183 2557 1293 2608 xw,
1315 2538 1431 2610 15),

1012 2630 1253 2689 XXXIX.
1299 2629 1373 2683 De
1399 2624 1671 2682 alimentis.

617 2728 756 2799 Quid
784 2735 869 2784 est
891 2724 1035 2798 quod
1058 2723 1253 2793 accipit
1291 2735 1411 2775 eam
1444 2732 1584 2782 rem,
1610 2728 1771 2785 quam
1801 2708 2144 2768 commutat?

548 2832 609 2879 ut
650 2820 847 2878 animal
889 2819 1087 2875 cibum.
1126 2813 1264 2883 Quid
1294 2821 1379 2868 est
1403 2808 1553 2881 quod
1593 2806 1874 2875 accipitur,
1905 2810 1958 2857 et
1994 2815 2147 2857 com-

550 2914 825 2973 mutatur?
868 2920 928 2967 ut
954 2911 1094 2966 idem
1118 2908 1292 2964 cibus.
1330 2902 1469 2971 Quid
1497 2909 1580 2957 est
1603 2898 1744 2971 quod
1772 2896 2049 2966 accipitur,
2091 2901 2147 2949 et

550 3026 660 3065 non
683 3004 1082 3064 commutatur?
1107 3013 1164 3056 ut
1187 2998 1358 3056 oculis
1382 2996 1494 3063 lux,
1521 3002 1576 3050 et
1599 3007 1763 3048 sonus
1782 2990 2018 3046 auribus.
2039 2986 2147 3044 Sed

553 3102 671 3158 haec
698 3115 793 3172 per
833 3112 1027 3169 corpus
1064 3095 1256 3166 accipit
1285 3092 1461 3148 anima
1494 3107 1508 3143 :
1537 3086 1664 3159 quid
1689 3094 1774 3144 est
1798 3094 1977 3141 autem
2005 3080 2147 3153 quod

554 3208 654 3264 per
693 3207 752 3247 se
780 3191 948 3261 ipsam
988 3187 1200 3257 accipit,
1243 3194 1299 3242 et
1327 3188 1621 3240 commutat
1662 3179 1717 3233 in
1760 3177 1862 3233 se?
1907 3184 1965 3230 ut
1990 3174 2146 3229 aliam

556 3285 810 3346 animam,
855 3296 1014 3351 quam
1060 3275 1365 3358 recipiendo
1403 3275 1457 3330 in
1483 3270 1769 3328 amicitiam
1799 3267 1883 3324 sui
1923 3265 2150 3322 similem

558 3374 705 3429 facit.
747 3374 813 3428 Et
838 3371 963 3443 quid
992 3378 1079 3428 est
1113 3368 1255 3439 quod
1282 3382 1377 3438 per
1414 3380 1475 3421 se
1506 3364 1673 3434 ipsam
1699 3360 1911 3430 accipit,
1947 3365 2003 3413 et
2043 3370 2150 3411 non

561 3464 887 3521 commutat?
932 3472 989 3517 ut
1029 3461 1327 3517 veritatem.
1368 3457 1547 3527 Quare
1594 3451 2022 3525 cognoscendum
2069 3455 2155 3504 est

563 3565 619 3613 et
644 3556 767 3627 quid
795 3557 864 3612 sit
900 3556 1060 3611 Petro
1083 3553 1306 3619 dictum,
1339 3550 1512 3604 Macta
1548 3557 1594 3603 ct
1623 3545 1875 3601 manduca
1900 3541 1919 3616 (
1940 3542 2054 3596 Act.
2079 3558 2115 3596 ι
2133 3581 2151 3608 ,

564 3646 673 3717 15)
698 3663 713 3712 ;
744 3656 799 3702 et
834 3644 961 3716 quid
986 3645 1040 3700 in
1082 3641 1392 3714 Evangelia,
1426 3640 1494 3695 Et
1519 3640 1619 3694 vita
1645 3646 1753 3692 erat
1781 3635 1870 3689 lux
1894 3632 2156 3688 hominum

566 3738 745 3812 (Joan.
773 3754 811 3803 ι,
838 3737 917 3809 ι).

567 3832 682 3888 XL.
723 3830 850 3887 Cum
900 3830 1183 3885 animarum
1231 3836 1416 3883 natura
1464 3840 1568 3878 una
1608 3823 1693 3888 sit,
1726 3822 1862 3876 unde
1898 3819 2157 3874 hominum

1083 3920 1291 3974 diversae
1317 3914 1639 3972 voluntates?

643 4017 725 4073 Ex
788 4014 1017 4071 diversis
1074 4012 1205 4068 visis
1252 4011 1495 4067 diversus
1548 4006 1813 4077 appetitus
1860 4005 2157 4061 animarum

572 4118 680 4175 est,
728 4122 794 4161 cx
843 4106 1052 4161 diverso
1089 4102 1327 4173 appetitu
1374 4101 1620 4155 diversus
1664 4095 1989 4166 adipiscendi
2036 4109 2161 4150 suc-

573 4212 776 4264 cessus,
799 4212 863 4251 ex
894 4196 1105 4250 diverso
1150 4206 1399 4248 successu
1436 4191 1644 4246 diversa
1694 4187 2043 4253 consuetudo,
2094 4201 2163 4241 ex

574 4293 786 4348 diversa
823 4287 1208 4345 consuetudine
1252 4285 1463 4340 diversa
1511 4292 1594 4339 est
1637 4282 1901 4337 voluntas.
1943 4280 2163 4336 Diversa

576 4394 755 4440 autem
780 4383 892 4437 visa
933 4380 1067 4436 ordo
1109 4393 1289 4435 rerum
1320 4376 1445 4432 facit
1476 4393 1489 4429 :
1521 4375 1759 4430 occultus
1788 4372 2022 4444 quidem,
2068 4369 2164 4425 sed
2200 4350 2207 4427 ff

577 4477 680 4534 sub
705 4475 880 4531 divina
915 4471 1245 4545 providentia
1271 4479 1450 4525 certus
1492 4476 1690 4522 tamen.
1730 4442 1845 4520 Non
1888 4464 2067 4533 itaque
2096 4460 2166 4517 ob

579 4570 684 4624 hoc
713 4566 999 4638 putandum
1044 4572 1128 4620 est
1152 4563 1391 4618 diversas
1419 4576 1539 4617 esse
1581 4569 1795 4614 naturas
1831 4558 2127 4611 animarum
2147 4595 2164 4622 ,
2194 4542 2221 4615 κη

581 4660 703 4732 quia
730 4659 955 4712 diversae
996 4663 1119 4711 sunt
1148 4655 1485 4718 voluntates;
1516 4666 1635 4707 cum
1681 4651 1838 4705 etiam
1870 4647 2025 4703 unius
2049 4645 2167 4701 ani-

582 4767 687 4812 ma:
712 4750 953 4803 voluntas
992 4762 1088 4815 pro
1115 4755 1416 4816 temporum
1458 4743 1765 4800 diversitate
1793 4742 2048 4797 varietur.
2080 4739 2168 4794 Si-

583 4841 796 4914 quidem
824 4840 930 4894 alio
980 4848 1220 4909 tempore
1247 4838 1395 4893 dives
1424 4851 1542 4893 esse
1581 4836 1747 4906 cupit,
1770 4835 1876 4889 alio
1906 4842 2168 4904 tempore,

583 4931 904 5002 contemptis
942 4930 1145 4985 divitiis
1173 4930 1389 4999 sapiens
1416 4932 1536 4984 cisse
1556 4926 1825 4983 desiderat
1855 4944 1870 4980 :
1898 4937 1953 4981 et
1977 4926 2030 4980 in
2057 4927 2173 4995 ipso

585 5021 955 5095 temporalium
970 5020 1203 5091 appetitu
1225 5021 1328 5073 alio
1344 5028 1584 5089 tempore
1606 5018 1695 5073 uni
1717 5017 1918 5073 homini
1937 5017 2173 5088 negotia-

586 5118 681 5181 tio,
705 5125 759 5171 ct
784 5116 889 5170 alio
916 5124 1158 5184 tempore
1186 5111 1371 5168 militia
1395 5112 1591 5183 placet.

587 5207 723 5271 XLI.
749 5206 875 5261 Cum
891 5207 1059 5261 omnia
1083 5206 1217 5260 Deus
1245 5205 1437 5277 fecerit,
1468 5218 1624 5274 quare
1640 5219 1739 5256 non
1751 5202 1967 5267 aequalia
1977 5202 2170 5274 fecerit.

658 5298 793 5366 Quia
836 5312 942 5355 non
987 5306 1163 5352 essent
1212 5296 1406 5361 omnia,
1454 5295 1498 5350 si
1546 5303 1727 5349 essent
1769 5295 1991 5364 mqualia
2025 5312 2038 5349 :
2068 5309 2177 5349 non

588 5390 731 5445 enim
772 5398 953 5444 essent
991 5388 1157 5442 multa
1202 5404 1380 5443 rerum
1423 5402 1643 5459 genera,
1675 5386 1868 5457 quibus
1894 5386 2179 5443 coniicitur

590 5482 926 5545 universitas,
968 5481 1168 5553 primas
1198 5488 1252 5537 et
1279 5480 1560 5548 secundas,
1609 5489 1665 5535 et
1710 5481 1964 5550 deinceps
2009 5496 2180 5552 usque

589 5574 657 5629 ad
706 5574 917 5629 ultimas
945 5572 1215 5628 ordinatas
1258 5571 1459 5628 habens
1504 5582 1777 5630 creaturas
1822 5590 1836 5628 :
1871 5582 1927 5628 et
1967 5575 2071 5630 hoc
2099 5583 2183 5629 est

594 5669 733 5738 quod
759 5668 974 5735 dicitur,
1002 5668 1204 5723 omnia.
2112 5728 2160 5735 ἦ
2184 5731 2202 5739 ,

629 5761 787 5820 XLII.
833 5761 1097 5830 Quomodo
1135 5761 1363 5818 Christus
1391 5771 1438 5817 et
1464 5762 1518 5818 in
1546 5770 1685 5818 utero
1713 5764 1889 5817 matris
1917 5763 2070 5836 fuerit
2100 5774 2147 5818 et

1261 5852 1313 5907 in
1347 5854 1503 5909 cwlis.

665 5944 941 6013 Quomodo
970 5945 1185 6004 verbum
1202 5944 1455 6016 hominis,
1471 5946 1612 6020 quod
1639 5946 1737 6003 etsi
1756 5946 1902 6004 multi
1930 5947 2171 6018 audiunt,

1309 494 1395 550 DE
1428 484 1738 547 DIVERSIS
1774 470 2299 548 QUIESTIONIBUS
2338 466 2627 535 LXXXIII,
2670 466 2726 521 S.
2769 459 3131 520 AUGUSTINI

2225 590 2393 637 totum
2424 579 2646 635 audiunt
2674 577 2881 649 singuli.

2219 672 2403 729 XLIII.
2446 672 2615 739 Quare
2641 669 2805 724 Filius
2838 669 2929 724 Dei
2955 669 3009 723 in
3049 668 3251 724 homine
3276 668 3536 740 apparuit,
3564 677 3609 721 et
3637 666 3802 734 Spiri-

2642 773 2722 819 tus
2750 773 2952 817 sanctus
2988 762 3044 816 in
3084 762 3358 816 columba?

2292 857 2424 925 Quia
2452 857 2540 912 ille
2568 856 2730 920 venit,
2762 863 2821 910 ut
2847 853 3152 924 exemplum
3181 851 3389 908 vivendi
3416 850 3805 906 demonstraret

2222 951 2563 1017 hominibus;
2590 950 2711 1017 iste,
2751 956 2809 1004 ut
2836 948 3034 1004 donum
3062 947 3256 1018 ipsum,
3288 960 3395 1017 quo
3419 945 3555 1001 bene
3582 943 3805 1000 vivendo

2223 1042 2549 1114 pervenitur,
2598 1038 2941 1111 significaret,
2991 1038 3255 1109 apparuit.
3299 1035 3593 1106 Utrumque
3629 1044 3803 1090 autem

2224 1132 2501 1187 visibiliter
2527 1130 2718 1185 factum
2742 1136 2823 1184 est
2848 1137 3068 1198 propter
3086 1127 3349 1194 carnales,
3375 1126 3441 1181 ab
3466 1125 3529 1180 iis
3551 1140 3671 1196 qua:
3692 1138 3807 1179 ocu-

2226 1223 2294 1278 lis
2318 1221 2587 1293 corporeis
2616 1229 2925 1287 cernuntur,
2962 1218 3029 1274 ad
3053 1234 3116 1274 ea
3147 1234 3268 1289 qua:
3295 1226 3475 1273 mente
3502 1216 3812 1286 intelligun-

2228 1325 2333 1382 tur,
2364 1323 2821 1371 sacramentorum
2852 1312 3102 1383 gradibus
3142 1309 3562 1367 transferendos.
3603 1308 3816 1363 Nant'et

2228 1408 2389 1463 verba
2413 1414 2607 1462 sonant
2629 1413 2685 1461 et
2712 1413 3024 1469 transeunt;
3056 1418 3155 1458 nec
3185 1412 3359 1458 tamen
3389 1416 3452 1457 ea
3488 1415 3609 1472 qu:e
3638 1400 3817 1456 verbis

2228 1500 2631 1572 signiﬁcantur,
2663 1514 2786 1553 cum
2831 1495 3031 1567 aliquid
3075 1495 3313 1551 divinum
3356 1504 3516 1565 atque
3556 1502 3816 1550 aeternum

2230 1591 2497 1663 loquendo
2529 1594 2831 1662 exponitur,
2858 1590 3104 1645 similiter
3131 1598 3427 1644 transeunt.

2230 1683 2413 1740 XLIV.
2458 1684 2627 1750 Quare
2669 1692 2806 1737 tanta
2847 1688 2961 1753 post
3008 1681 3141 1736 venit
3182 1680 3431 1735 Dominus
3472 1678 3625 1735 Iesus
3668 1677 3816 1735 Chri-

2434 1784 2564 1842 stus,
2592 1785 2637 1829 et
2660 1792 2761 1829 non
2787 1774 2840 1827 in
2864 1774 3113 1846 principio
3140 1773 3333 1844 peccati
3352 1772 3570 1827 hominis
3587 1773 3613 1826 Γ

2303 1869 2437 1936 Quia
2465 1882 2623 1923 omne
2666 1866 2945 1937 pulchrum
2973 1881 3004 1919 a
3033 1881 3241 1920 summa
3279 1863 3679 1935 pulchritudine
3703 1872 3785 1918 est
3806 1904 3823 1930 ,

2235 1959 2375 2031 quod
2425 1959 2567 2014 Deus
2593 1968 2676 2013 est
2707 1976 2720 2011 :
2755 1957 3067 2027 temporalis
3094 1964 3271 2012 autem
3302 1955 3641 2026 pulchritudo
3671 1957 3829 2011 rebus

2236 2051 2617 2108 decedentibus
2656 2047 3170 2118 succedentibusque
3200 2047 3489 2118 peragitur.
3517 2047 3692 2102 Habet
3730 2062 3827 2101 au-

2240 2152 2346 2200 tem
2372 2142 2623 2198 decorem
2665 2156 2822 2196 suum
2850 2140 2903 2193 in
2932 2139 3154 2209 singulis
3183 2138 3482 2209 quibusque
3524 2139 3834 2196 hominibus

2238 2235 2445 2307 singula
2462 2249 2686 2304 qumque
2708 2233 2921 2288 tetasab
2942 2232 3161 2287 infantia
3187 2248 3357 2303 usque
3379 2233 3445 2287 ad
3473 2243 3828 2289 senectutem.

2241 2328 2391 2384 Sicut
2417 2342 2545 2398 ergo
2572 2325 2835 2381 absurdus
2865 2334 2969 2392 est,
3016 2325 3109 2395 qui
3133 2324 3426 2394 juvenilem
3454 2333 3662 2381 tantum
3707 2335 3837 2381 teta-

2245 2432 2349 2477 tem
2386 2421 2545 2477 vellet
2569 2434 2689 2475 esse
2715 2420 2769 2473 in
2798 2418 3016 2474 homine
3058 2418 3387 2489 temporibus
3417 2419 3669 2485 subdito;
3703 2420 3839 2474 invi-

2242 2511 2395 2566 deret
2442 2510 2585 2565 enim
2631 2511 2844 2566 cazteris
2892 2508 3408 2579 pulchritudinibus,
3454 2525 3573 2579 qua:
3627 2510 3840 2566 castoris

2244 2603 2486 2659 aetatibus
2509 2617 2631 2658 suas
2659 2602 2800 2658 vices
2828 2611 2988 2672 atque
3008 2601 3250 2657 ordinem
3276 2612 3505 2673 gerunt:
3532 2603 3611 2658 sic
3633 2604 3834 2658 absur-

2244 2695 2345 2751 dus
2381 2702 2484 2761 est,
2509 2695 2602 2765 qui
2637 2695 2692 2749 in
2719 2695 2835 2765 ipso
2863 2694 3112 2749 universo
3151 2708 3352 2764 genere
3393 2694 3628 2751 humano
3672 2710 3835 2750 unam

2246 2795 2458 2843 etatem
2478 2785 2785 2852 desiderat;
2816 2800 2938 2840 nam
2962 2793 3018 2840 et
3044 2786 3216 2855 ipsum
3235 2794 3483 2855 tanquam
3508 2801 3647 2840 unus
3675 2789 3840 2841 homo

2247 2886 2432 2935 aetates
2460 2892 2586 2933 suas
2628 2877 2755 2947 agit.
2793 2875 2905 2932 Nec
2930 2876 3168 2946 oportuit
3194 2876 3378 2931 venire
3418 2875 3677 2931 divinitus
3722 2893 3844 2932 ma-

2248 2971 2494 3043 gistrum,
2520 2968 2670 3039 cujus
2709 2968 3005 3023 imitatione
3030 2969 3083 3022 in
3115 2982 3296 3023 mores
3322 2968 3555 3039 optimos
3581 2968 3848 3026 formare-

2252 3072 2357 3131 tur,
2382 3064 2482 3118 nisi
2527 3072 2768 3132 tempore
2795 3060 3093 3132 juventutis
3141 3058 3242 3135 (a).
3282 3060 3366 3117 Ad
3395 3061 3497 3117 hoc
3521 3062 3668 3117 valet
3702 3063 3849 3134 quod

2251 3156 2540 3227 Apostolus
2582 3155 2745 3222 dicit,
2789 3155 2890 3211 sub
2936 3156 3054 3226 lege
3102 3164 3352 3225 tanquam
3398 3156 3503 3212 sub
3555 3155 3851 3228 paedagogo

2251 3248 2501 3321 parvulos
2524 3247 2818 3303 custoditos
2842 3245 3038 3320 (Galat.
3089 3263 3169 3316 ιιι,
3197 3248 3294 3316 23,
3328 3248 3446 3319 24),
3491 3248 3663 3305 donec
3692 3252 3850 3306 veni-

2253 3348 2339 3397 ret
2360 3340 2446 3396 cui
2471 3340 2801 3408 servabatur,
2829 3340 2919 3411 qui
2947 3355 3043 3411 per
3066 3340 3362 3410 Prophetas
3387 3342 3684 3410 promissus
3710 3352 3849 3400 erat.

2254 3432 2414 3490 Aliud
2439 3433 2581 3488 enim
2600 3442 2684 3488 est
2700 3432 2840 3503 quod
2861 3434 3036 3489 divina
3056 3434 3391 3506 providentia
3419 3434 3573 3505 quasi
3598 3436 3851 3504 privatim

2257 3542 2377 3583 cum
2397 3525 2619 3597 singulis
2635 3526 2764 3595 agit,
2789 3526 2933 3580 aliud
2949 3525 3090 3596 quod
3119 3529 3301 3596 generi
3324 3526 3572 3582 universo
3595 3535 3853 3599 tanquam

2257 3618 2467 3690 publice
2492 3618 2787 3674 consulit‘.
2836 3617 2968 3672 Nam
2994 3626 3048 3673 et
3070 3618 3395 3689 quicumque
3427 3619 3622 3690 singuli
3641 3621 3713 3675 ad
3736 3635 3857 3677 cer-

2258 3720 2369 3765 tam
2396 3709 2710 3780 sapientiam
2752 3718 3126 3780 pervenerunt,
3163 3709 3376 3764 nonnisi
3407 3709 3594 3765 eadem
3622 3712 3856 3767 veritate

2259 3817 2475 3859 suarum
2521 3802 2827 3872 singillatim
2882 3810 3098 3856 aetatum
3152 3801 3551 3870 opportunitate
3604 3803 3860 3858 illustrati

2261 3902 2386 3951 sunt
2414 3911 2427 3948 :
2458 3909 2490 3949 a
2516 3909 2619 3965 qua
2645 3892 2889 3958 veritate,
2921 3904 2978 3948 ut
3002 3892 3231 3964 populus
3249 3893 3464 3964 sapiens
3488 3896 3665 3961 lleret,
3693 3895 3860 3965 ipsius

2260 3988 2473 4060 generis
2498 3987 2713 4043 humani
2740 3996 3036 4057 opportuna
3061 3993 3220 4041 aztate
3248 3985 3408 4039 homo
3446 3994 3729 4056 susceptus
3755 3996 3860 4042 cst.

2618 4078 2782 4136 XLV.
2819 4079 3074 4133 Adversus
3101 4077 3498 4131 mathematicos.

2228 4148 2263 4239 (γ
2337 4174 2391 4229 1.
2430 4171 2546 4228 Νοη
2571 4184 2667 4225 eos
2694 4169 3033 4239 appellarunt
3059 4167 3468 4222 mathematicos
3506 4177 3745 4237 veteres,
3773 4171 3864 4241 qui

2212 4260 2237 4329 γ’
2265 4278 2409 4319 nunc
2435 4262 2811 4332 appellantur;
2840 4257 2936 4313 sed
2977 4257 3097 4312 illos
3122 4258 3212 4328 qui
3261 4266 3558 4328 temporum
3604 4277 3867 4317 numeros

2267 4361 2417 4409 motu
2441 4351 2563 4407 coeli
2591 4365 2655 4405 ac
2697 4348 2933 4404 siderum
2978 4348 3423 4417 pervestigarunt,
3456 4350 3523 4405 de
3548 4352 3745 4420 quibus
3775 4367 3865 4407 re.

2268 4442 2507 4498 ctissime
2530 4440 2728 4495 dicitur
2763 4438 2819 4493 in
2848 4438 3138 4509 Scripturis
3166 4439 3364 4494 sanctis
3395 4457 3409 4495 :
3437 4440 3634 4496 Iterum
3665 4460 3761 4497 nec
3785 4444 3867 4498 his

2271 4535 2412 4591 debet
2435 4534 2646 4605 ignosci.
2688 4532 2750 4588 Si
2776 4533 2909 4586 enim
2943 4541 3139 4586 tantum
3177 4542 3445 4604 potuerunt
3470 4537 3617 4601 scire,
3644 4547 3704 4591 ut
3743 4555 3867 4609 pos-

2270 4639 2381 4682 sent
2396 4627 2648 4682 atstimare
2674 4625 2953 4690 steculum;
2981 4626 3233 4695 quomodo
3261 4626 3412 4697 hujus
3450 4627 3731 4683 Dominum
3766 4648 3870 4685 non

2270 4719 2475 4792 facilius
2511 4719 2803 4772 invenerunt
2844 4715 2998 4789 (Sap.
3038 4732 3153 4784 xm,
3187 4718 3241 4784 8,
3273 4717 3369 4791 9)?
3412 4720 3559 4775 Mens
3587 4722 3735 4776 enim
3766 4723 3871 4777 hu-

2272 4828 2432 4869 mana
2457 4811 2525 4868 de
2544 4811 2839 4867 visibilibus
2863 4811 3129 4881 judicans,
3156 4822 3333 4881 potest
3370 4829 3659 4884 agnoscere
3684 4818 3869 4873 muni-

2275 4904 2377 4961 hus
2402 4904 2701 4960 visibilibus
2743 4918 2802 4959 se
2836 4904 3006 4974 ipsam
3034 4919 3155 4961 esse
3189 4906 3486 4961 meliorem.
3530 4908 3661 4977 Qua:
3688 4920 3872 4967 tamen

2275 5012 2398 5053 cum
2425 4997 2591 5052 etiam
2615 5012 2674 5052 se
2711 5005 2930 5066 propter
2954 4994 3221 5051 defectum
3265 4998 3663 5072 profectumque
3694 5004 3750 5058 in
3783 5019 3875 5059 sa-

2279 5091 2475 5161 pientia
2502 5090 2693 5144 fatetur
2712 5104 2852 5156 esse,
2886 5089 3216 5155 mutabilem,
3242 5090 3441 5146 invenit
3467 5108 3623 5163 supra
3656 5110 3718 5150 se
3754 5112 3879 5153 esse

2276 5181 2765 5238 incommutabilem
2800 5181 3077 5236 veritatem
3110 5199 3125 5237 :
3155 5190 3313 5254 atque
3343 5185 3411 5239 ita
3443 5186 3881 5261 adhmrcn,s_post

2280 5278 2473 5346 ipsam,
2503 5275 2640 5331 sicut
2663 5274 2861 5329 dictum
2890 5282 2994 5342 est,
3044 5276 3269 5330 Adhaesit
3305 5278 3477 5332 anima
3513 5297 3625 5335 mea
3671 5294 3791 5351 post
3836 5294 3882 5336 te

2287 5367 2456 5441 (Psat.
2487 5383 2614 5433 Lxu,
2642 5364 2697 5438 9)
2722 5383 2738 5432 ;
2767 5367 2917 5422 beata
2959 5368 3205 5434 ellicitur,
3236 5369 3555 5425 intrinsecus
3595 5372 3882 5430 inveniens

2282 5461 2442 5517 etiam
2468 5459 2708 5513 omnium
2729 5459 3013 5514 visibilium
3036 5457 3344 5514 Creatorem
3372 5469 3532 5529 atque
3554 5463 3842 5519 Dominum
3866 5482 3881 5531 ;

2284 5571 2389 5610 non
2416 5568 2661 5623 quaerens
2688 5553 3020 5608 extrinsecus
3048 5551 3292 5618 visibilia,
3333 5556 3574 5623 quamvis
3597 5556 3883 5613 caelestia:

2284 5662 2403 5718 qua:
2421 5656 2512 5700 aut
2527 5661 2630 5699 non
2651 5644 3009 5709 inveniuntur,
3024 5652 3249 5698 autcum
3270 5660 3461 5716 magno
3479 5647 3658 5703 labore
3675 5647 3883 5704 frustra

2287 5736 2649 5802 inveniuntur,
2664 5735 2765 5789 nisi
2781 5750 2845 5790 ex
2858 5749 3041 5805 eorum
3056 5750 3174 5806 qua:
3187 5734 3316 5792 foris
3329 5739 3887 5811 suntpulchritudine,

2354 5894 2367 5925 ί
2390 5900 2491 5941 Duo
2508 5897 2635 5947 ωδε..
2659 5888 3109 6001 twtquangublicis
3142 5889 3419 5946 utilitatibus
3436 5891 3653 5951 consulit.

2356 5955 2427 6001 (al
2462 5959 2496 6001 ll
2520 5959 2721 6001 netract.
2743 5964 2848 6001 can.
2875 5958 2892 5975 “
2935 5985 2950 6001 .

2356 5955 2427 6019 (α)
2462 5959 2496 6007 ιι
2520 5959 2721 6009 ῐὶθιιτιει.
2743 5964 2848 6017 cap.
