4136 6524
236 394 308 451 ευ
1688 407 1891 463 Lmen
1933 410 2127 469 usus.
3487 438 3559 496 so

241 521 559 578 inveniatur
588 525 781 582 artifex
835 526 926 597 qui
968 526 1109 581 intus
1157 534 1261 591 est,
1304 535 1359 581 et
1409 526 1554 597 prius
1583 527 1633 581 in
1677 529 1855 584 anima

243 615 581 686 superiores,
602 616 865 674 deindein
888 633 1112 689 corpore
1140 617 1418 676 inferiores
1437 619 1857 692 pulchritudines

249 714 531 777 operatur.

316 798 377 869 2.,
404 792 1039 871 Adverspscosautem
1069 801 1161 873 qui
1204 818 1345 861 nunc
1375 803 1713 879 appellantur
1741 821 1858 862 ma-

250 889 803 970 tliematici,voleutes
814 902 975 965 actus
986 904 1201 949 nostros
1214 882 1529 963 corporibus
1544 882 1853 959 cmlestibus

234 970 735 1050 ‘subdere,"et1nos
778 984 1011 1042 vendere
1048 986 1239 1054 stellis,
1274 986 1553 1057 ipsumque
1582 988 1809 1058 pretium
1832 1031 1849 1056 ,

254 1092 363 1145 quo
378 1060 938 1145 ’ἧέἦᾶῖῖῄιιιέέῖηοὺίε
976 1078 1237 1148 accipere,
1271 1077 1403 1133 nihil
1435 1080 1613 1133 verius
1651 1088 1705 1135 et
1731 1080 1851 1136 bre-

253 1168 371 1223 vius
400 1169 499 1223 dici
528 1178 719 1239 potest,
753 1186 911 1241 quam
935 1185 1030 1225 eos
1056 1185 1159 1224 non
1190 1169 1542 1240 respondere,
1570 1170 1672 1226 nisi
1698 1187 1852 1228 acce-

253 1261 359 1331 ptis
420 1263 941 1319 constellationibus.
1010 1262 1067 1317 ln
1123 1262 1619 1341 constellationibus
1669 1272 1847 1320 autem

249 1352 426 1421 uetari
478 1362 677 1433 partes,
732 1355 915 1424 quales
945 1338 1607 1433 {trecentas/sexaginta
1660 1356 1847 1413 dicunt

248 1440 454 1498 habere
488 1428 799 1514 signiferum
831 1428 1087 1500 circulum
1121 1463 1136 1500 :
1166 1430 1722 1503 motum'autemcteli
1750 1462 1847 1517 per

244 1549 408 1589 unam
461 1533 646 1589 horam
696 1537 809 1591 fieri
853 1536 907 1592 in
937 1536 1237 1607 quindecim
1280 1536 1540 1606 partibus,
1591 1546 1652 1594 ut
1700 1546 1845 1595 tanta

243 1641 397 1680 mora
422 1625 727 1696 quindecim
773 1636 950 1698 partes
989 1627 1247 1693 oriantur,
1281 1636 1532 1697 quantam
1564 1637 1710 1684 tenet
1734 1646 1840 1686 una

241 1717 397 1773 hora.
444 1718 573 1787 Qua:
600 1727 780 1790 partes
821 1720 1041 1790 singulae
1072 1719 1344 1789 sexaginta
1373 1721 1604 1775 minutas
1648 1722 1844 1781 habere

236 1809 513 1865 dicuntur.
543 1810 771 1867 Minutas
809 1820 990 1868 autem
1021 1812 1344 1885 minutarum
1384 1812 1496 1883 jam
1523 1814 1579 1878 in
1609 1816 1844 1871 constel-

190 1908 211 1967 ρ
236 1902 577 1973 lationibus,
588 1904 662 1971 de
690 1892 1481 1987 quibusnfuturaprtedicerese
1505 1886 1842 1985 animum

234 1992 559 2058 inveniunt;
583 2002 876 2065 conceptus
899 2002 1074 2049 autem
1105 1995 1440 2066 geminorum
1462 1997 1713 2067 quoniam
1733 2013 1839 2055 uno

231 2083 525 2138 concubitu
572 2083 840 2149 efﬁcitur,
886 2086 1259 2141 attestantibus
1304 2087 1567 2156 medicis,
1613 2105 1837 2160 quorum

230 2174 518 2244 disciplina
564 2176 734 2230 multo
780 2186 863 2231 est
902 2178 1098 2233 certior
1142 2187 1302 2249 atque
1345 2179 1695 2247 manifestior,
1732 2190 1837 2239 tam

232 2281 405 2336 parvo
448 2276 649 2337 puncto
680 2267 935 2336 temporis
963 2269 1243 2340 contingit,
1276 2280 1334 2325 ut
1363 2270 1417 2325 in
1444 2271 1576 2327 duas
1607 2273 1839 2331 minutas

230 2357 565 2411 minutarum
597 2372 705 2412 non
735 2357 1001 2413 tendatur.
1033 2358 1185 2414 Unde
1208 2375 1335 2432 ergo
1363 2362 1414 2415 in
1441 2363 1667 2432 geminis
1691 2372 1837 2419 tanta

230 2445 523 2504 diversitas
565 2449 861 2517 actionum,
916 2457 969 2504 et
1011 2459 1321 2519 eventuum,
1368 2460 1424 2507 et
1452 2454 1782 2510 voluntatum
1818 2497 1834 2522 ,

232 2552 373 2607 quos
397 2552 623 2593 necesse
652 2548 735 2593 est
755 2539 998 2594 eamdem
1030 2542 1495 2597 constellationem
1524 2546 1835 2615 conceptio-

230 2628 410 2682 nalem
436 2628 655 2691 habere,
682 2637 735 2683 et
755 2629 1031 2709 amborum
1055 2646 1213 2686 unam
1236 2634 1697 2689 constellationem
1721 2636 1833 2693 dari

230 2720 616 2778 mathematico
642 2724 684 2787 ²,
714 2730 965 2793 tanquam
996 2725 1156 2778 unius
1181 2722 1451 2780 hominis?
1476 2725 1532 2782 Si
1556 2736 1735 2783 autem
1762 2728 1830 2785 ad

230 2812 495 2885 genitales
520 2812 571 2891 ξ
594 2814 1030 2889 ςρηςιριιτιιίοηρε
1055 2830 1114 2870 se
1155 2824 1337 2871 tenere
1378 2818 1659 2883 voluerint,
1706 2820 1835 2891 ipsis

230 2904 458 2972 geminis
482 2904 865 2971 excluduntur,
895 2908 985 2976 qui
1018 2907 1332 2978 plerumque
1359 2907 1431 2963 ita
1463 2908 1583 2980 post
1606 2911 1835 2967 invicem

229 2991 531 3049 funduntur
579 3011 645 3050 ex
695 3005 868 3061 utero,
920 3004 977 3050 ut
1026 2996 1130 3052 hoc
1182 2998 1437 3067 temporis
1490 3000 1831 3058 intervallum

227 3102 419 3142 rursus
462 3087 531 3142 ad
560 3088 792 3144 minutas
832 3088 1157 3145 minutarum
1190 3100 1507 3159 revertatur,
1547 3109 1681 3164 quas
1725 3104 1831 3150 tra-

226 3179 452 3236 ctandas
486 3180 540 3235 in
569 3180 1067 3236 constellationibus
1096 3198 1366 3253 nunquam
1410 3184 1698 3254 accipiunt,
1732 3202 1832 3243 nec

224 3280 453 3341 possunt
484 3279 735 3328 tractare.
780 3272 915 3329 Cum
942 3282 1120 3328 autem
1153 3274 1318 3329 multa
1359 3289 1484 3330 vera
1516 3290 1607 3330 eos
1632 3277 1830 3346 praedi-

222 3361 369 3417 xisse
394 3362 628 3430 dicatur,
672 3364 793 3419 ideo
833 3364 910 3431 fit,
940 3365 1062 3435 quia
1089 3379 1195 3419 non
1224 3374 1409 3421 tenent
1439 3367 1684 3424 homines
1709 3385 1826 3426 me«

220 3453 396 3511 moria
424 3455 683 3511 falsitates
710 3472 1028 3529 erroresque
1049 3473 1234 3513 eorum
1261 3474 1275 3513 :
1322 3458 1417 3513 sed
1446 3475 1551 3513 non
1594 3460 1783 3516 intenti
1809 3503 1825 3529 ,

219 3547 324 3602 nisi
355 3547 408 3601 in
437 3562 501 3604 ea
531 3564 651 3619 quae
682 3548 890 3603 illorum
918 3549 1193 3619 reSponsis
1222 3552 1585 3620 provenerint,
1615 3567 1676 3607 ea
1704 3568 1825 3622 quae

218 3654 328 3694 non
358 3640 707 3710 provenerint
731 3640 1115 3695 obliviscuntur
1147 3658 1159 3694 :
1189 3648 1243 3695 et
1271 3656 1333 3695 ea
1380 3651 1823 3712 commemorant,

217 3746 340 3802 qua:
370 3748 477 3799 non
509 3740 625 3787 arte
649 3731 757 3799 illa,
785 3748 903 3803 qua:
929 3732 1071 3787 nulla
1094 3740 1199 3798 est,
1231 3732 1322 3788 sed
1345 3734 1571 3803 quadam
1599 3735 1825 3791 obscura

216 3836 400 3876 rerum
434 3831 581 3878 sorte
612 3824 944 3893 contingunt.
987 3823 1140 3892 Quod
1171 3824 1215 3878 si
1249 3825 1452 3894 peritim
1483 3826 1694 3881 illorum
1726 3842 1824 3882 vo-

216 3911 335 3967 lunt
356 3914 615 3978 tribuere,
640 3913 821 3969 dicant
841 3913 1126 3969 artificiose
1147 3913 1386 3969 divinare
1407 3915 1565 3969 etiam
1586 3928 1824 3973 mortuas

215 4010 563 4065 membranas
588 4012 814 4080 scriptas
855 4010 1138 4080 quaslibet,
1171 4008 1239 4064 de
1277 4009 1469 4080 quibus
1510 4010 1822 4082 plerumque

214 4118 313 4172 pro
330 4103 608 4159 voluntate
634 4118 753 4159 sors
774 4103 901 4157 exit.
935 4102 1087 4170 Quod
1117 4102 1159 4157 si
1184 4117 1289 4158 non
1316 4110 1430 4157 arte
1457 4101 1524 4158 de
1544 4102 1819 4160 codicibus

214 4194 325 4247 exit
354 4209 504 4265 smpe
534 4210 721 4249 versus
763 4194 935 4249 futura
966 4194 1354 4263 praenuntians,
1397 4193 1524 4264 quid
1553 4195 1745 4249 mirum
1775 4196 1818 4250 si

212 4284 377 4339 etiam
407 4301 478 4341 ex
522 4284 703 4339 animo
748 4284 1031 4355 loquentis,
1080 4298 1188 4339 non
1230 4294 1366 4351 arte,
1401 4284 1494 4340 sed
1539 4294 1683 4343 sorte
1710 4285 1819 4342 exit

210 4378 390 4449 aliqua
425 4378 700 4449 przedictio
731 4376 1072 4432 futurorum?

777 4468 961 4523 XLVI.
1005 4467 1081 4522 De
1107 4468 1254 4522 ideis.

284 4560 337 4613 Ι.
381 4556 538 4613 ldeas
584 4560 732 4613 Plato
762 4561 962 4630 primus
991 4561 1289 4629 appellasse
1336 4560 1646 4629 perhibetur
1688 4560 1764 4632 (α)
1798 4580 1811 4617 :

208 4665 317 4704 non
350 4660 531 4704 tamen
578 4650 620 4704 si
652 4652 750 4705 hoc
778 4667 970 4706 nomen
997 4661 1281 4721 antequam
1319 4652 1432 4722 ipse
1473 4654 1811 4722 institueret,

207 4755 316 4794 non
348 4750 488 4804 erat,
522 4740 643 4795 ideo
667 4742 749 4796 vel
775 4756 859 4795 res
891 4742 1017 4812 ipsa:
1045 4757 1149 4797 non
1179 4750 1350 4807 erant,
1382 4758 1512 4811 quas
1545 4743 1689 4797 ideas
1716 4759 1812 4799 vo-

206 4835 372 4899 cavit,
406 4834 490 4888 vel
518 4848 548 4887 a
595 4834 743 4888 nullo
772 4844 924 4888 erant
968 4835 1288 4899 intellectae;
1319 4834 1411 4889 sed
1438 4836 1543 4891 alio
1590 4836 1813 4891 fortasse

206 4936 370 4995 atque
399 4925 506 4979 alio
528 4926 745 4980 nomine
765 4927 832 4979 ab
857 4926 972 4980 aliis
999 4934 1157 4996 atque
1186 4926 1303 4980 aliis
1332 4936 1645 4997 nuncupatm
1666 4937 1809 4985 sunt.

209 5015 364 5071 Licet
402 5016 545 5070 enim
578 5016 770 5086 cuique
810 5017 886 5071 rei
925 5014 1204 5088 t'ncognitre
1235 5015 1275 5082 ⁸,
1309 5032 1427 5087 quae
1467 5018 1667 5073 nullum
1711 5018 1810 5074 ha-

207 5107 331 5161 beat
380 5108 635 5161 usitatum
686 5122 905 5171 nomen,
946 5108 1219 5179 quodlibet
1266 5123 1459 5163 nomen
1507 5108 1806 5179 imponere.

203 5200 341 5255 Nam
375 5219 482 5255 non
525 5211 607 5255 est
651 5201 960 5266 verisimile,
994 5201 1258 5270 sapientes
1301 5212 1391 5255 aut
1442 5203 1614 5257 nullos
1645 5202 1809 5259 fuisse

200 5301 329 5346 ante
360 5291 637 5346 Platonem
663 5307 677 5358 ;
724 5302 815 5345 aut
847 5291 974 5346 istas
1001 5306 1133 5362 quas
1161 5291 1330 5358 Plato,
1365 5301 1422 5346 ut
1452 5292 1650 5346 dictum
1682 5302 1803 5360 est,

201 5381 355 5437 ideas
380 5392 558 5449 vocat,
610 5398 960 5454 quaecumque
1004 5396 1089 5436 res
1118 5383 1244 5449 sint,
1275 5398 1379 5436 non
1436 5383 1760 5439 intellexisse
1788 5402 1802 5439 :

200 5474 470 5544 siquidem
498 5484 643 5529 tanta
687 5474 739 5528 in
772 5473 848 5528 eis
878 5474 955 5527 vis
995 5474 1353 5540 constituitur,
1386 5482 1441 5527 nt
1469 5474 1568 5528 nisi
1600 5473 1683 5529 his
1725 5475 1807 5529 in-

202 5568 435 5623 tellectis
458 5567 672 5638 sapiens
691 5581 815 5621 esse
840 5580 994 5619 nemo
1017 5566 1202 5635 possit.
1243 5564 1510 5619 Credibile
1533 5573 1615 5620 est
1643 5565 1801 5623 etiam

267 5663 283 5692 ⁸
310 5662 384 5710 sic
404 5668 509 5709 Mss.
531 5659 651 5709 Editi
678 5670 815 5715 vero,
841 5662 1001 5719 partes
1022 5655 1248 5719 aequales,
1278 5664 1375 5707 etc.

263 5722 285 5788 ξ
311 5729 375 5771 Ita
392 5724 439 5771 in
458 5728 565 5771 Mss.
589 5727 645 5788 At
668 5720 719 5768 in
741 5716 951 5788 excusis,
970 5718 1092 5770 dare
1108 5716 1481 5771 mathematicos.

261 5783 283 5815 ⁸
306 5791 408 5834 Duo
427 5793 557 5840 5155.,
578 5782 645 5831 ad
672 5782 874 5830 nativas.
1138 5802 1153 5813 -

261 5846 281 5875 δ
306 5856 519 5902 quatuor
546 5854 674 5901 Mss,
701 5845 919 5905 (omittat.

255 5908 333 5969 (ιι)
356 5911 453 5958 Lib.
480 5909 509 5956 7
534 5908 598 5957 de
615 5902 887 5966 tzivitibci,
908 5916 1013 5967 cap.
1038 5902 1116 5954 28.

1964 546 2161 632 praeter
2187 539 2447 601 Graeciam
2491 545 2657 606 fuisse
2702 550 2756 607 in
2787 553 2905 608 aliis
2943 556 3193 627 gentibus
3238 561 3508 632 sapientes
3539 583 3557 623 :

1961 630 2103 700 quod
2146 633 2306 689 etiam
2336 637 2485 695 Plato
2531 640 2644 711 ipse
2690 659 2796 699 non
2838 648 3010 703 solum
3051 630 3439 723 peregrinando
3466 669 3558 709 sa-

1960 725 2174 794 pientiae
2196 730 2531 799 perficienda:
2555 737 2725 806 gratia
2748 739 2877 795 satis
2899 748 3122 800 testatus
3147 755 3250 810 est,
3284 746 3375 802 sed
3394 747 3557 804 etiam

1961 817 2013 871 in
2040 818 2189 875 libris
2214 823 2324 877 suis
2363 837 2769 885 commemorat.
2801 831 2909 887 Hos
2934 849 3087 904 ergo,
3116 839 3162 894 si
3186 838 3276 908 qui
3316 838 3552 904 fuerunt.

1959 923 2064 964 non
2094 911 2504 971 existimandum
2536 928 2618 974 est
2647 920 2794 978 ideas
2821 923 3117 994 ignorasse,
3160 930 3405 999 quamvis
3450 933 3555 988 alio

1958 1000 2183 1059 fortasse
2207 1020 2299 1061 eas
2321 1009 2535 1065 nomine
2552 1014 2875 1070 vocaverint.
2905 1015 3009 1073 Sed
3036 1018 3103 1073 de
3125 1021 3340 1078 nomine
3364 1021 3551 1080 hacte-

1956 1108 2059 1148 nus
2098 1095 2296 1153 dictum
2328 1099 2399 1154 sit
2431 1119 2443 1155 :
2476 1117 2589 1157 rem
2631 1104 2923 1173 videamus,
2972 1123 3091 1179 qua:
3120 1112 3352 1168 maxime
3377 1116 3555 1170 consi-

1956 1185 2188 1253 deranda
2215 1199 2375 1262 atque
2413 1195 2682 1250 noscenda
2708 1206 2811 1262 est,
2851 1199 2905 1254 in
2943 1209 3208 1269 potestate
3249 1206 3549 1262 constitutis

1954 1278 2245 1344 vocabulis,
2275 1293 2329 1338 ut
2356 1284 2498 1354 quod
2528 1285 2670 1342 volet
2702 1289 2949 1360 quisque,
2978 1294 3208 1364 appellet
3249 1310 3363 1351 rem
3389 1313 3548 1367 quam

1954 1372 2281 1440 cognoverit.

2023 1460 2078 1515 2.
2119 1461 2271 1519 ldeas
2330 1466 2488 1536 igitur
2534 1468 2695 1526 latine
2749 1486 3034 1541 possumus
3080 1476 3163 1531 vel
3214 1476 3415 1533 formas
3463 1479 3547 1537 vel

1952 1555 2159 1623 species
2186 1556 2383 1623 dicere,
2420 1569 2475 1613 ut
2517 1563 2735 1616 verbum
2767 1578 2798 1618 e
2826 1564 2988 1620 verbo
3031 1568 3321 1625 transferre
3367 1571 3548 1627 videa-

1951 1659 2090 1699 mur.
2122 1646 2176 1701 Si
2202 1657 2375 1704 autem
2402 1650 2636 1708 rationes
2657 1669 2747 1709 eas
2770 1671 3042 1723 vocemus,
3067 1660 3135 1714 ab
3156 1660 3540 1731 interpretandi

1951 1736 2165 1805 quidem
2196 1741 2521 1810 proprietate
2548 1744 2872 1803 discedimus
2898 1766 2912 1815 ;
2942 1750 3178 1806 rationes
3203 1754 3343 1807 enim
3370 1770 3545 1824 gnece

1950 1834 2077 1893 λόγοι
2110 1830 2464 1901 appellantur,
2496 1850 2601 1890 non
2643 1836 2778 1893 idea:
2808 1857 2821 1893 :
2848 1839 2943 1895 sed
2970 1850 3148 1897 tamen
3176 1844 3415 1915 quisquis
3443 1846 3545 1903 hoc

1949 1920 2204 1975 vocabulo
2228 1923 2302 1977 uti
2329 1925 2573 1993 voluerit,
2607 1944 2635 1981 a
2663 1945 2723 1984 re
2752 1930 2863 2000 ipsa
2906 1946 3010 1986 non
3033 1932 3299 1989 aberrabit
3317 1937 3363 1989 ‘.
3406 1936 3544 1994 Sunt

1946 2023 2177 2081 namque
2219 2013 2352 2069 idece
2382 2015 2701 2087 principales
2741 2020 2924 2075 formae
2950 2022 3213 2092 quardam,
3248 2026 3329 2081 vel
3372 2029 3539 2082 ratio-

1947 2114 2045 2154 nes
2090 2117 2267 2156 rerum
2301 2106 2518 2161 stabiles
2547 2115 2707 2178 atque
2736 2110 3214 2181 incommutabiles,
3262 2131 3381 2186 qua:
3411 2118 3542 2187 ipsa:

1944 2188 2184 2247 formata:
2202 2210 2306 2249 non
2323 2204 2465 2262 sunt,
2479 2212 2543 2253 ac
2560 2215 2655 2269 per
2675 2200 2775 2256 hoc
2796 2210 3009 2257 aeternae
3030 2219 3093 2258 ac
3114 2220 3325 2274 semper
3350 2208 3542 2265 eodem

1944 2283 2106 2338 modo
2131 2299 2251 2340 sese
2279 2286 2557 2355 habentes,
2591 2307 2709 2360 quze
2746 2292 2797 2346 in
2824 2292 3000 2348 divina
3034 2295 3378 2366 intelligentia
3405 2314 3540 2353 con-

1944 2375 2198 2429 tinentur.
2251 2376 2463 2433 Etcum
2492 2380 2620 2451 ipsa:
2660 2397 2832 2451 neque
2874 2384 3132 2450 oriantur,
3166 2402 3340 2458 neque
3368 2388 3538 2443 inter-

1944 2474 2067 2519 eant
2090 2481 2104 2531 ;
2132 2468 2422 2523 secundum
2449 2485 2541 2525 eas
2562 2480 2738 2527 tamen
2768 2472 2985 2530 formari
3007 2474 3201 2531 dicitur
3215 2492 3374 2532 omne
3388 2479 3533 2550 quod

1943 2555 2068 2611 oriri
2099 2566 2153 2612 et
2182 2558 2400 2615 interire
2417 2570 2610 2630 potest,
2638 2572 2691 2619 ct
2720 2579 2878 2620 omne
2898 2566 3039 2637 quod
3057 2569 3226 2625 oritur
3251 2580 3304 2625 et
3335 2571 3537 2628 interit.

1941 2646 2132 2702 Anima
2163 2664 2289 2705 vero
2315 2661 2536 2721 negatur
2560 2668 2651 2708 eas
2680 2655 2873 2709 intueri
2900 2671 3079 2727 posse,
3112 2659 3216 2715 nisi
3236 2662 3536 2731 rationalis,

1941 2752 2004 2793 ea
2051 2740 2131 2794 sui
2173 2750 2322 2810 parte
2351 2760 2451 2813 qua
2496 2746 2730 2811 excellit,
2779 2746 2831 2801 id
2879 2757 2961 2805 est
3002 2750 3116 2819 ipsa
3155 2762 3336 2808 mente
3378 2763 3539 2824 atque

1940 2831 2166 2897 ratione,
2197 2836 2346 2905 quasi
2395 2837 2621 2907 quadam
2667 2839 2800 2897 facie
2838 2842 2920 2897 vel
2962 2844 3117 2899 oculo
3158 2860 3254 2901 suo
3284 2848 3539 2906 interiore

1939 2932 2098 2994 atque
2122 2926 2456 2999 intelligibili.
2500 2930 2568 2985 Et
2593 2947 2652 2987 ea
2675 2932 2889 3003 quidem
2920 2936 3031 3008 ipsa
3053 2938 3328 2995 rationalis
3351 2942 3532 2998 anima

1938 3029 2044 3069 non
2072 3018 2247 3073 omnis
2270 3028 2324 3074 et
2348 3021 2616 3090 quaelibet,
2639 3023 2731 3078 sed
2758 3041 2876 3095 qua:
2902 3036 3083 3082 sancta
3110 3036 3165 3084 et
3188 3044 3318 3099 pura
3346 3029 3527 3099 fuerit,

1940 3105 2054 3161 haec
2082 3108 2337 3164 asseritur
2378 3111 2454 3165 illi
2500 3112 2691 3169 visioni
2739 3130 2862 3171 esse
2907 3116 3141 3173 idonea:
3175 3120 3226 3175 id
3270 3130 3370 3187 est,
3413 3138 3536 3194 qua:

1938 3198 2087 3255 illum
2131 3201 2304 3271 ipsum
2350 3205 2561 3260 oculum
2602 3222 2709 3277 quo
2753 3209 3001 3265 videntur
3050 3212 3170 3280 ista,
3219 3225 3432 3283 sanum,
3478 3225 3535 3272 et

1935 3294 2223 3360 sincerum,
2269 3305 2324 3353 et
2368 3312 2641 3369 serenum,
2690 3311 2744 3356 et
2785 3303 3009 3359 similem
3062 3304 3147 3360 his
3194 3307 3355 3362 rebus
3400 3324 3534 3379 quas

1935 3384 2118 3442 videre
2160 3387 2402 3453 intendit,
2441 3389 2705 3447 habuerit.
2756 3393 2888 3461 Quis
2928 3404 3104 3450 autem
3151 3398 3434 3469 religiosus
3477 3409 3533 3456 et

1935 3491 2059 3531 vera
2103 3479 2357 3550 religione
2383 3481 2637 3550 imbutus,
2669 3486 2910 3554 quamvis
2940 3487 3179 3544 nondum
3220 3491 3387 3559 possit
3413 3492 3531 3550 hmc

1933 3567 2149 3636 intueri,
2192 3585 2388 3641 negare
2430 3582 2609 3628 tamen
2638 3574 2850 3640 audeat,
2883 3576 2989 3632 imo
3031 3593 3134 3633 non
3162 3580 3324 3636 etiam
3364 3583 3529 3649 proti-

1934 3669 2127 3729 teatur,
2156 3666 2334 3719 omnia
2376 3681 2496 3735 quae
2534 3674 2678 3730 sunt,
2726 3666 2778 3721 id
2818 3677 2921 3734 est,
2950 3685 3300 3741 quzecumque
3342 3672 3395 3727 iu
3426 3688 3527 3730 suo

1930 3765 2127 3820 genere
2158 3755 2370 3823 propria
2403 3755 2628 3825 quadam
2660 3766 2850 3813 natura
2880 3760 3241 3828 continentur,
3276 3772 3331 3815 ut
3370 3762 3476 3819 sint
3502 3804 3519 3831 ,

1930 3840 2041 3897 Deo
2060 3852 2277 3898 auctore
2300 3859 2421 3901 esse
2446 3856 2744 3916 procreata,
2766 3864 2936 3919 eoque
2960 3860 3177 3905 auctore
3202 3853 3379 3907 omnia
3401 3869 3523 3922 quae

1930 3932 2114 3987 vivunt
2149 3934 2346 3999 vivere,
2380 3944 2539 4006 atque
2565 3937 2921 3993 universalem
2963 3955 3140 3994 rerum
3186 3942 3527 3997 incolumita-

1930 4031 2056 4091 tem,
2098 4024 2446 4097 ordinemque
2488 4028 2662 4098 ipsum
2692 4043 2799 4099 quo
2828 4044 2889 4084 ea
2920 4045 3038 4100 qua:
3069 4041 3361 4097 mutantur,
3394 4050 3520 4091 suos

1928 4110 2249 4178 temporales
2264 4125 2453 4166 cursus
2469 4121 2616 4167 certo
2632 4113 2995 4169 moderamine
3011 4115 3302 4182 celebrant,
3319 4120 3514 4174 summi

1926 4199 2019 4255 Dei
2052 4200 2254 4271 legibus
2298 4203 2563 4258 contineri
2605 4214 2659 4258 et
2700 4203 3028 4275 gubernari?
3076 4205 3192 4274 Quo
3233 4209 3526 4278 constituta

1924 4300 2082 4362 atque
2108 4308 2383 4361 concesso,
2415 4295 2531 4364 quis
2557 4294 2748 4351 audeat
2774 4296 2953 4352 dicere
2980 4298 3157 4352 Deum‘
3177 4298 3518 4356 irrationabi-

1923 4385 2047 4441 liter
2082 4387 2261 4442 omnia
2304 4387 2652 4443 condidisse?
2680 4389 2830 4455 Quod
2878 4390 2921 4444 si
2950 4399 3097 4446 recte
3124 4391 3228 4446 dici
3258 4393 3342 4448 vel
3368 4393 3515 4450 credi

1923 4495 2028 4534 non
2057 4488 2252 4549 potest,
2282 4489 2451 4536 restat
2477 4489 2535 4536 ut
2555 4482 2733 4536 omnia
2760 4483 2965 4538 ratione
2991 4484 3098 4539 sint
3134 4485 3366 4542 condita.
3406 4486 3517 4542 Nec

1921 4570 2107 4627 eadem
2137 4572 2540 4639 rationehomo,
2568 4589 2669 4643 qua
2697 4590 2866 4646 equus
2894 4593 2906 4629 :
2934 4575 3037 4631 hoc
3057 4577 3197 4632 enim
3221 4578 3513 4636 absurdum

1921 4672 2004 4719 est
2050 4664 2377 4720 existimare.
2420 4665 2635 4736 Singula
2680 4668 2841 4738 igitur
2887 4668 3114 4739 propriis
3164 4678 3287 4723 sunt
3331 4680 3514 4729 creata

1919 4756 2232 4811 rationibus.
2275 4757 2383 4812 llas
2422 4766 2599 4813 autem
2627 4758 2864 4815 rationes
2891 4759 2982 4813 ubi
3025 4760 3389 4815 arbitrandum
3428 4770 3513 4817 est

1918 4863 2058 4916 esse,
2091 4850 2195 4905 nisi
2238 4850 2290 4905 in
2322 4850 2434 4921 ipsa
2464 4861 2643 4907 mente
2675 4851 2987 4908 Creatoris?
3032 4851 3147 4907 Non
3191 4854 3332 4907 enim
3361 4863 3509 4908 extra

1918 4953 1977 4996 se
2020 4940 2307 5011 quidquam
2352 4942 2584 5012 positum
2636 4943 2960 5009 intuebatur,
3008 4950 3067 4997 ut
3112 4942 3405 4998 secundum
3454 4942 3509 4998 id

1916 5033 2261 5088 constitueret
2287 5033 2426 5104 quod
2472 5034 2830 5089 constituebat
2862 5052 2874 5087 :
2907 5049 3029 5088 nam
3061 5033 3161 5088 hoc
3186 5032 3391 5101 opinari
3421 5046 3508 5088 sa-.

1915 5123 2166 5194 crilegum
2194 5133 2295 5180 est.
2325 5124 2478 5193 Quod
2508 5126 2553 5180 si
2577 5126 2662 5180 ha:
2687 5141 2867 5181 rerum
2892 5125 3129 5180 omnium
3150 5124 3503 5181 creandarum

1914 5224 2280 5271 creatarumve
2322 5216 2556 5273 rationes
2601 5216 2653 5272 in
2684 5216 2860 5271 divina
2906 5223 3084 5271 mente
3120 5215 3502 5282 continentur,

1913 5321 2088 5377 neque
2112 5307 2167 5362 in
2196 5306 2372 5362 divina
2400 5316 2577 5363 mente
2602 5306 2892 5377 quidquam
2922 5305 3023 5361 nisi
3053 5315 3312 5362 aeternum
3342 5316 3503 5377 atque

1911 5398 2342 5455 incommutabile
2368 5406 2542 5468 potest
2569 5412 2690 5453 esse
2715 5412 2731 5462 ;
2758 5406 2918 5467 atque
2944 5396 3040 5453 has
3060 5413 3238 5454 rerum
3264 5398 3501 5454 rationes

1911 5491 2232 5560 principales
2287 5490 2519 5559 appellat
2576 5490 2722 5545 ideas
2766 5490 2961 5546 Plato:
2993 5506 3096 5544 non
3145 5490 3318 5545 solum
3374 5499 3503 5545 sunt

1910 5580 2064 5645 idem,
2093 5580 2185 5636 sed
2213 5580 2341 5650 ipsae
2367 5594 2507 5635 verae
2530 5588 2673 5644 sunt,
2702 5580 2827 5650 quia
2853 5590 3070 5636 aeterna:
3098 5587 3244 5646 sunt,
3274 5587 3329 5634 et
3350 5578 3501 5648 ejus-

1908 5674 2053 5727 modi
2078 5682 2237 5743 atque
2264 5672 2724 5728 incommutabiles
2752 5682 3005 5739 manent;
3036 5687 3261 5743 quarum
3295 5671 3500 5742 partici-

1909 5766 2121 5835 patione
2148 5768 2205 5818 lit
2229 5774 2285 5819 ut
2313 5764 2382 5818 sit
2405 5765 2658 5836 quidquid
2702 5774 2804 5831 est,
2832 5764 3210 5837 quoquomodo
3237 5773 3340 5819 est.
3386 5762 3494 5821 Sed

1974 5902 1988 5932 ί
2016 5909 2193 5957 omnes
2210 5912 2362 5965 prOpc
2381 5908 2507 5962 Mss,
2532 5898 2821 5955 abhorrebit.
