4084 6524
599 460 661 515 31
1330 454 1419 510 DE
1460 451 1774 511 DIVERSIS
1810 446 2192 520 QUIESTION]

2304 448 2331 503 5
2371 447 2652 515 LXXXIII,
2684 449 2742 503 S.
2783 448 3146 509 AUGUSTINI
3796 454 3855 510 δε

599 574 773 627 anima
821 569 1093 625 rationalis
1137 568 1275 623 inter
1302 583 1393 623 eas
1419 582 1506 622 res
1532 582 1650 637 qua:
1696 574 1820 621 sunt
1848 579 1879 618 a
1906 563 2017 618 Deo
2054 576 2181 615 con-

600 663 747 727 ditas,
779 662 955 715 omnia
999 670 1252 730 superat;
1299 667 1353 713 et
1390 658 1500 713 Deo
1546 657 1782 725 proxima
1826 661 1927 719 est,
1973 650 2186 723 quando

600 767 731 822 pura
762 759 880 815 est;
914 751 1067 820 eique
1117 750 1169 803 in
1211 758 1465 819 quantum
1504 746 1760 801 charitate
1802 743 2101 808 coharserit,
2131 742 2187 795 in

602 852 807 897 tantum
836 843 902 896 ab
930 856 995 896 eo
1021 842 1221 895 lumine
1250 840 1341 893 illo
1368 837 1682 908 intelligibili
1723 835 1933 907 perfusa
1960 833 2188 905 quodam

599 933 760 987 modo
805 943 857 987 et
887 933 1141 986 illustrata
1176 931 1367 996 cernit,
1415 946 1518 984 non
1546 944 1643 999 per
1670 942 1954 997 corporeos
1983 925 2184 991 oculos,

602 1024 696 1079 sed
740 1040 833 1092 per
864 1024 1027 1093 ipsius
1056 1023 1136 1077 sui
1168 1022 1478 1092 principale,
1508 1036 1612 1090 quo
1639 1020 1875 1084 excellit,
1906 1018 1956 1073 id
1987 1026 2070 1073 est
2094 1032 2190 1086 per

602 1116 1004 1185 intelligentiam
1056 1129 1223 1179 suam,
1276 1114 1404 1166 istas
1444 1113 1701 1175 rationes,
1735 1125 1958 1180 quarum
1984 1109 2189 1163 visione

604 1209 664 1262 fit
687 1210 1011 1263 beatissima.
1034 1208 1175 1275 Quas
1196 1208 1447 1270 rationes,
1474 1215 1532 1259 ut
1552 1206 1749 1259 dictum
1768 1212 1870 1265 est,
1890 1203 1999 1256 sive
2019 1201 2185 1268 ideas,

604 1301 715 1353 sive
745 1302 959 1365 formas,
991 1301 1100 1353 sive
1132 1299 1357 1367 species,
1401 1299 1513 1352 sive
1544 1300 1774 1351 rationes
1803 1295 1927 1348 licet
1955 1307 2145 1347 vocare
2170 1332 2186 1357 ,

605 1402 659 1446 et
690 1393 867 1446 multis
894 1392 1203 1446 conceditur
1228 1391 1498 1461 appellare
1529 1390 1668 1461 quod
1696 1390 1826 1444 libet
1852 1390 1893 1457 ί,
1922 1388 2015 1443 sed
2061 1401 2191 1457 pau-

604 1485 832 1539 cissimis
861 1484 1040 1538 videre
1078 1483 1218 1553 quod
1249 1498 1431 1537 verum
1461 1494 1561 1537 est.

603 1595 812 1659 XLVII.
875 1594 1054 1651 Utrum
1102 1596 1371 1665 aliquando
1414 1596 1738 1666 cogitationes
1787 1603 1983 1649 nostras
2028 1592 2192 1647 videre

1263 1688 1532 1757 possimus.

675 1781 851 1849 Qumri
901 1780 1035 1835 solet
1072 1780 1340 1850 quomodo
1383 1790 1501 1850 post
1542 1780 1986 1835 resurrectionem
2033 1786 2191 1849 atque

604 1871 1028 1931 immutationem
1081 1872 1358 1940 corporis,
1409 1888 1528 1942 qua:
1582 1872 1781 1926 sanctis
1832 1871 2188 1941 promittitur,

605 1966 955 2036 cogitationes
982 1973 1192 2019 nostras
1222 1964 1403 2019 videre
1430 1966 1713 2034 possimus.
1743 1966 2057 2033 Conjectura
2089 1964 2191 2017 ila-

603 2074 709 2130 que
749 2058 1003 2131 capienda
1044 2066 1125 2111 est
1144 2073 1210 2112 ex
1256 2073 1319 2114 ea
1366 2069 1515 2127 parte
1558 2057 1797 2127 corporis
1843 2057 2041 2118 nostri,
2072 2070 2191 2125 qua:

607 2151 726 2219 plus
761 2149 921 2205 habet
960 2150 1124 2215 lucis;
1157 2150 1405 2219 quoniam
1447 2150 1683 2219 angelica
1717 2164 1972 2218 corpora,
2017 2146 2190 2217 qualia

606 2256 706 2295 nos
745 2240 1016 2296 habituros
1054 2256 1363 2309 speramus,
1403 2241 1725 2295 lucidissima
1764 2250 1921 2310 atque
1960 2239 2190 2299 :etherea

605 2346 726 2386 esse
769 2330 1087 2386 credendum
1128 2340 1210 2387 est
1240 2331 1352 2404 (a):
1402 2334 1445 2386 si
1474 2348 1601 2403 ergo
1630 2333 1777 2387 multi
1821 2341 1994 2392 motus
2028 2331 2189 2386 animi

607 2423 773 2476 nostri
799 2438 941 2477 nunc
959 2433 1319 2493 agnoscuntur
1343 2424 1394 2477 in
1423 2425 1613 2490 oculis,
1643 2424 1916 2494 probabile
1940 2434 2021 2479 est
2050 2422 2190 2493 quod

608 2515 783 2569 nullus
812 2526 986 2570 motus
1023 2517 1183 2569 animi
1214 2516 1397 2571 latebit
1419 2559 1433 2582 ,
1464 2533 1586 2572 cum
1618 2527 1787 2571 totum
1817 2517 1969 2572 fuerit
1996 2531 2191 2586 corpus

607 2604 916 2675 mthereum,
948 2606 1001 2661 in
1024 2607 1177 2677 cujus
1201 2609 1596 2678 comparatione
1625 2609 1709 2663 isti
1735 2609 1875 2664 oculi
1901 2624 2025 2664 caro
2045 2616 2187 2663 sunt.

1042 2717 1270 2773 XLVIII.
1312 2719 1389 2773 De
1413 2721 1753 2774 credibilibus.

679 2813 1019 2867 Credibilium
1044 2814 1140 2867 tria
1168 2822 1291 2867 sunt
1311 2829 1525 2883 genera.
1549 2814 1664 2867 Alia
1690 2824 1814 2868 sunt
1838 2829 1956 2883 qua:
1978 2828 2193 2883 semper

606 2903 915 2966 creduntur,
948 2912 1000 2957 et
1021 2918 1287 2972 nunquam
1320 2904 1719 2973 intelliguntur:
1752 2905 1887 2958 sicut
1915 2914 1998 2960 est
2017 2905 2191 2959 omnis

608 2993 863 3058 historia,
915 2994 1224 3062 temporalia
1272 3002 1326 3047 et
1376 2992 1604 3048 humana
1658 3004 1804 3063 gesta
1850 3011 2188 3065 percurrens.

607 3085 723 3141 Alia
749 3101 866 3156 qum
891 3101 1032 3149 mox,
1062 3094 1121 3139 ut
1144 3085 1454 3153 creduntur,
1478 3087 1878 3157 intelliguntur:
1912 3089 2047 3143 sicut
2067 3097 2192 3142 sunt

609 3193 797 3233 omnes
823 3180 1056 3233 rationes
1087 3178 1352 3241 humana},
1386 3181 1466 3235 vel
1493 3180 1560 3236 de
1589 3182 1845 3247 numeris,
1879 3181 1960 3235 vel
1985 3180 2051 3235 de
2076 3180 2194 3251 qui-

609 3271 844 3326 buslibet
868 3271 1179 3341 disciplinis.
1213 3273 1447 3330 Tertium
1471 3315 1485 3339 ,
1523 3289 1641 3343 quae
1668 3273 1839 3343 primo
1866 3273 2156 3328 creduntur
2176 3313 2192 3337 ,

609 3373 664 3419 et
694 3373 872 3432 postea
904 3363 1264 3433 intelliguntur
1289 3383 1301 3417 :
1334 3348 1506 3436 qualia
1531 3374 1653 3419 sunt
1678 3380 1739 3419 ea
1768 3380 1889 3435 qua:
1911 3364 1977 3419 de
2000 3364 2193 3418 divinis

608 3455 769 3510 rebus
808 3471 913 3509 non
951 3466 1169 3525 possunt
1209 3458 1460 3527 intelligi,
1490 3458 1588 3512 nisi
1629 3458 1697 3513 ab
1741 3457 1823 3511 his
1865 3458 1951 3527 qui
1992 3456 2194 3513 mundo

610 3556 735 3603 sunt
761 3550 954 3614 corde;
984 3550 1123 3619 quod
1154 3551 1211 3605 tit
1240 3552 1518 3621 prmceptis
1543 3550 1789 3617 servatis,
1818 3566 1939 3621 qua:
1966 3550 2033 3607 de
2059 3550 2195 3606 bene

611 3642 836 3697 vivendo
863 3643 1211 3712 accipiuntur.
1624 3656 1629 3661 '

610 3777 794 3833 XLIX.
840 3779 1007 3844 Quare
1033 3779 1130 3847 ﬁlii
1166 3778 1333 3833 Israel
1358 3778 1710 3848 sacriﬁcabant
1752 3778 2008 3834 visibiliter
2044 3794 2195 3850 peco-

1196 3890 1308 3926 rum
1337 3874 1607 3927 victimas?

678 3984 809 4052 Quia
834 3992 958 4040 sunt
981 3985 1140 4039 etiam
1168 3999 1317 4040 sacra
1343 3985 1658 4055 spiritualia,
1691 4000 1917 4056 quorum
1942 3984 2199 4055 imagines

607 4076 873 4130 carnalem
900 4076 1153 4146 populum
1179 4077 1452 4132 celebrare
1481 4077 1779 4147 oportebat,
1812 4086 1871 4132 ut
1889 4076 2199 4147 praefigura-

610 4166 685 4221 tio
714 4166 835 4220 novi
885 4166 1064 4236 populi
1109 4167 1365 4223 servitute
1403 4168 1600 4222 veteris
1647 4167 1798 4223 fieret
1828 4168 1928 4239 (ὁ).
1960 4168 2197 4235 Quorum

608 4256 833 4311 duorum
873 4256 1189 4326 populorum
1213 4256 1567 4312 differentiam
1604 4260 1763 4313 etiam
1792 4259 1843 4313 in
1878 4273 2200 4329 unoquoque

610 4359 850 4404 nostrum
878 4350 1003 4405 licet
1027 4350 1324 4416 advertere,
1354 4366 1473 4407 cum
1498 4352 1724 4423 quisque
1743 4352 1812 4408 ab
1839 4362 1989 4409 utero
2014 4353 2200 4409 matris

608 4450 842 4497 veterem
882 4440 1149 4498 hominem
1188 4458 1406 4498 necesse
1432 4451 1515 4499 est
1539 4453 1698 4514 agat,
1720 4444 1891 4499 donec
1927 4445 2105 4501 veniat
2133 4445 2200 4500 ad

608 4531 894 4602 juvenilem
916 4542 1163 4599 aetatem;
1195 4533 1283 4588 ubi
1305 4534 1415 4604 jam
1444 4549 1547 4589 non
1575 4542 1658 4589 est
1678 4550 1896 4590 necesse
1919 4536 2201 4590 carnaliter

611 4637 823 4692 sapere,
853 4623 946 4678 sed
983 4630 1159 4693 potest
1204 4624 1271 4679 ad
1300 4624 1593 4694 spiritualia
1628 4626 1901 4681 voluntate
1925 4632 2197 4694 converti,

610 4725 662 4770 el
691 4714 1012 4771 intrinsecus
1055 4717 1379 4786 regenerari.
1411 4717 1562 4783 Quod
1591 4733 1719 4788 ergo
1764 4719 1817 4772 in
1846 4734 1953 4773 uno
1982 4718 2200 4774 homine

610 4816 756 4862 recte
777 4806 1021 4871 educato,
1045 4808 1231 4866 ordine
1248 4816 1448 4873 natura:
1469 4809 1852 4878 disciplinaque
1878 4810 2135 4880 contingit
2154 4812 2196 4876 ²,

611 4897 714 4953 hoc
746 4900 1087 4969 proportione
1116 4898 1167 4961 in
1203 4898 1453 4953 universo
1483 4914 1677 4969 genere
1704 4899 1935 4955 luimano
1962 4899 2075 4954 fieri
2106 4916 2200 4970 per

608 4991 841 5047 divinam
872 4991 1259 5063 providentiam
1283 5034 1296 5055 ,
1331 4992 1614 5061 peragiquc
1640 4990 2054 5060 pulcherrimum
2095 5000 2196 5047 est.

1071 5105 1132 5160 L.
1174 5104 1250 5159 De
1277 5103 1560 5175 mqualitatc
1590 5103 1733 5159 Filii.

680 5219 843 5285 Deus,
873 5235 1029 5289 quem
1057 5219 1258 5289 genuit,
1284 5217 1534 5289 quoniam
1562 5216 1837 5271 meliorem
1860 5230 1918 5270 se
1947 5231 2201 5286 generare

610 5327 715 5365 non
740 5311 909 5379 potuit
939 5311 1108 5376 (nihil
1136 5312 1280 5365 enim
1309 5312 1419 5365 Deo
1448 5309 1711 5379 melius),
1741 5322 1999 5378 generare
2019 5307 2203 5361 debuit

611 5403 894 5473 aequalem.
920 5403 977 5457 Si
1003 5403 1145 5456 enim
1173 5403 1361 5469 voluit,
1392 5411 1444 5458 et
1470 5418 1572 5457 non
1601 5402 1791 5473 potuit,
1823 5398 2065 5453 infirmus
2085 5408 2197 5454 est:

675 5580 790 5640 {sic
810 5576 1033 5640 plerique
1056 5583 1163 5627 Mss.
1189 5577 1307 5627 Editi
1332 5585 1514 5639 autem,
1546 5585 1592 5629 et
1610 5578 1774 5629 multis
1804 5576 2081 5628 conceditur
2115 5589 2204 5639 ap-

615 5637 795 5708 pellare
812 5637 1234 5708 'nomint'bus,_sed,
1258 5645 1353 5708 etc.
1480 5637 1507 5708 _'
1622 5704 1632 5708 _
1908 5698 1918 5708 ,

678 5703 698 5731 ³
722 5704 1025 5765 Fossatensis
1040 5702 1214 5765 codex,
1252 5705 1428 5748 natura
1458 5701 1806 5765 disciplinaque
1838 5699 1951 5765 agit.
1988 5699 2072 5749 Alii
2098 5700 2203 5764 qui-

613 5762 742 5819 dam,
766 5770 956 5813 natura:
972 5762 1333 5826 disciplinqu
1349 5760 1589 5825 contingit."

675 5846 747 5969 (ag
780 5853 796 5895 ι
820 5854 1023 5897 Retract.
1050 5846 1260 5920 cap._26,
1288 5851 1339 5893 et
1361 5843 1446 5893 lib.
1466 5844 1630 5903 Elide
1647 5848 1780 5897 civit.
1808 5848 1921 5909 Dei,
1950 5860 2052 5912 cap.
2078 5847 2159 5917 9.9.

676 5907 726 5969 (α
781 5910 878 5959 tib.
908 5909 964 5959 10
987 5909 1051 5958 de
1072 5915 1205 5960 civit.
1234 5916 1336 5968 Det,
1364 5920 1499 5969 capp.
1522 5908 1630 5969 5,6.

676 5907 747 5973 (ᾳ)
781 5910 878 5959 tib.
908 5909 964 5959 10
987 5909 1051 5958 de
1072 5907 1205 5960 civit.
1234 5916 1336 5968 Det,
1364 5920 1499 5970 capp.
1522 5908 1566 5972 5,
1584 5909 1630 5961 6.

2301 560 2345 614 si
2374 560 2563 629 potuit,
2587 569 2639 614 et
2666 575 2769 615 non
2795 561 2981 627 voluit,
3009 561 3218 619 invidus
3237 570 3339 618 εει.
3367 562 3447 619 Ex
3472 577 3577 635 quo
3601 563 3860 623 conﬁcitur

2297 650 2559 719 a‘qualem
2589 653 2835 721 genuisse
2866 653 3078 707 Filium.

2294 742 2378 796 LI.
2422 742 2498 796 De
2522 743 2720 797 homine
2743 749 2879 815 [acto
2903 744 2972 799 ad
2994 746 3262 818 imaginem
3286 755 3332 801 et
3356 746 3729 806 similitudinem
3753 745 3861 806 Dei.

2367 835 2415 888 1.
2448 834 2578 889 Cum
2612 837 2927 892 exteriorem
2968 845 3023 892 et
3052 837 3359 893 interiorem
3390 839 3661 894 hominem
3698 840 3862 899 divina

2293 925 2561 995 Scriptura
2603 937 3020 996 commemoret,
3051 938 3105 984 et
3135 930 3185 983 in
3215 940 3419 985 tantum
3453 946 3546 987 eos
3573 932 3862 1003 discernat,

2294 1027 2353 1070 ut
2378 1018 2444 1071 ab
2469 1019 2724 1087 Apostolo
2766 1018 2961 1073 dictum
2989 1021 3086 1085 sit,
3116 1019 3182 1073 Et
3207 1021 3251 1075 si
3279 1023 3494 1076 exterior
3536 1023 3684 1077 homo
3713 1034 3866 1079 noster

2295 1108 2668 1179 corrumpitur,
2723 1110 2811 1163 sed
2856 1112 3063 1165 interior
3107 1124 3375 1167 renovatur
3422 1114 3485 1168 de
3534 1117 3615 1170 die
3642 1117 3693 1170 in
3746 1118 3867 1172 diem

2297 1198 2361 1267 (ll
2390 1198 2506 1252 Cor.
2551 1215 2623 1265 iv,
2669 1200 2795 1270 l6);
2845 1202 3010 1271 qua3ri
3053 1211 3227 1272 potest
3275 1214 3450 1258 utrum
3501 1221 3636 1261 unus
3686 1207 3867 1264 horum

2296 1289 2465 1343 factus
2512 1290 2580 1344 sit
2621 1290 2686 1344 ad
2717 1291 2995 1362 imaginem
3039 1302 3092 1347 et
3136 1294 3537 1350 similitudinem
3582 1297 3698 1351 Dei.
3744 1298 3868 1353 Nam

2296 1381 2423 1435 illud
2447 1382 2661 1435 stultum
2688 1391 2769 1436 est
2795 1399 3056 1452 qumrerc,
3084 1385 3129 1438 si
3159 1401 3314 1451 unus,
3346 1388 3466 1457 quis
3496 1387 3687 1442 horum
3707 1389 3729 1442 ?
3750 1391 3869 1456 Quis

2295 1471 2437 1527 enim
2483 1471 2685 1526 dubitat
2723 1488 2844 1527 eum
2881 1474 3054 1542 potius
3082 1476 3169 1545 qui
3207 1487 3513 1547 renovatur,
3556 1494 3715 1552 quam
3754 1496 3868 1535 eum

2295 1562 2384 1632 qui
2411 1564 2782 1634 corrumpitur,
2817 1563 3039 1620 dicere?
3067 1566 3252 1621 Utrum
3281 1577 3456 1623 autem
3484 1570 3664 1635 ambo,
3691 1586 3873 1641 magna

2295 1655 2518 1726 qumstio
2542 1665 2623 1711 est
2652 1656 2753 1729 (a).
2784 1656 2914 1711 Nam
2941 1658 2984 1712 si
3024 1660 3256 1722 exterior
3284 1660 3443 1725 homo
3469 1670 3553 1717 est
3584 1661 3755 1726 Adam
3779 1704 3793 1729 ,
3823 1673 3875 1721 et

2296 1744 2519 1800 interior
2545 1744 2816 1815 Christus,
2848 1749 2983 1803 bene
3013 1750 3171 1806 ambo
3205 1751 3590 1821 intelliguntur.
3622 1754 3730 1813 Sed
3758 1771 3875 1812 cum

2296 1834 2487 1901 Adam,
2521 1836 2658 1890 sicut
2684 1852 2712 1889 a
2738 1838 2846 1892 Deo
2871 1838 3039 1901 factus
3069 1849 3167 1909 ρει,
3196 1838 3369 1896 bonus
3395 1857 3500 1896 non
3525 1844 3800 1909 manserit,
3825 1856 3879 1903 et

2296 1926 2562 1998 diligendo
2589 1931 2819 1984 carnalia
2858 1932 3085 1989 carnalis
3112 1932 3332 1988 eil‘ectus
3362 1934 3467 2000 sit,
3511 1952 3617 1990 non
3650 1936 3882 1993 absurde

2296 2019 2463 2074 videri
2489 2029 2689 2089 potest,
2722 2021 2823 2076 hoc
2851 2022 3021 2097 ipsum
3052 2024 3099 2078 ei
3131 2022 3295 2079 fuisse
3329 2025 3520 2081 cadere
3544 2068 3559 2094 ,
3593 2027 3879 2097 imaginem

2297 2109 2393 2165 Dei
2421 2111 2437 2142 ί
2466 2119 2519 2165 et
2560 2112 2955 2167 similitudinem
2984 2115 3244 2171 amittere.
3279 2118 3355 2171 Ac
3384 2133 3477 2186 per
3506 2117 3605 2173 hoc
3638 2118 3755 2188 ipse
3794 2135 3883 2175 re-

2296 2209 2522 2255 novatur
2541 2243 2555 2269 ,
2584 2209 2639 2255 et
2673 2203 2785 2273 ipse
2812 2214 2895 2258 est
2923 2204 3142 2260 interior
3167 2223 3180 2259 :
3209 2208 3477 2276 quomodo
3502 2224 3629 2278 ergo
3660 2220 3745 2264 est
3773 2212 3885 2283 ipse

2296 2299 2351 2346 et
2372 2292 2644 2346 exterior?
2673 2294 2754 2347 An
2788 2294 3079 2349 secundum
3107 2310 3335 2365 corpus;
3366 2306 3423 2351 ut
3451 2300 3674 2354 interior
3701 2301 3771 2355 sit
3798 2317 3887 2356 se-

2297 2385 2524 2440 cundum
2550 2387 2778 2441 animam
2800 2430 2814 2455 ,
2844 2399 2898 2443 et
2927 2390 3192 2455 interioris
3220 2395 3289 2448 sit
3320 2396 3339 2425 ²
3372 2395 3692 2459 resurrectio
3722 2403 3778 2449 et
3803 2410 3888 2455 rev-

2297 2478 2530 2543 novallo,
2554 2494 2671 2549 qua:
2700 2496 2840 2535 nunc
2866 2481 2923 2535 fit
2950 2484 3241 2539 secundum
3267 2495 3491 2541 mortem
3517 2487 3716 2558 prioris
3739 2486 3886 2549 vitae,

2298 2566 2350 2621 id
2387 2578 2469 2621 est
2512 2570 2743 2637 peccati,
2791 2580 2846 2625 et
2893 2574 3182 2629 secundum
3230 2577 3692 2645 regenerationem
3735 2592 3890 2631 novae

2298 2660 2440 2725 vitae,
2471 2660 2519 2713 id
2545 2670 2627 2720 est
2648 2662 2865 2730 justitire
2887 2662 2909 2715 ?
2933 2662 3078 2731 Quos
3104 2666 3228 2719 item
3250 2666 3385 2719 duos
3410 2666 3654 2721 homines
3686 2667 3769 2721 sic
3798 2683 3895 2734 ap-

2298 2750 2477 2817 pellat,
2505 2760 2561 2803 ut
2582 2767 2743 2804 unum
2773 2760 3027 2816 veterem,
3047 2771 3204 2825 quem
3227 2755 3480 2809 debemus
3506 2772 3729 2822 exuere,
3764 2760 3897 2813 alte-

2297 2854 2415 2894 rum
2444 2857 2658 2907 novum,
2685 2853 2737 2897 et
2761 2859 2881 2898 eum
2910 2844 3231 2899 induendum
3254 2858 3636 2902 commemoret
3660 2848 3894 2917 (Coloss.

2299 2948 2374 2997 ιιι,
2398 2931 2589 3002 9,10):
2613 2948 2835 3002 quorum
2858 2950 3043 2989 rursus
3066 2936 3209 2989 illum
3230 2938 3461 3006 appellat
3480 2939 3775 3009 imaginem
3801 2951 3899 2995 ter-

2299 3023 2412 3075 reni
2436 3021 2684 3090 hominis,
2712 3025 2833 3094 quia
2859 3026 3148 3080 secundum
3173 3036 3445 3097 peccatum
3470 3030 3622 3097 primi
3653 3030 3900 3086 hominis

2297 3114 2516 3184 geritur,
2563 3116 2653 3184 qui
2694 3124 2776 3170 est
2814 3116 3017 3183 Adam;
3060 3118 3281 3173 alterum
3323 3120 3605 3189 imaginem
3648 3124 3905 3179 caelestis

2300 3204 2530 3260 hominis
2552 3206 2591 3277 (Ι
2622 3206 2739 3261 Cor.
2769 3224 2873 3275 xv,
2906 3208 3016 3281 49),
3047 3210 3170 3279 quia
3198 3211 3492 3265 secundum
3515 3213 3788 3280 justitiam
3816 3230 3905 3270 se-

2299 3298 2455 3353 cundi
2486 3299 2713 3354 hominis
2736 3303 2970 3370 geritur,
3005 3302 3094 3370 qui
3125 3313 3204 3356 cst
3233 3302 3391 3357 Jesus
3416 3302 3688 3359 Christus.
3735 3307 3910 3362 Exte-

2299 3390 2410 3445 rior
2433 3399 2607 3445 autem
2631 3390 2809 3453 homo,
2832 3392 2922 3461 qui
2948 3407 3087 3445 nunc
3110 3398 3486 3462 corrumpitur,
3510 3393 3691 3448 futura
3715 3412 3912 3450 resur-

2299 3482 2539 3537 rectione
2567 3482 2922 3547 renovabitur,
2954 3498 3074 3536 cum
3106 3483 3258 3537 istam
3289 3493 3516 3539 mortem
3545 3486 3921 3554 persolverit,

2301 3591 2459 3647 quam
2496 3586 2700 3637 natura:
2735 3576 2912 3642 debet,
2946 3577 3062 3647 lege
3101 3577 3188 3631 illa
3238 3592 3357 3656 quae
3399 3578 3449 3631 in
3481 3577 3739 3653 paradiso
3781 3580 3914 3639 data

2301 3675 2383 3721 est
2412 3666 2452 3718 ³.

2371 3757 2426 3811 2.
2459 3756 2736 3825 Quomodo
2761 3766 2939 3813 autem
2973 3773 3074 3812 non
3103 3758 3171 3813 sit
3195 3758 3563 3829 incongruum,
3592 3761 3747 3830 quod
3772 3762 3914 3818 dici-

2306 3856 2393 3902 tur
2420 3849 2579 3903 etiam
2608 3864 2801 3919 corpus
2831 3848 3023 3903 factum
3049 3850 3115 3903 ad
3154 3851 3548 3906 similitudinem
3582 3852 3682 3907 Dei
3707 3895 3723 3917 ,
3752 3853 3920 3911 facile

2304 3939 2547 4009 intelligit
2582 3941 2671 4010 qui
2722 3941 3003 4011 diligenter
3028 3941 3251 3996 attendit
3274 3942 3416 4013 quod
3444 3943 3644 3999 dictum
3673 3955 3798 4012 est,
3852 3947 3920 4000 Et

2305 4030 2421 4101 fecit
2453 4028 2589 4083 Deus
2616 4030 2783 4083 omnia
2809 4030 2938 4084 bona
2974 4032 3120 4085 valde
3150 4030 3297 4102 (Cen.
3326 4049 3379 4100 ι,
3410 4033 3520 4104 51).
3549 4033 3734 4091 Nemo
3764 4037 3919 4093 enim

2303 4120 2509 4175 dubitat
2533 4120 2673 4191 quod
2698 4122 2766 4175 sit
2792 4122 2903 4191 ipse
2926 4122 3169 4191 primitus
3195 4123 3382 4177 bonus.
3411 4124 3586 4179 Multis
3610 4127 3773 4182 enim
3797 4144 3923 4183 mo-

2305 4212 2388 4267 dis
2413 4211 2515 4266 dici
2547 4226 2633 4267 res
2660 4222 2879 4283 possunt
2905 4214 3105 4268 similes
3134 4214 3245 4269 Deo
3276 4233 3287 4268 :
3319 4216 3438 4271 alim
3464 4218 3778 4274 secundum
3808 4221 3926 4281 vir-

2306 4311 2470 4358 tutem
2496 4310 2551 4358 et
2585 4304 2895 4373 sapientiam
2927 4304 3077 4359 facta:
3101 4346 3116 4370 ,
3140 4306 3261 4376 quia
3297 4306 3352 4360 in
3381 4307 3496 4378 ipso
3522 4318 3605 4363 est
3634 4310 3827 4367 virtus
3868 4320 3928 4369 et

2305 4394 2559 4462 sapientia
2589 4408 2694 4448 non
2734 4393 2905 4460 facta;
2943 4395 3062 4449 alia:
3088 4395 3139 4450 in
3172 4409 3427 4467 quantum
3460 4399 3635 4453 solum
3681 4402 3925 4469 vivunt,

2306 4485 2427 4555 quia
2468 4485 2555 4540 ille
2597 4499 2803 4545 summe
2836 4494 2891 4540 et.
2918 4486 3162 4561 primitus
3205 4488 3367 4553 vivit;
3398 4488 3513 4543 alia:
3542 4489 3596 4543 in
3635 4502 3927 4561 quantum

2306 4584 2461 4641 sunt,
2493 4575 2613 4645 quia
2653 4576 2741 4629 ille
2766 4590 2971 4631 summe
3013 4586 3065 4631 et
3095 4578 3336 4647 primitus
3363 4587 3464 4633 est.
3506 4581 3572 4634 Et
3614 4581 3756 4638 ideo
3799 4601 3933 4655 qua:

2307 4666 2671 4723 tantummodo
2696 4678 2836 4733 sunt,
2868 4684 2966 4724 nec
2995 4678 3167 4724 tamen
3198 4671 3381 4724 vivunt
3408 4681 3496 4725 aut
3522 4673 3777 4741 sapiunt,
3817 4692 3930 4731 non

2306 4757 2557 4827 perfecte,
2586 4757 2678 4812 sed
2706 4758 2893 4828 exigue
2921 4767 3044 4815 sunt
3072 4759 3134 4813 ad
3164 4760 3562 4817 similitudinem
3594 4764 3758 4832 ejus;
3798 4769 3935 4839 quia

2306 4860 2360 4904 et
2404 4851 2515 4919 ipsa
2547 4850 2681 4904 bona
2719 4862 2839 4904 sunt
2884 4852 2935 4904 in
2974 4853 3158 4906 ordine
3196 4868 3326 4918 suo,
3361 4871 3479 4909 cum
3507 4856 3575 4909 sit
3614 4858 3719 4913 ille
3754 4876 3939 4931 super

2306 4943 2483 4997 omnia
2526 4944 2723 5006 bonus,
2754 4958 2781 4995 a
2821 4958 2926 5012 quo
2964 4945 3141 4997 omnia
3180 4945 3315 5000 bona
3348 4948 3667 5016 procedunt.
3722 4951 3938 5008 Omnia

2309 5051 2438 5089 vero
2464 5050 2582 5104 quae
2610 5034 2789 5087 vivunt
2811 5043 2863 5087 et
2890 5050 2995 5089 non
3023 5036 3252 5105 sapiunt,
3286 5040 3440 5107 paulo
3466 5040 3711 5110 amplius
3745 5048 3941 5115 parti-

2307 5127 2484 5195 cipant
2503 5126 2920 5180 similitudinem.
2944 5126 3092 5195 Quod
3116 5130 3255 5183 enim
3279 5132 3428 5196 vivit,
3454 5134 3613 5187 etiam
3646 5146 3745 5192 est
3772 5157 3785 5192 :
3822 5156 3942 5194 non

2307 5227 2483 5271 autem
2524 5216 2773 5286 quidquid
2810 5226 2923 5282 est,
2951 5220 3108 5273 etiam
3136 5220 3282 5281 vivit.
3317 5221 3432 5277 Jam
3460 5238 3619 5292 porro
3656 5242 3800 5296 qua:
3846 5245 3945 5284 sa-

2311 5311 2482 5381 piunt,
2508 5311 2575 5364 ita
2610 5310 2680 5363 illi
2710 5310 3053 5369 similitudine
3080 5322 3201 5367 sunt
3231 5315 3489 5386 proxima,
3519 5327 3574 5370 ut
3600 5317 3660 5371 in
3697 5332 3943 5377 creatu-

2314 5404 2389 5457 ris
2420 5402 2547 5457 nihil
2586 5404 2654 5457 sit
2696 5404 3061 5475 propinquius.
3106 5405 3257 5473 Quod
3299 5408 3439 5462 enim
3481 5410 3796 5482 participat
3850 5432 3950 5469 sa-

2376 5536 2403 5606 ί·
2420 5536 2493 5586 sic
2526 5544 2629 5586 Mss.
2666 5542 2722 5585 At
2755 5536 2891 5597 editi,
2925 5535 3012 5586 hoc
3045 5535 3205 5600 ipsum
3234 5537 3282 5589 ei
3310 5538 3455 5602 fuisse
3487 5552 3667 5592 carere
3705 5543 3954 5611 imagine

2310 5606 2491 5708 Dabar.
2518 5667 2571 5723 et
2596 5667 2730 5718 tom,
2754 5657 2955 5723 interior
2973 5658 3248 5723 sit._atclius
3270 5669 3369 5712 nat.
3400 5670 3451 5713 et
3478 5670 3608 5723 Mss,
3637 5663 3954 5722 interioris.

2308 5747 2369 5759 -—
2402 5721 2549 5783 Lugd.
2576 5730 2626 5770 et
2643 5729 2782 5777 Ven.,
2807 5721 3006 5771 interior
3028 5720 3105 5780 sit,
3138 5732 3193 5772 ut
3216 5731 3289 5772 Er.
3312 5734 3363 5774 et
3386 5732 3493 5773 Lov.
3560 5720 3615 5774 si.

2372 5785 2507 5854 {llic
2547 5784 2663 5854 editi
2703 5783 2911 5854 addunt,_
2950 5797 3036 5847 per
3059 5794 3367 5854 pragccptum.
3405 5789 3703 5854 Navarricus
3748 5794 3953 5854 cadet,

2310 5851 2754 5910 postprqjceptum;
2785 5846 2911 5910 quod
2935 5846 2962 5893 a
2984 5848 3174 5897 cmteris
3199 5846 3303 5899 fere
3340 5855 3445 5899 Mss.
3469 5850 3629 5900 abest.

2372 5906 2443 5975 [α]
2476 5907 2572 5955 Lib.
2601 5907 2649 5955 11
2679 5906 2742 5955 de
2764 5906 2931 5957 ‘rrinit.
2959 5920 3063 5974 cap.
3094 5911 3136 5958 t.
