4136 6570
282 478 351 534 33
1721 458 1921 521 LIBER
1963 464 2159 521 UAUS.

283 591 519 665 pientiae,
544 598 601 645 et
628 588 761 643 vivit
789 595 842 643 et
869 594 953 643 est
976 603 989 640 :
1022 585 1160 656 quod
1184 593 1361 641 autem
1388 584 1533 649 vivit,
1562 597 1779 638 necesse
1804 591 1887 636 est

284 694 344 739 ιιι
376 683 482 745 sit,
514 696 624 734 non
668 694 887 735 necesse
920 686 1002 733 est
1042 687 1099 731 ut
1141 677 1330 746 sapiat.
1360 676 1536 742 Quare
1573 690 1693 729 cum
1725 673 1886 727 homo

285 774 454 847 possit
480 772 750 843 particeps
776 784 895 824 esse
937 768 1209 837 sapientia:
1245 766 1538 822 secundum
1578 765 1885 818 interiorem

288 865 559 920 hominem
580 904 596 929 ,
628 861 924 916 secundum
954 860 1127 928 ipsum
1158 859 1174 890 ί
1212 858 1284 911 ita
1325 866 1406 911 est
1452 856 1519 910 ad
1564 855 1843 923 imaginem
1864 893 1881 917 ,

284 965 346 1010 ut
394 954 537 1009 nulla
574 962 763 1006 natura
804 949 1113 1019 interposita
1157 947 1445 1011 formetur;
1492 954 1547 999 et
1593 944 1712 999 ideo
1751 942 1883 997 nihil

284 1047 358 1100 sit
386 1047 498 1101 Deo
535 1044 888 1114 conjunctius.
923 1041 991 1095 Et
1024 1040 1162 1109 sapit
1189 1039 1329 1094 enim
1350 1078 1366 1104 ,
1406 1046 1460 1092 et
1486 1037 1648 1102 vivit,
1679 1044 1732 1091 et
1756 1042 1838 1090 est
1866 1052 1880 1088 :

289 1152 394 1207 qua
420 1145 658 1191 creatura
691 1133 823 1188 nihil
853 1142 935 1187 est
964 1132 1174 1185 melius.

360 1230 415 1283 5.
456 1226 605 1296 Quod
653 1227 697 1279 si
738 1224 970 1279 exterior
997 1223 1157 1277 homo
1200 1222 1305 1276 vita
1350 1221 1437 1274 illa
1473 1219 1747 1290 accipitur,
1780 1233 1881 1289 qua

290 1334 387 1389 per
428 1332 626 1387 corpus
672 1318 932 1371 sentimus
977 1316 1210 1383 quinque
1255 1311 1545 1365 notissimis
1598 1310 1878 1376 sensibus,

287 1424 426 1479 quos
444 1424 564 1462 cum
592 1407 875 1477 pecoribus
899 1405 1152 1458 habemus
1172 1418 1483 1458 communes
1508 1420 1521 1454 :
1551 1417 1672 1455 nam
1695 1410 1750 1456 et
1770 1402 1881 1471 ipsa

285 1500 550 1555 molestiis
581 1498 924 1554 scnsibilibus
943 1539 958 1564 ,
990 1509 1108 1566 quze
1134 1494 1595 1565 perseeutionibus
1633 1495 1882 1563 ingerun-

284 1600 395 1656 tur,
439 1589 709 1658 corrumpi
753 1597 972 1657 potest:
1015 1601 1119 1640 non
1169 1586 1435 1639 immerito
1478 1593 1531 1639 et
1578 1585 1677 1639 iste
1718 1584 1880 1638 homo

282 1682 557 1750 particeps
590 1680 783 1734 dicitur
825 1677 1185 1732 similitudinis
1233 1677 1363 1742 Dei;
1398 1691 1501 1731 non
1547 1676 1721 1731 solum
1757 1676 1879 1742 quia

283 1773 435 1835 vivit,
458 1771 602 1842 quod
623 1771 782 1826 etiam
806 1770 857 1823 in
883 1769 1064 1823 bestiis
1088 1776 1340 1839 apparet;
1371 1767 1464 1822 sed
1490 1766 1716 1836 amplius
1738 1765 1881 1836 quod

281 1864 352 1917 ad
382 1872 620 1918 mentem
658 1862 986 1917 convertitur
1012 1875 1071 1916 se
1096 1869 1366 1929 regentem
1388 1901 1403 1926 ,
1431 1861 1627 1929 quam'
1656 1860 1882 1914 illustrat

282 1955 547 2025 sapientia
567 1996 583 2019 ,
615 1953 755 2023 quod
806 1953 858 2006 in
910 1951 1093 2007 bestiis
1120 1966 1223 2005 non
1257 1958 1432 2021 potest
1458 1950 1664 2004 ratione
1690 1964 1880 2004 caren-

285 2046 451 2101 tibus.
490 2046 696 2113 Corpus
720 2058 933 2113 quoque
962 2042 1195 2097 hominis
1214 2083 1228 2107 ,
1257 2040 1378 2111 quia
1401 2039 1573 2095 solum
1601 2039 1741 2094 inter
1769 2038 1883 2092 ani-

282 2138 506 2193 malium
548 2147 880 2192 terrenarum
918 2146 1163 2204 corpora,
1205 2149 1311 2188 non
1355 2148 1580 2203 pronum
1608 2132 1661 2186 in
1705 2133 1881 2187 alvum

289 2239 621 2300 prostratum
648 2238 766 2295 est,
794 2244 915 2283 cum
955 2228 1026 2283 sit
1049 2227 1283 2291 visibile,
1323 2226 1417 2281 sed
1461 2225 1528 2279 ad
1569 2225 1881 2279 intuendum

284 2322 483 2376 malum
537 2332 817 2383 erectum,
870 2318 1009 2388 quod
1056 2326 1139 2373 est
1172 2318 1503 2388 principium
1557 2316 1879 2382 visibilium;

284 2430 592 2484 quanquam
622 2430 730 2467 non
762 2429 886 2478 sua,
920 2412 1013 2467 sed
1041 2414 1233 2467 anima:
1270 2412 1550 2481 praesentia
1580 2412 1759 2467 vivere
1787 2426 1883 2465 co-

284 2517 610 2576 gnoscatur:
641 2514 819 2559 tamen
850 2522 954 2559 non
983 2504 1140 2559 modo
1169 2504 1292 2574 quia
1322 2512 1433 2568 est,
1469 2512 1522 2559 et
1552 2504 1603 2558 in
1629 2511 1883 2573 quantum

284 2608 391 2663 est,
426 2598 607 2667 utique
638 2598 838 2652 bonum
865 2609 985 2652 est:
1017 2597 1110 2651 sed
1139 2597 1298 2651 etiam
1331 2597 1451 2666 quia
1482 2597 1583 2651 tale
1608 2604 1710 2661 est,
1737 2604 1795 2650 ut
1818 2595 1885 2650 ad

286 2688 759 2759 contemplandum
802 2689 995 2744 omium
1039 2688 1323 2755 sitaptius,
1362 2688 1529 2756 magis
1575 2687 1627 2741 in
1673 2687 1774 2741 hoc
1817 2686 1885 2741 ad

287 2782 575 2849 imaginem
602 2789 656 2833 et
680 2779 1080 2835 similitudinem
1108 2779 1221 2844 Dei,
1248 2794 1407 2848 quam
1438 2787 1628 2833 czetera
1659 2790 1886 2848 corpora

288 2870 598 2923 animalium
638 2869 836 2923 factum
879 2869 999 2939 jure
1046 2868 1215 2922 videri
1264 2877 1459 2936 potest.
1507 2868 1707 2922 Tamen
1761 2869 1884 2937 quia

290 2959 456 3013 homo
484 2961 601 3015 sine
630 2962 735 3013 vita
766 2974 873 3013 non
914 2969 1058 3014 recte
1086 2959 1383 3028 appellatur
1414 2958 1489 3031 (a)
1516 2975 1529 3022 ;
1561 2974 1664 3013 non
1689 2974 1886 3029 corpus

289 3052 464 3105 solum
491 3051 649 3105 homo
670 3051 922 3117 exterior,
946 3067 1118 3121 neque
1133 3052 1247 3105 sola
1273 3052 1379 3105 vita
1403 3067 1521 3121 qure
1546 3052 1597 3106 in
1622 3067 1783 3107 sensu
1805 3062 1887 3107 est

287 3141 534 3210 corporis
554 3182 570 3207 ,
601 3144 693 3196 sed
719 3152 1003 3213 utrumque
1032 3143 1193 3197 simul
1215 3143 1411 3199 rectius
1439 3143 1664 3200 fortasse
1691 3145 1885 3200 intelli-

287 3234 453 3304 gitur.

361 3326 419 3379 4.
452 3323 636 3394 Neque
659 3324 847 3379 inscite
874 3324 1211 3396 distinguitur
1231 3367 1245 3389 ,
1278 3325 1419 3395 quod
1447 3325 1588 3379 aliud
1615 3328 1683 3381 sit
1712 3328 1887 3398 imago

289 3427 345 3471 et
373 3415 669 3470 similitudo
699 3417 791 3470 Dei
812 3457 825 3478 ,
871 3418 959 3485 qui
986 3418 1147 3471 etiam
1174 3417 1341 3471 Filius
1365 3416 1593 3483 dicitur;
1635 3418 1776 3472 aliud
1821 3419 1886 3473 ad

290 3508 579 3578 imaginem
609 3514 663 3561 et
705 3507 1109 3561 similitudinem
1154 3508 1283 3572 Dei,
1317 3508 1454 3562 sicut
1502 3509 1773 3563 hominem
1807 3509 1888 3564 fa-

288 3608 436 3654 ctum
464 3598 756 3666 accipimus
788 3597 883 3669 (ὁ).
913 3597 1048 3651 Sunt
1073 3597 1233 3653 etiam
1257 3598 1346 3667 qui
1378 3614 1481 3653 non
1508 3599 1701 3653 frustra
1732 3600 1889 3653 intel-

290 3688 458 3759 ligant
485 3688 591 3742 duo
617 3689 756 3743 dicta
784 3704 902 3742 esse
923 3730 935 3751 ,
961 3687 1027 3742 ad
1059 3687 1340 3758 imaginem
1362 3696 1416 3743 et
1448 3690 1847 3744 similitudinem
1872 3710 1885 3746 :

289 3797 415 3834 cum
444 3781 489 3834 si
522 3795 623 3833 una
650 3794 738 3834 res
764 3788 924 3843 esset,
956 3795 1121 3833 unum
1148 3794 1341 3834 nomen
1374 3780 1623 3835 sufficere
1650 3781 1889 3850 potuisse

289 3880 560 3927 asserunt.
590 3869 697 3926 Sed
743 3870 806 3923 ad
840 3871 1120 3940 imaginem
1163 3879 1396 3925 mentem
1441 3870 1631 3926 factam
1662 3873 1885 3940 volunt,

288 3978 413 4035 qua:
442 3963 587 4017 nulla
627 3962 937 4031 interposita
963 3961 1256 4016 substantia
1281 3960 1347 4014 ab
1376 3961 1486 4030 ipsa
1515 3963 1738 4017 veritate
1778 3962 1887 4017 for-

290 4065 504 4122 matur,
534 4054 624 4124 qui
656 4054 818 4108 etiam
857 4052 1074 4122 spiritus
1116 4052 1313 4107 dicitur
1345 4069 1358 4105 :
1395 4067 1499 4107 non
1544 4054 1632 4109 ille
1660 4054 1888 4123 Spiritus

290 4156 548 4212 sanctus,
582 4143 673 4214 qui
702 4152 788 4198 est
812 4143 1049 4212 ejusdem
1092 4143 1404 4197 substantiae
1424 4185 1439 4208 ,
1470 4143 1620 4212 cujus
1651 4154 1702 4198 et
1734 4145 1891 4199 Pater

290 4250 345 4294 et
371 4238 543 4293 Filius
561 4277 577 4302 ,
607 4235 702 4291 sed
727 4236 949 4307 spiritus
972 4234 1222 4290 hominis.
1250 4233 1384 4289 Nam
1414 4236 1485 4288 ita
1514 4235 1610 4288 hos
1636 4235 1891 4291 discernit

291 4334 586 4407 Apostolus
616 4350 630 4386 :
664 4330 832 4385 Nemo
861 4331 952 4385 scit
978 4330 1100 4400 quid
1125 4342 1309 4401 agatur
1330 4330 1383 4383 in
1412 4330 1633 4395 homine,
1666 4330 1762 4383 nisi
1786 4332 1893 4400 spi-

291 4430 422 4483 ritus
443 4426 695 4490 hominis;
716 4433 764 4478 et
788 4440 933 4477 nemo
958 4423 1051 4477 scit
1079 4422 1200 4493 quid
1220 4430 1398 4493 agatur
1416 4422 1469 4475 in
1494 4420 1620 4481 Deo.
1645 4422 1741 4475 nisi
1769 4423 1893 4491 Spi-

291 4522 424 4576 ritus
450 4518 551 4573 Dei
593 4516 635 4588 (l
665 4516 783 4572 Cor.
818 4532 853 4570 ιι
874 4556 888 4581 ,
918 4516 1031 4586 ll).
1067 4514 1197 4568 ltem
1225 4514 1292 4568 de
1334 4512 1522 4583 spiritu
1551 4512 1781 4569 hominis
1806 4513 1891 4568 di-

292 4614 367 4669 cit
390 4628 404 4665 :
440 4611 655 4665 Salvum
677 4608 832 4680 faciat
859 4607 1097 4678 spiritum
1124 4615 1360 4669 vestrum,
1390 4614 1436 4659 et
1459 4606 1681 4659 animam
1704 4615 1752 4658 et
1780 4622 1894 4659 cor-

294 4721 391 4774 pus
426 4702 471 4773 (ι
499 4700 677 4755 Thess.
708 4715 775 4764 γ,
805 4698 922 4767 25).
954 4698 1023 4752 Ει
1064 4697 1165 4752 iste
1201 4697 1345 4751 enim
1373 4697 1541 4751 factus
1564 4706 1647 4752 est
1674 4713 1703 4750 a
1737 4698 1849 4753 Deo
1872 4742 1888 4767 ,

294 4796 435 4849 sicut
464 4801 520 4847 et
561 4801 756 4847 caetera
782 4798 1047 4845 creatura.
1077 4787 1345 4857 Scriptum
1372 4797 1457 4842 est
1482 4789 1624 4842 enim
1673 4788 1725 4842 in
1758 4788 1892 4842 Pro-

293 4884 499 4939 verbiis
527 4882 629 4936 hoc
655 4880 816 4935 modo
842 4894 857 4932 :
894 4879 1036 4933 Scito
1063 4878 1302 4947 quoniam
1328 4875 1576 4932 Dominus
1613 4878 1769 4931 corda
1798 4878 1893 4931 ho-

294 4978 491 5031 minum
534 4974 705 5039 novit;
736 4982 783 5026 et
806 4972 893 5042 qui
918 4971 1067 5040 ﬁnxit
1108 4970 1341 5040 spiritum
1369 4969 1631 5035 omnibus,
1668 4972 1779 5040 ipse
1802 4972 1894 5026 scit

292 5069 469 5123 onmia
493 5066 676 5140 (Prov.
712 5081 796 5119 xv:
817 5106 833 5131 ,
860 5064 942 5135 2).
972 5062 1115 5131 Ergo
1148 5062 1246 5116 iste
1272 5061 1487 5131 spiritus
1511 5061 1577 5116 ad
1610 5062 1893 5133 imaginem

296 5159 392 5214 Dei
420 5158 571 5213 nullo
596 5156 875 5210 dubitante
901 5152 1073 5206 factus
1100 5151 1358 5220 accipitur
1377 5192 1391 5214 ,
1423 5152 1474 5206 in
1502 5167 1608 5221 quo
1633 5162 1715 5206 est
1738 5153 1895 5207 intel-

295 5250 513 5319 ligentia
546 5246 787 5301 veritatis
820 5262 832 5297 :
866 5244 1034 5297 hxret
1071 5243 1211 5296 enim
1243 5243 1452 5297 veritati
1484 5236 1627 5297 nulla
1653 5243 1893 5315 interpo-

296 5346 400 5399 sita
430 5351 701 5397 creatura.
735 5338 940 5393 Caetera
984 5336 1216 5390 hominis
1240 5336 1305 5390 ad
1331 5336 1731 5392 similitudinem
1758 5337 1896 5394 facta

297 5434 466 5489 videri
494 5433 714 5495 volunt;
756 5429 878 5500 quia
906 5430 1081 5482 omnis
1106 5427 1320 5498 quidem
1350 5427 1527 5497 imago
1555 5429 1743 5484 similis
1773 5438 1893 5498 est,

360 5631 378 5663 ί
406 5630 544 5689 Editi,
566 5625 841 5678 secundum
869 5639 920 5675 se
942 5626 1118 5689 ipsum.
1160 5631 1214 5673 Αι
1236 5629 1365 5682 Mss,
1405 5622 1671 5673 secundum
1703 5622 1897 5688 ipsum;

296 5693 341 5742 id
369 5704 463 5749 est,
490 5691 743 5741 hominem
764 5690 1063 5737 interiorem.

359 5758 379 5789 ²
398 5746 532 5812 me,
558 5750 791 5802 convertit
812 5762 862 5799 se
893 5756 1149 5814 regentem,
1173 5759 1332 5812 quem,
1358 5754 1452 5796 etc.
1472 5746 1899 5809 ;dissentientibus

294 5818 438 5869 editis
452 5817 565 5866 aliis
590 5824 644 5864 et
662 5822 767 5861 uss.

354 5883 429 5947 (ᾳ)
463 5886 479 5927 ι
500 5883 723 5947 ,ιιειεειςι-
746 5872 955 5947 ear-.96.

351 5930 428 6007 (ὸ)
461 5942 567 5992 Lib.
594 5940 625 5988 7
650 5938 717 5987 de
751 5930 927 5997 Ποίων,
954 5948 1058 5998 cap.
1085 5934 1135 5996 6,
1159 5946 1208 5983 n.
1231 5933 1306 5995 l2,
1331 5938 1421 5984 ett
1446 5938 1649 5983 ttetract.
1671 5944 1776 5996 cap.
1795 5930 1875 5981 26.

3510 468 3581 524 δι

1999 595 2103 633 non
2147 588 2322 633 autem
2349 594 2507 636 omne
2531 582 2671 651 quod
2700 583 2873 639 simile
2899 593 3017 652 est,
3045 585 3205 640 etiam
3251 584 3423 654 imago
3453 600 3578 653 pro-

1997 671 2109 738 prie
2130 712 2144 735 ,
2176 670 2268 724 sed
2298 671 2431 726 forte
2456 672 2675 727 abusive
2701 674 2804 728 dici
2837 684 3028 744 potest.
3059 676 3164 731 Sed
3202 677 3493 731 cavendum
3524 679 3577 731 in

1996 759 2191 814 talibus
2220 776 2285 814 ne
2322 762 2447 829 quid
2474 762 2631 816 nimis
2671 767 3083 821 asseverandum
3112 776 3354 836 putetur,
3404 770 3491 822 illa
3520 786 3578 823 re

1994 863 2123 902 sane
2145 850 2426 904 salubriter
2451 852 2709 906 custodita
2733 896 2747 921 ,
2779 870 2845 909 ne
2874 858 3120 924 quoniam
3150 874 3342 927 corpus
3363 861 3576 928 quodli-

1993 940 2081 995 bet
2108 956 2201 1010 per
2226 942 2410 996 Iocaiia
2436 946 2603 1012 Spatia
2638 956 2938 1013 porrectum
2964 958 3063 1011 est,
3092 950 3286 1019 aliquid
3321 953 3423 1007 tale
3452 968 3577 1007 cre-

1989 1031 2144 1086 datur
2170 1048 2290 1088 esse
2319 1034 2612 1089 subsmntia
2644 1037 2755 1091 Dei.
2785 1038 2914 1091 Nam
2944 1055 3028 1093 res
3055 1057 3173 1109 quae
3216 1043 3267 1095 in
3298 1054 3446 1112 parte
3472 1044 3569 1096 mi-

1989 1139 2089 1177 nor
2114 1134 2195 1177 est
2223 1140 2381 1194 quam
2412 1126 2461 1178 in
2501 1134 2609 1180 toto
2632 1170 2645 1191 ,
2680 1144 2777 1182 nec
2804 1128 3042 1198 dignitati
3070 1133 3259 1187 anima:
3284 1128 3532 1189 convenit
3556 1151 3572 1198 ;

1987 1214 2386 1281 quantorminus
2417 1216 2678 1285 majeStali
2710 1219 2838 1271 Dei?

1987 1302 2094 1357 Lll.
2127 1302 2206 1357 Dc
2243 1321 2299 1358 eo
2340 1306 2476 1375 quod
2502 1306 2686 1359 dictum
2726 1320 2830 1374 est,
2864 1309 3093 1366 Paenitet
3122 1327 3207 1367 me
3238 1311 3427 1369 fecisse
3474 1314 3572 1371 ho-

2428 1399 2623 1452 minem
2652 1399 2801 1470 (Gen.
2834 1418 2917 1465 v1,
2950 1402 2981 1456 6
3002 1444 3016 1466 ,
3051 1404 3128 1473 7).

2059 1485 2262 1540 Βὶγὶιιῑε
2291 1486 2579 1557 Seripturw
2599 1504 2628 1542 a
2653 1499 2863 1545 terreno
2889 1500 2943 1546 et
2968 1492 3202 1549 humano
3222 1511 3383 1550 sensu
3405 1498 3471 1551 ad
3493 1498 3573 1553 di-

1984 1578 2163 1633 vinum
2196 1589 2249 1633 et
2278 1581 2550 1635 caelestem
2582 1596 2677 1635 nos
2704 1583 3002 1652 erigentes,
3036 1600 3200 1655 usque
3226 1586 3292 1641 ad
3323 1604 3385 1642 ea
3410 1591 3569 1644 verba

1984 1670 2412 1739 descenderunt,
2453 1673 2644 1744 quibus
2671 1673 2808 1728 inter
2836 1690 2896 1730 se
2937 1676 3370 1732 stultissimorum
3408 1682 3571 1736 etiam

1983 1762 2151 1817 utitur
2169 1763 2515 1817 consuetudo.
2538 1763 2718 1834 itaque
2739 1780 2920 1819 earum
2943 1767 3102 1821 etiam
3124 1768 3460 1824 affectionum
3485 1788 3574 1826 no-

1985 1854 2126 1908 mina
2148 1896 2161 1921 ,
2194 1870 2327 1925 quas
2350 1855 2561 1911 animus
2584 1865 2768 1913 noster
2796 1858 2993 1928 patitur
3013 1899 3027 1925 ,
3055 1875 3186 1929 quas
3212 1860 3520 1931 longissime
3541 1880 3572 1918 a

1987 1947 2098 2001 Deo
2118 1963 2237 2002 esse
2260 1948 2525 2017 sejunctas
2549 1949 2657 2018 jam
2684 1951 2774 2019 qui
2801 1952 2990 2005 melius
3013 1952 3151 2022 sapit
3175 1952 3440 2025 intelligit,
3465 1971 3571 2010 non

1985 2037 2360 2094 dubitaverunt
2380 2040 2455 2094 illi
2477 2040 2577 2094 viri
2603 2057 2696 2111 per
2716 2058 2850 2112 quos
2874 2042 3079 2097 locutus
3102 2054 3184 2099 est
3203 2046 3431 2115 Spiritus
3452 2064 3574 2102 san-

1985 2139 2101 2185 ctus
2122 2172 2136 2196 ,
2168 2131 2617 2200 opportunissime
2643 2131 2695 2186 in
2725 2132 2873 2187 libris
2902 2148 3121 2201 ponere.
3149 2134 3250 2203 Ut,
3281 2137 3425 2191 verbi
3453 2153 3574 2208 gra-

1989 2223 2058 2276 tia
2078 2265 2093 2289 ,
2138 2223 2389 2292 quoniam
2431 2220 2799 2277 difficillimum
2830 2232 2911 2278 est
2938 2233 2995 2278 ut
3038 2224 3199 2280 homo
3224 2227 3423 2297 aliquid
3453 2227 3573 2281 vin-

1987 2312 2130 2369 dicet
2156 2314 2272 2369 sine
2314 2315 2426 2380 ira,
2474 2315 2758 2370 vindictam
2804 2316 2895 2369 Dei
2924 2332 3041 2386 qua:
3083 2318 3302 2373 omnino
3330 2320 3445 2374 sine
3473 2320 3576 2375 ista

1990 2404 2387 2473 perturbatione
2431 2404 2523 2471 fit,
2568 2406 2699 2459 iram
2745 2415 2919 2460 tamen
2966 2408 3258 2462 vocandum
3301 2409 3574 2478 iudicave—

1988 2506 2111 2547 runt
2146 2493 2244 2565 (a).
2291 2494 2419 2549 item
2451 2495 2570 2564 quia
2615 2496 2854 2565 conjugis
2882 2498 3178 2551 castitatem
3224 2498 3445 2554 zelando
3474 2501 3574 2555 viri
3604 2508 3612 2518 ‘

1988 2584 2256 2639 custodire
2299 2595 2725 2651 consueverunt,
2763 2586 2904 2640 illam
2934 2588 3025 2641 Dei
3067 2590 3450 2658 providentiam
3482 2607 3575 2661 per

1989 2694 2144 2748 quam
2172 2679 2478 2749 prmcipitur
2497 2691 2655 2750 atque
2682 2682 2855 2751 agitur
2880 2697 2948 2736 ne
2975 2683 3149 2736 anima
3181 2695 3571 2754 corrumpatur,

1989 2780 2043 2825 ct
2085 2771 2214 2825 deos
2240 2772 2374 2825 alios
2400 2782 2557 2841 atque
2595 2773 2729 2826 alios
2754 2789 2982 2843 sequens
3011 2775 3241 2844 quodam
3269 2776 3427 2831 modo
3456 2793 3573 2831 me-

1989 2863 2301 2926 retricetur,
2334 2863 2507 2917 zelum
2539 2863 2632 2918 Dei
2674 2864 3093 2933 appellaverunt.
3126 2865 3216 2921 Sic
3259 2874 3315 2922 et
3359 2883 3575 2922 manum

1990 2955 2106 3019 Dei,
2140 2956 2246 3008 vim
2272 2970 2376 3025 qua
2405 2966 2685 3026 operatur;
2707 2966 2761 3011 et
2786 2958 2949 3026 pedes
2977 2958 3089 3023 Dei,
3121 2960 3227 3014 vim
3253 2976 3356 3031 qua
3382 2962 3434 3015 in
3461 2978 3577 3014 om—

1990 3048 2077 3103 nia
2116 3049 2461 3103 custodienda
2486 3050 2502 3081 ί
2533 3059 2587 3104 et
2628 3052 2970 3120 gubernanda
3012 3054 3305 3122 pertendit;
3338 3065 3393 3110 et
3419 3071 3577 3111 aures

1993 3140 2087 3195 Dei
2112 3142 2191 3195 vel
2219 3141 2404 3195 oculos
2432 3140 2560 3207 Dei,
2590 3143 2695 3195 vim
2723 3158 2828 3212 qua
2855 3144 3031 3197 omnia
3059 3146 3284 3215 percipit
3311 3157 3470 3217 atque
3497 3150 3578 3202 in-

1992 3232 2210 3302 telligit;
2247 3241 2302 3288 et
2342 3232 2528 3288 faciem
2562 3234 2685 3299 Dei,
2722 3236 2826 3288 vim
2873 3252 2973 3305 qua
3004 3251 3063 3291 se
3089 3240 3391 3294 manifestat
3419 3250 3579 3311 atque

1991 3320 2353 3393 dignoscitur;
2400 3332 2455 3377 et
2497 3332 2689 3378 caetera
2732 3325 2784 3378 in
2824 3325 2965 3380 hunc
3010 3327 3263 3395 modum,
3298 3341 3579 3401 propterea

1992 3416 2200 3470 scilicet
2226 3416 2347 3485 quia
2393 3431 2491 3470 nos
2517 3417 2584 3470 ad
2629 3433 2762 3487 quos
2790 3434 2968 3473 sermo
3000 3419 3090 3485 fit,
3121 3430 3176 3475 et
3213 3424 3462 3480 manibus
3488 3442 3579 3480 so-

1994 3509 2164 3563 lemus
2189 3508 2432 3577 operari,
2463 3516 2517 3563 et
2547 3509 2769 3578 pedibus
2801 3510 3080 3579 incedere,
3109 3523 3161 3567 et
3190 3530 3295 3585 quo
3325 3516 3426 3571 fert
3459 3518 3580 3571 ani-

1993 3596 2114 3654 mus
2156 3600 2471 3669 pervenire,
2504 3608 2557 3654 et
2586 3600 2803 3655 auribus
2848 3610 3005 3671 atque
3048 3606 3217 3660 oculis
3266 3609 3582 3679 creterisque

1992 3690 2238 3746 sensibus
2262 3691 2501 3760 corporis
2526 3693 2820 3760 corporalia
2852 3696 3155 3766 percipere,
3185 3708 3237 3751 et
3262 3699 3394 3754 facie
3426 3702 3581 3756 inno-

1994 3788 2200 3835 tescere
2232 3797 2246 3834 ε
2280 3790 2333 3835 ει
2360 3780 2406 3834 si
2434 3779 2560 3849 quid
2601 3781 2743 3833 aliud
2787 3782 2851 3835 ad
2886 3782 3021 3837 hanc
3053 3794 3299 3855 tanquam
3347 3792 3581 3859 regulam

1992 3870 2240 3943 pertinet.
2271 3871 2381 3924 Hoc
2413 3871 2572 3924 modo
2614 3871 2804 3941 igitur,
2838 3874 3088 3941 quoniam
3117 3886 3322 3932 mutare
3347 3890 3580 3951 coeptum

1992 3962 2206 4034 aliquod
2228 3971 2282 4017 et
2305 3963 2359 4016 in
2380 3962 2521 4016 aliud
2553 3961 2842 4018 transferre
2863 3978 2968 4017 non
2999 3964 3153 4021 facile
3176 3968 3411 4023 solemus
3431 3973 3451 4003 ³
3479 3973 3581 4028 nisi

1994 4055 2319 4126 pmiiitendo,
2342 4070 2640 4125 quanquam
2657 4054 2831 4108 divina
2852 4056 3179 4125 providentia
3197 4073 3385 4115 serena
3404 4073 3583 4119 mente

1995 4149 2320 4203 intuentibus
2347 4155 2602 4217 appareat
2637 4156 2828 4202 cinicta
2856 4149 3157 4204 certissimo
3196 4152 3383 4209 ordine
3412 4155 3583 4210 admi-

1994 4240 2241 4304 nistrare,
2261 4236 2812 4293 accommodatissime
2841 4248 3015 4293 tamen
3032 4239 3099 4294 ad
3126 4241 3377 4297 humilem
3396 4243 3585 4300 huma-

1994 4345 2117 4384 nam
2148 4328 2551 4398 intelligentiam
2566 4327 2587 4358 ³
2604 4343 2663 4382 ea
2681 4344 2800 4398 qua:
2827 4328 3087 4398 incipiunt
3101 4346 3241 4399 esse,
3270 4348 3443 4403 neque
3462 4350 3583 4404 per-

1995 4430 2242 4477 severant
2268 4430 2521 4491 quantum
2570 4428 2975 4490 perseveratura
3007 4430 3216 4491 sperata
3248 4432 3404 4491 sunt,
3432 4427 3583 4495 quasi

1996 4530 2092 4584 per
2116 4512 2481 4583 pmnitentiam
2505 4512 2597 4567 Dei
2620 4510 2867 4566 dicuntur
2890 4511 3084 4566 ablata.

1996 4604 2128 4660 Llll.
2151 4602 2232 4659 De
2256 4619 2382 4659 auro
2402 4612 2450 4657 et
2473 4611 2681 4674 argento
2705 4603 2842 4673 quod
2860 4600 3112 4658 Israelin
3133 4606 3195 4660 ab
3216 4605 3481 4677 Egypliis
3501 4626 3587 4664 ac-

2662 4702 2918 4764 ceperunt.

2070 4789 2122 4843 l.
2153 4787 2403 4858 Quisquis
2444 4786 2670 4841 duorum
2718 4787 3179 4843 Testamentorum
3227 4790 3587 4862 dispensatio-

1998 4894 2095 4934 nes
2114 4921 2130 4946 ,
2161 4894 2256 4948 pro
2285 4888 2582 4949 temporum
2610 4879 2954 4947 congruentia
2974 4919 2990 4943 ,
3018 4881 3228 4949 generis
3255 4881 3469 4937 humani
3501 4885 3587 4939 di-

1974 4970 2226 5041 Aligenter
2249 4968 2493 5025 :etatibus
2518 4969 2829 5023 distributas
2856 4970 3123 5037 intuetur,
3148 4973 3298 5035 satis,
3333 4985 3583 5042 quantum

2000 5064 2282 5129 existimo,
2316 5062 2565 5132 intelligit
2590 5062 2716 5132 quid
2762 5064 2975 5132 proprie
3003 5064 3164 5131 priori
3190 5066 3331 5119 aetati
3375 5072 3589 5135 generis

2001 5155 2254 5221 humani,
2282 5155 2409 5225 quid
2440 5154 2720 5224 posteriori
2745 5154 3046 5211 conveniat.
3078 5155 3261 5208 Divina
3288 5159 3429 5212 enim
3466 5176 3590 5228 pro—

1974 5246 2232 5302 videntia
2275 5245 2498 5316 pulchre
2536 5246 2715 5299 omnia
2745 5243 3088 5309 moderante,
3122 5245 3193 5299 ita
3225 5248 3466 5303 universa
3495 5267 3589 5320 ge-

2001 5340 2339 5396 nerationum
2360 5337 2526 5392 series
2544 5336 2612 5389 ab
2638 5335 2806 5388 Adam
2832 5349 2999 5404 usque
3023 5334 3089 5389 ad
3110 5335 3267 5392 finem
3297 5342 3474 5395 saeculi
3496 5343 3591 5397 ad-

2004 5430 2355 5492 ministratur,
2389 5436 2637 5495 tanquam
2668 5425 2825 5480 unius
2851 5424 3080 5480 hominis
3109 5442 3138 5481 a
3169 5432 3393 5498 pueritia
3422 5449 3589 5503 usque

2002 5521 2068 5576 ad
2115 5528 2443 5575 senectutem
2475 5518 2729 5587 temporis
2755 5518 2837 5572 sui
2877 5527 3100 5573 tractum
3127 5523 3296 5576 aetatis
3337 5526 3592 5593 gradibus

2005 5613 2357 5669 terminantis.
2402 5611 2469 5665 Et
2498 5610 2616 5666 ideo
2647 5611 2897 5666 virtutum
2925 5611 3085 5666 etiam
3111 5615 3307 5683 gradus
3349 5616 3402 5670 in
3428 5621 3593 5673 mori-

2070 5749 2084 5778 ¹
2113 5752 2212 5794 ttat.
2235 5752 2287 5794 et
2309 5754 2500 5807 septem
2524 5753 2650 5806 Mss,
2675 5748 3023 5801 constituenda.

2068 5810 2088 5870 2
2113 5814 2361 5870 Duoiatssq
2381 5821 2475 5857 non
2499 5810 2598 5870 fere
2620 5809 2842 5860 solemus.

2069 5869 2091 5939 ξ
2115 5869 2368 5939 inaliquot
2388 5869 2517 5939 μιῆς..
2538 5871 2603 5939 ad
2625 5871 2852 5939 humilem
2869 5871 3113 5939 hominum
3144 5874 3519 5939 intelligentiam.

2068 5930 2140 5994 (a)
2164 5930 2347 5981 ιιι)ξῶ
2370 5932 2432 5981 de
2457 5940 2473 5977 t
2487 5935 2588 5985 ivit.
2614 5935 2713 5994 Dei,
2736 5946 2840 5997 cap.
