4084 6526
589 460 660 518 35
1322 443 1413 499 DE
1452 436 1764 497 DIVERSIS
1801 428 2321 502 QUIESTIONiBUS
2358 430 2641 500 LXXXIII,
2682 431 2741 489 S.
2780 428 3143 489 AUGUSTINI
3579 447 3582 450 ‘
3796 434 3865 493 36

592 584 691 639 bus
711 621 728 649 ,
755 574 925 633 donec
952 570 1193 629 veniatur
1217 566 1281 623 ad
1307 578 1568 621 summam
1594 558 1826 615 hominis
1851 554 2169 656 perfectam-

591 645 1020 746 quevirtutem,
1053 670 1264 733 oportet
1291 675 1411 715 eum
1455 655 1815 748 distinguere,
1847 648 1931 718 qui
1980 645 2174 748 divinis

593 742 907 822 icctionibus
931 759 1076 829 pium
1119 754 1351 808 animum
1384 747 1608 804 intendit
1639 763 1652 798 :
1687 758 1754 797 ne
1779 742 1912 797 forte
1941 753 2061 793 cum
2089 742 2173 790 in-

590 854 799 912 venerit
821 847 1105 921 aliquando
1130 845 1311 916 parvis
1335 855 1514 912 parva,
1537 833 1821 906 aliquando
1842 831 2044 930 majora
2064 842 2175 930 ma-

590 947 794 1021 joribus
840 940 1126 1012 imperari,
1172 942 1427 1007 reputans
1468 931 1521 984 in
1565 923 1965 997 comparatione
2004 923 2174 1022 majo-

592 1010 710 1095 rum
733 1039 751 1071 ¹
784 1010 1000 1106 peccata
1028 1045 1148 1086 esse
1188 1027 1277 1081 illa
1305 1039 1423 1095 quae
1451 1021 1655 1075 minora
1698 1024 1854 1080 sunt,
1901 1028 2005 1067 non
2029 1010 2174 1064 arbi-

593 1138 766 1185 tretur
794 1125 1036 1181 decuisse
1080 1129 1135 1173 ut
1176 1117 1299 1172 talia
1348 1116 1485 1168 Deus
1516 1108 1819 1164 hominibus
1865 1106 2172 1174 imperaret.

594 1220 701 1276 Sed
731 1232 867 1273 nunc
897 1214 962 1269 de
982 1212 1232 1265 virtutum
1257 1202 1509 1275 gradibus
1531 1198 1688 1253 nimis
1714 1198 1927 1265 longum
1953 1204 2034 1247 est
2062 1192 2175 1246 dis-

594 1319 802 1381 putare.
865 1305 1243 1361 Verumtamen
1286 1293 1427 1365 quod
1469 1291 1534 1345 ad
1581 1284 2175 1381 przcscnten1_q_uzcstio-

595 1374 718 1456 item
743 1393 1125 1455 discutiendam
1154 1387 1283 1442 satis
1301 1392 1404 1449 est,
1429 1389 1684 1452 quantum
1708 1377 1772 1432 ad
1800 1374 2172 1444 decipiendum

594 1492 816 1554 attinet,
846 1499 1050 1543 summa
1089 1489 1142 1536 et
1170 1476 1401 1549 perfecta
1429 1472 1594 1527 virtus
1628 1477 1711 1523 est
1738 1464 2177 1568 nemiu'emdeei-

596 1599 743 1656 pere,
770 1591 927 1650 atque
948 1574 1076 1632 illud
1106 1570 1359 1627 exhibere
1380 1562 1751 1656 quod-dictum
1777 1556 1984 1656 est,‘Sit
2012 1556 2177 1656 in'ore

594 1644 779 1739 vestro,
800 1644 911 1737 Est,
929 1675 1035 1731 est;
1062 1663 1203 1729 Non,
1234 1676 1333 1713 non
1360 1653 1569 1727 (Matth.
1599 1668 1650 1715 v,
1668 1651 1781 1719 '57}.
1804 1647 1908 1739 Sed
1938 1646 2060 1715 quia
2077 1644 2178 1698 hoc

596 1766 677 1820 eis
702 1738 1016 1833 imperatum
1041 1761 1143 1819 est,
1178 1749 1370 1820 quibus
1391 1745 1500 1816 jam
1524 1756 1746 1833 regnum
1771 1738 2026 1833 caelorum
2057 1748 2180 1803 pro-

597 1828 818 1912 missum
843 1858 954 1915 est;
977 1860 1166 1916 magna
1190 1849 1368 1896 autem
1390 1837 1555 1891 virtus
1575 1842 1657 1888 est
1683 1831 1798 1885 haec
1825 1828 2045 1898 implere
2067 1839 2180 1879 ma-

591 1948 733 2018 jora,
751 1942 939 2015 quibus
960 1937 1187 1994 debetur
1206 1934 1311 1988 hoc
1332 1927 1640 2022 praemium;
1667 1924 1896 2022 Regnum
1909 1918 2070 2022 enim.
2079 1932 2182 2022 cae:

599 2006 891 2093 ioruin'vim
933 2030 1155 2101 patitur,
1184 2033 1229 2080 et
1255 2023 1343 2094 qui
1379 2021 1478 2074 vim
1511 2018 1702 2111 faciunt
1722 2055 1736 2079 ,
1766 2006 2181 2111 diripiunt-illud

599 2126 710 2202 (Id.
741 2142 814 2190 xl,
834 2100 1317 2194 12),:quairendum
1345 2120 1428 2168 est
1440 2108 1631 2203 quibus
1653 2102 1905 2203 gradibus
2026 2101 2179 2203 istam

598 2190 959 2277 summitatem
985 2190 1469 2283 perfectionemque
1488 2199 1730 2254 veniatur
1755 2212 1768 2248 :
1793 2194 1845 2248 in
1871 2190 2062 2262 quibus
2083 2190 2184 2243 uti-

597 2326 703 2382 que
730 2306 980 2380 gradibus
1006 2300 1344 2357 inveniuntur
1364 2294 1436 2349 illi
1456 2334 1471 2359 ,
1498 2290 1690 2361 quibus
1715 2286 1887 2341 adhuc
1912 2293 2181 2338 terrenum

599 2420 821 2477 regnum
861 2397 1300 2472 promittebatur,
1332 2407 1438 2463 quo
1463 2386 1726 2483 promisso
1769 2393 2019 2483 tanquam
2057 2396 2182 2483 par-

599 2476 708 2551 vuli
749 2491 1139 2567 praeluderent,
1172 2484 1319 2541 etab
1348 2498 1453 2538 uno
1492 2480 1601 2533 Deo
1622 2479 1678 2543 ',
1707 2476 1798 2567 qui
1839 2482 1921 2529 est
1948 2476 2183 2567 omnium

602 2562 857 2642 Dominus
876 2625 892 2647 ,
933 2579 1142 2635 interim
1171 2574 1396 2630 terrenis
1421 2568 1626 2642 gaudiis
1646 2610 1659 2633 ,
1688 2566 1879 2636 quibus
1907 2562 2080 2619 adhuc
2105 2564 2185 2617 in-

599 2677 846 2738 hiabant,
879 2670 1174 2742 impetratis
1194 2710 1207 2733 ,
1248 2665 1374 2721 inde
1402 2662 1738 2734 proficientes
1766 2668 1821 2714 et
1845 2658 2033 2726 Spiritu
2062 2672 2183 2712 cre-

599 2776 811 2824 scentes
830 2766 851 2797 ³
882 2765 1139 2818 auderent
1167 2760 1326 2815 etiam
1351 2768 1569 2825 sperare
1593 2749 1849 2806 cmlestia.
1880 2748 2030 2803 Sicut
2056 2763 2184 2817 ergo

600 2875 807 2916 summa
834 2867 887 2913 et
912 2871 1074 2926 prope
1102 2854 1277 2909 divina
1304 2851 1471 2904 virtus
1494 2856 1596 2909 est,
1624 2845 1887 2900 neminem
1915 2843 2179 2912 decipere;

600 2956 677 3010 sic
709 2952 949 3005 ultimum
989 2948 1174 3001 vitium
1204 2952 1318 3008 est,
1349 2940 1639 3013 quemlibet
1664 2938 1932 3008 decipere.
1963 2937 2045 2991 Ab
2084 2937 2185 2992 hoc

601 3045 788 3100 ultimo
816 3041 944 3095 vitio
972 3039 1039 3093 ad
1086 3038 1229 3091 illam
1259 3047 1520 3089 summam
1548 3031 1797 3085 virtutem
1846 3028 2184 3084 tendentibus

600 3134 798 3207 gradus
824 3141 940 3197 est,
968 3128 1239 3203 neminem
1259 3124 1472 3197 quidem
1504 3124 1587 3179 vel
1624 3122 1851 3177 amicum
1873 3162 1889 3186 ,
1921 3121 2003 3177 vel
2031 3123 2183 3191 igno-

602 3239 746 3293 tum,
779 3225 871 3281 sed
901 3233 1077 3280 tamen
1119 3219 1394 3277 inimicum
1423 3214 1706 3287 aliquando
1733 3214 1998 3284 decipere.
2029 3212 2185 3270 Unde

601 3322 762 3377 etiam
787 3317 915 3373 illud
945 3332 974 3371 a
1005 3324 1159 3386 poeta
1189 3312 1388 3367 dictum
1418 3323 1583 3381 prOpe
1605 3308 1713 3378 jam
1755 3307 2022 3378 proverbii
2052 3322 2186 3363 con-

602 3411 937 3469 suetudinem
966 3408 1193 3463 obtinuit
1217 3421 1231 3458 :

728 3520 889 3582 Dolus,
908 3533 969 3570 an
1000 3519 1178 3577 virtus,
1197 3510 1908 3639 quise/2')

602 3687 709 3745 Sed
734 3684 981 3757 quoniam
1011 3691 1065 3739 et
1104 3683 1217 3753 ipse
1244 3679 1413 3736 hostis
1454 3685 1627 3748 potest
1654 3676 1966 3747 plerumque
1994 3674 2186 3745 injuste

599 3779 808 3850 decipi,
858 3777 1014 3833 veluti
1054 3788 1175 3830 eum
1217 3780 1430 3843 pactum
1459 3769 1672 3840 aliquod
1716 3769 1774 3822 lit
1799 3768 1865 3823 de
1908 3766 2188 3837 temporali

601 3887 764 3943 pace,
796 3885 927 3942 quas
968 3867 1207 3923 inducias
1235 3871 1462 3927 vocant,
1512 3871 1567 3916 et
1595 3876 1701 3915 non
1732 3869 1975 3915 servatur
2012 3858 2145 3913 ﬁdes
2168 3899 2183 3925 ,

599 3974 657 4020 et
692 3973 884 4019 extera
923 3962 1080 4026 talia;
1114 3960 1281 4014 multo
1322 3965 1407 4013 est
1444 3954 1715 4026 purgatior
1756 3968 2082 4023 summaeque
2112 3952 2186 4006 illi

596 4055 777 4110 virtuti
806 4053 1181 4124 propinquior,
1213 4048 1303 4119 qui
1346 4061 1647 4118 quanquam
1678 4046 1805 4101 velit
1849 4045 2057 4101 hostem
2087 4043 2185 4098 dc-

599 4144 814 4213 cipere,
846 4158 951 4198 non
994 4156 1115 4196 eum
1148 4149 1323 4193 tamen
1371 4137 1569 4207 decipit
1596 4137 1697 4191 nisi
1742 4137 2056 4191 auctoritate
2101 4135 2187 4191 di-

598 4234 741 4288 vina.
771 4234 912 4288 Deus
939 4231 1081 4286 enim
1110 4228 1258 4283 novit
1285 4228 1369 4282 vel
1398 4229 1543 4282 solus
1563 4268 1578 4295 ,
1609 4227 1692 4282 vel
1726 4237 1870 4282 certe
1895 4228 2051 4297 longe
2088 4242 2185 4281 ex-

599 4326 877 4382 cellentius
902 4339 1058 4395 quam
1077 4322 1321 4377 homines
1346 4328 1505 4391 atque
1530 4318 1810 4384 sincerius,
1831 4334 1934 4389 qua
1959 4318 2187 4389 quisque

599 4432 757 4489 paena
784 4415 1070 4487 prmmiove
1095 4414 1163 4468 sit
1189 4412 1401 4484 dignus.

670 4507 725 4561 2.
755 4506 1087 4575 QuaprOpter
1115 4504 1255 4559 Deus
1282 4501 1494 4573 quidem
1523 4515 1619 4570 per
1656 4499 1890 4567 seipsum
1918 4498 2185 4553 neminem

600 4600 827 4670 decipit;
855 4605 937 4651 est
960 4596 1100 4652 enim
1132 4596 1290 4650 Pater
1320 4592 1570 4648 Veritatis
1602 4609 1614 4645 :
1647 4600 1701 4645 et
1729 4590 1955 4656 Veritas,
1987 4598 2041 4644 et
2069 4588 2189 4659 Spi-

599 4694 737 4749 ritus
766 4689 1014 4746 Veritatis
1043 4705 1058 4741 :
1090 4688 1263 4760 dignis
1291 4695 1465 4741 tamen
1494 4685 1651 4754 digna
1681 4683 2002 4738 distribuens
2035 4682 2190 4754 (quo-

599 4783 741 4837 niam
767 4781 869 4835 hoe
892 4793 1103 4850 quoque
1128 4778 1360 4848 pertinet
1386 4775 1453 4830 ad
1474 4774 1732 4842 justitiam
1758 4781 1815 4828 et
1839 4773 2142 4841 veritatem)
2169 4812 2184 4838 ,

599 4875 764 4929 utitur
790 4871 983 4926 animis
1014 4884 1107 4939 pro
1135 4867 1339 4923 meritis
1368 4874 1424 4922 et
1440 4864 1783 4936 dignitatibus
1801 4905 1815 4929 ,
1843 4880 1960 4935 qua:
1988 4874 2113 4920 sunt
2134 4865 2187 4918 in

597 4967 849 5039 gradibus
888 4978 1105 5028 earum,
1138 4970 1196 5016 ut
1236 4961 1281 5016 si
1325 4960 1604 5032 quisquam
1632 4958 1827 5026 dignus
1864 4966 1947 5012 est
1972 4957 2185 5026 decipi,

598 5076 704 5114 non
745 5058 917 5114 solum
945 5070 1042 5126 per
1068 5068 1129 5109 se
1170 5054 1342 5123 ipsum
1370 5066 1493 5108 eum
1533 5066 1638 5105 non
1671 5049 1933 5119 decipiat,
1967 5050 2059 5104 sed
2091 5065 2186 5104 ne-

598 5164 701 5217 que
740 5163 836 5218 per
874 5148 1033 5202 talem
1065 5144 1334 5200 hominem
1355 5182 1369 5207 ,
1399 5140 1489 5211 qui
1528 5141 1638 5210 jam
1668 5147 2025 5210 congruenter
2065 5140 2187 5194 dili-

598 5239 707 5306 git,
739 5248 794 5293 et
817 5236 1082 5291 custodire
1107 5233 1375 5306 persistit,
1404 5232 1487 5288 Sit
1507 5232 1559 5285 in
1585 5247 1670 5285 ore
1689 5240 1848 5286 vestro
1868 5272 1883 5296 ,
1918 5228 2011 5283 Eu
2030 5272 2045 5296 ,
2077 5241 2188 5295 est;

602 5327 746 5392 Non,
775 5340 912 5389 non;
939 5341 1233 5399 neque’per
1259 5323 1524 5393 angelum,
1557 5322 1639 5376 cui
1672 5338 1779 5376 non
1803 5321 2050 5376 convenit
2071 5336 2190 5389 pcr-

603 5434 732 5471 sona
765 5416 987 5470 fallacia:
1017 5431 1032 5468 :
1066 5415 1160 5469 sed
1189 5425 1277 5469 aut
1300 5430 1395 5484 per
1425 5416 1584 5469 talem
1612 5414 1903 5475 hominem,
1932 5414 2021 5483 qui
2050 5429 2187 5468 non-

601 5510 727 5563 dum
759 5522 816 5562 se
843 5504 1144 5577 huiusmodi
1170 5505 1546 5576 cupiditatibus
1574 5508 1751 5569 exuit;
1782 5513 1874 5559 aut
1909 5520 2004 5574 per
2030 5505 2185 5560 talem

667 5640 683 5670 ¹
706 5637 895 5693 Exeusi,
921 5634 1128 5697 majora.
1148 5634 1239 5682 Sed
1263 5632 1441 5697 melius
1458 5635 1631 5685 decem
1649 5645 1774 5696 Mss,
1800 5635 2059 5697 majorum.

665 5702 686 5731 ί
710 5699 845 5757 Edili,
870 5704 915 5748 et
932 5694 1109 5746 ιιὺύηο
1126 5704 1223 5745 Deo
1238 5694 1556 5746 abundanter.
1572 5706 1691 5759 Vox,
1707 5694 2028 5759 abundanter,
2046 5700 2188 5750 abest

603 5774 630 5810 a
656 5759 905 5823 plerisque
928 5767 1035 5809 Mss.

668 5824 689 5853 ³
712 5828 785 5868 Er.
813 5829 865 5869 et
885 5827 1018 5878 Lov.,
1051 5821 1419 5887 mammam.
1444 5824 1500 5887 At
1523 5826 1648 5879 Mss,
1674 5828 2017 5873 crescentes.—
2032 5822 2181 5887 Lugd.

608 5891 662 5933 et
677 5890 815 5941 ven.,
839 5885 1202 5939 succrescentes,
1230 5887 1284 5928 ut
1305 5883 1381 5925 Er.
1409 5886 1459 5927 et
1477 5885 1581 5931 Lov.
1651 5890 1706 5930 at.

2280 551 2525 620 angelum
2548 593 2564 619 ,
2595 551 2685 622 qui
2725 566 2822 621 pro
2850 566 2961 608 suae
2986 549 3274 608 voluntatis
3316 549 3660 621 perversitate
3689 561 3771 609 vel
3800 555 3865 610 ad

2280 643 2566 698 vindictam
2597 654 2934 714 peccatorum
2955 684 2971 712 ,
2998 646 3082 699 vel
3109 644 3176 699 ad
3203 645 3636 701 exercitationem
3676 661 3867 717 purga-

2283 735 2586 804 tionemquc
2627 750 2813 790 eorum
2839 736 2929 804 qui
2955 736 3245 790 secundum
3277 736 3444 791 Deum
3473 747 3825 793 renascuntur
3850 777 3866 803 ,

2281 826 2334 881 in
2380 828 2575 883 infimis
2622 838 2826 883 natura:
2866 827 3115 899 gradibus
3157 828 3431 884 ordinatus
3470 839 3571 884 est.
3618 830 3867 900 Legimus

2281 918 2422 972 enim
2436 918 2714 987 deceptum
2731 934 2907 988 regem
2920 916 2995 993 (a)
3016 918 3147 977 falso
3164 920 3410 974 vaticinio
3435 921 3869 991 pseudoprophe-

2282 1016 2454 1063 tarum
2490 1026 2503 1061 :
2534 1017 2589 1062 et
2618 1009 2687 1062 ita
2716 1008 2975 1077 legimus,
3012 1018 3071 1064 ut
3113 1025 3286 1080 neque
3314 1011 3428 1066 sine
3454 1011 3632 1066 divino
3666 1012 3871 1081 judicio

2284 1099 2481 1154 factum
2508 1100 2873 1168 inveniamus,
2904 1102 3153 1172 quoniam
3194 1102 3389 1173 dignus
3414 1113 3530 1159 erat
3553 1104 3639 1159 ille
3665 1106 3742 1160 sic
3768 1106 3867 1161 de-

2282 1190 2420 1259 cipi;
2461 1204 2632 1261 neque
2658 1205 2753 1259 per
2776 1204 2897 1245 eum
2938 1191 3186 1260 angelum
3206 1233 3221 1257 ,
3252 1208 3410 1262 quem
3436 1193 3767 1264 deceptiunis
3789 1196 3872 1250 of-

2283 1281 2462 1337 ficium
2491 1283 2762 1353 suscipere
2792 1299 2894 1338 non
2926 1283 3171 1349 deceret;
3199 1284 3294 1339 sed
3324 1302 3417 1356 per
3439 1288 3683 1357 angelum
3714 1306 3868 1343 erro-

2284 1375 2379 1440 ris,
2408 1374 2499 1443 qui
2528 1375 2628 1429 sibi
2655 1376 2794 1430 nltro
2826 1376 2956 1430 tales
2986 1384 3159 1444 partes
3185 1377 3384 1447 imponi
3410 1392 3533 1433 cum
3562 1380 3740 1435 laetitia
3768 1398 3870 1450 po-

2284 1465 2501 1519 stulavit
2529 1465 2617 1537 (lll
2648 1466 2773 1537 Reg.
2805 1482 2913 1521 xxu
2933 1508 2948 1533 ,
2981 1466 3161 1538 6—56).
3189 1468 3516 1534 Quibusdam
3560 1470 3702 1525 enim
3728 1471 3873 1527 Scri-

2287 1564 2559 1623 pturarum
2587 1555 2720 1609 locis
2757 1557 2989 1626 apertius
3018 1557 3212 1626 aliquid
3244 1560 3559 1628 exponitur,
3586 1562 3727 1630 quod
3751 1563 3873 1618 dili-

2284 1660 2415 1714 gens
2435 1654 2489 1700 et
2516 1646 2635 1715 pius
2659 1646 2829 1700 lector
2851 1648 3008 1703 etiam
3029 1649 3080 1703 in
3098 1649 3218 1703 aliis
3244 1650 3393 1716 locis,
3413 1653 3673 1721 inquibus
3696 1656 3873 1712 minus

2286 1736 2552 1806 aperitur,
2584 1737 2857 1807 intelligat.
2906 1739 3043 1794 Deus
3070 1741 3211 1795 enim
3241 1754 3423 1798 noster
3447 1745 3525 1799 sic
3549 1746 3613 1800 ad
3644 1748 3871 1803 salutem

2286 1828 2581 1881 animarum
2603 1828 2811 1885 divinos
2831 1830 2996 1886 libros
3017 1830 3215 1902 Spiritu
3236 1845 3421 1889 sancto
3443 1837 3748 1894 moderatus
3768 1850 3869 1903 est,

2287 1929 2473 1973 utnon
2516 1920 2688 1977 solum
2720 1922 3012 1978 manifestis
3040 1939 3290 1994 pascere,
3321 1928 3414 1982 sed
3444 1929 3603 1983 etiam
3633 1932 3877 1988 obscuris

2287 2027 2538 2068 exercere
2564 2029 2662 2068 nos
2688 2015 2866 2070 vellet.
2906 2016 2986 2070 Ex
3012 2016 3110 2072 hac
3137 2018 3296 2088 igitur
3320 2020 3568 2076 ineffabili
3597 2027 3755 2093 atque
3783 2042 3877 2079 su-

2288 2102 2437 2157 blimi
2456 2118 2632 2159 rerum
2658 2104 3136 2177 administratione,
3156 2124 3274 2178 quae
3292 2109 3349 2164 lit
3375 2126 3468 2180 per
3493 2113 3722 2168 divinam
3752 2131 3879 2185 pro-

2292 2194 2578 2249 videntiam
2597 2236 2612 2260 ,
2645 2198 2793 2267 quasi
2822 2201 3137 2269 transcripta
3163 2209 3247 2255 est
3274 2204 3531 2258 naturalis
3556 2205 3640 2260 lex
3678 2207 3731 2261 in
3761 2209 3881 2263 ani-

2292 2299 2431 2339 mam
2459 2286 2792 2353 rationalem,
2826 2301 2881 2343 ut
2911 2290 2975 2351 in,
2999 2290 3110 2359 ipsa
3138 2292 3258 2347 vita:
3289 2292 3444 2362 hujus
3468 2300 3879 2356 conversatione

2291 2376 2634 2447 moribusque
2674 2380 2901 2435 terrenis
2949 2382 3189 2436 homines
3219 2384 3402 2439 talium
3445 2385 3880 2445 distributionum

2292 2466 2546 2537 imagines
2566 2479 2800 2524 servent.
2823 2470 2959 2526 lline
2979 2481 3061 2527 est
3079 2473 3220 2542 quod
3239 2474 3401 2543 judex
3428 2476 3733 2534 damnatum
3758 2497 3884 2551 per-

2291 2569 2475 2617 eutere
2496 2562 2767 2633 indignum
2793 2579 2888 2620 sua
2912 2580 3138 2635 persona
3155 2576 3209 2622 et
3235 2569 3492 2623 nefarium
3510 2570 3713 2639 judicat
3732 2591 3745 2627 :
3765 2574 3885 2643 ejus

2291 2661 2470 2709 tamen
2493 2654 2648 2724 jussu
2691 2654 2793 2711 hoc
2834 2655 2960 2712 facit
2987 2658 3256 2728 carnifex,
3296 2660 3385 2730 qui
3415 2676 3511 2730 pro
3540 2677 3635 2718 sua
3676 2666 3886 2732 cupidi-

2292 2754 2402 2801 tate
2443 2747 2521 2802 sic
2560 2747 2837 2803 ordinatus
2864 2757 2947 2804 est
2974 2749 3028 2804 in
3057 2751 3267 2818 ofﬁcio,
3300 2762 3357 2807 ut
3396 2756 3657 2824 percutiat
3701 2758 3883 2827 legum

2291 2837 2659 2893 moderatione
2682 2838 3010 2906 damnatum,
3039 2841 3128 2911 qui
3154 2852 3334 2912 posset
3352 2846 3510 2900 etiam
3539 2847 3880 2904 innocentem

2291 2941 2385 2982 sua
2415 2927 2727 2984 crudelitate
2774 2939 3071 3000 percutere.
3100 2932 3231 2987 Nam
3277 2950 3450 3005 neque
3480 2952 3572 3005 per
3599 2953 3657 2993 se
3701 2940 3882 3008 ipsum

2292 3016 2396 3072 hoc
2418 3016 2581 3088 judex
2605 3016 2750 3085 facit,
2784 3035 2956 3091 neque
2981 3037 3075 3091 per
3100 3023 3392 3094 principem
3419 3027 3501 3080 vel
3535 3027 3879 3097 advocatum,

2291 3118 2385 3164 aut
2421 3110 2652 3180 aliquem
2683 3111 2734 3165 in
2766 3112 2940 3169 officio
2971 3128 3069 3169 suo
3089 3156 3103 3180 ,
3132 3115 3216 3170 cui
3258 3117 3363 3172 tale
3392 3119 3738 3175 ministerium
3767 3139 3882 3179 non

2291 3202 2672 3258 convenienter
2699 3205 3006 3274 imponitur.
3035 3207 3171 3262 Hinc
3208 3218 3291 3262 est
3316 3210 3473 3265 etiam
3498 3213 3637 3282 quod
3667 3214 3884 3268 irratio-

2292 3293 2500 3349 nalibus
2542 3296 2897 3351 animantibus
2925 3298 3123 3353 utimur
3151 3299 3216 3354 ad
3244 3315 3334 3356 eas
3360 3317 3448 3356 res
3480 3319 3612 3374 quas
3656 3320 3750 3374 per
3779 3306 3879 3360 hu-

2292 3386 2465 3441 mines
2485 3386 2567 3458 agi
2591 3387 2848 3444 nefarium
2869 3396 2969 3444 est.
2987 3389 3119 3445 Nam
3142 3392 3322 3462 utique
3339 3394 3526 3463 dignus
3541 3405 3624 3452 est
3646 3398 3725 3452 fur
3747 3416 3887 3454 mor-

2294 3489 2355 3530 su
2386 3477 2607 3533 lacerari
2641 3498 2656 3533 :
2690 3478 2741 3533 id
2772 3488 2948 3535 tamen
2989 3481 3151 3537 homo
3186 3500 3289 3539 non
3320 3502 3414 3556 per
3444 3502 3501 3541 se
3531 3488 3699 3556 ipsum
3731 3493 3839 3560 agit
3868 3536 3884 3560 ,

2293 3574 2385 3620 aut
2410 3582 2504 3637 per
2530 3568 2717 3633 filium,
2746 3580 2838 3624 aut
2865 3586 2961 3640 per
2982 3571 3351 3638 domesticum,
3376 3581 3648 3634 autetiam
3682 3598 3775 3651 per
3807 3584 3888 3637 fa-

2295 3658 2499 3713 mulum
2525 3673 2713 3725 suum;
2744 3661 2839 3717 sed
2865 3677 2962 3732 per
2984 3678 3193 3727 canem,
3223 3682 3379 3734 quam
3410 3670 3631 3725 bestiam
3662 3675 3781 3727 talia
3807 3674 3886 3729 fa-

2294 3764 2420 3805 cere
2448 3761 2542 3821 pro
2568 3759 2769 3806 naturae
2794 3768 2903 3808 sua:
2922 3754 3171 3824 gradibus
3190 3756 3362 3813 decet.
3388 3760 3516 3815 Cum
3542 3762 3699 3832 igitur
3720 3781 3887 3835 quns-

2295 3840 2416 3896 dam
2459 3843 2564 3911 pati
2596 3842 2791 3913 aliquid
2829 3844 3052 3912 deceat,
3084 3849 3226 3917 quod
3267 3850 3403 3905 alios
3431 3852 3604 3909 facere
3649 3873 3753 3911 non
3785 3859 3884 3913 de-

2295 3941 2445 3997 ceat;
2487 3934 2778 3991 ministeria
2821 3937 3061 4006 quredam
3105 3946 3231 3995 sunt
3253 3942 3463 4009 media,
3505 3946 3695 4014 quibus
3723 3948 3885 4019 digna

2296 4023 2641 4095 injunguntur
2666 4025 2877 4092 ofﬁcia;
2909 4038 2967 4083 ut
2988 4030 3068 4086 eis
3093 4040 3248 4088 utens
3277 4035 3384 4103 ipsa
3410 4036 3634 4105 jnstitia,
3669 4056 3771 4095 non
3797 4058 3889 4096 so-

2296 4113 2407 4169 lum
2436 4117 2558 4170 talia
2586 4118 2692 4186 pati
2720 4134 2981 4190 quemque
3006 4122 3263 4193 imperet,
3292 4128 3465 4196 qualia
3504 4131 3607 4198 pati
3634 4147 3755 4187 eum
3782 4134 3886 4188 de-

2295 4214 2415 4271 cet,
2460 4207 2553 4262 sed
2583 4209 2743 4262 etiam
2775 4209 2838 4263 iis
2869 4208 3180 4268 facientibus
3200 4256 3215 4283 ,
3247 4232 3378 4285 quos
3424 4220 3544 4273 talia
3576 4220 3747 4279 facere
3774 4242 3883 4279 non

2294 4301 2473 4356 minus
2498 4301 2669 4358 decet.
2697 4301 3031 4375 Quapropter
3056 4318 3263 4365 cumet
3292 4310 3526 4382 .Egyptii
3566 4314 3888 4386 deceptione

2293 4391 2439 4461 digni
2462 4401 2674 4461 essent,
2705 4402 2760 4449 et
2786 4396 3011 4465 populus
3037 4396 3202 4453 Israel
3243 4415 3341 4470 pro
3371 4403 3457 4457 illa
3484 4414 3640 4462 mtate
3667 4412 3889 4478 generis

2296 4481 2513 4537 humani
2534 4485 2586 4538 in
2615 4484 2702 4540 tali
2728 4485 2904 4541 adhuc
2924 4488 3093 4557 gradu
3125 4502 3330 4545 morum
3355 4496 3671 4552 constitutus
3692 4513 3839 4555 esset
3866 4544 3884 4569 ,

2295 4583 2487 4631 utnon
2533 4577 2747 4648 indigne
2774 4579 2981 4635 hostem
3009 4581 3311 4652 deciperet;
3358 4587 3552 4645 factum
3582 4602 3663 4646 est
3691 4603 3748 4648 ut
3787 4595 3886 4665 ju-

2295 4664 2445 4720 beret
2472 4666 2611 4722 Deus
2629 4709 2645 4734 ,
2668 4669 2754 4724 vel
2778 4670 2954 4739 potius
2986 4688 3083 4741 pro
3108 4674 3317 4730 illorum
3344 4680 3631 4749 cupiditate
3654 4687 3888 4755 permit-

2297 4763 2459 4823 teret,
2496 4766 2554 4811 ut
2578 4773 2701 4814 vasa
2728 4774 2887 4816 aurea
2931 4772 2985 4818 et
3010 4774 3258 4834 argentea
3279 4808 3294 4833 ,
3321 4770 3512 4839 quibus
3554 4774 3726 4831 adhuc
3769 4786 3890 4833 ter-

2297 4849 2412 4903 reni
2465 4851 2612 4919 regni
2650 4852 2667 4882 ¹
2706 4854 3033 4922 appetitores
3076 4857 3381 4928 inhiabant,
3424 4872 3478 4917 et
3528 4875 3768 4934 peterent
3817 4871 3895 4926 ab

2295 4939 2563 5010 Egyptiis
2588 4957 2693 4997 non
2719 4943 2997 5013 reddituri,
3030 4956 3085 5003 et
3122 4950 3423 5021 acciperent
3448 4958 3595 5025 quasi
3626 4960 3893 5021 reddituri

2300 5029 2493 5103 (Exod.
2528 5049 2584 5086 ιιι
2604 5075 2619 5098 ,
2645 5032 2759 5105 22).
2787 5034 2955 5103 Quam
2994 5048 3049 5093 et
3084 5043 3386 5099 mercedem
3413 5054 3519 5103 tam
3546 5049 3780 5107 diuturni
3811 5056 3897 5110 la-

2296 5122 2443 5177 boris
2461 5131 2620 5193 atque
2643 5126 2821 5195 operis
2844 5142 2941 5197 pro
2961 5130 3145 5186 talium
3167 5134 3464 5194 animarum
3482 5142 3650 5210 gradu
3678 5160 3782 5201 non
3806 5147 3895 5203 in-

2291 5213 2490 5283 justam
2517 5212 2660 5270 Déus
2697 5230 2817 5273 esse
2841 5219 3042 5288 voluit,
3070 5232 3125 5278 et
3151 5239 3362 5295 pmnam
3394 5229 3603 5287 illorum
3640 5251 3775 5305 quos
3800 5240 3894 5294 dl-

2296 5321 2399 5375 gne
2442 5305 2565 5361 fecit
2593 5309 2839 5366 amittere
2881 5311 2931 5366 id
2976 5315 3118 5385 quod
3149 5317 3375 5375 reddere
3417 5321 3737 5381 debuerunt.
3770 5331 3896 5385 Non

2297 5398 2474 5467 itaque
2507 5398 2644 5454 Deus
2685 5400 2938 5473 deceptor
2965 5414 3081 5470 est,
3111 5409 3250 5477 quod
3279 5411 3501 5470 credere
3545 5417 3804 5473 nefarium
3839 5437 3899 5477 et

2296 5488 2518 5558 impium
2560 5505 2679 5547 esse
2704 5494 2823 5564 quis
2867 5511 2972 5551 non
3015 5498 3310 5569 intelligat?
3353 5505 3449 5559 sed
3493 5510 3801 5565 meriturum
3842 5528 3897 5569 et

2298 5593 2642 5648 personarum
2668 5583 2994 5654 justissimus
3036 5589 3380 5663 distributor,
3418 5595 3617 5654 faciens
3642 5604 3898 5671 quaedzun

2292 5687 2390 5744 per
2432 5689 2489 5727 se
2528 5674 2700 5744 ipsum
2723 5720 2738 5746 ,
2772 5694 2889 5749 quae
2922 5680 3012 5735 illo
3054 5683 3169 5737 solo
3198 5684 3354 5757 digna
3394 5700 3552 5758 sunt,
3585 5695 3742 5764 eique
3786 5701 3903 5755 soli

2356 5764 2429 5827 (a)
2460 5766 2651 5817 Scilicet
2665 5770 2840 5820 Achab.

2359 5829 2598 5904 [ᾖξε-βξςῖ
2612 5836 2674 5904 ρι
2697 5838 2801 5904 M_s_s.
2828 5841 2881 5884 At
2903 5840 2975 5885 Er.
3002 5843 3052 5886 et
3085 5842 3211 5901 ιον..
3243 5848 3447 5895 terrm
3470 5844 3623 5896 rei.-—
3638 5849 3711 5900 sic
3730 5854 3893 5904 etiam

2293 5887 2443 5951 Lugd.
2466 5895 2518 5938 et
2539 5896 2657 5942 ven.
2724 5898 2779 5942 at.
