4136 6544
337 464 408 522 31
1797 450 1999 510 LIBER
2042 452 2237 510 unus.
3574 452 3646 508 ss

337 575 702 641 conveniunt;
730 576 887 631 sicuti
917 580 1000 631 est
1023 571 1325 628 illuminare
1349 571 1573 636 animas,
1603 577 1655 625 ct
1681 583 1739 623 se
1764 569 1936 638 ipsum

338 670 418 726 eis
456 668 526 723 ad
571 667 952 739 perimendum
994 662 1319 735 praebendo,
1352 662 1620 733 sapientes
1648 659 1937 730 beatusque

343 768 603 833 prmstare
636 776 649 811 :
682 759 787 813 alia
824 772 921 828 per
945 756 1270 811 servientem
1298 752 1397 808 sibi
1428 760 1725 807 creaturam
1746 790 1762 817 ,
1808 749 1947 803 inte-

341 850 591 920 gerrimis
620 848 829 920 legibus
854 862 952 916 pro
977 845 1181 901 meritis
1208 842 1505 898 ordinatam
1528 882 1542 905 ,
1582 840 1822 910 quardam
1849 855 1943 895 eo-

343 958 462 996 rum
504 941 732 1012 jubens,
781 936 1025 1009 quaedam
1057 936 1409 1007 permittens,
1448 947 1616 1003 usque
1643 931 1710 986 ad
1755 945 1939 1001 passe-

345 1048 466 1086 rum
498 1030 1014 1086 administrationem
1036 1069 1051 1093 ,
1084 1027 1220 1081 sicut
1264 1024 1521 1079 Dominus
1566 1022 1616 1076 in
1649 1020 1941 1091 Erangclio

346 1125 510 1191 dicit,
540 1131 595 1179 et
618 1137 786 1191 usque
820 1121 885 1175 ad
918 1119 1022 1175 leui
1051 1118 1302 1174 decorem
1322 1157 1338 1184 ,
1371 1129 1538 1186 usque
1562 1113 1629 1168 ad
1656 1128 1941 1168 numerum

345 1218 513 1272 etiam
554 1214 869 1283 capillorum
900 1220 1204 1265 nostrorum
1235 1206 1412 1262 divina
1444 1203 1775 1275 providentia
1820 1218 1942 1273 per-

348 1307 601 1362 tendente
626 1315 787 1375 atque
816 1304 1064 1358 veniente
1103 1300 1319 1370 (Matth.
1352 1314 1383 1353 x
1406 1338 1421 1365 ,
1453 1297 1523 1354 29
1547 1339 1561 1363 ,
1593 1297 1697 1363 50,
1735 1306 1782 1349 ει
1811 1294 1938 1350 Luc.

346 1416 420 1455 xn
443 1441 459 1466 ,
491 1398 559 1453 27
581 1440 596 1466 ,
626 1396 745 1468 28).
791 1396 867 1450 De
896 1410 997 1464 qua
1037 1393 1198 1448 etiam
1228 1391 1427 1446 dictum
1455 1398 1538 1445 est
1571 1407 1584 1443 :
1621 1388 1881 1444 Pertendit
1909 1404 1941 1441 a

344 1493 453 1561 ﬁne
477 1508 633 1557 usque
656 1490 724 1544 ad
766 1489 920 1559 ﬁnem
946 1487 1141 1560 fortiter
1161 1527 1176 1553 ,
1209 1494 1255 1539 et
1283 1484 1505 1555 disponit
1529 1482 1701 1537 omnia
1722 1482 1942 1537 suaviter

348 1584 510 1657 (Sap.
538 1598 627 1637 \‘lll
646 1623 661 1647 ,
696 1581 771 1653 l).

420 1676 477 1730 3.
507 1672 655 1743 Quod
685 1679 863 1727 autem
892 1684 989 1740 per
1015 1668 1311 1723 animarum
1343 1663 1633 1719 ministeria
1660 1662 1771 1717 suis
1810 1662 1941 1732 legi-

343 1766 449 1823 bus
479 1764 766 1821 servientis
798 1762 939 1817 Deus
970 1759 1187 1831 puniat,
1219 1766 1271 1812 et
1307 1756 1466 1826 digne
1494 1755 1649 1825 digna
1684 1753 1941 1823 supplicia

344 1860 641 1925 retribuat,
671 1872 793 1912 cum
842 1855 956 1924 ipse
995 1850 1462 1922 tranquillissimus
1499 1858 1738 1910 maneat,
1788 1860 1943 1915 aper-

345 1951 559 2008 tissime
585 1950 655 2003 ita
681 1947 937 2017 scriptum
968 1951 1049 1999 est
1071 1960 1084 1997 :
1112 1941 1294 2013 Ipsum
1316 1955 1510 2011 quoque
1535 1938 1622 2009 qui
1648 1936 1818 2007 puniri
1842 1951 1943 1989 non

345 2043 561 2106 debeat,
592 2039 945 2102 condemnare,
990 2045 1212 2089 easterum
1248 2031 1468 2087 aestimas
1502 2029 1520 2061 ³
1547 2045 1579 2081 a
1618 2037 1706 2081 tua
1743 2026 1941 2080 uirtute.

357 2136 536 2191 Virtus
572 2133 706 2188 enim
745 2140 833 2186 tua
862 2128 1079 2200 iustitia:
1120 2124 1322 2179 initium
1362 2132 1478 2189 est;
1515 2129 1560 2175 et
1588 2119 1649 2175 ob
1683 2118 1778 2173 hoc
1810 2116 1946 2189 quod

346 2228 579 2283 omnium
619 2223 873 2278 Dominus
916 2236 996 2285 es,
1040 2215 1269 2272 omnibus
1309 2224 1357 2267 te
1394 2227 1599 2281 parcere
1633 2209 1779 2282 facis.
1824 2205 1944 2261 Vir—

349 2328 511 2374 tutem
544 2316 677 2371 enim
712 2324 767 2369 tu
799 2311 1041 2377 ostendis,
1070 2307 1154 2379 qui
1181 2322 1283 2361 non
1312 2304 1530 2359 crederis
1558 2318 1664 2357 esse
1690 2302 1744 2355 in
1769 2300 1948 2353 virtute

350 2416 737 2465 consummatus
756 2446 772 2472 ,
798 2402 888 2458 sed
916 2403 968 2456 in
992 2401 1056 2455 iis
1083 2400 1169 2471 qui
1197 2398 1363 2453 sciunt
1404 2394 1675 2450 audaciam
1700 2391 1944 2447 traducis.

351 2504 433 2560 Tu
468 2513 638 2557 autem
665 2499 914 2554 Dominus
942 2495 1183 2550 virtutum
1207 2534 1221 2559 ,
1249 2507 1365 2544 cum
1407 2485 1769 2558 tranquillitate
1795 2482 1947 2554 judi-

349 2612 439 2651 cas
461 2636 477 2660 ,
518 2602 565 2648 et
602 2607 719 2646 cum
752 2604 941 2660 magna
982 2584 1256 2641 reverentia
1292 2580 1520 2653 disponis
1558 2594 1651 2632 nos
1695 2573 1814 2649 (Id.
1852 2589 1946 2642 xu,

354 2684 600 2757 15-13).

426 2780 484 2834 4.
511 2778 639 2833 ltem
667 2772 810 2847 quod
837 2772 1010 2843 primo
1036 2770 1088 2825 in
1114 2766 1341 2826 terrenis
1369 2764 1529 2821 rebus
1557 2762 1617 2818 ﬁt
1652 2759 1848 2832 gradus
1883 2758 1951 2816 ad

354 2870 630 2927 caelestem
656 2865 933 2936 justitiam,
963 2875 1081 2933 qua:
1108 2859 1218 2930 jam
1247 2854 1569 2912 ﬁrmioribus
1587 2854 1607 2885 ³
1634 2853 1948 2921 imperatur,

355 2962 616 3019 Dominus
643 2956 913 3024 ostendit,
944 2969 1067 3011 cum
1104 2952 1179 3006 ait
1217 2968 1232 3006 :
1266 2949 1328 3005 Si
1368 2948 1422 3002 in
1456 2946 1623 3000 alieno
1651 2943 1826 3014 ﬁdeles
1850 2958 1953 2995 non

353 3055 558 3129 fuistis,
601 3060 816 3106 vestrum
857 3046 968 3120 quis
1001 3043 1140 3100 dabit
1172 3041 1311 3097 vobis
1358 3037 1511 3109 (Luc.
1544 3052 1636 3091 1m
1657 3076 1672 3100 ,
1705 3033 1795 3105 l2)
1818 3032 1844 3088 'l
1885 3032 1955 3088 Et

350 3128 498 3219 quod
545 3159 644 3216 pro
683 3142 794 3198 suis
835 3137 1089 3212 gradibus
1128 3136 1322 3190 animm
1364 3132 1693 3197 doceantur,
1742 3136 1797 3183 et
1841 3128 1955 3197 ipse

356 3218 618 3294 Dominus
642 3234 975 3290 demonstrat
999 3228 1214 3284 dicens:
1235 3223 1400 3279 Multa
1426 3220 1583 3277 habeo
1607 3219 1744 3274 vobis
1768 3218 1955 3282 dicere;

354 3329 447 3386 sed
484 3342 620 3382 nunc
655 3341 758 3380 non
797 3322 1003 3394 potestis
1040 3327 1242 3389 portare
1274 3314 1369 3370 illa
1399 3313 1580 3385 (Joan.
1605 3327 1718 3378 xvr,
1747 3311 1858 3382 12).
1889 3308 1958 3363 Ει

358 3420 681 3493 Apostolus,
725 3430 846 3473 cum
891 3414 1008 3469 ait:
1038 3410 1181 3483 Ego,
1233 3412 1452 3480 fratres,
1496 3421 1598 3459 non
1638 3402 1779 3474 potui
1820 3400 1957 3454 vobis

358 3490 500 3585 loqui
536 3510 681 3582 quasi
738 3503 1086 3578 spiritualibus
1107 3543 1124 3569 ,
1165 3499 1254 3555 sed
1299 3497 1444 3570 quasi
1499 3491 1806 3550 carnalibus.
1852 3490 1958 3585 bac

356 3583 499 3661 vobis
539 3612 715 3675 potum
757 3598 894 3664 dedi,
920 3612 1023 3649 non
1062 3607 1264 3657 escam;
1304 3605 1465 3660 neque
1507 3586 1639 3641 enim
1678 3583 1958 3656 poteratis:

355 3699 449 3757 sed
474 3711 634 3769 neque
674 3694 842 3747 adhuc
886 3688 1130 3762 potestis;
1177 3684 1346 3739 adhuc
1391 3681 1525 3736 enim
1565 3679 1686 3734 estis
1726 3675 1958 3769 carnales

364 3791 412 3862 (l
440 3764 562 3847 Cor.
588 3803 667 3854 ut,
696 3785 751 3853 l,
771 3783 851 3855 2).
885 3780 1036 3851 Quod
1062 3777 1204 3834 enim
1228 3777 1281 3831 in
1310 3774 1425 3829 istis
1444 3768 1734 3862 secundum
1763 3764 1959 3862 gradus

360 3855 491 3940 suos
532 3880 710 3935 actum
742 3883 855 3941 est,
889 3876 990 3928 hoc
1026 3872 1080 3927 in
1109 3869 1360 3925 universo
1387 3876 1589 3935 genere
1618 3861 1848 3914 humano
1876 3855 1961 3925 agi

359 3971 769 4047 cognoscimus,
803 3976 860 4021 ut
895 3965 996 4020 alia
1025 3958 1227 4018 carnali
1269 3954 1487 4029 populo,
1532 3952 1636 4006 alia
1672 3947 1958 4047 spirituali,

361 4039 463 4138 pro
513 4073 818 4133 temporum
868 4051 1215 4126 congruentia
1278 4048 1615 4119 iuberentur.
1657 4039 1787 4138 _Non
1833 4053 1962 4111 ergo

361 4130 558 4214 inirum
587 4130 643 4209 si
660 4152 875 4208 hostem
900 4145 1071 4215 decipi
1095 4143 1314 4214 dignum
1337 4138 1360 4170 ³
1385 4135 1632 4207 decipere
1651 4130 1789 4204 jussi
1814 4138 1960 4196 sunt,

361 4250 455 4323 qui
500 4254 656 4304 erant
700 4243 876 4299 adhuc
917 4238 1061 4310 digni
1106 4235 1316 4291 hostem
1354 4224 1963 4323 deciper_e.‘Non-eniin

358 4316 474 4416 jam
505 4347 660 4396 erant
704 4333 885 4391 idonei
926 4331 1118 4403 quibus
1155 4326 1454 4389 diceretur,
1488 4317 1697 4391 Diligite
1734 4316 1965 4416 inimicos

363 4404 599 4495 uestras;
648 4426 744 4484 sed
804 4424 938 4479 tales
996 4427 1151 4477 erant
1200 4415 1393 4488 quibus
1443 4406 1814 4467 tantummodo
1858 4404 1965 4461 dici

364 4528 646 4597 oporteret
673 4518 726 4587 δ,
756 4516 952 4587 Diliges
980 4511 1267 4584 proximum
1296 4519 1459 4573 tuum,
1496 4513 1543 4558 et
1584 4500 1752 4556 oderis
1791 4498 1967 4553 inimi-

365 4592 485 4675 cum
525 4625 670 4671 tuum
709 4608 927 4684 (Matth.
953 4622 1009 4674 ν,
1041 4606 1136 4671 44,
1163 4602 1279 4672 45).
1311 4597 1500 4654 Adhuc
1527 4594 1669 4650 enim
1708 4592 1799 4647 ille
1838 4604 1967 4662 pro-

367 4713 549 4769 ximus
576 4720 739 4779 quam
768 4704 874 4758 late
912 4694 1288 4768 intelligendus
1317 4698 1497 4756 esset,
1535 4702 1643 4742 non
1682 4692 1799 4740 erat
1830 4692 1969 4779 tem-

369 4805 522 4877 poris
550 4774 783 4857 tradere.
816 4790 1088 4850 lncboatio
1130 4802 1259 4858 ergo
1289 4781 1531 4855 quaedam
1570 4778 1710 4833 facta
1751 4784 1833 4831 est
1871 4774 1971 4831 sub

371 4875 687 4970 padagogo,
740 4897 801 4942 ut
846 4883 1100 4956 magistro
1144 4875 1403 4952 perfectio
1446 4882 1806 4970 servare-tun:
1832 4881 1974 4970 cum

375 4958 559 5045 iamet;
602 4958 750 5039 idem
779 4980 942 5044 Deus,
985 4983 1040 5031 et
1079 4970 1425 5044 paedagogum
1468 4962 1702 5036 parvolis
1743 4958 1971 5027 dederit,

372 5082 549 5153 legem
594 5077 741 5132 illam
785 5071 988 5128 scilicet
1026 5078 1123 5137 per
1172 5061 1424 5153 famulum
1452 5070 1648 5153 suum;
1703 5061 1758 5110 et
1802 5050 1973 5153 magi-

374 5138 549 5229 strum
591 5156 1049 5239 grandioribus',
1078 5154 1131 5210 id
1172 5161 1290 5217 est,
1327 5146 1668 5219 Evangelium
1710 5156 1806 5215 per
1838 5138 1975 5197 Uni-

377 5279 501 5323 cum
530 5272 710 5317 suum.

444 5442 462 5474 ι
490 5443 591 5488 nat.
631 5442 685 5485 et
711 5439 847 5493 ιρι,
895 5422 1177 5493 qntpiudri
1206 5415 1739 5493 debeattcondenmas,
1771 5418 1821 5465 et
1850 5416 1981 5465 exte-

446 5536 1122 5617 Zi'quitinjfjam
1164 5541 1551 5617 infirmioribusL
1574 5536 1982 5617 Δγειδιιιξψειὶίιζιιει

382 5592 769 5682 “£751.;an
776 5592 1126 5682 ’ἥηῆἷσῖιεῗιῖἑζί
1138 5592 1391 5682 Αἶιῖξέὶερι
1406 5592 1861 5682 ᾉςιιίςεῐξιψερέεξ-.Δ
1878 5592 1981 5682 non

382 5636 512 5686 ms,
537 5635 647 5696 qua!
687 5632 769 5669 am
792 5620 1102 5682 ﬁrmioritms.
1138 5620 1228 5659 Aut
1269 5620 1391 5682 Sicut
1414 5620 1609 5673 quidam
1654 5620 1832 5672 opuex,
1887 5620 1979 5648 ιιυη

380 5620 735 5753 ίηβνηηοτ
765 5661 1879 5753 ίηινετιῐξυτ·-;Ψξίέ;ξξέἓξιλτ.ἓῖ²,ί⁵⁷’¹¹⁶⁰τ¹¹²“⁸ο
1923 5669 1979 5709 ⁵¹⁶

449 5730 916 5809 i'iiiti'éi'ﬁte’miue
941 5748 1067 5797 .ttss.,
1093 5730 1369 5797 decEptione
1393 5730 1613 5800 dignum.

447 5814 469 5845 δ
490 5821 548 5845 νι-
595 5816 643 5845 m
666 5815 798 5845 lnv-;
825 5801 925 5845 diri
957 5803 1155 5845 mterat.
1191 5804 1245 5845 At
1267 5800 1364 5843 Rat.
1388 5800 1440 5842 et
1473 5789 1693 5845 plerique
1716 5792 1846 5845 Μελ,
1882 5781 1983 5834 dici

489 5821 564 5860 Er.
595 5816 647 5861 et
666 5800 800 5866 ὼν..
825 5800 925 5853 dici
957 5803 1155 5865 poterat.
1191 5804 1245 5845 Αι
1267 5800 1364 5843 κει.
1388 5800 1440 5842 ει
1473 5800 1693 5854 plerique
1716 5800 1846 5845 mss,

672 5938 809 5991 Lov.,
832 5922 1158 5990 magisterium
1176 5915 1529 5984 grandioribus.
1551 5920 1858 5976 Reponimus,
1882 5919 1983 5957 ma-

2047 564 2181 623 LlV.
2220 566 2299 621 De
2332 583 2389 621 eo
2428 566 2564 637 quod
2601 567 2843 639 scriptum
2880 579 2971 634 est,
3013 568 3137 624 Mihi
3167 577 3343 624 autem
3387 567 3637 623 adiuero-

2126 673 2187 713 re
2214 656 2326 713 Deo
2357 656 2553 713 bonum
2583 666 2666 714 est
2695 657 2868 729 (Psal.
2899 676 3059 726 Lxxu,
3087 659 3211 731 98).

2119 749 2291 806 Omne
2328 750 2468 820 quod
2503 759 2619 818 est,
2647 760 2740 805 aut
2768 752 2956 807 eodem
2988 752 3148 807 modo
3176 767 3390 823 semper
3412 759 3513 819 est,
3546 761 3642 809 aut

2047 856 2175 895 non.
2218 840 2285 896 Et
2313 842 2488 896 omnis
2516 841 2693 896 anima
2733 842 2878 896 omni
2908 856 3134 913 corpore
3164 844 3352 899 melior
3376 852 3480 899 est.
3523 844 3638 899 Me-

2048 929 2151 983 lius
2194 941 2277 986 est
2319 932 2463 986 enim
2511 946 2671 987 omne
2714 933 2855 1002 quod
2899 933 3149 1000 vivilicat,
3193 949 3352 1003 quam
3398 935 3450 990 id
3494 936 3636 1005 quod

2045 1020 2343 1077 viviﬁcatur
2374 1039 2387 1075 :
2416 1037 2613 1093 corpus
2636 1032 2812 1077 autem
2844 1024 2911 1077 ab
2939 1023 3115 1076 anima
3144 1024 3429 1089 vivilicari,
3461 1040 3567 1079 non
3604 1040 3636 1079 a

2045 1127 2272 1182 corpore
2295 1113 2558 1179 animam,
2588 1127 2747 1168 nemo
2773 1113 2994 1183 ambigit
3020 1114 3058 1165 ³.
3103 1113 3252 1182 Quod
3293 1122 3470 1170 autem
3510 1130 3635 1170 cor-

2045 1218 2146 1273 pus
2176 1217 2279 1258 non
2312 1212 2413 1271 est,
2446 1212 2500 1257 et
2528 1212 2704 1258 tamen
2731 1203 2929 1273 aliquid
2958 1212 3061 1268 est,
3092 1213 3183 1257 aut
3208 1205 3382 1258 anima
3414 1214 3515 1272 est,
3543 1214 3634 1259 aut

2044 1309 2107 1349 ea
2135 1295 2325 1350 melius
2352 1294 2571 1365 aliquid.
2605 1294 2848 1349 Deterius
2877 1295 3019 1350 enim
3051 1295 3195 1349 omni
3234 1310 3459 1365 corpore
3500 1296 3633 1351 nihil

2046 1395 2128 1440 est
2156 1403 2169 1439 :
2201 1386 2323 1456 quia
2368 1393 2423 1441 et
2462 1386 2506 1440 si
2555 1386 2831 1441 materiam
2874 1388 2994 1457 quis
3019 1385 3249 1454 dixerit,
3292 1388 3431 1444 unde
3458 1389 3631 1457 ipsum

2044 1491 2240 1549 corpus
2281 1476 2375 1543 lit;
2422 1486 2590 1545 recte,
2631 1479 2882 1548 quoniam
2921 1487 3068 1534 caret
3089 1481 3234 1534 omni
3272 1481 3474 1550 specie,
3502 1482 3635 1536 nihil

2044 1567 2257 1622 dicitur.
2288 1568 2492 1622 Rursus
2518 1568 2657 1622 inter
2688 1582 2882 1638 corpus
2912 1576 2967 1623 et
2993 1569 3246 1635 animam,
3276 1570 3417 1639 quod
3443 1570 3636 1626 melius

2045 1660 2116 1713 sit
2151 1674 2401 1729 corpore,
2433 1658 2669 1714 deterius
2709 1660 2906 1724 anima,
2940 1675 3045 1715 non
3074 1660 3361 1717 invenitur.
3409 1662 3465 1716 Si
3507 1662 3637 1732 quid

2045 1749 2187 1804 enim
2216 1758 2362 1804 esset
2389 1748 2624 1805 medium
2641 1791 2657 1818 ,
2686 1757 2779 1805 aut
2805 1750 3171 1806 viviﬁcaretur
3196 1751 3264 1806 ab
3291 1751 3466 1806 anima
3486 1792 3500 1817 ,
3545 1759 3638 1806 aut

2046 1840 2343 1897 viviﬁcaret
2400 1843 2670 1909 animam,
2723 1850 2816 1898 aut
2861 1853 3111 1898 neutrum
3154 1860 3167 1897 :
3209 1851 3303 1898 aut
3345 1843 3639 1900 viviﬁcaret

2046 1947 2261 2002 corpus,
2290 1941 2382 1987 aut
2411 1933 2767 1989 viviﬁcaretur
2805 1949 2835 1988 a
2862 1947 3116 2003 corpore,
3147 1942 3238 1988 aut
3266 1943 3535 1989 neutrum.
3567 1933 3640 1988 At

2046 2022 2304 2094 quidquid
2342 2024 2647 2079 viviﬁcatur
2682 2024 2749 2079 ab
2787 2025 2998 2091 anima,
3038 2038 3233 2094 corpus
3268 2032 3391 2080 est:
3424 2025 3469 2080 si
3492 2024 3640 2095 ‘quid

2048 2124 2230 2171 autem
2274 2115 2509 2171 viviﬁcat
2549 2116 2781 2170 animam
2808 2156 2821 2181 ,
2869 2114 3064 2172 melius
3110 2126 3193 2171 est
3236 2130 3395 2187 quam
3438 2114 3638 2171 anima.

2049 2206 2283 2279 Rursum
2326 2222 2432 2278 quo
2473 2208 2777 2263 riviﬁcatur
2824 2221 3040 2278 corpus,
3086 2205 3263 2262 anima
3311 2216 3394 2263 est
3437 2225 3451 2262 :
3498 2207 3643 2277 quod

2049 2298 2347 2355 viviﬁcatur
2391 2314 2423 2354 a
2471 2314 2730 2371 corpore,
2779 2299 2909 2353 nihil
2955 2308 3056 2355 est.
3099 2298 3355 2354 Neutrum
3387 2314 3535 2364 vero,
3581 2298 3636 2354 id

2050 2401 2151 2457 est,
2178 2392 2375 2448 nullius
2396 2393 2518 2447 vita:
2545 2392 2788 2463 indigens
2813 2394 2833 2424 ²
2861 2392 3170 2463 nullamque
3188 2393 3349 2449 vitam
3376 2393 3641 2461 tribuens,

2050 2491 2143 2538 aut
2176 2483 2395 2538 omnino
2421 2483 2551 2537 nihil
2578 2492 2681 2550 est,
2706 2492 2799 2537 aut
2822 2482 3024 2553 aliquid
3047 2492 3103 2539 et
3127 2498 3355 2554 corpore
3378 2494 3435 2540 et
3461 2484 3640 2539 anima

2052 2576 2266 2631 melius.
2309 2575 2417 2631 Sed
2460 2584 2637 2630 utrum
2667 2574 2795 2645 quid
2840 2576 2944 2629 tale
2988 2574 3060 2631 sit
3105 2575 3161 2630 in
3206 2590 3387 2631 rerum
3432 2584 3643 2642 natura,

2053 2667 2156 2722 alia
2185 2666 2412 2739 qutestio
2455 2674 2557 2721 est.
2608 2664 2760 2722 Nunc
2804 2666 3016 2721 interim
3043 2666 3184 2723 ratio
3210 2667 3471 2738 comperit
3513 2666 3648 2722 nihil

2056 2761 2195 2818 inter
2219 2775 2413 2831 corpus
2447 2768 2503 2815 et
2542 2760 2775 2815 animam
2802 2773 2956 2824 esse,
2992 2758 3134 2829 quod
3171 2760 3240 2814 sit
3262 2774 3488 2829 corpore
3528 2774 3648 2814 me—

2056 2853 2181 2920 lius,
2214 2852 2393 2909 anima
2417 2850 2677 2907 deterius.
2726 2850 2879 2919 Quod
2925 2859 3103 2906 autem
3154 2860 3239 2906 est
3281 2850 3427 2905 omni
3470 2851 3649 2905 anima

2055 2944 2290 3009 melius,
2332 2943 2387 2999 id
2431 2943 2600 2999 Deum
2643 2941 2872 2997 dicimus
2911 2939 3029 3014 (a);
3073 2942 3196 3007 cui,
3245 2941 3484 3012 quisquis
3526 2956 3648 2996 eum

2058 3034 2326 3106 intelligit,
2362 3034 2581 3105 junctus
2621 3042 2722 3089 est.
2768 3031 2922 3101 Quod
2947 3032 3092 3087 enim
3133 3031 3442 3103 intelligitur
3466 3047 3649 3086 verum

2057 3136 2181 3192 est,
2212 3142 2315 3183 nec
2354 3141 2515 3182 omne
2544 3125 2688 3197 quod
2733 3124 2972 3181 creditur
3000 3140 3185 3180 verum
3230 3134 3333 3180 est.
3382 3123 3653 3195 Quidquid

2058 3227 2238 3275 autem
2262 3233 2451 3273 verum
2492 3225 2608 3283 est,
2659 3224 2818 3287 atque
2856 3231 2889 3270 a
2932 3216 3180 3272 sensibus
3208 3223 3263 3271 et
3298 3230 3328 3269 a
3362 3224 3541 3271 mente
3568 3231 3655 3272 se-

2055 3312 2304 3382 junctum
2347 3318 2465 3379 est,
2505 3310 2655 3366 credi
2696 3317 2922 3375 tantum,
2967 3324 3073 3365 non
3119 3316 3293 3363 tamen
3334 3309 3519 3363 sentiri
3564 3317 3656 3363 aut

2061 3401 2287 3471 intelligi
2315 3409 2506 3471 potest.
2532 3400 2647 3454 Deo
2674 3399 2833 3470 igitur
2856 3398 3100 3467 junCtum
3131 3406 3213 3454 est
3238 3397 3379 3469 quod
3410 3398 3656 3469 intelligit

2062 3490 2254 3547 Deum.
2286 3490 2540 3561 intelligit
2566 3498 2746 3544 autem
2772 3487 3052 3543 rationalis
3090 3486 3268 3542 anima
3300 3488 3487 3542 Deum.
3518 3486 3654 3542 Nam

2063 3583 2308 3654 intelligit
2354 3581 2496 3652 quod
2540 3595 2757 3651 semper
2802 3580 3065 3651 ejusmodi
3110 3588 3226 3647 est,
3276 3596 3449 3651 neque
3492 3580 3657 3636 ullam

2064 3674 2263 3744 patitur
2306 3672 2679 3728 mutationem.
2734 3672 2803 3726 At
2852 3680 2905 3726 et
2954 3685 3148 3741 corpus
3198 3686 3295 3740 per
3345 3679 3555 3741 tempus
3603 3680 3659 3727 et

2065 3767 2234 3833 locos,
2281 3774 2338 3822 et
2366 3766 2544 3821 anima
2572 3765 2685 3835 ipsa
2716 3763 3012 3828 rationalis,
3042 3762 3184 3832 quod
3231 3762 3521 3832 aliquando
3570 3777 3657 3818 sa-

2064 3863 2248 3933 piens,
2275 3859 2561 3931 aliquando
2590 3858 2749 3912 stulta
2776 3866 2879 3921 est,
2902 3856 3247 3910 mutationem
3266 3856 3481 3925 patitur.
3505 3854 3658 3923 Quod

2067 3964 2247 4011 autem
2273 3968 2486 4023 semper
2528 3951 2717 4006 eodem
2759 3948 2920 4004 modo
2945 3956 3046 4011 est,
3080 3948 3270 4001 melius
3299 3947 3539 4017 profecto
3575 3956 3661 4003 est

2067 4061 2227 4117 quam
2272 4044 2325 4099 id
2351 4042 2491 4114 quod
2533 4056 2640 4097 non
2678 4041 2747 4095 ita
2770 4048 2872 4095 est.
2894 4038 3003 4093 Nec
3025 4038 3309 4108 quidquam
3345 4046 3428 4093 est
3466 4038 3658 4093 melius

2067 4135 2314 4192 rationali
2369 4134 2583 4198 anima,
2628 4132 2730 4186 nisi
2790 4130 2955 4185 Deus.
3015 4130 3147 4183 Cum
3204 4128 3362 4199 igitur
3415 4127 3663 4199 intelligit

2069 4227 2269 4300 aliquid
2300 4225 2443 4297 quod
2470 4238 2684 4294 semper
2710 4221 2898 4278 eodem
2927 4218 3086 4274 modo
3113 4234 3233 4274 sese
3269 4219 3456 4285 habet,
3487 4219 3662 4290 ipsum

2070 4320 2188 4375 sine
2232 4317 2395 4373 dubio
2440 4314 2704 4385 intelligit.
2758 4311 2883 4367 Hmc
2930 4318 3106 4364 autem
3158 4316 3242 4363 εει
3284 4309 3395 4379 ipsa
3423 4309 3659 4374 veritas;

2072 4409 2160 4467 cui
2202 4409 2328 4481 quia
2370 4405 2715 4478 intelligendo
2757 4402 2933 4456 anima
2982 4400 3255 4455 rationalis
3295 4400 3563 4470 jungitur,
3608 4409 3666 4455 et

2074 4503 2177 4559 hoc
2216 4501 2416 4557 bonum
2455 4507 2538 4555 est
2574 4496 2787 4563 animze,
2818 4502 2964 4549 recte
2988 4492 3247 4562 accipitur
3274 4490 3324 4546 id
3367 4506 3486 4547 esse
3521 4491 3664 4562 quod

2074 4598 2276 4653 dictum
2316 4601 2431 4659 est,
2461 4590 2593 4646 Mihi
2628 4599 2795 4643 autem
2822 4587 3083 4641 adhaerere
3110 4582 3218 4639 Deo
3244 4585 3429 4639 bonum
3464 4593 3554 4639 est.

2076 4685 2187 4744 LV.
2217 4686 2296 4740 De
2332 4701 2389 4739 eo
2424 4682 2558 4753 quod
2583 4682 2826 4751 scriptum
2852 4688 2946 4743 est,
2969 4674 3252 4747 Sexaginta
3291 4683 3414 4729 sunt
3440 4676 3661 4746 reginre,

2149 4777 2419 4850 octoginta
2484 4771 2831 4835 concubinae,
2884 4777 2939 4823 et
2975 4764 3389 4821 adolescentulus
3439 4780 3665 4836 quarum

2154 4888 2261 4929 non
2292 4878 2376 4927 est
2405 4881 2659 4924 numerus
2687 4862 2856 4937 (Cant.
2884 4878 2957 4927 v1,
2987 4860 3063 4929 7).

2152 4962 2414 5021 Denarius
2458 4970 2714 5015 numerus
2755 4960 2933 5025 potest
2969 4949 3271 5023 signiﬁcare
3314 4947 3671 5003 universitatis

2082 5057 2383 5115 scientiam.
2412 5052 2544 5123 Quae
2570 5049 2615 5105 si
2643 5047 2711 5104 ad
2754 5045 3008 5102 interiora
3050 5049 3107 5098 et
3149 5040 3491 5111 intelligibilia
3533 5039 3672 5095 refc-

2082 5160 2231 5209 ratur
2256 5192 2269 5217 ,
2308 5162 2430 5219 qua:
2471 5144 2685 5201 senario
2722 5152 2948 5195 numero
2986 5134 3388 5207 signiﬁcantur,
3436 5134 3492 5189 ﬁt
3521 5134 3672 5205 quasi

2085 5242 2265 5300 decies
2295 5238 2471 5295 sexies
2492 5276 2508 5304 ,
2541 5231 2681 5306 quod
2712 5241 2795 5285 est
2819 5226 3093 5297 sexaginta
3129 5242 3143 5278 :
3175 5224 3220 5281 si
3261 5224 3328 5279 ad
3371 5232 3577 5280 terrena
3621 5235 3677 5280 et.

2085 5330 2478 5404 corruptibilis,
2509 5340 2629 5398 quae
2665 5320 2943 5379 octonario
2983 5332 3207 5374 numero
3246 5317 3527 5389 signiﬁcari
3553 5332 3678 5388 pos-

2085 5471 2312 5540 gsstrum,
2331 5465 2520 5540 efﬁat;
2542 5464 2595 5508 et
2615 5451 3204 5540 norlnul’l‘is'hts'sa—‘I'ngd.
3225 5460 3279 5503 et
3294 5460 3435 5514 γεω,
3451 5453 3661 5516 magiste

2085 5521 2599 5639 mmmam,
2616 5526 2671 5568 ut
2695 5523 2767 5565 Er.
2794 5523 2846 5566 et
2865 5523 2973 5565 Lov.
3040 5521 3106 5587 si.
3300 5572 3312 5585 .

2153 5591 2172 5623 ι
2263 5592 2525 5652 quotus»
2551 5592 2725 5652 cerne
2747 5575 2992 5652 ααιεηψθ
3021 5573 3507 5652 ﬁli/59‘???"
3531 5588 3679 5652 ηοηίία

2089 5640 2297 5715 corpore
2514 5640 2590 5694 ἐἰ
2620 5640 2771 5707 igitur
2801 5640 2970 5691 melior
2992 5640 3053 5690 sit
3088 5640 3217 5689 omni
3257 5650 3456 5701 corpore
3487 5640 3676 5698 anima,

2088 5710 2227 5767 nemo
2248 5710 2462 5774 ambigit.
3276 5762 3287 5772 .
3467 5763 3476 5773 _
3634 5764 3645 5773 θ

2155 5778 2176 5808 ²
2200 5783 2332 5835 Lov.,
2348 5768 2617 5835 intelligens
2637 5772 2892 5829 :oorrupte
2909 5776 2966 5814 ac
2996 5762 3385 5825 repugnantibus
3402 5760 3545 5812 editis
3567 5762 3676 5814 aliis

2093 5847 2144 5890 et
2159 5844 2267 5887 Mss.

2155 5902 2227 5963 (a)
2264 5902 2505 5947 tnetract.
2532 5905 2636 5958 cap.
2662 5889 2738 5940 25.
