4084 6524
546 426 615 481 59
1327 415 1415 473 DE
1457 414 1764 470 DIVERSIS
1802 411 2321 481 QUz‘ESTIONIBUS
2360 409 2639 477 LXXXIII,
2679 409 2736 467 S.
2778 409 3140 468 AUGUSTINI
3749 421 3813 479 45

547 551 689 607 sunt,
723 539 855 595 ﬁunt
882 535 1059 593 decies
1084 534 1273 597 octies,
1315 532 1454 604 quod
1484 542 1566 587 est
1598 532 1885 601 octoginta.
1912 529 2130 598 Regina:

547 651 718 707 ergo,
761 644 884 688 sunt
929 630 1120 685 anima:
1166 636 1450 698 regnantes
1504 626 1555 678 in
1609 622 2021 692 intelligibilibus
2078 628 2131 674 et

546 724 928 799 spiritualibus.
976 720 1319 782 Concubinaz,
1362 733 1480 787 quae
1520 714 1825 770 mercedem
1868 712 2133 780 accipiunt

547 829 903 880 terrenarum,
932 812 1001 868 de
1037 810 1228 881 quibus
1255 809 1454 863 dictum
1496 816 1599 869 est,
1641 806 1959 873 Acceperunt
1997 817 2131 853 mer-

547 910 716 964 cedem
760 923 903 962 suam
952 903 1159 976 (Matth.
1188 918 1277 966 Vl,
1304 900 1394 971 2).
1437 896 1865 953 Adulescentulus
1908 906 2133 963 quarum

549 1018 656 1058 non
680 1009 763 1057 est
785 1013 1060 1062 numerus,
1088 1009 1309 1065 quarum
1338 1006 1443 1046 non
1474 999 1559 1045 est
1581 988 1932 1044 determinata
1955 985 2133 1039 scien-

548 1094 656 1158 tia,
700 1100 754 1146 et
789 1089 1013 1145 diversis
1054 1084 1389 1157 dogmatibus
1426 1079 1718 1152 periclitari
1762 1084 1986 1148 possunt
2022 1092 2035 1129 :
2079 1083 2137 1129 ut

548 1196 825 1248 numerus,
866 1178 1007 1249 quod
1042 1177 1241 1232 dictum
1282 1183 1392 1238 est,
1422 1169 1682 1241 signiﬁcet
1707 1177 1913 1223 certam
1952 1174 2007 1220 ct
2052 1166 2134 1219 in-

549 1274 845 1330 dubitatam
884 1267 1344 1325 conﬁrmationem
1384 1261 1640 1316 scientiae.

620 1387 753 1443 LVI.
804 1384 883 1439 De
921 1382 1067 1438 annis
1104 1378 1445 1451 quadraginta
1478 1390 1567 1429 sea:
1593 1373 1834 1442 wdificati
1869 1371 2063 1443 templi.

623 1480 763 1543 Sex,
804 1489 1033 1539 novem,
1072 1470 1380 1533 duodecim,
1416 1465 1602 1521 decem
1641 1472 1695 1519 et
1731 1471 1884 1526 octo,
1929 1461 2046 1515 ha-c
2082 1460 2137 1515 in

551 1588 717 1629 unum
756 1571 889 1625 ﬁunt
915 1570 931 1600 ³
960 1563 1309 1637 quadraginta
1349 1560 1604 1631 quinque.
1633 1556 1784 1611 Adde
1808 1570 1934 1625 ergo
1963 1553 2137 1624 ipsum

552 1679 719 1721 unum
746 1703 761 1727 ,
805 1660 938 1714 ﬁunt
991 1654 1346 1727 quadraginta
1398 1665 1490 1706 sex
1535 1667 1548 1701 :
1591 1648 1693 1702 hoc
1748 1647 1957 1711 sexies,
2006 1643 2141 1699 ﬁunt

552 1756 780 1811 ducenta
826 1748 1159 1820 septuaginta
1210 1759 1327 1798 sex.
1391 1741 1595 1797 Dicitur
1638 1748 1815 1793 autem
1860 1734 2140 1804 conceptio

557 1847 791 1902 humana
824 1843 903 1898 sic
937 1837 1228 1911 procedere
1265 1845 1320 1891 et
1348 1832 1553 1904 perﬁci,
1582 1838 1642 1886 ut
1680 1829 1865 1900 primis
1893 1842 1986 1881 sex
2027 1826 2140 1881 die-

552 1939 654 1995 bus
691 1936 843 2008 quasi
887 1932 1038 1988 lactis
1083 1929 1281 1984 habeat
1324 1923 1749 1987 similitudinem,
1792 1919 2141 1991 sequentibus

553 2023 746 2086 novem
804 2026 994 2082 diebus
1038 2027 1384 2078 convertatur
1432 2017 1485 2072 in
1538 2014 1891 2085 sanguinem,
1945 2009 2141 2066 deinde

552 2122 833 2179 duodecim
881 2118 1067 2173 diebus
1115 2112 1392 2175 solidetur,
1446 2107 1664 2177 reliquis
1701 2105 1886 2160 decem
1930 2112 1983 2157 et
2020 2110 2142 2155 octo

556 2216 746 2271 diebus
774 2212 1033 2266 formetur
1072 2220 1237 2275 usque
1286 2202 1351 2256 ad
1390 2199 1621 2271 perfecta
1652 2198 1972 2251 lineamenta
2021 2206 2143 2247 0m-

557 2310 704 2363 nium
724 2303 1100 2362 membrorum,
1121 2306 1177 2351 et
1203 2296 1331 2348 hinc
1355 2293 1465 2361 jam
1493 2290 1695 2359 reliquo
1713 2297 1949 2357 tempore
1978 2300 2144 2354 usque

556 2400 625 2454 ad
657 2408 866 2465 tempus
894 2401 1074 2463 partus
1100 2383 1463 2457 magnitudine
1488 2390 1758 2451 augeatur.
1788 2375 2143 2445 Quadraginta

557 2505 687 2563 ergo
713 2489 943 2560 quinque
967 2482 1153 2537 diebus
1181 2476 1359 2533 addito
1388 2488 1515 2540 uno,
1547 2472 1685 2563 quod
1712 2467 1972 2563 signiﬁcat
2000 2481 2146 2521 sum-

555 2558 699 2640 mam
732 2558 753 2633 -ε
787 2578 906 2649 quia
936 2590 1028 2630 sex
1058 2580 1113 2627 et
1140 2582 1331 2625 novem
1371 2573 1425 2619 et
1465 2561 1744 2619 duodecim
1785 2567 1839 2614 et
1879 2558 2061 2612 decem
2092 2562 2147 2610 et

556 2684 681 2732 octo
726 2672 777 2727 in
826 2684 987 2725 unum
1033 2662 1250 2726 coactis,
1303 2660 1438 2713 ﬁunt
1482 2653 1825 2726 quadraginta
1865 2649 2141 2721 quinque:

557 2767 739 2821 addito
781 2777 928 2833 ergo,
975 2768 1033 2813 ιιι
1061 2759 1262 2813 dictum
1314 2761 1415 2816 est,
1467 2764 1594 2812 uno,-
1627 2746 1759 2800 ﬁunt
1800 2742 2145 2813 quadraginta

561 2875 676 2913 sex.
723 2855 822 2923 Qui
867 2868 987 2907 cum
1036 2848 1231 2903 fuerint
1274 2840 1606 2910 multiplicati
1652 2853 1745 2907 per
1784 2837 1956 2905 ipsum
1986 2849 2144 2889 sena-

558 2950 697 3004 rium
731 2959 1030 3005 numerum,
1064 2939 1153 3008 qui
1198 2935 1355 3003 hujus
1398 2929 1746 2987 ordinationis
1774 2934 1933 2996 caput
1978 2933 2142 2988 tenet,

563 3042 697 3096 ﬁunt
726 3036 935 3091 ducenti
966 3029 1298 3102 septuaginta
1330 3041 1426 3080 sex
1462 3042 1475 3078 :
1507 3023 1556 3077 id
1582 3031 1681 3085 est,
1713 3036 1904 3075 novem
1935 3031 2147 3073 menses

561 3140 617 3187 et
663 3145 760 3184 sex
807 3127 942 3192 dies,
994 3123 1084 3194 qui
1133 3125 1504 3188 computantur
1549 3114 1615 3168 ab
1667 3121 1854 3167 octavo
1897 3109 2148 3166 calendas

562 3222 766 3293 aprilis,
812 3234 918 3288 quo
968 3216 1055 3270 die
1101 3218 1388 3280 conceptus
1429 3205 1684 3262 Dominus
1722 3203 1972 3268 creditur,
2022 3202 2147 3273 quia

562 3314 753 3369 eodem
776 3310 863 3364 die
883 3308 1040 3362 etiam
1070 3316 1257 3375 passus
1281 3308 1383 3367 est,
1412 3313 1577 3368 usque
1605 3295 1670 3350 ad
1696 3306 1938 3351 octavum
1969 3294 2147 3348 calen-

562 3408 659 3463 das
684 3402 982 3475 januarias,
1027 3413 1133 3469 quo
1170 3395 1257 3449 die
1297 3400 1449 3446 natus
1478 3398 1579 3446 est.
1622 3387 1737 3444 Non
1764 3403 1889 3457 ergo
1917 3385 2146 3441 absurde

562 3496 909 3570 quadraginta
950 3507 1043 3547 sex
1084 3489 1239 3543 annis
1279 3486 1473 3540 dicitur
1508 3483 1820 3538 fabricatum
1862 3495 1981 3534 esse
2014 3490 2147 3532 tem-

562 3591 730 3661 plum,
758 3586 895 3658 quod
916 3597 1110 3653 corpus
1135 3581 1250 3650 ejus
1269 3577 1600 3647 signiﬁcabat
1621 3574 1795 3647 (Joan.
1820 3590 1877 3637 ιι,
1900 3573 1991 3639 20,
2013 3572 2104 3644 2|)
2130 3591 2142 3627 :

562 3692 619 3735 ut
647 3688 776 3750 quot
802 3676 926 3732 anni
957 3676 1171 3731 fuerunt
1202 3672 1253 3726 in
1296 3669 1642 3725 fabricatione
1672 3666 1885 3734 templi,
1919 3675 1996 3720 tot
2031 3664 2147 3721 dies

559 3773 757 3828 fuerint
788 3771 839 3825 in
867 3768 1107 3839 corporis
1137 3762 1396 3820 Dominici
1427 3760 1747 3831 perfectione
1778 3756 1875 3831 (α).

628 3889 785 3945 LVII.
832 3887 905 3942 De
946 3896 1145 3940 centum
1184 3879 1554 3953 quinquaginta
1592 3877 1750 3931 tribus
1795 3874 2033 3947 piscibus.

630 3974 683 4039 i.
720 3974 901 4036 Dnuiia
925 3983 1114 4044 uestra,
1147 3993 1231 4031 vos
1273 3985 1441 4027 autent
1472 3968 1689 4037 Christi,
1724 3968 1952 4024 Christus
1978 3977 2144 4021 autem

558 4070 651 4134 Dei
682 4078 723 4150 (l
752 4062 870 4133 Cor.
900 4092 991 4141 ιιι,
1016 4074 1116 4134 22.
1142 4063 1259 4141 2'5).
1291 4070 1348 4124 Si
1388 4085 1416 4123 a
1465 4068 1636 4138 capite
1665 4072 2030 4129 numerentur,
2064 4060 2146 4114 in-

558 4172 840 4227 veniuntur
886 4184 1083 4229 unum,
1115 4165 1252 4228 duo,
1290 4163 1387 4216 tria
1411 4204 1425 4225 ,
1477 4170 1723 4232 quatuor.
1774 4157 1903 4212 Item
1936 4164 1949 4210 :'
1979 4154 2145 4221 Caput

557 4263 780 4317 mulieris
821 4261 916 4323 vir,
965 4258 1116 4326 mput
1157 4256 1249 4310 viri
1281 4255 1529 4319 Christus,
1571 4262 1722 4321 caput
1764 4260 1930 4304 autem
1960 4245 2145 4303 Christi

557 4347 697 4409 Deus
728 4343 836 4419 (Id.
867 4367 945 4415 xu,
972 4350 1047 4418 5).
1080 4337 1132 4403 Si
1164 4347 1354 4401 eodem
1385 4345 1544 4398 modo
1576 4352 1948 4408 numerentur,
1990 4341 2142 4395 inve-

559 4446 781 4502 niuntur
808 4426 1052 4498 simiiitcr
1081 4455 1240 4494 unum
1263 4479 1277 4504 ,
1322 4437 1428 4492 duo
1447 4478 1461 4502 ,
1497 4437 1593 4490 tria
1622 4444 1674 4489 ct
1703 4442 1946 4504 quatuor.
1978 4434 2143 4489 Perro

558 4554 723 4592 unutn
760 4544 815 4590 et
854 4526 960 4588 duo
1002 4544 1055 4588 et
1100 4521 1196 4585 tria
1247 4540 1300 4585 et
1341 4539 1566 4600 quatuor
1606 4528 1763 4582 simul
1806 4528 1961 4582 ducta
2010 4525 2145 4582 fiunt

557 4631 763 4686 decem.
812 4629 1146 4697 Quapropter
1175 4623 1543 4693 disciplinam,
1584 4638 1703 4690 qua:
1747 4621 1978 4675 insinuat
2016 4636 2143 4676 con-

559 4722 784 4777 ditorem
817 4720 981 4772 Deum
1014 4727 1064 4771 et
1095 4714 1363 4769 conditam
1406 4720 1702 4768 creaturam
1727 4755 1740 4779 ,
1769 4721 1915 4767 recte
1945 4712 2144 4781 signiti-

556 4827 642 4870 rat
691 4811 938 4867 denarius
991 4823 1264 4861 numerus.
1325 4805 1392 4859 Et
1442 4820 1562 4859 cum
1613 4820 1806 4873 corpus
1851 4804 2141 4872 perfectum

556 4920 714 4978 atque
742 4899 1201 4958 inextcrminabile
1227 4897 1470 4951 subditur
1495 4896 1685 4949 animm
1715 4895 1960 4964 perfecta:
1985 4904 2143 4964 atque

556 4990 1002 5058 iuextermiuabili
1025 5036 1038 5059 ,
1080 5006 1371 5060 rursusque
1403 4990 1514 5059 ipsa
1545 4988 1785 5042 subditur
1814 4985 2023 5043 Christo
2044 5030 2057 5053 ,
2090 4997 2143 5042 ct

558 5085 646 5148 ille
676 5093 803 5155 Deo,
838 5105 941 5144 non
972 5096 1220 5153 tanquam
1252 5081 1527 5137 dissimilis
1558 5091 1647 5134 aut
1672 5082 1888 5136 alterius
1916 5091 2139 5148 naturae,

562 5184 655 5239 sed
687 5188 931 5251 tanquam
963 5178 1105 5234 Patri
1134 5178 1327 5243 Filius,
1363 5176 1461 5229 hoc
1503 5184 1665 5229 totum
1697 5175 1880 5230 eodem
1922 5192 2143 5231 numero

559 5270 778 5329 denario
808 5264 949 5325 recte
980 5270 1307 5340 significatur
1327 5310 1342 5336 ,
1376 5268 1516 5339 quod
1546 5278 1667 5337 post
1697 5271 2141 5327 resurrectionem

560 5351 800 5435 corporis
828 5368 1070 5431 speratur
1114 5355 1346 5417 futurum
1382 5362 1433 5415 in
1478 5373 1755 5417 mternum.
1808 5363 1874 5416 Et
1919 5362 2142 5418 fortasse

561 5465 842 5527 propterea
896 5452 984 5520 qui
1033 5451 1402 5505 conducuntur
1455 5453 1521 5506 ad
1565 5453 1810 5521 vineam,
1864 5455 2143 5510 denarium

563 5547 829 5616 accipiunt
875 5542 1136 5597 mercedis
1184 5544 1397 5598 nomine
1444 5542 1661 5611 (Matth.
1699 5556 1808 5613 xx,
1848 5548 1939 5621 2),
1999 5551 2142 5607 Sic,“

571 5778 581 5789 .
627 5718 643 5749 ι
673 5714 822 5773 aliti,
868 5713 972 5764 hate
1017 5711 1066 5761 in
1115 5712 1333 5762 universo
1364 5712 1503 5777 ﬁunt.
1542 5724 1593 5767 At
1627 5719 1851 5783 [lerique
1886 5730 2018 5787 Mss,
2040 5726 2145 5781 Ιιωε

563 5790 614 5829 tn
647 5788 809 5825 unum.

630 5840 700 5899 (α)
735 5837 830 5884 Lib.
856 5833 886 5883 4
907 5834 969 5884 de
987 5835 1173 5896 Trinit.,
1197 5848 1298 5896 cap.
1323 5836 1369 5883 5.

2240 536 2412 581 autem
2449 541 2609 580 unum
2653 535 2705 579 et
2746 526 2851 579 duo
2887 537 2939 580 et
2978 531 3074 581 tria
3103 537 3157 582 et
3184 538 3409 598 quatuor
3438 529 3597 586 simul
3630 532 3807 591 decem

2240 616 2401 683 ﬁunt,
2447 618 2525 670 sic
2568 632 2727 670 unum
2776 626 2828 670 et
2872 617 2977 671 duo
3018 627 3072 672 et
3117 618 3212 671 tria
3259 627 3314 675 et
3358 633 3585 690 quatuor
3634 634 3809 693 quater

2238 707 2397 761 ducta
2426 707 2771 776 quadraginta
2801 707 2952 761 ﬁunt.

2309 798 2363 852 2.
2393 798 2450 853 Si
2498 808 2674 852 autem
2721 799 3090 868 quaternarius
3131 816 3384 855 numerus
3432 812 3577 857 recte
3622 817 3809 874 corpus

2241 890 2522 960 signiﬁcat,
2555 899 2772 960 propter
2798 899 3020 959 quatuor
3044 892 3347 946 notissimas
3372 903 3609 959 naturas,
3632 896 3813 965 quibus

2243 990 2484 1046 constat,
2531 981 2724 1034 siccam
2755 990 2809 1034 et
2851 981 3156 1047 humidam,
3204 981 3442 1051 frigidam
3475 994 3527 1039 et
3553 985 3813 1048 calidam;

2242 1080 2298 1125 et
2328 1070 2468 1140 quod
2501 1072 2800 1141 progressio
2831 1086 2857 1123 a
2883 1080 3076 1139 puncto
3102 1071 3168 1126 ad
3200 1073 3578 1142 longitudinem
3603 1116 3617 1141 ,
3657 1092 3686 1129 a
3708 1077 3815 1131 lon-

2245 1161 2484 1231 gitudine
2510 1161 2576 1215 ad
2606 1161 2935 1240 latitudinem
2961 1204 2974 1226 ,
3018 1177 3046 1215 a
3074 1162 3349 1219 latitudine
3373 1164 3439 1219 ad
3468 1166 3814 1235 altitudinem,

2244 1253 2564 1307 soliditatem
2597 1253 2838 1321 corporis
2889 1255 3053 1322 facit,
3095 1271 3214 1324 qua:
3257 1272 3440 1311 rursus
3486 1263 3818 1328 quaternario

2249 1359 2473 1397 nuu‘u'ro
2494 1343 2799 1398 continetur
2830 1363 2842 1397 :
2878 1360 2981 1399 non
3011 1345 3239 1424 absurde
3269 1347 3574 1419 intelligitur
3601 1352 3819 1420 quadra-

2244 1434 2496 1504 genarius
2528 1450 2778 1489 numerus
2809 1436 3154 1505 temporalem
3182 1436 3632 1508 dispensationem
3656 1440 3817 1512 signi-

2248 1528 2426 1591 ﬁcare,
2454 1544 2572 1598 qua:
2596 1543 2690 1598 pro
2712 1516 2881 1583 salute
2909 1534 3087 1583 nostra
3114 1526 3259 1600 gesta
3282 1542 3380 1596 est,
3418 1548 3539 1587 cum
3572 1535 3819 1592 Dominus

2247 1635 2440 1689 corpus
2465 1621 2784 1702 assumpsit,
2826 1630 2879 1675 et
2921 1622 3199 1678 visibiliter
3240 1624 3541 1681 hominibus
3568 1643 3821 1698 apparere

2245 1710 2489 1781 dignatus
2534 1721 2635 1766 est.
2684 1712 2853 1767 Unum
2892 1714 3033 1767 enim
3061 1724 3114 1769 et
3140 1715 3244 1769 duo
3267 1725 3324 1771 et
3360 1717 3456 1771 tria
3486 1727 3540 1773 et
3574 1730 3818 1789 quatuor,

2245 1818 2363 1873 quae
2421 1802 2724 1877 signiﬁCant
2778 1804 3084 1859 Creatorem
3147 1813 3202 1861 et
3257 1818 3583 1875 creaturam,
3642 1819 3823 1881 quater

2246 1893 2422 1957 ducta,
2456 1892 2508 1947 id
2531 1902 2647 1958 est,
2700 1908 2796 1964 per
2830 1909 3021 1964 corpus
3056 1897 3415 1967 temporaliter
3440 1898 3817 1967 demonstrata,

2247 1985 2380 2039 ﬁunt
2424 1986 2788 2057 quadraginta.
2829 1988 2960 2043 Nam
2997 1989 3135 2044 inter
3176 2000 3399 2061 quatuor
3424 2002 3479 2049 et
3514 2004 3702 2063 quater
3724 1994 3823 2051 hoc

2249 2078 2489 2144 interest,
2517 2080 2655 2149 quod
2683 2090 2908 2151 quatuor
2932 2082 2983 2136 in
3014 2092 3152 2137 statu
3180 2093 3334 2151 sunt,
3362 2096 3550 2155 quater
3575 2086 3629 2140 in
3657 2095 3820 2141 motu.

2256 2168 2393 2237 Ergo
2431 2179 2486 2222 ut
2514 2180 2741 2239 quatuor
2766 2171 3069 2226 referuntur
3094 2172 3157 2227 ad
3184 2190 3376 2243 corpus
3398 2216 3413 2243 ,
3457 2176 3526 2230 ita
3551 2187 3738 2246 quater
3760 2178 3821 2232 ad

2249 2268 2457 2329 tempus
2491 2278 2502 2313 :
2538 2262 2936 2332 insinuaturque
2981 2275 3368 2320 sacramentum
3399 2269 3745 2337 corporaliter
3774 2278 3825 2323 et

2250 2354 2610 2421 temporaliter
2637 2362 2861 2423 gestum,
2890 2367 3107 2426 propter
3130 2373 3222 2413 eos
3238 2360 3324 2428 qui
3349 2375 3630 2430 corporum
3650 2377 3827 2418 amore

2249 2444 2499 2513 implicati
2528 2454 2699 2511 erant,
2730 2455 2785 2501 et
2810 2449 3133 2525 temporibus
3160 2450 3356 2505 subditi
3388 2453 3426 2504 ¹.
3455 2452 3826 2524 Quadragcna-

2248 2539 2359 2592 rius
2386 2555 2513 2608 ergo
2532 2556 2814 2611 numerus,
2842 2551 2898 2597 ut
2922 2543 3117 2597 dictum
3142 2554 3243 2612 est,
3283 2547 3629 2615 temporalem
3662 2549 3824 2617 ipsam

2248 2628 2697 2699 diSpensationem
2747 2648 2851 2686 non
2900 2634 3188 2705 incongrue
3226 2636 3524 2705 signiﬁcare
3572 2639 3823 2693 creditur.

2250 2718 2317 2773 Et
2362 2719 2585 2776 fortasse
2631 2722 2729 2777 hoc
2756 2724 3001 2794 estquod
3047 2725 3391 2796 quadraginta
3428 2727 3542 2783 dies
3570 2729 3828 2784 Dominus

2243 2810 2504 2881 jejunavit
2536 2812 2763 2883 (Matth.
2794 2830 2877 2881 tv,
2903 2813 3008 2888 Ξ),
3037 2817 3215 2872 εωειιιί
3270 2818 3453 2888 hujus,
3488 2821 3626 2889 quod
3683 2831 3826 2875 motu

2250 2917 2533 2973 corporum
2560 2912 2613 2957 et
2638 2905 2963 2973 temporibus
2989 2907 3161 2976 agitur
3182 2948 3196 2974 ,
3239 2909 3523 2965 ostendens
3558 2911 3827 2981 inepiam:

2250 3002 2301 3047 et
2328 2993 2669 3065 quadraginta
2698 2995 2812 3049 dies
2843 3005 2959 3064 post
2980 2998 3421 3054 resurrectionem
3449 3017 3568 3054 cum
3596 3002 3828 3071 discipu-

2251 3082 2315 3137 lis
2342 3083 2456 3150 fuit,
2483 3085 2617 3139 hanc
2647 3086 2813 3155 ipsam
2847 3087 2968 3154 illis,
2999 3089 3178 3156 credo,
3213 3090 3660 3166 dispensationem
3695 3104 3829 3149 tem-

2252 3177 2485 3246 poralem
2511 3217 2525 3242 ,
2577 3194 2732 3247 quam
2776 3196 2873 3249 pro
2901 3181 3071 3236 salute
3097 3195 3274 3237 nostra
3300 3185 3495 3254 gessit,
3538 3187 3829 3243 insinuans.

2250 3266 2711 3336 Quadi-agenarius
2740 3278 2917 3325 autem
2947 3287 3199 3327 numerus
3225 3314 3238 3339 ,
3272 3274 3509 3343 partibus
3534 3276 3646 3331 suis
3670 3320 3685 3344 ,
3716 3296 3832 3349 quae

2251 3359 2399 3414 illum
2431 3362 2741 3431 metiuntur,
2775 3365 3121 3434 computatis,
3150 3380 3316 3436 usque
3340 3366 3407 3421 ad
3436 3368 3833 3441 quinquagena-

2251 3452 2386 3506 rium
2413 3469 2687 3509 numerum
2705 3456 2964 3524 pervenit,
2987 3456 3211 3526 idipsum
3234 3460 3647 3527 commendans;
3675 3477 3834 3532 quan-
3862 3474 3875 3489 '

2251 3544 2535 3615 doquidem
2564 3546 2692 3616 ipsa:
2721 3558 2919 3617 partes,
2949 3564 3066 3618 qua:
3092 3549 3237 3603 illum
3260 3551 3568 3621 metiuntur,
3599 3556 3832 3625 :cquales

2250 3636 2388 3692 inter
2417 3653 2475 3692 se
2500 3646 2623 3692 sunt
2654 3655 2667 3691 :
2700 3639 2821 3709 quia
2851 3654 2970 3694 cum
3018 3643 3266 3711 aequitate
3307 3644 3673 3701 administrata
3711 3663 3831 3702 cor-

2249 3729 2447 3799 poralis
2494 3739 2546 3784 et
2589 3730 2811 3785 visibilis
2862 3733 3225 3802 temporaliter
3270 3737 3408 3790 actio
3454 3739 3829 3815 perfectionem

2249 3819 2450 3875 homini
2491 3831 2784 3890 comparat.
2832 3823 2961 3901 Qnre
2991 3824 3284 3893 perfectio,-
3328 3820 3466 3884 sicut
3505 3830 3704 3886 dictum
3732 3841 3830 3897 est,

2248 3910 2468 3965 denario
2522 3928 2747 3992 numero
2790 3913 3168 3992 significatur:
3209 3917 3347 3972 sicut
3384 3921 3832 3992 quadragenarius

2248 4016 2505 4057 numerus
2526 3988 2818 4074 aequalibus
2842 4002 2953 4058 suis
2975 3989 3214 4073 partibus
3241 4007 3292 4061 in
3318 3988 3579 4065 summam
3606 3994 3833 4069 redactis

2247 4084 2526 4149 denarium
2557 4111 2837 4150 numerum
2866 4099 3035 4167 parit,
3066 4100 3316 4168 quoniam
3345 4101 3411 4156 ad
3432 4103 3829 4179 quinquagena-

2248 4185 2384 4239 rium
2406 4225 2421 4252 ,
2452 4186 2589 4240 sicut
2613 4201 2774 4255 supra
2815 4184 3012 4241 dictum
3042 4198 3155 4254 est,
3196 4193 3453 4259 pervenit.
3486 4192 3659 4249 Unum
3689 4197 3830 4250 enim

2246 4276 2389 4346 quod
2420 4276 2615 4357 habent
2661 4276 3006 4348 quadraginta
3049 4280 3362 4351 quadragies
3386 4325 3424 4357 ,Α
3449 4290 3502 4339 et
3540 4264 3646 4340 duo
3690 4288 3830 4357 quod

2246 4366 2445 4423 habent
2468 4355 2650 4435 vicies,
2680 4376 2734 4422 et
2756 4379 2984 4439 quatuor
2999 4371 3141 4441 quod
3170 4373 3365 4428 habent
3390 4354 3587 4449 decies,
3607 4387 3661 4433 et
3678 4354 3832 4449 quin-

2246 4476 2350 4530 que
2378 4460 2517 4530 quod
2558 4460 2755 4515 habent
2797 4458 3001 4525 octies,
3042 4470 3095 4517 et
3122 4473 3242 4518 octo
3268 4467 3407 4535 quod
3438 4448 3633 4524 habent
3675 4448 3833 4541 quiu-

2247 4552 2432 4621 quies,-
2464 4560 2517 4606 et
2552 4551 2736 4606 decem
2771 4553 2911 4627 quod
2942 4552 3139 4609 habent
3163 4567 3368 4624 quater,
3402 4570 3453 4612 et
3476 4560 3657 4629 viginti
3689 4563 3832 4632 quod

2247 4642 2445 4697 habent
2473 4643 2592 4708 bis,
2644 4642 2803 4696 simul
2830 4643 2985 4697 ducta
3029 4645 3162 4699 ﬁunt
3207 4647 3604 4719 quinquaginta.
3643 4636 3833 4709 Nullus

2246 4734 2386 4788 enim
2419 4735 2552 4788 alius
2581 4749 2833 4789 numerus
2872 4735 3048 4790 metiri
3090 4752 3183 4806 per
3213 4748 3389 4807 partes
3430 4738 3663 4810 aequales
3702 4760 3835 4815 qua-

2248 4825 2621 4894 dragenarium
2650 4841 2929 4880 numerum
2962 4836 3167 4896 potest,
3196 4838 3389 4897 prtcler
3414 4831 3512 4887 hos
3538 4849 3671 4903 quos
3699 4851 3835 4890 enu-

2248 4917 2602 4982 meravimus,
2653 4924 2709 4971 et
2746 4926 3078 4987 computatos
3107 4918 3171 4973 ad
3199 4916 3701 4993 quinquagenariutn
3734 4934 3833 4981 nu-

2248 5023 2453 5063 merum
2484 5006 2857 5076 perduximus.
2904 5006 3137 5064 Peractis
3162 5025 3291 5080 ergo
3325 5000 3577 5069 Dominus
3604 5018 3834 5086 quadra-

2246 5098 2393 5169 ginta
2419 5086 2606 5153 diebus
2636 5108 2755 5167 post
2783 5099 3225 5155 resurrectionem
3252 5117 3371 5157 cum
3402 5096 3672 5176 discipulis
3695 5112 3824 5175 suis,

2250 5189 2301 5244 id
2326 5198 2440 5254 est,
2486 5188 2867 5244 commendans
2898 5190 2975 5242 eis
3000 5190 3140 5260 quod
3167 5207 3263 5261 pro
3293 5196 3446 5250 nobis
3468 5192 3832 5268 temporaliter

2252 5290 2459 5351 gestum
2489 5287 2571 5333 est
2592 5318 2609 5345 ,
2645 5278 2886 5335 ascendit
2912 5280 2963 5334 in
2994 5282 3188 5336 emtum
3220 5302 3232 5337 :
3259 5292 3311 5339 et
3338 5296 3457 5355 post
3481 5276 3613 5344 alios
3645 5280 3830 5348 dece-n

2253 5373 2366 5428 dies
2392 5372 2538 5427 misit
2561 5371 2817 5441 Spiritum
2843 5383 3081 5429 sanctum
3113 5375 3246 5445 (Act.
3277 5393 3326 5444 ι,
3356 5380 3410 5446 5,
3442 5381 3495 5447 9,
3528 5393 3574 5436 et
3600 5400 3664 5448 ιι,
3691 5386 3829 5455 1-4),

2252 5480 2359 5535 quo
2386 5463 2768 5534 perﬁcerentur
2793 5466 3137 5535 spiritualiter
3156 5467 3221 5522 ad
3250 5470 3528 5528 invisibilia
3553 5477 3831 5546 capienda,

2252 5556 2342 5627 qui
2397 5547 2694 5612 risibilibus
2750 5556 3235 5631 temporalibusque
3288 5565 3643 5625 crediderant.
3697 5557 3836 5642 Ipsis

2214 5684 2215 5687 η
2250 5646 2500 5701 Videlicet
2541 5646 2725 5701 decem
2749 5648 2936 5702 diebus
2964 5660 3082 5718 post
3102 5666 3234 5720 quos
3262 5656 3405 5710 misit
3429 5657 3679 5728 Spiritum
3710 5677 3835 5715 san-

2251 5746 2393 5792 ctum
2420 5779 2433 5802 ,
2483 5738 2722 5792 eamdem
2758 5740 3135 5809 perfectionem
3170 5762 3287 5816 qua:
3314 5766 3407 5818 per
3434 5750 3684 5822 Spiritum
3708 5768 3834 5809 San-

2320 5854 2339 5883 ²
2365 5849 2534 5901 Plures
2556 5858 2680 5901 Mss“
2708 5859 2753 5902 et
2778 5856 3113 5918 temporalibus
3131 5861 3325 5914 subditi.
