4136 6540
330 430 395 489 ιι
1778 422 1946 482 ιιθιςι

2054 424 2213 482 ?.\'US.
3576 438 3648 494 ις

334 560 484 605 ctum
515 547 798 604 confertur
829 548 1045 607 denario
1069 558 1290 601 numero
1318 544 1585 609 indicans,
1613 558 1771 613 quem
1801 558 1933 612 qua-

336 642 692 712 dragenarius
716 641 1039 711 computatis
1074 639 1370 711 aequalibus
1411 637 1649 708 partibus
1675 637 1786 691 suis
1811 636 1938 701 edit,

338 741 396 786 et
423 732 480 787 ﬁt
504 731 999 802 quinquagenarius
1032 748 1045 785 :
1075 731 1214 785 sicut
1244 729 1521 799 temporali
1550 728 1947 799 dispensatione

338 840 466 879 cum
497 825 749 893 equitate
779 823 1150 878 administrata
1201 823 1511 893 pervenitur
1551 820 1617 875 ad
1661 819 1946 890 perfectio—

341 934 489 982 nem,
522 933 681 985 quam
710 916 965 973 denarius
993 930 1248 970 numerus
1273 915 1555 985 signiﬁcat.
1585 913 1675 983 qui
1696 913 1948 968 denarius

343 1010 506 1063 simul
550 1025 672 1064 cum
735 1008 1165 1078 quadragenario
1223 1005 1738 1076 quinquagenarium
1799 1004 1944 1059 facit.

349 1098 489 1170 Ergo
518 1099 767 1169 quoniam
789 1097 1046 1167 perfectio
1070 1112 1190 1169 qua?
1213 1096 1272 1151 ﬁt
1291 1112 1383 1167 per
1402 1095 1658 1167 Spiritum
1679 1104 1944 1161 sanctum,

346 1191 600 1260 quamdiu
643 1189 820 1244 adhuc
868 1189 921 1242 in
959 1203 1125 1243 carne
1148 1187 1519 1253 ambulamus,
1564 1186 1812 1257 quamvis
1840 1200 1948 1240 non

349 1284 592 1338 vivamus
614 1281 923 1345 carnaliter,
950 1296 1072 1335 cum
1100 1280 1213 1350 ipsa
1240 1278 1639 1348 dispensatione
1668 1276 1947 1347 temporali

344 1376 654 1445 colrulatur,
686 1384 835 1429 recte
861 1374 1071 1428 videtur
1089 1371 1574 1444 quinquagenarius
1602 1383 1857 1424 numerus
1880 1369 1949 1425 ad

345 1474 643 1528 Ecclesiam
685 1473 959 1542 pertinere
982 1513 998 1535 ,
1040 1471 1134 1526 sed
1160 1469 1269 1540 jam
1300 1477 1576 1540 purgatam
1621 1478 1781 1539 atque
1820 1484 1945 1537 per-

345 1564 581 1631 fectam,
632 1580 751 1634 qua:
796 1563 1103 1634 temporalis
1148 1562 1565 1631 dispensationis
1602 1561 1760 1615 ﬁdem
1787 1570 1949 1631 atque

341 1654 665 1709 aeternitatis
716 1654 907 1708 futurze
952 1668 1101 1723 spem
1131 1652 1393 1707 charitate
1431 1654 1765 1724 amplexatur
1796 1654 1847 1719 ί,
1896 1653 1947 1707 id

341 1758 446 1811 est,
480 1747 632 1816 quasi
663 1744 1144 1816 quadragenarium
1168 1760 1448 1799 numerum
1471 1744 1694 1799 denario
1722 1759 1948 1799 numero

340 1838 625 1908 copulans.
685 1837 811 1891 Ilmc
854 1846 1030 1890 autem
1082 1836 1358 1903 Ecclesia,
1407 1836 1474 1892 ad
1515 1853 1672 1907 quam
1720 1838 1949 1907 pertinet

339 1928 837 2000 quinquagenarius
868 1942 1124 1982 numerus
1144 1968 1159 1990 ,
1190 1927 1303 1981 sive
1341 1926 1462 1997 quia
1493 1943 1559 1982 ex
1592 1927 1761 1982 tribus
1786 1943 1948 1998 gene-

343 2022 493 2077 ribus
524 2020 801 2074 hominum
823 2019 1065 2090 eligitur,
1095 2018 1327 2086 Judmis,
1355 2028 1409 2073 et
1436 2017 1727 2083 Gentibus,
1756 2028 1808 2074 et
1829 2034 1948 2075 car-

344 2112 559 2167 nalibus
604 2109 960 2177 Christianis,
1005 2111 1119 2166 sive
1148 2110 1267 2181 quia
1309 2120 1645 2166 sacramento
1673 2112 1949 2169 Trinitatis

343 2204 643 2270 imbuitur,
695 2217 923 2258 numero
970 2218 1078 2273 quo
1125 2202 1456 2274 signiﬁcatur
1508 2211 1592 2259 ter
1640 2204 1833 2271 ducto,
1878 2204 1946 2260 ad

342 2294 717 2350 centenarium
743 2303 797 2351 et
817 2294 1332 2365 quinquagenarium
1376 2296 1637 2365 pervenit.
1669 2296 1945 2365 Quinqua-

342 2388 490 2457 ginta
518 2386 661 2440 enim
697 2396 776 2440 ter
800 2385 959 2440 ducta
997 2386 1131 2439 ﬁunt
1157 2395 1369 2439 centum
1398 2386 1798 2458 quinquaginta.
1829 2388 1947 2456 Quo

343 2493 466 2532 cum
514 2464 949 2548 addideris‘ipsa
1005 2479 1143 2545 tria,
1191 2478 1314 2548 quia
1363 2478 1569 2549 insigne
1598 2489 1653 2535 et
1694 2481 1939 2536 eminens

344 2570 503 2625 debet
528 2586 648 2626 esse
671 2569 814 2641 quod
855 2571 909 2625 in
952 2571 1169 2626 nomine
1201 2571 1373 2626 Patris
1401 2581 1455 2626 et
1482 2571 1599 2626 Filii
1630 2581 1684 2627 et
1718 2572 1946 2643 Spiritus

345 2665 517 2719 sancti
559 2666 770 2720 lavacro
796 2664 1213 2735 regenerationis
1232 2665 1463 2720 abluitur
1493 2666 1705 2731 (Matth.
1741 2683 1937 2731 xxvut,

351 2754 484 2825 t9),
533 2756 659 2810 ﬁunt
686 2767 901 2812 centum
947 2757 1331 2828 quinquaginta
1379 2766 1510 2813 tres.
1561 2758 1661 2826 Qui
1692 2774 1947 2815 numerus

350 2848 570 2916 piscium
611 2850 913 2915 invenitur,
966 2851 1087 2920 quia
1127 2851 1179 2905 in
1210 2850 1484 2907 dexteram
1534 2862 1739 2922 partem
1783 2852 1945 2909 missa

348 2948 473 2993 sunt
502 2940 633 2994 retia
659 2958 673 3006 ;
705 2949 761 2995 et
791 2941 912 2996 ideo
943 2955 1164 3012 magnos
1191 2939 1371 3011 (Joan.
1400 2959 1511 3010 nt,
1536 2944 1589 3006 6,
1616 2942 1728 3016 II),
1758 2943 1809 2998 id
1839 2952 1944 3013 est,

348 3028 617 3098 perfectos
645 3038 697 3085 et
724 3045 890 3099 regno
914 3031 1170 3087 cmlorum
1197 3040 1349 3101 aptos
1372 3032 1550 3089 habet.
1592 3033 1724 3088 Nam
1751 3033 1838 3088 illa
1858 3032 1946 3091 si-

346 3120 592 3175 militudo
631 3122 836 3177 reticuli
880 3137 985 3176 non
1014 3123 1066 3176 in
1096 3121 1374 3177 dexteram
1403 3123 1586 3191 missi,
1617 3124 1774 3179 simul
1802 3124 1948 3196 cepIt

346 3210 517 3266 bonos
544 3219 599 3265 et
629 3212 821 3275 malos,
848 3212 941 3281 qui
962 3222 1277 3283 separantur
1299 3214 1351 3267 in
1380 3213 1556 3269 littore
1587 3213 1801 3285 (Matth.
1825 3231 1939 3282 xm,

344 3302 461 3373 ιε).
507 3301 661 3357 Nunc
698 3303 839 3357 enim
873 3304 1010 3357 intra
1049 3304 1184 3358 retia
1232 3316 1618 3374 praeceptorum
1662 3313 1718 3359 et
1753 3306 1945 3361 Sacra-

350 3403 656 3448 mentorum
685 3393 807 3457 Dei,
841 3394 893 3447 in
925 3394 1165 3449 Ecclesia
1192 3410 1310 3464 quae
1332 3410 1475 3450 nunc
1500 3404 1603 3462 est,
1632 3396 1792 3450 simul
1820 3395 1945 3451 boni

346 3486 583 3557 malique
620 3494 920 3540 versantur.
960 3484 1046 3541 Fit
1070 3487 1090 3518 ²
1118 3496 1297 3542 autem
1337 3487 1602 3557 separatio
1632 3486 1686 3540 in
1717 3486 1821 3542 ﬁne
1846 3502 1948 3542 ste—

345 3580 451 3633 culi
476 3621 492 3646 ,
537 3588 787 3649 tanquam
814 3579 870 3633 in
904 3578 1009 3635 ﬁne
1050 3579 1213 3634 maris
1233 3622 1248 3646 ,
1284 3580 1333 3635 id
1365 3588 1467 3648 est,
1499 3580 1552 3635 in
1582 3580 1792 3646 littore;
1823 3596 1945 3636 cum

346 3680 573 3742 regnant
595 3670 727 3740 justi
758 3672 932 3740 primo
962 3670 1347 3740 temporaliter,
1382 3671 1522 3725 sicut
1548 3671 1599 3725 in
1624 3671 1947 3744 Apocalypsi

344 3764 605 3832 scriptum
633 3770 715 3815 est
740 3803 753 3824 ,
784 3760 979 3815 deinde
1010 3762 1059 3815 in
1088 3771 1349 3817 arternum
1383 3762 1435 3816 in
1475 3762 1561 3816 illa
1588 3761 1803 3817 civitate
1828 3778 1948 3833 quae

348 3852 417 3906 ibi
463 3852 787 3906 describitur
833 3853 1015 3923 (Apoc.
1062 3850 1213 3924 χχι),
1262 3852 1350 3907 ubi
1393 3852 1502 3922 jam
1538 3854 1949 3923 conquiescente

345 3942 750 4012 diSpensatione
782 3942 1057 4012 temporali
1083 3984 1096 4006 ,
1128 3959 1248 4016 qua:
1278 3941 1698 4013 quadragenario
1723 3958 1950 3998 numero

346 4035 699 4107 significatur,
723 4034 975 4089 denarius
995 4043 1258 4102 remanet,
1278 4049 1436 4105 quam
1457 4034 1755 4090 mercedem
1780 4036 1949 4091 sancti

347 4130 435 4200 qui
464 4135 759 4200 operantur
792 4128 843 4181 in
874 4128 1023 4182 vinea
1061 4126 1363 4197 percepturi
1389 4135 1531 4182 sunt.

418 4222 472 4277 5.
506 4221 691 4275 Potest
717 4218 908 4283 etiam,
940 4219 983 4273 si
1015 4235 1273 4274 numerus
1300 4219 1401 4274 iste
1434 4218 1823 4286 consideretur,
1855 4234 1947 4275 occ

346 4328 568 4367 currere
594 4311 660 4365 ad
690 4311 942 4366 Ecclesia:
971 4311 1309 4366 sanctitatem
1334 4351 1349 4377 ,
1390 4326 1509 4380 qua:
1547 4326 1641 4381 per
1669 4311 1949 4365 Dominum

349 4414 593 4457 nostrum
631 4400 816 4457 Jesum
856 4399 1125 4455 Christum
1170 4400 1309 4455 facta
1339 4408 1424 4456 est
1456 4418 1468 4454 :
1498 4409 1554 4455 ut
1580 4401 1830 4471 quoniam
1860 4416 1949 4456 se-

349 4494 598 4564 ptenario
643 4508 872 4549 numero
917 4504 1161 4547 creatura
1207 4503 1456 4559 constat,
1514 4508 1633 4548 cum
1688 4495 1952 4550 ternarius

348 4588 546 4641 anima:
588 4593 645 4639 et
686 4584 1058 4656 quaternarius
1088 4584 1299 4653 corpori
1348 4584 1632 4648 tribuitur,
1684 4586 1952 4653 susceptio

348 4678 462 4747 ipsa
506 4676 744 4731 hominis
788 4674 1013 4730 ducatur
1050 4674 1116 4729 ad
1158 4676 1254 4729 tria
1284 4674 1499 4745 septies.
1534 4675 1665 4742 Quia
1698 4684 1753 4730 et
1794 4676 1952 4730 Pater

350 4770 496 4822 misit
524 4766 719 4822 Filium
739 4810 755 4833 ,
804 4775 859 4821 et
887 4766 1045 4821 Pater
1075 4766 1127 4820 in
1164 4765 1300 4819 Filio
1325 4774 1446 4831 est,
1477 4776 1531 4819 et
1553 4764 1696 4820 dono
1717 4764 1949 4835 Spiritus

347 4858 521 4913 sancti
569 4857 639 4912 de
669 4856 873 4925 virgine
918 4865 1074 4910 natus
1102 4864 1202 4910 est.
1251 4855 1318 4909 Et
1356 4855 1470 4910 haec
1493 4864 1618 4910 sunt
1642 4856 1761 4922 tria,
1796 4854 1953 4911 Pater

347 4961 400 5004 et
428 4949 598 5003 Filius
621 4958 673 5003 et
691 4948 919 5018 Spiritus
940 4955 1177 5001 sanctus.
1204 4947 1413 5015 Septies
1431 4955 1632 5011 autem,
1657 4952 1769 5016 ipse
1792 4946 1952 5002 homo

351 5042 633 5112 temporali
662 5040 1063 5109 dispensatione
1088 5047 1368 5108 susceptus
1396 5038 1418 5070 ⁸
1437 5078 1451 5103 ,
1485 5046 1543 5093 ιιι
1573 5038 1726 5093 ﬁeret
1749 5038 1949 5106 sempi—

349 5144 559 5191 ternus.
592 5133 677 5187 Fit
700 5147 830 5202 ergo
858 5146 1065 5185 summa
1100 5129 1307 5185 numeri
1338 5129 1523 5199 viginti
1554 5146 1740 5190 unum,
1769 5128 1821 5183 id
1847 5138 1947 5194 est,

353 5229 454 5281 tria
484 5226 714 5297 septies.
750 5224 879 5278 Haec
906 5231 1083 5277 autem
1114 5219 1346 5276 hominis
1372 5221 1640 5289 susceptio
1667 5218 1733 5275 ad
1760 5220 1953 5276 libera-

353 5320 553 5375 tionem
584 5316 754 5371 valuit
784 5314 1059 5377 Ecclesiae,
1090 5313 1174 5367 cui
1203 5318 1365 5381 caput
1384 5322 1464 5366 est
1497 5310 1711 5383 (Ephes.
1736 5328 1790 5377 v,
1818 5309 1948 5383 25);

354 5422 408 5466 ut
434 5411 549 5481 ipsa
578 5408 847 5473 Ecclesia,
871 5414 1088 5478 propter
1116 5404 1349 5460 animam
1374 5414 1427 5459 et
1450 5419 1666 5473 corpus,
1692 5405 1743 5458 in
1761 5403 1948 5459 eodem

351 5502 659 5575 septenario
701 5515 926 5554 numero
972 5508 1249 5566 reparetur
1272 5495 1315 5549 ".
1365 5496 1640 5549 Ducuntur
1679 5496 1853 5566 itaque
1874 5496 1953 5549 vi-

415 5598 431 5627 ¹
460 5594 745 5657 navarricus
768 5598 870 5657 Ms._,
894 5603 977 5653 spe
998 5596 1045 5638 et
1062 5584 1305 5657 charitate
1322 5584 1645 5649 amplexatur.

415 5659 435 5687 ³
464 5666 511 5717 At
532 5654 599 5703 ud
625 5661 701 5702 Er.
729 5651 875 5713 Lugd.
903 5651 1021 5699 Ven.
1049 5658 1179 5717 tom,
1207 5651 1324 5698 tiet.
1379 5656 1434 5696 Μ.

413 5719 433 5750 ³
455 5708 596 5773 mliti,
620 5708 870 5779 susceptus
892 5719 980 5762 est.
1005 5712 1234 5779 verbum,
1259 5717 1347 5769 est,
1368 5722 1473 5779 non!
1489 5715 1661 5779 exstat;
1672 5708 1721 5756 in
1747 5714 1862 5779 Mssa

412 5781 430 5810 "
459 5787 523 5827 tta
550 5770 599 5826 in
618 5784 726 5826 Mss.
752 5770 804 5823 At
829 5776 874 5822 in
902 5777 1114 5836 excusis,
1139 5772 1216 5822 cui
1241 5778 1384 5836 caput
1405 5777 1484 5836 est
1505 5770 1738 5821 Christus.
1765 5775 1819 5836 At
1841 5770 1950 5830 ipsa

353 5839 580 5893 Ecrlesia,
610 5842 807 5908 propter
830 5833 1039 5885 animam
1056 5828 1110 5885 et
1123 5828 1316 5898 corpus,
1333 5832 1380 5884 in
1395 5833 1562 5885 eodem
1576 5828 1844 5897 septatarto
1858 5828 1948 5881 ttu-

351 5914 483 5953 mero
507 5905 770 5960 reperitur.

578 5968 858 6027 PATROL.
905 5963 1037 6026 XL.

2056 547 2186 617 ginti
2214 562 2376 603 unum
2404 550 2635 619 septies,
2679 558 2897 621 propter
2923 565 3016 606 eos
3054 551 3142 621 qui
3185 566 3281 622 per
3313 551 3645 609 Domi‘nicum

2056 637 2327 693 hominem
2359 638 2657 695 liberantur
2680 682 2694 702 ,
2742 650 2798 696 et
2828 640 2961 695 ﬁunt
2990 641 3145 697 simul
3172 653 3387 699 centum
3419 645 3648 713 quadra.

2053 728 2197 799 ginta
2226 738 2453 800 septem.
2481 729 2576 786 Cui
2607 731 2821 785 additur
2859 732 3104 788 senarius
3132 748 3408 799 numerus,
3436 735 3648 805 signum

2055 820 2429 887 perfectionis,
2462 824 2585 892 quia
2617 824 2855 891 partibus
2880 827 2990 878 suis
3011 862 3027 891 ,
3070 840 3189 894 quae
3231 826 3377 880 illum
3411 828 3645 882 metiun-

2055 917 2166 975 tur,
2198 920 2403 966 constat
2430 954 2445 979 ,
2477 914 2546 967 ita
2576 924 2631 967 ut
2660 914 2789 968 nihil
2822 916 2997 969 minus
3040 915 3278 986 nihilque
3312 919 3542 986 amplius
3570 920 3645 973 in-

2052 1005 2315 1060 veniatur.
2366 1006 2581 1062 Metitur
2621 1007 2817 1077 quippe
2864 1008 3011 1062 illum
3056 1025 3255 1071 unum,
3296 1011 3435 1079 quod
3492 1012 3648 1067 habet

2054 1095 2267 1162 sexies;
2294 1090 2351 1152 et
2368 1098 2494 1164 duo,
2525 1115 2644 1168 quas
2671 1098 2831 1153 habet
2858 1109 2971 1165 ter;
2999 1109 3053 1154 et
3072 1100 3191 1164 tria,
3217 1116 3337 1170 quae
3360 1101 3440 1157 bis
3459 1101 3646 1156 habet:

2053 1201 2173 1256 quae
2199 1188 2360 1242 simul
2386 1189 2561 1251 ducta,
2592 1206 2754 1243 unum
2778 1198 2831 1244 et
2850 1189 2957 1243 duo
2978 1200 3032 1244 et
3061 1191 3180 1256 tria,
3202 1205 3293 1245 sex
3324 1191 3475 1246 ﬁunt.
3496 1192 3647 1259 Quod

2054 1277 2280 1335 fortasse
2306 1281 2370 1336 ad
2404 1280 2531 1335 illud
2560 1282 2719 1334 etiam
2753 1291 3141 1336 saeramentum
3191 1282 3459 1349 pertinet,
3506 1283 3649 1353 quod

2056 1369 2196 1424 Dens
2225 1379 2377 1424 sexta
2403 1370 2489 1425 die
2512 1370 2735 1439 perfecit
2759 1372 2936 1425 omnia
2965 1386 3126 1439 opera
3155 1387 3248 1425 sua
3282 1370 3434 1442 (Gen.
3470 1386 3501 1427 ιι
3522 1415 3535 1437 ,
3565 1372 3646 1440 2).

2054 1462 2132 1516 Ad
2164 1472 2376 1516 centum
2405 1477 2533 1532 ergo
2560 1472 2612 1518 et
2642 1468 2991 1533 quadraginta
3034 1474 3238 1533 septem
3269 1480 3390 1520 cum
3425 1481 3522 1521 sex
3551 1468 3649 1521 atl-

2051 1555 2284 1623 dideris,
2327 1556 2469 1626 quod
2492 1565 2576 1611 est
2597 1557 2807 1627 signum
2856 1556 3198 1627 perfecﬁonis
3222 1600 3237 1622 ,
3282 1559 3413 1613 ﬁunt
3436 1570 3649 1615 centum

2051 1648 2430 1719 quinquaginta
2475 1649 2621 1703 tria:
2656 1649 2744 1719 qui
2792 1665 3049 1703 numerus
3094 1650 3314 1719 piscium
3360 1652 3647 1713 invenitur.

2056 1750 2400 1808 posteaquam
2438 1740 2588 1810 jussu
2616 1739 2826 1795 Domini
2871 1742 2921 1795 in
2953 1742 3224 1797 dexteram
3260 1754 3460 1812 partem
3488 1745 3649 1799 missa

2051 1839 2177 1883 sunt
2206 1834 2359 1892 retia,
2392 1831 2482 1885 ubi
2509 1840 2815 1900 peccatores
2840 1832 2928 1903 qui
2954 1832 3019 1886 ad
3045 1833 3316 1888 sinistram
3356 1836 3645 1905 pertinent,

2053 1937 2158 1978 non
2188 1924 2547 1979 inveniuntur.

2442 2016 2621 2071 LVIII.
2652 2016 2733 2071 De
2755 2015 2955 2071 Joanne
2991 2017 3244 2089 Baptista.

2126 2108 2176 2161 Ι.
2218 2106 2452 2163 Joannes
2483 2108 2745 2179 Baptista,
2772 2107 3108 2164 considerata
3148 2109 3409 2179 scriptura
3437 2126 3555 2179 quae
3583 2110 3652 2165 de

2052 2196 2143 2252 illo
2174 2199 2224 2252 in
2269 2199 2554 2269 Evangelio
2601 2200 2830 2271 legitur,
2875 2201 3056 2255 multis
3098 2201 3459 2271 probabilibus
3485 2203 3653 2258 docu-

2053 2291 2250 2346 mentis
2286 2307 2396 2346 non
2437 2292 2669 2348 absurde
2706 2292 2943 2349 creditur
2972 2293 3266 2365 prophetire
3290 2305 3499 2366 gestare
3528 2313 3651 2366 pero

2051 2395 2238 2436 Sonam
2264 2424 2278 2447 ,
2331 2391 2385 2438 et
2420 2399 2484 2438 eo
2527 2383 2759 2439 maxime
2801 2385 2941 2455 quod
2971 2385 3039 2441 de
3071 2386 3162 2441 illo
3205 2386 3461 2442 Dominus
3498 2388 3650 2457 dicit,

2053 2472 2184 2529 Plus
2214 2490 2364 2544 quant
2392 2476 2640 2547 propheta
2669 2473 2879 2547 (Matth.
2909 2493 2962 2531 ιι
2982 2518 2997 2544 ,
3029 2477 3105 2548 9).
3155 2478 3252 2534 Hic
3280 2478 3542 2549 siquidem
3572 2492 3653 2537 l0-

2053 2563 2158 2620 tins
2187 2565 2503 2637 prophetiae,
2531 2581 2651 2636 qua:
2674 2566 2740 2622 ab
2763 2567 2984 2621 exordio
3002 2568 3217 2637 generis
3242 2568 3457 2623 humani
3486 2586 3653 2640 usque

2054 2656 2120 2711 ad
2147 2656 2434 2711 adventum
2464 2656 2677 2712 Domini
2707 2657 2774 2712 de
2804 2658 3031 2712 Domino
3055 2657 3192 2714 facta
3227 2668 3327 2724 est,
3363 2661 3647 2733 imaginem

2050 2756 2242 2818 gestat.
2286 2747 2384 2802 Est
2413 2756 2590 2803 autem
2623 2742 2894 2818 Evangelii
2925 2764 3153 2818 persona
3180 2750 3231 2805 in
3259 2751 3377 2821 ipso
3404 2753 3649 2819 Domino,

2050 2853 2170 2909 quae
2198 2854 2293 2907 per
2321 2838 2656 2909 prophetiam
2704 2841 3162 2909 pramuntiabatur
3184 2883 3199 2909 ,
3242 2843 3397 2912 cujus
3431 2853 3655 2915 augetur

2054 2934 2359 3004 praedicatio
2405 2949 2501 3003 per
2541 2933 2847 2989 universum
2895 2934 3081 2990 orbem
3121 2943 3383 2991 terrarum
3417 2937 3485 2993 ab
3530 2939 3650 3007 ipso

2051 3026 2260 3082 Domini
2281 3024 2511 3081 adventu
2546 3044 2559 3080 :
2593 3025 2870 3096 pr0phetia
2896 3036 3073 3082 autem
3097 3028 3355 3084 minuitur
3370 3041 3651 3101 postquam

2052 3120 2106 3177 id
2134 3120 2275 3193 quod
2300 3120 2693 3190 prcenuntiabat
2716 3120 2950 3175 advenit.
2978 3119 3160 3191 Itaque
3202 3122 3459 3179 Dominus
3489 3123 3648 3179 dicit:

2051 3211 2161 3268 Lex
2194 3221 2241 3268 et
2268 3212 2545 3283 Propheta:
2572 3229 2726 3285 usque
2747 3210 2817 3265 ad
2847 3210 3101 3266 Joannem
3127 3212 3446 3285 Baptistam;
3470 3215 3653 3271 abhinc

2050 3323 2261 3378 regnum
2301 3305 2395 3360 Dei
2441 3305 2749 3376 prcedicatur
2790 3303 3100 3375 (Lucam,
3136 3307 3248 3377 16).
3304 3306 3373 3361 Ει
3413 3307 3653 3363 Joannes

2052 3399 2167 3469 ipse
2200 3417 2213 3452 :
2254 3398 2413 3453 Illum
2432 3440 2449 3461 ,
2477 3398 2682 3467 inquit,
2711 3407 2906 3469 oportet
2925 3414 3179 3464 crescere,
3202 3415 3283 3454 me
3302 3408 3469 3455 autem
3494 3402 3654 3457 minui

2054 3489 2231 3563 (Joan.
2267 3506 2356 3554 tu,
2384 3489 2499 3559 '50).
2553 3487 2705 3557 Quod
2732 3496 2786 3543 et
2823 3488 3010 3543 diebus
3038 3488 3231 3557 quibus
3274 3491 3383 3545 nati
3415 3500 3558 3559 sunt,
3598 3501 3654 3548 et

2054 3580 2317 3636 mortibus
2368 3579 2561 3650 quibus
2599 3579 2740 3648 passi
2787 3589 2952 3644 sunt,
3004 3581 3281 3649 ﬁguratum
3313 3589 3413 3636 est.
3468 3582 3653 3639 Nasci-

2052 3683 2140 3731 tur
2180 3689 2410 3743 namque
2456 3672 2689 3728 Joannes
2732 3687 2796 3727 ex
2844 3686 2950 3741 quo
2991 3671 3108 3727 dies
3152 3671 3411 3742 incipiunt
3451 3676 3648 3729 minui:

2054 3767 2290 3823 nascitur
2318 3765 2571 3820 Dominus
2601 3780 2666 3819 ex
2693 3778 2800 3833 quo
2822 3762 2938 3818 dies
2974 3762 3232 3832 incipiunt
3260 3778 3521 3820 crescere.
3553 3765 3655 3820 Ca-

2056 3861 2163 3930 pite
2189 3859 2278 3914 ille
2318 3858 2575 3912 minuitur
2596 3897 2611 3919 ,
2644 3856 2768 3910 dum
2791 3853 3054 3911 occiditur
3091 3870 3105 3908 :
3134 3853 3220 3909 bic
3243 3871 3371 3910 vero
3394 3856 3654 3910 attollitur

2056 3952 2110 4007 in
2155 3964 2336 4005 cruce.
2386 3948 2674 4017 Postquam
2724 3959 2854 4014 ergo
2894 3944 3173 4013 prophetia
3203 3945 3313 4014 ipsa
3357 3945 3408 3998 in
3446 3944 3653 4002 Joanne

2054 4044 2342 4100 constituta
2367 4041 2535 4109 digito
2558 4037 2792 4093 ostendit
2815 4045 3156 4109 prmsentem,
3188 4052 3345 4107 quem
3370 4048 3650 4094 venturum

2055 4136 2125 4191 ab
2150 4134 2372 4191 exordio
2418 4131 2629 4202 generis
2658 4128 2877 4185 humani
2906 4128 3174 4182 occinerat
3196 4167 3213 4194 ,
3257 4127 3442 4198 incipit
3463 4129 3650 4193 minui,

2056 4240 2215 4299 atque
2258 4227 2380 4281 inde
2425 4240 2670 4281 crescere
2715 4220 3021 4293 praedicatio
3058 4223 3204 4293 regni
3251 4223 3362 4277 Dei.
3421 4223 3485 4277 Et
3532 4224 3653 4277 ideo

2057 4320 2344 4390 baptizavit
2380 4319 2615 4374 Joannes
2658 4316 2711 4371 in
2752 4312 3121 4385 paenitentiam
3156 4312 3368 4381 (Matth.
3402 4330 3488 4378 tu,
3518 4314 3605 4385 II)
3635 4334 3650 4370 :

2058 4415 2241 4470 ﬁnitur
2266 4412 2408 4469 enim
2435 4420 2587 4466 vetus
2627 4408 2734 4465 vita
2760 4422 2932 4479 usque
2957 4406 3024 4462 ad
3064 4407 3429 4479 pmnitentiam
3450 4449 3465 4473 ,
3493 4418 3653 4479 atque

2058 4505 2182 4561 inde
2208 4504 2389 4571 incipit
2420 4517 2576 4557 nova.

2126 4598 2183 4652 Ξ.
2212 4596 2328 4652 Non
2355 4606 2531 4650 autem
2565 4600 2769 4647 tantum
2809 4592 2864 4647 in
2894 4592 2958 4646 iis
2986 4591 3074 4661 qui
3113 4591 3326 4661 proprie
3368 4590 3651 4662 Propheta:

2058 4687 2305 4759 appellati
2336 4696 2494 4749 sunt,
2526 4684 2620 4742 sed
2653 4684 2706 4739 in
2746 4684 2857 4753 ipsa
2887 4681 3100 4738 Veteris
3127 4682 3455 4739 Testamenti
3486 4684 3655 4739 histo-

2057 4779 2135 4833 ria
2163 4777 2437 4849 prophetia
2470 4791 2574 4829 non
2603 4774 2763 4830 silere
2789 4773 3056 4843 colligitur
3076 4773 3145 4828 ab
3167 4774 3247 4829 eis
3275 4773 3363 4844 qui
3389 4774 3476 4844 pie
3500 4791 3653 4845 qum-

2058 4881 2203 4939 runt,
2243 4880 2299 4926 et
2338 4870 2403 4925 ad
2452 4869 2568 4923 haec
2612 4866 2975 4937 investiganda
3020 4865 3274 4923 divinitus
3312 4866 3644 4937 adjuvantur.

2059 4964 2295 5020 Maxime
2333 4970 2510 5017 tamen
2538 4960 2644 5015 illis
2668 4958 3090 5015 cvidentioribus
3125 4974 3305 5013 rerum
3352 4958 3531 5027 ﬁguris
3560 4975 3653 5029 ap.

2060 5064 2209 5125 paret
2242 5072 2254 5107 :
2284 5052 2425 5124 quod
2452 5051 2583 5107 Abel
2603 5050 2778 5121 justus
2804 5065 2833 5104 a
2861 5048 3020 5103 fratre
3050 5046 3367 5103 interﬁcitur
3393 5046 3546 5120 (Gen.
3581 5066 3655 5115 tv,

2059 5148 2136 5217 8),
2165 5156 2220 5202 et
2239 5146 2495 5201 Dominus
2520 5160 2547 5197 a
2572 5142 2771 5199 Iudaeis
2803 5160 2816 5194 :
2845 5141 2986 5211 quod
3014 5155 3134 5195 arca
3157 5139 3291 5207 Noe,
3322 5149 3571 5219 tanquam
3604 5144 3656 5198 iu

2058 5238 2259 5295 diluvio
2287 5236 2466 5293 surculi
2494 5234 2730 5290 Ecclesia
2757 5232 3085 5302 gubernatur
3109 5230 3221 5300 (Id.
3256 5247 3349 5298 vn,
3382 5232 3435 5303 I)
3470 5250 3484 5286 :
3514 5235 3656 5303 quod

2059 5332 2205 5387 Isaac
2243 5325 2601 5383 immolandus
2644 5323 2756 5377 Deo
2802 5321 3045 5386 ducitur,
3094 5330 3149 5377 et
3187 5322 3328 5377 aries
3355 5337 3452 5393 pro
3490 5322 3579 5378 illo
3608 5325 3659 5379 in

2059 5426 2301 5481 sentibus
2363 5432 2611 5489 tanquam
2660 5416 2946 5472 cruciﬁxus
2983 5417 3291 5486 agnoscitur
3333 5416 3469 5487 (Id.
3520 5433 3657 5483 xxn,

2058 5518 2209 5583 3-15)
2241 5534 2255 5570 :
2285 5511 2427 5582 quod
2455 5512 2507 5565 in
2532 5509 2739 5565 duobus
2761 5508 2987 5563 Abrahae
3023 5508 3143 5562 ﬁliis
3169 5550 3183 5572 ,
3213 5523 3321 5563 uno
3346 5507 3413 5563 de
3438 5508 3656 5573 ancilla,

2058 5609 2228 5664 altero
2256 5605 2323 5661 de
2344 5603 2531 5666 libera,
2560 5600 2668 5656 duo
2696 5600 3035 5654 Testamenta
3066 5597 3431 5667 intelliguntur
3458 5596 3655 5660 (Gnlnt.

2061 5717 2134 5766 Iv,
2163 5694 2357 5769 22-24)
2390 5693 2568 5767 :quod
2595 5692 2701 5748 duo
2729 5690 2913 5763 populi
2940 5690 2990 5744 in
3029 5688 3287 5758 geminis,
3333 5688 3473 5743 Esau
3509 5690 3656 5744 scili-

2057 5798 2143 5845 cet
2169 5797 2223 5844 et
2256 5786 2422 5843 Jacob
2444 5828 2459 5853 ,
2489 5791 2968 5856 prtemonstrantur
3000 5779 3153 5852 (Gen.
3184 5794 3314 5846 xxv,
3338 5778 3430 5848 25)
3469 5796 3483 5833 :
3514 5780 3656 5848 quod

2060 5880 2258 5952 Joseph
2295 5896 2326 5937 a
2352 5878 2600 5936 fratribus
2636 5875 3329 6029 persecutionem/passus,
3371 5872 3439 5928 ab
3466 5872 3658 5928 alienis

2474 5968 2477 5971 I
2725 5958 2751 5976 ”
3099 5964 3345 6029 Detur.)

2474 5968 2477 5971 “
2725 5958 2751 5976 ”
3064 5962 3345 6033 {Deum}
