4136 6548
460 485 531 538 43
1132 479 1220 534 DE
1261 478 1573 534 DIVERSIS
1611 476 2127 546 QUAZSTIUNIBUS
2166 477 2464 543 LXXXIII,
2511 479 2569 535 S.
2609 478 2997 536 AUGUSTINI.
3679 486 3749 541 ιιι

463 602 754 653 honoratur
779 593 929 667 (Gen.
962 608 1139 647 xxxvn
1163 634 1176 654 ,
1208 591 1320 662 xu)
1346 610 1360 658 ;
1414 593 1547 646 sicut
1573 592 1828 646 Dominus
1853 590 2051 647 Judaeis

462 687 901 759 persequentibus
925 724 942 751 ,
986 683 1123 753 apud
1162 682 1363 738 Gentes
1409 683 1729 738 clariticatus
1757 692 1859 737 est.
1910 682 2054 737 Lon-

459 794 581 852 gum
613 788 695 834 est
739 789 1162 832 commemorare
1209 774 1448 843 singula,
1500 789 1618 829 cum
1660 776 1728 828 ita
1774 774 2053 828 concludat

463 872 749 943 Apostolus
776 879 830 925 et
860 869 1038 924 dicat:
1070 867 1196 921 ch
1236 878 1403 922 autem
1432 868 1485 921 in
1510 868 1675 938 ﬁgura
1700 867 2050 937 contingebant

458 966 565 1028 eis;
595 964 785 1031 scripta
817 970 934 1016 sunt
958 970 1126 1015 autem
1148 970 1354 1032 propter
1372 976 1485 1024 nos,
1516 959 1568 1011 in
1594 975 1718 1029 quos
1748 958 1866 1027 ﬁnis
1891 974 2051 1012 sescu-

458 1057 624 1110 lorum
650 1055 844 1108 devenit
870 1054 912 1124 (ι
941 1051 1062 1108 Cor.
1090 1069 1124 1108 χ
1151 1095 1165 1119 ,
1201 1052 1312 1122 11).
1352 1050 1500 1107 Finis
1526 1060 1702 1105 autem
1733 1051 2049 1121 sgeculorum

459 1155 711 1215 tanquam
738 1154 986 1200 senectus
1006 1145 1201 1199 veteris
1232 1143 1496 1209 hominis,
1528 1158 1649 1197 cum
1682 1150 1850 1196 totum
1882 1157 2050 1211 genus

363 1265 366 1268 ~
459 1239 748 1294 humanum
774 1248 1021 1310 tanquam
1044 1254 1205 1293 unum
1232 1237 1500 1293 hominem
1522 1238 1881 1301 constitueris,
1900 1246 2047 1290 sexta

456 1343 614 1386 aetate
643 1332 883 1400 signatur
907 1373 920 1394 ,
953 1345 1055 1401 qua
1090 1330 1342 1385 Dominus
1374 1331 1537 1384 venit.
1581 1330 1715 1385 Sunt
1753 1330 1893 1383 enim
1916 1338 2045 1383 teta—

458 1430 539 1475 tes
565 1437 659 1474 sex
686 1421 846 1474 etiam
875 1423 927 1474 in
957 1436 1065 1474 uno
1086 1420 1336 1485 homine;
1370 1419 1610 1484 infantia,
1638 1420 1886 1490 pueritia,
1914 1419 2045 1473 ado-

456 1512 746 1577 lescentia,
809 1510 1089 1580 juventus,
1139 1511 1404 1581 gravitas,
1452 1520 1506 1564 et
1551 1519 1817 1564 senectus.
1872 1508 2046 1563 Prima

458 1605 639 1676 itaque
680 1607 891 1675 generis
934 1605 1149 1660 humani
1194 1615 1323 1662 tetas
1351 1615 1433 1660 est
1461 1607 1528 1661 ab
1567 1605 1737 1660 Adam
1779 1620 1948 1675 usque
1981 1605 2046 1659 ad

457 1699 590 1754 Nec.
632 1698 875 1754 Secunda
895 1740 909 1764 ,
939 1714 968 1752 a
998 1697 1110 1753 Noe
1134 1699 1200 1752 ad
1235 1698 1500 1753 Abraham
1534 1716 1545 1751 :
1578 1698 1666 1768 qui
1697 1697 1902 1752 articuli
1925 1704 2050 1752 sunt

456 1790 840 1846 evidentissimi
870 1799 923 1846 et
951 1790 1232 1846 notissimi.
1264 1790 1462 1855 Tertia,
1495 1790 1562 1844 ab
1592 1790 1858 1844 Abraham
1881 1806 2048 1859 usque

456 1882 522 1937 ad
569 1882 732 1937 David
773 1900 786 1935 :
825 1883 904 1937 sic
941 1883 1085 1937 enim
1130 1882 1407 1937 Matthmus
1449 1883 1775 1953 evangelista
1823 1884 2048 1953 partitur

459 1972 670 2046 (.Ilatth.
704 1990 742 2040 ι,
775 1975 887 2043 I7).
916 1974 1130 2041 Quarta,
1161 1991 1191 2029 a
1222 1975 1381 2029 David
1416 1991 1581 2045 usque
1609 1975 1673 2029 ad
1707 1974 2049 2045 transmigra-

459 2066 659 2120 tionem
691 2065 741 2119 in
770 2065 1138 2137 Babyloniam.
1181 2066 1376 2129 Quinta
1396 2109 1409 2130 ,
1442 2081 1471 2119 a
1503 2067 1966 2137 transmigratione
1993 2067 2046 2120 in

458 2155 805 2227 Babyloniam
843 2172 1011 2225 usque
1050 2156 1115 2210 ad
1156 2157 1442 2212 adventum
1472 2157 1704 2211 Domini.
1754 2158 1950 2223 Sexta,
1979 2156 2048 2211 ab

456 2247 685 2301 adventu
716 2247 923 2300 Domini
957 2263 1123 2317 usque
1154 2248 1205 2301 in
1237 2248 1392 2302 finem
1428 2248 1607 2303 saeculi
1638 2247 1898 2317 speranda
1920 2255 2045 2302 est:

456 2355 556 2408 qua
588 2339 826 2393 exterior
870 2338 1031 2393 homo
1072 2347 1319 2409 tanquam
1365 2347 1639 2393 senectute
1663 2340 2043 2409 corrumpitur,

454 2432 544 2500 qui
572 2432 730 2485 etiam
760 2441 911 2485 vetus
940 2431 1160 2495 dicitur,
1206 2441 1259 2485 et
1285 2432 1509 2485 interior
1537 2440 1830 2486 renovatur
1863 2429 1931 2484 de
1958 2429 2044 2484 die

456 2523 510 2576 in
535 2523 671 2576 diem
702 2521 766 2591 (II
794 2522 913 2575 Cor.
943 2538 1014 2588 tv,
1050 2522 1157 2594 16).
1193 2520 1317 2576 Inde
1347 2523 1561 2592 requies
1582 2523 1904 2592 sempiterna
1938 2528 2041 2588 est,

453 2629 572 2685 quae
602 2613 930 2684 significatur
950 2613 1188 2669 sabbato.
1215 2612 1346 2668 Huic
1364 2617 1439 2667 rei
1462 2615 1704 2684 congruit
1720 2613 1861 2683 quod
1881 2613 2043 2667 homo

454 2716 607 2760 sexto
646 2706 735 2761 die
782 2706 951 2759 factus
981 2714 1063 2760 est
1107 2705 1174 2760 ad
1219 2706 1501 2776 imaginem
1546 2716 1599 2760 et
1639 2704 2042 2759 similitudinem

456 2798 546 2851 Dei
576 2796 725 2870 (Gen.
759 2814 811 2865 ι,
837 2796 953 2868 27).
1000 2796 1171 2853 Nemo
1201 2806 1377 2851 autem
1425 2798 1631 2866 ignorat
1660 2796 1933 2850 hominum
1960 2796 2043 2849 vi-

452 2897 560 2942 tam
581 2888 693 2957 jam
721 2888 921 2958 aliquid
936 2888 1417 2952 administrantem,
1441 2882 1745 2957 cognitione
1766 2895 1819 2941 et
1834 2889 2043 2942 actione

450 2978 645 3033 fulciri.
687 2978 818 3031 Nam
860 2988 914 3032 et
952 2978 1091 3031 actio
1123 2981 1405 3034 temeraria
1449 2987 1531 3033 est
1572 2979 1688 3032 sine
1716 2978 2037 3045 cognitione,

451 3079 506 3124 et
549 3069 667 3125 sine
709 3070 919 3125 actione
963 3069 1149 3139 ignava
1194 3070 1445 3138 cognitio.
1486 3068 1589 3124 Sed
1619 3070 1785 3137 prima
1813 3069 1921 3122 vita
1948 3068 2043 3123 ho-

452 3158 613 3213 minis
637 3201 652 3224 ,
689 3160 773 3213 cui
804 3160 948 3214 nulla
980 3159 1368 3213 adminisuatio
1397 3168 1540 3213 recte
1570 3158 1807 3213 creditur
1829 3201 1844 3225 ,
1884 3159 2042 3229 quin-

453 3265 558 3318 que
600 3250 846 3303 sensibus
889 3250 1131 3320 corporis
1178 3248 1357 3304 dedita
1403 3258 1526 3313 est;
1573 3249 1662 3320 qui
1704 3259 1829 3304 sunt
1871 3250 2040 3314 visus,

451 3341 684 3407 auditus,
714 3340 963 3409 olfactus,
1012 3349 1218 3411 gustus,
1254 3351 1444 3395 tactus.
1473 3342 1541 3395 Et
1568 3341 1689 3396 ideo
1711 3341 1829 3396 dna:
1854 3343 2043 3411 primae

453 3443 641 3489 aetates
670 3436 884 3505 generis
908 3433 1124 3487 humani
1152 3432 1303 3488 denis
1333 3433 1762 3503 generationibus
1792 3433 2044 3488 definiun-

454 3534 576 3590 tur,
626 3533 871 3594 tanquam
913 3523 1133 3579 infantia
1166 3532 1219 3578 et
1266 3525 1524 3593 pueritia;
1564 3525 1810 3594 quinario
1836 3525 2043 3580 scilicet

453 3615 723 3684 geminato
748 3655 761 3679 ,
789 3614 1039 3683 quoniam
1068 3614 1343 3683 generatio
1378 3623 1605 3684 utroque
1625 3629 1757 3669 sexu
1787 3629 2043 3684 propaga-

454 3714 559 3759 tur.
605 3705 739 3759 Sunt
782 3719 911 3775 ergo
946 3706 1317 3775 generationes
1354 3704 1541 3760 decem
1571 3706 1638 3759 ab
1676 3706 1843 3761 Adam
1877 3722 2043 3776 usque

452 3795 519 3850 ad
558 3794 709 3858 Noe,
753 3805 808 3850 et
857 3795 980 3849 inde
1018 3809 1186 3864 usque
1225 3794 1291 3848 ad
1338 3794 1606 3850 Abraham
1650 3797 1769 3850 alia:
1813 3796 2039 3861 decem;

455 3899 589 3957 quas
616 3884 749 3940 duas
790 3894 972 3939 anates
1016 3884 1288 3939 infantiam
1320 3894 1372 3939 et
1400 3886 1679 3957 pueritiam
1709 3888 1920 3957 generis
1945 3886 2043 3941 hu-

453 3975 601 4031 mani
630 3991 751 4031 esse
779 3976 1030 4030 diximus.
1076 3974 1447 4041 Adolescentia
1476 3992 1603 4030 vero
1627 3986 1681 4031 et
1710 3977 1965 4047 juventus
1990 3987 2045 4032 et

451 4072 704 4142 gravitas,
738 4070 788 4123 id
816 4077 915 4134 est,
948 4069 1016 4123 ab
1041 4068 1308 4122 Abraham
1337 4083 1503 4138 usque
1529 4068 1595 4123 ad
1626 4069 1813 4137 David,
1844 4080 1899 4124 et
1921 4069 2044 4124 inde

454 4176 622 4233 usque
650 4161 713 4215 ad
760 4158 1275 4229 transmigrationem
1308 4161 1362 4215 in
1405 4160 1784 4233 Babyloniam,
1828 4171 1884 4216 et
1922 4161 2044 4216 inde

458 4268 626 4323 usque
668 4251 733 4306 ad
776 4252 1064 4306 adventum
1110 4251 1358 4316 Domini,
1388 4260 1615 4321 quatuor
1642 4252 1795 4306 denis
1820 4267 2047 4322 genera-

458 4345 689 4401 tionibus
722 4345 1051 4415 figurantur;
1081 4343 1383 4414 septenario
1409 4343 1675 4413 geminato
1703 4342 1768 4396 ad
1800 4343 2043 4398 eamdem

457 4437 856 4505 generationem
889 4434 907 4466 ί
936 4434 1213 4504 utriusque
1255 4448 1419 4489 sexus
1441 4475 1456 4497 ,
1512 4448 1635 4488 cum
1682 4434 1926 4502 quinario
1955 4434 2043 4503 qui

458 4539 540 4582 est
590 4529 645 4583 in
692 4526 939 4582 sensibus
984 4526 1252 4594 corporis,
1302 4526 1441 4579 actio
1488 4537 1545 4580 et
1589 4526 1821 4597 cognitio
1867 4527 2044 4579 addita

457 4620 634 4675 fuerit.
678 4617 940 4674 Senectus
984 4626 1161 4671 autem
1204 4616 1346 4672 solet
1387 4617 1547 4670 etiam
1602 4625 1811 4671 tantum
1858 4625 2043 4671 tenere

459 4710 740 4781 temporis,
765 4717 1021 4777 quantum
1048 4707 1265 4776 reliqua:
1292 4722 1478 4762 omnes
1507 4716 1713 4762 aetates.
1760 4707 1892 4761 Nam
1922 4722 2043 4762 cum

458 4817 489 4857 a
517 4799 849 4871 sexagesimo
876 4812 1016 4853 anno
1040 4806 1288 4853 senectus
1315 4797 1521 4852 dicatur
1550 4799 1799 4868 incipere,
1832 4808 1888 4855 et
1917 4813 2046 4869 pos-

462 4894 530 4948 sit
560 4892 791 4948 humana
831 4890 936 4944 vita
982 4905 1150 4960 usque
1175 4889 1241 4944 ad
1271 4901 1485 4945 centum
1513 4891 1697 4961 viginti
1726 4906 1894 4946 annos
1918 4907 2044 4963 per-

460 4986 674 5050 venire,
718 4980 1055 5038 manifestum
1095 4990 1176 5036 est
1202 4982 1368 5037 solam
1400 4990 1727 5036 senectutem
1757 4998 1915 5052 posse
1940 4994 2045 5037 tam

461 5076 673 5146 longam
722 5090 881 5141 esse,
933 5089 1090 5145 quam
1127 5088 1316 5129 omnes
1360 5082 1545 5129 aetates
1584 5084 1795 5130 cauerat
1841 5077 2048 5146 priores

465 5178 607 5223 sunt.
647 5167 800 5224 Etas
840 5168 1001 5238 igitur
1028 5167 1212 5222 ultima
1255 5166 1468 5237 generis
1508 5166 1762 5231 humani,
1804 5183 1923 5237 quae
1966 5168 2049 5222 in-

460 5260 588 5328 cipit
619 5274 649 5312 a
681 5258 888 5312 Domini
914 5257 1141 5313 adventu
1166 5300 1182 5325 ,
1231 5274 1400 5327 usque
1424 5258 1475 5312 in
1510 5257 1669 5313 finem
1695 5258 1895 5323 steculi,
1926 5259 2049 5328 qui-

462 5356 563 5409 bus
590 5350 1019 5422 generationibus
1042 5360 1379 5420 computetur
1421 5351 1680 5406 incertum
1711 5358 1794 5405 est
1823 5368 1837 5403 :
1865 5361 1920 5405 et
1946 5350 2051 5405 hoc

461 5447 663 5500 utiliter
690 5444 829 5498 Deus
856 5440 1026 5495 voluit
1066 5440 1267 5505 latere,
1310 5442 1448 5496 sicut
1485 5442 1538 5496 in
1585 5442 1874 5512 Evangelio
1910 5442 2050 5495 scri-

460 5551 607 5608 ptum
644 5546 726 5591 est
750 5533 964 5605 (Matth.
996 5547 1128 5587 niv
1147 5572 1163 5597 ,
1190 5533 1285 5602 56)
1312 5573 1327 5597 ,
1357 5542 1415 5589 et
1435 5535 1720 5603 Apostolus
1744 5544 2047 5599 attestatur,

458 5634 647 5687 dicens
696 5629 839 5685 diem
880 5624 1093 5680 Domini
1134 5634 1384 5694 tanquam
1423 5623 1594 5680 forem
1632 5627 1688 5681 in
1735 5636 1892 5681 nocte
1929 5640 2051 5681 esse

460 5730 743 5777 venturum
767 5716 807 5789 (I
837 5716 1016 5772 Thess.
1046 5731 1101 5779 v,
1128 5714 1208 5785 2).

531 5814 584 5869 5.
613 5811 716 5868 Sed
750 5822 924 5865 tamen
951 5817 1098 5864 sexta
1143 5813 1300 5861 aetate
1324 5804 1594 5861 visitatum
1618 5820 1737 5863 esse
1765 5822 1932 5879 genus
1959 5807 2055 5864 hu-

526 5948 545 5978 ι
571 5949 669 5996 nat.
698 5948 750 5993 et
768 5941 945 5991 decem
966 5947 1095 6001 Mss.,
1116 5937 1183 5989 ad
1200 5935 1418 5990 eandem
1441 5934 1691 5988 rationem.

2158 607 2370 647 manum
2417 594 2598 647 humili
2648 592 2858 649 Domini
2901 594 3163 663 adventu,
3212 597 3455 667 superius
3485 597 3749 657 distinctis

2154 685 2584 754 generationibus
2613 685 2887 742 edocetur.
2917 687 3030 755 Qua
3056 689 3356 743 visitatione
3384 691 3597 761 incmpit
3630 708 3747 746 ma-

2155 775 2393 829 nifestari
2419 776 2719 845 prephctia,
2742 792 2860 847 qum
2886 780 3249 847 superioribus
3288 782 3517 852 quinque
3564 784 3741 837 artati-

2154 864 2253 919 bus
2306 865 2457 918 latuit
2512 882 2525 918 :
2579 866 2732 935 cujus
2790 868 3079 937 prephetize
3148 886 3427 935 personam
3497 872 3748 942 quoniam

2153 954 2386 1009 Joannes
2419 958 2695 1024 gestabat,
2721 966 2775 1010 ut
2812 972 2969 1027 supra
2998 957 3193 1014 dictum
3221 970 3302 1014 est
3324 1002 3336 1025 ,
3366 962 3485 1016 ideo
3510 978 3575 1017 ex
3601 963 3746 1017 seni-

2155 1046 2252 1099 bus
2280 1048 2583 1115 parentibus
2613 1049 2845 1103 nascitur
2866 1091 2880 1114 ,
2918 1058 3163 1119 tanquam
3192 1064 3508 1108 senescente
3552 1055 3749 1108 saeculo

2155 1138 2429 1206 pr0phetia
2462 1138 2547 1192 illa
2580 1140 2912 1195 innotescere
2943 1142 3185 1210 incipiat;
3214 1153 3268 1197 et
3314 1145 3550 1214 quinque
3599 1162 3753 1200 men-

2153 1228 2300 1283 sibus
2329 1244 2386 1283 se
2410 1232 2639 1284 occultat
2670 1242 2839 1286 mater
2861 1232 2976 1302 ejus
2995 1275 3010 1300 ,
3043 1235 3177 1288 sicut
3215 1237 3470 1305 scriptum
3497 1248 3610 1303 est,
3644 1236 3748 1293 0c-

2153 1326 2371 1378 cultabat
2421 1343 2473 1379 se
2515 1325 2771 1381 Elisabeth
2803 1328 3053 1381 mensibus
3097 1330 3331 1402 quinque.
3365 1332 3526 1386 Sexto
3570 1342 3749 1387 autem

2154 1430 2338 1471 mense
2364 1417 2604 1471 visitatur
2632 1433 2660 1471 a
2690 1418 2847 1472 Maria
2874 1429 3043 1474 matre
3065 1420 3270 1474 Domini
3293 1439 3307 1486 ;
3337 1431 3389 1477 et
3408 1424 3634 1478 exsultat
3664 1425 3748 1478 in-

2154 1504 2272 1560 fans
2300 1509 2351 1559 in
2380 1516 2552 1573 utero,
2597 1516 2849 1579 tanquam
2891 1511 3065 1579 primo
3113 1510 3341 1566 adventu
3383 1514 3595 1568 Domini
3640 1531 3750 1585 quo

2154 1597 2205 1651 in
2248 1599 2541 1654 humilitate
2564 1601 2580 1631 ¹
2609 1616 2865 1669 apparere
2902 1602 3148 1671 dignatus
3179 1612 3291 1667 est,
3323 1604 3601 1674 prophetia
3628 1622 3745 1661 ma-

2153 1689 2389 1745 nifestari
2422 1692 2636 1761 incipiat
2668 1709 2682 1746 :
2709 1693 2801 1747 sed
2834 1702 3081 1763 tanquam
3112 1694 3163 1748 in
3196 1705 3369 1762 utero,
3402 1696 3451 1749 id
3484 1707 3586 1763 est,
3611 1713 3749 1751 non-

2153 1779 2278 1834 dum
2310 1790 2414 1835 tam
2461 1782 2757 1847 evidenter,
2786 1791 2842 1836 ut
2870 1798 3058 1838 omnes
3099 1786 3235 1839 sicut
3288 1786 3338 1839 in
3372 1788 3488 1841 luce
3528 1790 3751 1845 manife-

2152 1880 2303 1925 stanr
2318 1887 2435 1927 esse
2465 1874 2745 1939 fateantur;
2775 1874 2915 1944 quod
2958 1874 3189 1930 futurum
3226 1878 3491 1933 credimus
3516 1882 3749 1936 secundo

2152 1963 2383 2017 adventu
2412 1965 2644 2031 Domini,
2686 1967 2863 2035 quoin
2900 1968 3143 2022 claritate
3172 1979 3428 2024 venturus
3455 1981 3563 2037 est;
3596 1975 3749 2043 cujus

2152 2055 2412 2111 adventus
2436 2072 2733 2125 prtecursor
2758 2068 3002 2128 speratur
3034 2060 3172 2113 Elias
3197 2102 3211 2127 ,
3242 2062 3375 2115 sicut
3406 2062 3562 2132 hujus
3585 2065 3747 2119 Joan-

2152 2162 2249 2201 nes
2294 2148 2408 2201 fuit.
2438 2148 2502 2203 Ει
2532 2148 2649 2203 ideo
2686 2149 2878 2204 dicitur
2902 2166 2931 2204 a
2960 2152 3184 2205 Domino
3215 2172 3226 2206 :
3261 2152 3401 2208 Elius
3430 2156 3541 2226 jam
3569 2159 3701 2211 venit
3728 2202 3744 2225 ,

2152 2249 2198 2292 et
2225 2239 2383 2292 multa
2413 2240 2458 2293 ei
2484 2240 2708 2294 homines
2737 2245 2994 2312 fecerunt;
3022 2252 3066 2295 et
3086 2244 3130 2296 si
3174 2245 3322 2298 vultis
3349 2247 3477 2299 scire
3496 2288 3507 2307 ,
3542 2246 3648 2316 ipse
3676 2258 3749 2301 est

2149 2329 2376 2385 Joannes
2426 2329 2658 2401 Baptista
2681 2373 2693 2394 ,
2723 2333 3066 2402 quiventurus
3105 2345 3176 2387 est
3205 2333 3429 2405 (Matth.
3465 2352 3571 2391 xvn
3597 2380 3611 2401 ,
3646 2340 3743 2406 12,

2152 2434 2200 2477 et
2232 2440 2303 2486 χι,
2338 2424 2447 2494 14).
2480 2424 2610 2491 Quia
2641 2424 2691 2476 in
2719 2423 2905 2478 eodem
2938 2426 3125 2493 Spiritu
3149 2436 3198 2478 et
3230 2426 3279 2480 in
3312 2428 3496 2481 eadem
3528 2429 3742 2494 virtute,

2152 2524 2397 2585 tanquam
2429 2514 2776 2584 praecedentis
2799 2518 3059 2586 prmconis
3090 2519 3264 2571 officio
3294 2529 3347 2573 et
3393 2521 3476 2574 hic
3520 2520 3627 2589 jam
3657 2538 3749 2577 ve-

2149 2606 2260 2671 nit,
2310 2614 2365 2659 ct
2416 2607 2501 2660 ille
2526 2616 2781 2661 venturus
2822 2616 2920 2661 est.
2970 2608 3255 2677 Propterea
3298 2620 3349 2664 et
3394 2613 3549 2666 istum
3581 2614 3746 2669 Joan-

2150 2712 2271 2750 nem
2302 2713 2393 2765 per
2420 2698 2664 2766 Spiritum
2697 2714 2801 2768 quo
2838 2706 2988 2766 pater
3030 2700 3145 2768 ejus
3177 2711 3322 2755 vates
3359 2703 3605 2772 impletus
3631 2716 3745 2771 est,

2147 2788 2339 2842 dicitur
2365 2804 2745 2858 praecursorem
2781 2788 2989 2843 Domini
3039 2792 3266 2845 futurum
3296 2808 3414 2848 eSse
3456 2796 3506 2849 in
3556 2798 3745 2865 spiritu

2150 2887 2203 2932 et
2226 2879 2420 2933 virtute
2452 2880 2597 2933 Elite.
2624 2881 2861 2935 Peractis
2901 2889 3076 2935 autem
3108 2883 3267 2937 Maria
3314 2901 3435 2940 eum
3468 2885 3740 2943 Elisabeth

2148 2969 2420 3024 mensibus
2451 2969 2640 3033 tribus,
2669 2969 2893 3025 discedit
2922 2970 3082 3041 (Luc.
3117 2970 3189 3044 ι).
3222 2973 3337 3040 Quo
3367 2992 3589 3031 numero
3612 2979 3739 3032 mihi

2147 3060 2357 3115 videtur
2398 3060 2686 3131 significari
2734 3062 2864 3117 fides
2908 3062 3215 3131 Trinitatis,
3268 3076 3320 3121 et
3369 3066 3633 3137 Baptisma
3687 3071 3743 3126 in

2146 3152 2363 3206 nomine
2390 3152 2561 3206 Patris
2589 3161 2643 3208 et
2667 3152 2781 3207 Filii
2810 3165 2863 3209 et
2884 3154 3112 3224 Spiritus
3145 3158 3315 3213 sancti
3336 3200 3349 3222 ,
3379 3175 3484 3230 quo
3515 3176 3609 3230 per
3638 3162 3742 3216 hu-

2146 3242 2329 3298 milem
2375 3244 2581 3297 Domini
2622 3245 2904 3300 adventum
2935 3263 3103 3317 genus
3132 3249 3419 3304 humanum
3451 3252 3737 3323 imbuitur,

2147 3342 2202 3389 et
2226 3334 2402 3389 futuro
2426 3334 2655 3390 adventu
2686 3337 2940 3392 claritatis
2967 3339 3081 3406 ejus
3111 3342 3385 3395 extollitur
3408 3344 3429 3374 ⁸
3456 3344 3558 3415 (α).

2558 3426 2693 3482 LIX.
2734 3427 2803 3482 Dc
2831 3429 2998 3483 decem
3029 3433 3326 3502 virginibus.

2220 3517 2272 3571 1.
2304 3517 2446 3572 Inter
2487 3520 2767 3589 parabolas
2807 3537 2836 3575 a
2882 3522 3105 3579 Domino
3134 3525 3302 3580 dictas
3332 3528 3468 3582 solet
3492 3544 3743 3599 quaeren-

2150 3618 2227 3664 tes
2257 3611 2478 3665 multum
2520 3627 2772 3668 exercere
2801 3612 2899 3667 ista
2922 3655 2936 3679 ,
2960 3629 3080 3684 quae
3128 3616 3197 3672 de
3239 3617 3423 3674 decem
3452 3621 3742 3690 virginibus

2148 3701 2317 3769 posita
2363 3711 2465 3755 est.
2500 3702 2567 3756 Et
2614 3704 2762 3758 multi
2807 3705 3021 3774 quidem
3055 3707 3177 3762 hinc
3208 3711 3371 3764 multa
3418 3723 3741 3782 senserunt,

2147 3807 2267 3861 qua:
2318 3808 2421 3846 non
2462 3803 2587 3847 sunt
2613 3804 2807 3864 praeter
2832 3793 3033 3851 fidem:
3075 3798 3167 3851 sed
3195 3802 3463 3869 quomodo
3508 3804 3745 3872 partibus

2148 3885 2396 3940 omnibus
2420 3887 2535 3955 ejus
2551 3889 2832 3943 conveniat
2848 3890 3127 3959 expositio,
3153 3890 3203 3945 id
3228 3894 3606 3949 elabormidnm
3637 3906 3740 3952 est.

2152 3978 2276 4047 Legi
2303 3979 2462 4033 etiam
2495 3979 2545 4033 in
2596 3980 2823 4050 quadam
2874 3981 3133 4053 scriptura
3164 4026 3179 4051 ,
3214 4002 3280 4040 ex
3328 4002 3510 4041 earum
3543 4004 3744 4058 genere

2150 4086 2267 4139 qua:
2317 4072 2635 4143 apocryphce
2665 4074 3038 4142 nominantur,
3084 4093 3188 4132 non
3233 4080 3374 4145 quod
3419 4080 3741 4137 sit'contra

2149 4161 2464 4216 catholicam
2486 4163 2663 4229 fidem;
2688 4165 2780 4219 sed
2806 4166 2929 4221 huic
2956 4168 3070 4221 loco
3094 4170 3221 4222 mihi
3246 4172 3422 4227 minus
3447 4188 3743 4244 congruere

2150 4255 2259 4308 visa
2282 4265 2391 4318 est,
2424 4256 2780 4311 consideranti
2812 4274 2998 4313 omnes
3028 4259 3185 4330 hujus
3206 4263 3584 4319 simulitudinis
3615 4283 3741 4337 par-

2150 4353 2253 4400 tes.
2278 4346 2351 4401 De
2378 4362 2479 4417 qua
2512 4357 2687 4402 tamen
2713 4350 3046 4418 expositione
3076 4360 3275 4408 temere
3303 4355 3429 4409 nihil
3461 4357 3631 4411 audeo
3652 4358 3745 4428 ju-

2150 4437 2360 4503 dicare,
2398 4456 2463 4493 ne
2490 4440 2625 4495 forte
2674 4456 2780 4496 non
2816 4442 2934 4511 ejus
2965 4444 3387 4502 inconvenientia
3412 4449 3539 4503 mihi
3571 4467 3743 4521 angu-

2150 4530 2281 4584 stias
2320 4531 2535 4598 fecerit,
2566 4532 2659 4585 sed
2690 4548 2808 4587 mea
2857 4534 3078 4589 tarditas
3128 4536 3178 4589 in
3206 4552 3267 4591 ea
3316 4540 3744 4595 convenientiam

2153 4637 2259 4676 non
2289 4622 2720 4693 invenerit.Quid
2738 4634 2914 4681 autem
2943 4627 3071 4681 mihi
3105 4628 3349 4683 videatur
3380 4646 3483 4684 non
3513 4633 3744 4687 absurde

2153 4714 2256 4770 hoc
2296 4716 2415 4771 loco
2436 4717 2634 4787 accipi,
2666 4728 2921 4787 quantum
2950 4727 3140 4789 potero
3168 4720 3404 4777 breviter
3428 4733 3482 4777 et
3510 4722 3741 4793 diligen-

2154 4818 2233 4865 ter
2252 4823 2536 4877 exponam.

2220 4899 2276 4955 2.
2307 4900 2664 4971 Interrogatus
2715 4901 2873 4972 igitur
2920 4903 3171 4959 Dominus
3217 4914 3399 4961 noster
3445 4916 3654 4963 secreto
3713 4923 3743 4963 a

2151 4990 2423 5060 discipulis
2462 4991 2528 5045 de
2553 4992 3012 5047 consummatione
3034 4995 3212 5048 saeculi
3239 5036 3254 5059 ,
3286 4997 3423 5051 inter
3448 4998 3616 5053 multa
3643 5000 3745 5053 alia

2152 5097 2270 5153 qua:
2299 5081 2506 5136 locutus
2526 5088 2609 5135 est
2631 5122 2647 5148 ,
2677 5081 2777 5136 hoc
2800 5097 3011 5153 quoque
3034 5084 3165 5138 dixit
3189 5105 3202 5138 :
3231 5085 3369 5140 Tunc
3396 5088 3559 5142 simile
3604 5090 3745 5144 testi-

2153 5173 2371 5228 mabitur
2398 5190 2607 5245 regnum
2632 5174 2871 5227 coriorum
2915 5175 3085 5230 decem
3128 5178 3401 5248 virginibus
3424 5222 3437 5243 ,
3462 5196 3575 5249 qua
3597 5198 3745 5234 acce-

2156 5275 2337 5336 perunt
2361 5265 2620 5335 lampades
2645 5282 2782 5331 suas,
2802 5276 2849 5320 et
2870 5278 3105 5321 venerunt
3131 5269 3325 5323 obviam
3345 5288 3549 5337 sponso.
3578 5273 3747 5338 Quin-

2154 5375 2251 5427 que
2276 5367 2443 5411 autem
2468 5373 2530 5411 ea:
2552 5358 2622 5411 eis
2642 5366 2783 5411 erant
2808 5362 2982 5429 fatum.
3012 5369 3058 5412 et
3083 5360 3299 5430 quinque
3325 5363 3610 5430 prudentes.
3639 5362 3747 5417 Sed

2154 5450 2374 5521 quinque
2416 5451 2571 5521 fatua:
2611 5451 2827 5521 acceptis
2856 5450 3173 5516 [antipodibus
3211 5451 3348 5513 suis,
3377 5469 3476 5504 non
3514 5471 3745 5524 sumpse-

2155 5553 2273 5596 runt
2318 5542 2484 5596 oleum
2513 5558 2679 5595 secum
2706 5557 2725 5595 :
2751 5542 3021 5611 prudentes
3048 5551 3213 5594 autem
3241 5554 3539 5612 acceperunt
3579 5546 3745 5599 oleum

2222 5633 2239 5665 ί
2265 5632 2543 5681 Navarricus
2558 5631 2703 5690 liber,
2725 5629 2775 5680 in
2798 5630 3110 5680 humaniuue.

2221 5696 2241 5725 ¹
2267 5700 2462 5757 natam.
2490 5700 2541 5743 et
2564 5692 2787 5757 undecim
2814 5702 2938 5757 Mss._,
2963 5691 3220 5743 excolitur.
3255 5690 3384 5743 alter
3420 5706 3451 5745 e
3487 5696 3743 5757 Vatianis,

2158 5753 2318 5807 excoli
2348 5754 2752 5816 datum—Lugd.
2775 5754 3030 5816 excolitur.
3094 5760 3154 5804 At.

2224 5819 2244 5850 ³
2268 5815 2483 5866 nonnulli
2510 5824 2635 5873 Mss"
2656 5814 2890 5876 quodnon
2915 5814 2993 5865 sit.

2226 5878 2305 5941 (a)_
2332 5885 2401 5941 pe
2424 5890 2519 5941 se;
2540 5878 2761 5941 uitalibus
2780 5878 2872 5925 vid.
2890 5878 2973 5927 lib.
3002 5878 3021 5927 I
3049 5877 3113 5929 de
3135 5878 3311 5929 Genesi
3328 5884 3496 5930 contra
3515 5878 3739 5941 which,

2160 5953 2265 6002 cap.
2284 5938 2362 5999 25,
2392 5951 2441 5985 n.
2462 5938 2627 5987 35-41.
