4136 6542
386 449 454 504 ιδ
1802 440 2003 498 manu
2042 439 2240 502 unus.
3587 458 3656 512 te

380 572 548 609 minus
574 555 629 608 in
651 561 785 611 vasis
827 557 933 611 suis
982 572 1095 611 eum
1137 557 1477 625 lampadibus.
1513 555 1767 611 Tardante
1808 567 1974 611 autem

378 663 587 716 sponso,
614 648 1010 701 donnitaverunt
1036 664 1228 715 omnes,
1256 657 1302 702 et
1331 647 1659 702 dormierunt.
1682 647 1851 702 Media
1879 666 1973 702 au-

378 750 476 793 tem
513 749 659 793 nocte
705 740 900 793 clamor
925 743 1087 812 factus
1123 749 1237 794 est:
1266 739 1398 794 Ecce
1421 757 1633 812 sponsus
1658 742 1787 795 venit
1809 781 1826 806 ,
1856 757 1972 795 sur-

374 833 477 901 gite
501 830 696 884 obviam
722 832 787 884 ei.
821 830 961 884 Tunc
986 840 1311 885 surrexerunt
1340 832 1557 902 virgines
1579 831 1716 897 illic,
1744 841 1788 885 et
1816 842 1966 904 apta-

377 931 551 973 verunt
570 920 833 991 lampades
863 938 997 975 suas.
1021 919 1086 974 Et
1113 921 1347 975 dixerunt
1363 921 1468 976 illa:
1489 922 1655 976 stulta:
1683 923 1751 975 ad
1768 924 1970 993 sapien-

378 1021 451 1064 tes
479 1010 650 1065 :Date
668 1013 813 1065 nobis
838 1012 901 1064 de
934 1012 1043 1066 oleo
1089 1021 1250 1065 vestro
1273 1052 1287 1074 ,
1317 1013 1438 1080 quia
1484 1012 1745 1081 lampades
1782 1022 1969 1068 nostra

379 1104 789 1173 exstinguuntur.
816 1103 1203 1174 Responderunt
1227 1113 1394 1157 autem
1417 1105 1688 1174 sapientes,
1712 1105 1964 1161 dicentes:

379 1190 464 1245 Ne
490 1192 619 1261 forte
640 1209 742 1245 non
771 1194 984 1263 suﬁiciat
1009 1194 1151 1248 nobis
1190 1204 1237 1247 et
1274 1194 1429 1258 vobis,
1454 1196 1521 1248 ite
1544 1196 1710 1264 potius
1746 1196 1814 1248 ad
1839 1213 1962 1251 ven-

376 1282 564 1344 dentes,
593 1293 637 1335 et
662 1284 811 1337 emite
834 1285 986 1337 vobis.
1032 1284 1096 1337 Et
1124 1284 1245 1337 dum
1273 1286 1403 1339 irent
1428 1301 1622 1350 emere,
1651 1288 1781 1340 venit
1807 1303 1963 1355 spon-

374 1390 497 1437 sus;
521 1384 568 1428 et
593 1392 705 1445 quis
729 1387 924 1445 parata:
952 1387 1131 1443 erant,
1159 1378 1469 1431 intraverunt
1510 1395 1623 1431 cum
1650 1395 1707 1433 eo
1745 1379 1814 1432 ad
1858 1396 1958 1433 nu-

371 1468 503 1535 ptias
523 1509 537 1529 ,
572 1479 618 1521 et
643 1469 819 1521 clausa
844 1478 916 1523 est
932 1469 1119 1539 janua.
1163 1467 1450 1524 Novissime
1476 1481 1641 1525 autem
1670 1472 1871 1525 veniunt
1913 1481 1960 1525 et

367 1560 577 1630 reliqua:
628 1561 882 1631 virgines,
934 1561 1193 1616 dicentes:
1236 1563 1482 1625 Domine,
1534 1564 1779 1629 Domine,
1818 1566 1959 1635 aperi

368 1652 532 1704 nobis.
560 1651 625 1704 At
653 1653 742 1705 ille
780 1653 1088 1722 respondens
1125 1654 1197 1708 ait
1225 1670 1245 1707 ,ο
1269 1654 1427 1709 Amen
1454 1655 1567 1709 dico
1594 1657 1731 1710 vobis
1750 1700 1764 1722 ,
1790 1658 1956 1712 nescio

366 1759 471 1795 vos.
513 1741 731 1812 Vigilate
779 1759 899 1815 ergo
920 1786 935 1807 ,
972 1744 1090 1815 quia
1126 1745 1325 1800 nescitis
1367 1745 1499 1799 diem
1522 1788 1538 1813 ,
1579 1763 1738 1817 neque
1778 1746 1957 1803 horam

368 1832 599 1902 (Matth.
628 1850 736 1887 xxv
761 1878 775 1898 ,
811 1846 831 1889 ι
868 1836 992 1906 15).
1046 1836 1237 1891 Decem
1284 1838 1463 1906 utique
1511 1839 1770 1908 virginum
1814 1842 1953 1911 quod

360 1925 596 1991 quinque
618 1924 977 1980 admittuntur
995 1967 1009 1990 ,
1036 1928 1270 1996 quinque
1294 1928 1667 1997 excluduntur,
1693 1931 1951 1987 bonorum

361 2023 417 2067 et
438 2016 701 2069 malorum
746 2016 1124 2071 discretionem
1175 2019 1435 2088 significat
1472 2020 1510 2072 ί.
1546 2019 1880 2091 Quapropter
1905 2024 1949 2079 si

359 2107 684 2175 virginitatis
728 2123 922 2162 nomen
967 2107 1279 2164 honorabile
1323 2118 1436 2175 est,
1485 2125 1582 2165 cur
1610 2114 1838 2182 receptis
1859 2130 1952 2169 ex-

356 2199 626 2267 clusisque
656 2213 943 2254 commune
967 2199 1093 2256 est?
1117 2200 1316 2255 Deinde
1343 2200 1465 2269 quid
1492 2201 1591 2255 sibi
1624 2202 1733 2257 vult
1766 2219 1952 2259 nume-

356 2304 449 2342 rus
470 2291 519 2341 in
551 2300 776 2359 utraque
796 2301 947 2360 parte
982 2291 1293 2359 quinarius?
1317 2291 1451 2358 Quid
1482 2302 1657 2347 autem
1690 2294 1950 2364 signiﬁcat

356 2381 571 2444 oleum,
599 2380 795 2433 mirum
838 2381 1065 2436 videtur.
1096 2381 1224 2436 Item
1248 2384 1387 2451 quod
1414 2384 1682 2453 sapientes
1711 2388 1943 2455 petenti-

359 2472 457 2524 bus
506 2486 609 2524 neu
654 2474 1054 2527 communicant
1083 2490 1097 2530 :
1128 2489 1248 2528 cum
1279 2483 1332 2528 et
1359 2475 1597 2530 invidere
1627 2476 1703 2530 fas
1742 2492 1848 2531 non
1878 2479 1949 2532 sit

355 2578 448 2617 eas
477 2578 593 2632 qua)
626 2563 694 2617 ita
728 2565 977 2631 perfecta:
1018 2574 1182 2632 sunt,
1216 2575 1324 2620 uta
1365 2581 1562 2635 sponso
1591 2568 1943 2638 recipiantur,

359 2671 467 2723 quo
512 2658 725 2709 nomine
765 2656 916 2710 nullo
943 2656 1220 2711 dubitante
1262 2657 1520 2715 Dominus
1567 2669 1750 2714 noster
1790 2660 1946 2717 lesus

356 2746 603 2801 Christus
642 2748 1005 2817 signiﬁcatur;
1044 2756 1098 2802 et
1144 2749 1517 2804 misericordes
1537 2765 1658 2806 esse
1702 2762 1946 2820 oporteat

356 2836 423 2890 ad
452 2838 805 2905 prmstandnm
832 2854 898 2893 ex
926 2854 991 2893 eo
1019 2838 1158 2908 quod
1188 2840 1416 2903 habent,
1452 2842 1830 2909 praescribente
1856 2843 1943 2898 illa

354 2930 610 2985 sententia
634 2930 873 2999 ejusdem
906 2931 1111 2985 Domini
1135 2931 1360 2987 dicentis
1383 2975 1397 2999 ,
1434 2932 1586 2988 Omni
1629 2936 1851 3006 poscenti
1874 2948 1941 3001 te,

352 3020 511 3072 tribue
532 3018 680 3091 (Luc.
700 3037 771 3087 vt,
792 3020 904 3093 '50).
928 3020 1064 3089 Quid
1091 3032 1174 3077 est
1197 3033 1373 3078 autem
1403 3025 1544 3095 quod
1576 3027 1741 3095 possit
1765 3027 1944 3083 dando

350 3125 456 3164 non
520 3112 764 3166 sufﬁcere
813 3112 1090 3183 utrisque?
1134 3112 1261 3168 Haec
1297 3116 1528 3171 maxime
1564 3126 1760 3187 augent
1791 3134 1942 3191 quae-

348 3201 538 3255 stionis
578 3202 942 3259 difﬁcultatem
972 3221 984 3255 :
1012 3218 1313 3275 quanquam
1344 3214 1400 3260 et
1421 3216 1612 3263 Caetera
1659 3207 1944 3280 diligenter

345 3294 701 3367 considerata,
734 3306 791 3350 ut
819 3296 996 3367 omnia
1024 3296 1077 3351 in
1108 3313 1268 3351 unam
1290 3300 1551 3353 rationem
1581 3310 1937 3370 concurrant,

347 3386 589 3455 nihilque
609 3387 662 3440 in
681 3402 839 3441 unam
863 3396 1066 3455 partem
1086 3387 1296 3444 dicatur
1314 3390 1455 3461 quod
1476 3390 1731 3462 impediat
1753 3392 1937 3460 aliam,

347 3493 538 3546 magna
566 3477 743 3533 Cautio
770 3478 1069 3535 adhibenda
1098 3488 1201 3535 est.

415 3568 469 3622 5.
498 3568 755 3623 Videntur
783 3570 959 3641 itaque
982 3570 1112 3627 mihi
1130 3572 1365 3643 quinque
1387 3574 1618 3645 virgines
1638 3577 1938 3647 signiﬁcare

342 3658 831 3728 quinqnepartitam
884 3662 1265 3717 continentiam
1331 3681 1361 3717 a
1410 3667 1591 3727 carnis
1649 3668 1934 3724 illecebris.

341 3748 712 3805 Continendus
766 3761 849 3807 est
899 3752 1040 3809 enim
1068 3754 1231 3808 animi
1276 3757 1541 3825 appetitus
1588 3772 1620 3812 a
1666 3759 1938 3829 voluptate

342 3843 689 3908 oculornm,a
721 3843 995 3911 voluptate
1024 3846 1251 3911 aurium,
1276 3862 1305 3900 a
1333 3847 1604 3917 voluptate
1629 3849 1932 3918 olfaciendi,

338 3934 585 4004 gustandi
610 3977 627 4000 ,
650 3935 923 4005 tangendi.
952 3935 1057 3992 Sed
1084 3939 1206 4006 quia
1256 3938 1353 3993 ista
1387 3940 1710 3995 continentia
1744 3944 1933 4012 partim

338 4042 521 4081 coram
570 4027 681 4082 Deo
729 4026 807 4093 fit,
839 4038 899 4081 ut
927 4028 1003 4083 illi
1052 4029 1327 4098 placeatur
1364 4032 1418 4086 in
1472 4032 1710 4090 interiori
1740 4037 1936 4107 gaudio

338 4120 701 4183 COltSt‘it‘nlltB;
737 4120 926 4189 partim
952 4136 1130 4176 coram
1158 4122 1460 4179 hominibus
1487 4134 1712 4193 tantum,
1741 4138 1795 4182 nt
1818 4130 1933 4197 glo-

338 4211 415 4263 ria
463 4211 691 4264 humaua
736 4211 999 4279 capiatur;
1028 4212 1261 4282 quinque
1276 4213 1523 4270 dicuntur
1552 4220 1818 4286 sapientes
1836 4262 1853 4287 ,
1881 4230 1935 4276 et

338 4301 575 4373 quinque
597 4302 773 4356 stulta:
802 4320 815 4354 :
844 4312 1087 4373 utraeque
1135 4313 1310 4360 tamen
1345 4305 1576 4376 virgines
1595 4350 1609 4368 .
1638 4312 1757 4379 quia
1791 4322 1935 4366 utra-

338 4407 442 4462 que
484 4392 812 4447 continentia
854 4402 976 4460 est,
1031 4394 1273 4464 quamvis
1322 4396 1537 4452 diverso
1574 4398 1757 4455 fomite
1795 4417 1931 4472 gau-

336 4485 478 4543 deat.
537 4485 837 4555 Lampades
886 4494 1063 4541 autem
1101 4495 1259 4554 sunt,
1290 4489 1411 4558 quia
1443 4491 1685 4545 mnibus
1714 4502 1929 4563 gestan-

338 4586 444 4643 tur,
477 4593 637 4646 opera
665 4594 786 4648 quae
833 4578 1124 4634 secundum
1152 4582 1531 4637 Continentiam
1586 4584 1741 4639 istam
1774 4586 1926 4643 fiunt.

338 4671 544 4725 Dictum
574 4681 657 4724 est
700 4680 902 4735 autem,
934 4670 1160 4726 Luceant
1193 4690 1346 4744 opera
1366 4686 1527 4729 vestra
1562 4694 1733 4731 coram
1762 4680 1929 4735 Itami-

336 4764 483 4817 nibus
507 4762 717 4833 (Matth.
748 4780 798 4827 v,
830 4762 942 4833 16).
971 4762 1170 4820 Omnes
1192 4781 1317 4822 vero
1343 4780 1640 4835 acceperunt
1667 4769 1930 4843 iampades

334 4871 483 4919 suas,
536 4864 582 4908 et
615 4864 857 4908 venerunt
905 4854 1100 4909 obviam
1144 4874 1351 4931 sponso.
1396 4858 1799 4931 Intelligendum
1847 4876 1929 4919 est

335 4961 466 5016 ergo
504 4944 697 5000 Christi
744 4947 958 4999 nomine
1008 4948 1216 5002 censeri
1255 4928 1323 5004 de
1357 4951 1547 5019 quibus
1576 4928 1778 5022 agitur.
1809 4955 1925 5010 Non

335 5037 478 5091 enim
512 5045 733 5105 possunt
763 5037 851 5105 qui
880 5037 1153 5092 christiani
1178 5054 1281 5093 non
1307 5050 1463 5106 sunt,
1486 5056 1684 5109 Sponso
1710 5044 1929 5101 Christo

333 5130 518 5182 venire
546 5128 778 5183 obviam.
807 5126 912 5182 Sed
933 5128 1153 5199 quinque
1176 5133 1354 5200 fatue,
1370 5133 1585 5202 acceptis
1609 5133 1929 5202 lantpadibus

333 5223 455 5283 suis.
474 5238 575 5275 non
600 5232 927 5291 sumpserunt
945 5221 1109 5276 oleum
1138 5239 1326 5276 secum.
1348 5223 1495 5278 Multi
1511 5227 1652 5280 enim
1678 5230 1925 5296 quamvis

334 5313 397 5367 de
425 5312 624 5366 Christi
649 5312 886 5367 bonitate
901 5313 1186 5383 plurimum
1218 5316 1715 5384 sperent,gaudium
1745 5327 1921 5374 tamen

334 5422 438 5461 non
464 5404 686 5473 habent,
704 5404 831 5460 dum
852 5405 1189 5461 continenter
1208 5406 1390 5461 vivunt
1409 5407 1452 5473 ⁸,
1484 5407 1582 5461 nisi
1606 5408 1660 5463 in
1682 5410 1928 5466 laudibus

394 5541 409 5610 ξ
436 5544 514 5587 Er.
541 5535 689 5601 mgd.
716 5543 849 5608 ven.
868 5543 977 5606 Iov.
1001 5537 1071 5587 sic
1094 5537 1335 5587 exhibent
1366 5536 1497 5607 hunc
1519 5534 1718 5610 locum}
1752 5549 1925 5593 Decem

330 5600 495 5673 utique
538 5597 771 5673 numerus
804 5597 1040 5673 tirgs’rpan
1074 5611 1281 5673 quarunt
1319 5599 1527 5673 quinque
1559 5600 1887 5673 admittuntur
1902 5642 1918 5667 ,

330 5615 397 5650 un
436 5615 495 5651 υε
538 5615 771 5650 numerus
804 5615 1040 5663 l‘ll'gllﬂfﬂl
1074 5615 1281 5661 quarunt
1319 5615 1527 5662 qumque
1565 5615 1887 5654 ααηυωιηιω*
1902 5642 1918 5667 ,

330 5615 539 5735 of
557 5660 906 5735 excluduntur,
935 5661 1165 5712 bonorum
1186 5667 1233 5711 et
1254 5660 1495 5712 malorum
1525 5658 1925 5726 signiﬁcatimtem

328 5722 593 5834 agili?
606 5731 741 5843 ω’έζ,
755 5795 849 5834 non
872 5782 1047 5850 vivunt.
1070 5783 1399 5850 exponenda
1418 5786 1635 5850 negatio,
1653 5799 1766 5850 qua
1779 5788 1926 5845 abest

329 5860 355 5897 a
380 5856 486 5960 ra’tti
504 5856 551 5897 et
565 5844 926 5957 δεξεμ-ιαμ,
944 5844 1396 5909 nascimiut.'ven.,
1424 5844 1575 5899 stulta
1826 5861 1924 5899 nm

328 5922 430 5961 κε..
491 5945 502 5957 .
618 5947 628 5957 .

2078 558 2499 616 hominum.Non
2522 577 2649 632 ergo
2671 563 2865 619 habent
2891 566 3065 620 oleum
3096 583 3298 623 secum.
3322 569 3454 626 Nam
3483 573 3653 643 Ipsam

2074 645 2307 703 laetitiam
2340 650 2460 705 oleo
2494 652 2777 722 signiﬁcari
2801 655 3050 711 arbitror.
3076 657 3351 730 Propterea
3370 664 3536 730 unxit,
3575 665 3654 719 in-

2071 738 2203 808 quit,
2218 747 2266 793 te
2291 738 2449 808 Deus,
2469 741 2603 797 Deus
2621 752 2734 797 tuus
2744 743 2853 799 oleo
2862 748 3392 823 exsultationis(Psal.
3410 769 3554 817 xuv.
3571 757 3649 829 8).

2069 828 2172 896 Qui
2198 840 2375 886 autem
2404 849 2507 887 non
2540 846 2817 905 propterea
2854 838 3081 908 gaudet,
3109 842 3231 910 quia
3262 844 3370 900 Deo
3401 828 3653 904 intrinse-

2067 934 2164 975 cus
2193 921 2383 990 placet,
2416 940 2522 978 non
2553 925 2714 981 habet
2734 927 2908 982 oleum
2940 943 3141 985 secum.
3171 931 3455 991 Prudentes
3482 949 3649 993 autem

2067 1022 2365 1081 acceperunt
2392 1030 2560 1069 secum
2583 1015 2749 1069 oleum
2781 1017 2834 1071 in
2865 1020 2996 1074 vasis
3021 1022 3128 1075 suis
3149 1038 3262 1076 cum
3289 1024 3612 1092 lampadibus
3632 1070 3647 1091 ,

2069 1099 2121 1153 id
2144 1108 2245 1166 est,
2277 1100 2512 1158 laetitiam
2540 1104 2799 1160 bonorum
2828 1121 3049 1177 cperum
3078 1110 3129 1164 in
3156 1112 3317 1167 corde
3344 1124 3502 1180 atque
3530 1131 3648 1171 con-

2071 1190 2292 1258 scientia
2325 1202 2643 1262 posuerunt,
2676 1196 2812 1250 sicut
2857 1198 3145 1267 Apostolus
3182 1211 3367 1258 monet
3401 1218 3414 1254 :
3459 1204 3641 1260 Probet

2063 1290 2231 1333 autem
2272 1298 2328 1335 se
2364 1283 2539 1349 homo,
2575 1283 2764 1353 inquit,
2810 1295 2858 1339 et
2895 1297 3013 1342 tunc
3050 1289 3105 1343 in
3141 1291 3405 1359 semetipso
3452 1293 3648 1349 habebit

2063 1372 2299 1442 gloriam,
2320 1384 2369 1428 et
2394 1391 2494 1428 non
2522 1376 2576 1429 in
2597 1377 2757 1431 altera
2781 1377 2975 1450 (Galat.
3005 1395 3080 1446 Vt,
3112 1381 3193 1449 4).
3242 1381 3497 1439 Tardante
3532 1402 3648 1441 vero

2061 1478 2249 1531 sponso
2272 1464 2668 1523 dormitaverunt
2702 1484 2873 1523 omnes
2895 1485 2914 1524 :
2934 1471 3057 1540 quia
3087 1488 3152 1527 ex
3192 1482 3415 1545 utroque
3449 1493 3647 1548 genere

2060 1554 2441 1610 continentium
2464 1555 2737 1613 hominum
2756 1600 2772 1624 ,
2804 1561 2916 1615 sive
2944 1578 3128 1617 eorum
3172 1566 3261 1635 qui
3308 1581 3488 1623 coram
3535 1570 3644 1625 Deo

2060 1646 2348 1715 exsultant,
2371 1649 2486 1704 sive
2512 1664 2698 1705 eorum
2727 1651 2818 1723 qui
2863 1652 2915 1706 in
2962 1652 3205 1710 laudibus
3246 1656 3518 1713 hominum
3547 1674 3641 1716 ac-

2058 1736 2370 1806 quiescunt,
2393 1740 2694 1795 moriuntur
2717 1740 2817 1797 hoc
2843 1743 3122 1801 intervallo
3158 1750 3411 1817 temporis
3428 1792 3443 1815 ,
3470 1751 3644 1809 donec

2058 1827 2159 1883 sub
2182 1827 2413 1885 adventu
2441 1829 2650 1887 Domini
2678 1831 2771 1886 flat
2800 1836 3119 1891 resurrectio
3144 1846 3497 1897 mortuorum.
3528 1841 3642 1901 lle-

2056 1921 2143 1974 dia
2183 1930 2353 1976 autem
2381 1932 2542 1990 nocte,
2588 1923 2641 1980 id
2671 1935 2771 1990 est,
2819 1927 2967 1982 nullo
2996 1929 3199 1985 sciente
3224 1940 3319 1986 aut
3353 1944 3636 2003 sperante;

2054 2011 2249 2081 quippe
2272 2026 2392 2068 eum
2419 2012 2532 2083 ipse
2558 2013 2815 2069 Dominus
2850 2016 2989 2071 dicat
3007 2059 3023 2083 ,
3055 2018 3129 2073 De
3152 2020 3233 2072 die
3262 2030 3431 2076 autem
3462 2023 3558 2077 illa
3590 2034 3640 2079 et

2054 2101 2182 2155 hora
2219 2118 2365 2156 nemo
2389 2104 2481 2157 scit
2516 2103 2729 2177 (Matth.
2763 2121 2917 2173 xxtv,
2950 2107 3077 2179 36);
3103 2119 3158 2165 et
3182 2111 3490 2180 Apostolus,
3516 2113 3638 2169 Dies

2053 2190 2263 2246 Domini
2287 2203 2524 2264 tanquam
2549 2198 2636 2268 fur
2655 2199 2709 2251 in
2734 2207 2895 2263 nocte,
2921 2199 2994 2252 ita
3015 2200 3175 2256 veniet
3196 2200 3238 2276 (l
3260 2201 3439 2259 Thess.
3463 2221 3514 2273 ν,
3535 2204 3594 2279 2)
3620 2226 3633 2260 :

2052 2298 2118 2337 ex
2138 2298 2244 2353 quo
2268 2284 2596 2355 signiﬁcatur
2621 2302 2743 2342 eum
2771 2290 2983 2358 penitus
3002 2290 3200 2357 latere,
3235 2309 3356 2348 cum
3389 2299 3593 2353 venerit
3619 2317 3632 2354 :

2052 2375 2243 2429 elsntor
2265 2376 2431 2446 factus
2456 2387 2550 2445 est,
2578 2377 2713 2434 Ecce
2731 2397 2947 2450 sponsus
2966 2384 3118 2452 venit,
3140 2387 3331 2458 surgite
3352 2388 3546 2444 obviam
3568 2393 3613 2445 ei
3618 2433 3631 2446 .

2052 2464 2108 2518 lu
2138 2466 2243 2520 ictu
2268 2467 2406 2522 oculi
2441 2478 2497 2522 et
2538 2470 2589 2523 in
2621 2471 2908 2526 novissima
2939 2473 3061 2528 tuba
3088 2489 3277 2531 omnes
3296 2494 3635 2552 resurgemus

2050 2554 2071 2629 (
2096 2555 2115 2610 l
2140 2556 2256 2613 Cor.
2289 2575 2377 2623 xv,
2406 2557 2531 2632 52).
2566 2562 2704 2632 Ergo
2723 2576 3046 2618 surrexerunt
3067 2581 3240 2622 omnes
3264 2570 3481 2641 virgina
3504 2572 3631 2641 ξιιω,

2047 2655 2096 2701 et
2140 2657 2437 2718 aptaverunt
2484 2651 2744 2720 lampades
2793 2669 2932 2721 suas,
2986 2654 3039 2710 id
3091 2666 3196 2726 est,
3222 2660 3457 2716 rationes
3505 2665 3631 2719 red-

2049 2737 2253 2794 dendas
2274 2754 2497 2810 Operum
2541 2756 2781 2798 suorum.
2806 2743 3028 2813 Oportet
3071 2749 3215 2803 enim
3251 2765 3350 2805 nos
3388 2752 3630 2810 exhiberi

2049 2839 2174 2885 ante
2217 2832 2445 2887 tribunal
2480 2833 2701 2901 Christi,
2751 2847 2804 2890 ut
2853 2836 2962 2892 illic
3006 2839 3229 2909 recipiat
3271 2846 3633 2917 unusquisque

2047 2924 2188 2991 quod
2231 2924 2396 2991 gessit
2442 2924 2496 2979 in
2541 2936 2796 2996 corpore,
2845 2928 2957 2983 sive
3007 2929 3227 2999 bonum,
3274 2936 3388 2992 sive
3432 2939 3629 2994 malum

2051 3013 2117 3086 (ll
2145 3011 2265 3070 Cor.
2282 3029 2337 3081 v,
2364 3015 2479 3087 10).
2524 3015 2592 3070 Et
2630 3018 2866 3073 dixerunt
2891 3020 3061 3076 stulta
3087 3022 3157 3077 ad
3186 3026 3437 3095 sapientes
3459 3044 3479 3082 :
3504 3029 3634 3086 Date

2045 3103 2188 3158 nobis
2202 3104 2266 3159 de
2274 3104 2386 3161 oleo
2395 3114 2573 3170 vestro,
2595 3108 2716 3179 quia
2735 3108 2998 3181 lampades
3017 3121 3205 3168 nostra
3220 3117 3628 3189 exstinguuntur.

2043 3193 2282 3264 Quorum
2323 3196 2468 3251 enim
2510 3196 2644 3252 facta
2670 3199 2843 3254 aliena
2875 3200 3031 3257 laude
3077 3203 3396 3273 fulciuntur,
3442 3211 3628 3266 eadem

2044 3286 2316 3343 subtracta
2341 3287 2633 3355 deﬁciunt;
2666 3300 2722 3346 et
2749 3292 2816 3346 de
2835 3296 3220 3353 consuetudine
3238 3297 3290 3353 id
3316 3313 3531 3370 semper
3552 3304 3629 3357 iu-

2043 3378 2206 3450 quirit
2227 3381 2267 3449 ³,
2296 3381 2441 3436 unde
2459 3382 2692 3452 gaudere
2713 3384 2921 3439 animus
2941 3386 3097 3441 solet.
3121 3387 3302 3458 Itaque
3330 3389 3625 3459 hominum,

2043 3471 2132 3541 qui
2174 3470 2337 3526 corda
2380 3487 2486 3527 non
2536 3472 2739 3539 vident,
2786 3476 3148 3533 testimonium
3194 3480 3383 3537 volunt
3432 3482 3630 3542 habere

2041 3562 2180 3633 apud
2235 3563 2433 3631 Deum,
2474 3565 2565 3635 qui
2607 3565 2787 3621 cordis
2824 3567 3096 3637 inSpector
3121 3578 3223 3627 est.
3249 3571 3355 3629 Sed
3380 3576 3505 3646 quid
3535 3593 3625 3634 re-

2041 3654 2373 3723 sponderunt
2398 3656 2700 3724 sapientes?
2728 3655 2816 3712 Ne
2849 3662 2982 3730 forte
3020 3676 3122 3715 non
3156 3664 3369 3734 sufﬁciat
3397 3668 3538 3722 nobis
3578 3680 3627 3723 et

2040 3745 2195 3799 vobis.
2221 3744 2597 3818 Unusquisque
2625 3748 2770 3802 enim
2797 3764 2892 3818 pro
2917 3765 2978 3806 se
3001 3752 3259 3808 rationem
3287 3756 3491 3821 reddet,
3525 3774 3627 3815 nec

2039 3837 2215 3893 alieno
2236 3838 2540 3893 testimonio
2558 3839 2839 3911 quisquam
2861 3841 3145 3910 adjuvatur
3162 3846 3301 3915 apud
3331 3849 3518 3914 Deum,
3537 3853 3623 3907 cui

2040 3937 2243 3981 secreta
2272 3926 2451 3981 cordis
2476 3936 2767 3997 apparent;
2798 3936 2853 3983 et
2879 3930 2967 3984 vix
3002 3932 3101 3985 sibi
3130 3934 3358 4003 quisque
3386 3936 3586 3993 sufﬁcit
3605 3983 3620 4005 ,

2039 4026 2098 4071 ut
2139 4017 2187 4073 ei
2231 4017 2591 4072 testimonium
2638 4018 2914 4088 perhibeat
2958 4021 3280 4077 conscientia
3326 4040 3445 4080 sua.
3493 4027 3625 4098 Quis

2038 4111 2181 4163 enim
2227 4109 2542 4178 gloriabitur
2587 4109 2843 4165 mundum
2880 4126 2941 4167 se
2971 4111 3168 4170 habere
3193 4129 3288 4173 eor
3313 4114 3497 4189 (Prov.
3526 4136 3617 4187 xx,

2037 4198 2131 4269 9)?
2160 4196 2287 4253 lude
2324 4207 2405 4253 est
2447 4198 2590 4269 quod
2630 4201 2915 4270 Apostolus
2943 4203 3018 4257 ait
3047 4220 3059 4255 :
3089 4202 3223 4258 Mihi
3266 4216 3431 4261 autem
3472 4210 3621 4264 mitti-

2037 4306 2173 4341 mum
2196 4299 2290 4354 est,
2322 4298 2378 4344 ut
2409 4307 2442 4343 a
2466 4289 2602 4345 vobis
2628 4290 2853 4361 judicsr,
2901 4303 2989 4346 aut
3025 4294 3089 4348 ab
3126 4294 3348 4352 huntauo
3393 4298 3506 4364 die;
3532 4302 3621 4356 sed

2036 4395 2193 4451 neque
2218 4379 2559 4450 memetipsum
2585 4380 2768 4450 judico
2803 4381 2859 4455 (Ι
2884 4381 3003 4437 Cor.
3044 4399 3128 4448 tv,
3162 4383 3238 4457 5).
3282 4385 3622 4459 Quapropter

2034 4486 2155 4526 cum
2185 4471 2253 4527 de
2282 4472 2459 4540 seipso
2485 4472 2710 4543 quisque
2731 4483 2825 4528 aut
2852 4489 2958 4531 non
2981 4478 3199 4532 omnino
3216 4489 3307 4534 aut
3334 4481 3419 4535 vix
3449 4484 3620 4553 possit

2034 4576 2214 4614 veram
2247 4559 2385 4617 ferre
2410 4562 2731 4617 sententiam
2753 4602 2771 4628 ,
2799 4564 3069 4633 quomodo
3098 4577 3274 4637 potest
3301 4569 3370 4624 de
3403 4572 3508 4627 alio
3529 4574 3619 4642 ju-

2033 4650 2211 4705 dicare
2230 4692 2246 4717 ,
2278 4665 2401 4706 cum
2445 4652 2578 4706 sciat
2606 4667 2766 4708 nemo
2795 4654 2919 4723 quid
2949 4666 3137 4725 agatur
3165 4657 3215 4711 in
3246 4657 3487 4727 homine,
3515 4664 3617 4719 nisl

2032 4741 2250 4810 Spiritus
2278 4740 2509 4796 hominis
2540 4740 2648 4811 (Id.
2678 4758 2739 4809 tt,
2770 4743 2905 4814 ll)?
2931 4744 3011 4799 Ite
3040 4749 3203 4818 magis
3234 4750 3304 4804 ad
3329 4752 3614 4819 uendentes,

2031 4841 2079 4887 et
2103 4841 2249 4887 eunte
2285 4832 2442 4887 vobis.
2474 4832 2589 4888 Non
2629 4834 2911 4890 consilium
2941 4835 3154 4892 dedisse
3183 4840 3430 4906 putandae
3466 4853 3614 4907 sum,

2031 4922 2124 4979 sed
2166 4924 2368 4979 crimen
2399 4938 2583 4980 earum
2608 4940 2674 4980 ex
2710 4925 2926 4997 obliquo
2965 4943 3438 4989 commemorasse.
3471 4931 3617 4990 Ven-

2032 5016 2164 5071 dunt
2202 5017 2342 5071 enim
2383 5018 2561 5073 oleum
2609 5017 2949 5087 adulatores,
2996 5020 3091 5089 qui
3136 5024 3250 5078 sive
3296 5020 3455 5089 falsa,
3503 5027 3619 5082 sive

2032 5107 2270 5176 ignorata
2301 5106 2584 5172 laudando,
2614 5108 2820 5163 animas
2846 5108 2897 5161 in
2925 5123 3162 5164 errorem
3192 5111 3426 5175 mittunt,
3454 5122 3511 5168 et
3541 5115 3621 5171 eis

2030 5214 2162 5252 vana
2182 5197 2373 5268 gaudia
2407 5206 2657 5266 tanquam
2684 5197 2844 5252 fatuis
2884 5197 3217 5253 conciliando
3240 5240 3254 5262 ,
3287 5200 3519 5272 aliquam
3552 5205 3620 5259 dc.

2031 5287 2115 5343 his
2144 5287 2469 5352 mercedem,
2500 5287 2613 5342 sive
2637 5288 2898 5355 ciborum,
2940 5290 3053 5344 sive
3094 5291 3353 5360 pecuniae,
3520 5294 3619 5351 ιιι.-

2031 5380 2200 5444 noris,
2250 5378 2364 5433 sive
2409 5377 2634 5447 alicujus
2674 5377 2941 5434 commodi
2990 5382 3298 5452 temporalis
3324 5387 3614 5455 accipiunt,

2031 5485 2138 5526 non
2161 5468 2576 5538 intelligentibus
2605 5469 2625 5501 ³
2650 5470 2790 5541 quod
2820 5470 3019 5527 dictum
3050 5482 3162 5540 est,
3194 5473 3299 5541 Qui
3322 5491 3409 5533 sos
3446 5479 3620 5548 felices

2095 5606 2113 5638 ί
2147 5604 2297 5665 mliti,
2330 5601 2597 5668 inqtdnstt.
2643 5611 2702 5657 At
2739 5613 2878 5668 κει..
2912 5604 3133 5673 inquirit.
3171 5608 3395 5663 nolet-utr
3422 5612 3483 5664 ad
3516 5616 3620 5666 anl-

2233 5732 2445 5802 estm
2586 5726 3123 5802 meamne-em
3148 5738 3251 5783 m-
3280 5740 3331 5802 ει
3359 5740 3497 5795 κω..
3522 5748 3617 5788 που

2109 5944 2297 5974 ,κη’
2325 5944 2377 5964 ν.
2398 5944 2508 5962 w'l
