4136 6536
491 455 558 506 47
1232 436 1319 490 DE
1363 431 1669 488 DIVERSIS
1705 421 2114 493 ρυΑεετιοΝιι

2221 444 2228 470 ι
2260 418 2541 484 LXXXIII,
2570 418 2627 473 S.
2658 417 3020 474 AUGUSTINI
3698 418 3768 473 48

492 569 688 631 dicunt,
732 566 784 617 in
834 571 1051 614 errorem
1076 568 1162 606 vos
1192 550 1391 602 mittunt
1424 545 1574 617 (Isai.
1618 560 1707 607 ιιι,
1752 541 1863 610 1‘2).
1892 538 2079 631 Melius

494 667 575 709 ι-ει
593 628 768 710 autem
796 646 1060 718 objurgari
1085 643 1291 712 ajusto,
1314 653 1471 708 quam
1493 651 1522 689 a
1548 643 1827 705 peccatore
1855 628 2079 683 laudari.

501 745 796 801 Liiiendabit
823 758 931 805 me,
958 738 1147 807 inquit,
1168 735 1340 805 justus
1359 731 1411 783 in
1438 725 1781 782 misericordia
1798 766 1811 789 ,
1839 732 1885 775 et
1910 728 2099 790 arguet

497 855 605 900 me;
633 838 797 891 oleant
833 843 997 887 autem
1030 827 1308 901 peccatoris
1336 841 1435 877 non
1456 822 1730 891 impinguet
1751 826 1900 882 caput
1924 829 2086 867 meum

499 929 671 997 (l’sal.
703 943 826 987 CXL,
850 926 926 995 5).
973 922 1053 975 Ite
1096 933 1225 988 ergo
1254 914 1413 985 magis
1437 912 1502 967 ad
1531 910 1817 971 uendentes,
1855 915 1900 959 et
1945 905 2089 1003 emite

498 1020 677 1083 vobis;
715 1018 765 1071 id
787 1024 889 1080 est,
923 1012 1196 1066 videamus
1227 1021 1366 1060 nunc
1395 1002 1520 1073 quid
1564 1016 1657 1054 vos
1682 1000 1962 1061 adjuvant,
2000 1000 2090 1063 qui

500 1110 651 1161 Vultis
682 1108 865 1162 laudes
886 1103 1117 1157 vendere
1142 1103 1553 1158 consueverunt,
1577 1101 1632 1147 et
1656 1105 1752 1144 vos
1777 1091 1827 1143 in
1851 1100 2089 1142 errorem

508 1201 762 1254 inducere
787 1239 801 1260 ,
836 1204 892 1249 ut
920 1210 1023 1249 non
1053 1206 1232 1245 coram
1263 1190 1390 1252 Deo,
1429 1184 1521 1239 sed
1552 1184 1618 1237 ab
1647 1180 1950 1236 hominibus
1978 1176 2091 1246 glo-

504 1291 636 1343 riam
687 1284 1016 1356 qttmreretis.
1070 1279 1318 1333 Euntibus
1371 1284 1535 1327 autem
1583 1272 1685 1325 illis
1729 1286 1908 1333 emere,
1964 1266 2093 1319 venit

506 1395 753 1447 sponsus;
785 1376 834 1428 id
862 1384 974 1438 est,
1007 1364 1382 1425 inclinantibus
1413 1380 1472 1419 se
1504 1364 1606 1416 illis
1636 1363 1686 1415 in
1714 1376 1777 1415 ea
1810 1374 1928 1429 quae
1969 1356 2095 1409 foris

507 1479 633 1522 sunt
656 1478 709 1521 et
738 1466 907 1520 solitis
933 1462 1166 1533 gaudere
1195 1455 1556 1528 quaerentibus
1579 1494 1595 1519 ,
1628 1453 1748 1522 quia
1779 1450 1971 1520 gaudia
2012 1448 2095 1500 in-

510 1567 658 1610 terna
688 1571 789 1611 non
818 1560 1095 1616 noverant,
1118 1550 1263 1603 venit
1288 1548 1376 1601 ille
1404 1546 1491 1615 qui
1516 1543 1719 1612 judicat
1750 1560 1764 1595 :
1794 1550 1838 1593 et
1863 1555 1977 1608 qua:
2000 1555 2096 1607 pa-

508 1657 635 1700 rata:
662 1654 834 1706 erant;
864 1644 915 1697 id
942 1651 1042 1705 est,
1070 1641 1265 1710 quibus
1292 1638 1489 1692 bonum
1518 1649 1698 1687 coram
1727 1633 1835 1685 Deo
1861 1629 2103 1683 testimo-

515 1737 659 1789 nium
704 1734 1032 1790 conscientia
1078 1729 1412 1802 perhibebat,
1444 1728 1755 1778 intraverunt
1796 1737 1909 1774 cum
1952 1736 2008 1772 eo
2034 1718 2101 1771 ad

512 1828 754 1898 nuptias;
800 1826 851 1880 id
902 1836 1003 1889 est,
1047 1824 1135 1877 ubi
1182 1820 1375 1875 munda
1416 1818 1594 1871 animo
1624 1829 1756 1884 puro
1785 1822 1839 1868 et
1866 1810 2103 1881 perfecto

513 1922 944 1986 sempiternoque
970 1914 1061 1969 Dei
1105 1912 1278 1966 Verbo
1306 1906 1634 1963 fecundanda
1660 1906 1676 1936 ί
1708 1903 2004 1973 copulatur.
2039 1898 2105 1952 Et

515 2014 691 2066 clausa
718 2021 788 2065 est
805 2012 989 2079 janua,
1018 2007 1070 2061 id
1115 2015 1197 2059 est
1220 2044 1234 2067 ,
1265 2001 1496 2070 receptis
1526 1999 1627 2052 illis
1665 1997 1752 2066 qui
1781 2004 1903 2049 sunt
1929 1994 1979 2047 in
2006 2009 2103 2043 an-

515 2104 737 2173 gelicam
770 2101 931 2153 vitam
960 2096 1219 2152 immutati
1246 2097 1288 2145 ¹.
1320 2094 1504 2145 Omnes
1526 2090 1689 2151 enim,
1716 2088 1905 2155 inquit,
1932 2100 2105 2138 resur-

521 2210 714 2262 gemns,
758 2192 845 2245 sed
889 2207 987 2242 non
1029 2203 1198 2242 omnes
1236 2183 1615 2238 immutabimur
1640 2179 1683 2249 (I
1708 2179 1825 2232 Cor.
1854 2193 1944 2241 xv,
1975 2176 2064 2245 5i)
2092 2193 2103 2227 :

520 2288 733 2337 clausus
777 2292 858 2335 est
900 2281 1078 2335 aditus
1122 2278 1188 2332 ad
1239 2293 1461 2345 regnum
1509 2274 1786 2328 cmlorum.
1819 2270 1935 2325 Non
1965 2268 2108 2323 enim

527 2383 643 2441 post
665 2372 921 2440 judicium
949 2377 1091 2438 patet
1117 2382 1332 2437 precum
1355 2374 1446 2419 aut
1467 2364 1778 2417 meritorum
1808 2361 1972 2413 locus.
2002 2356 2052 2410 Ν
2058 2375 2112 2411 ο-

524 2463 726 2515 vissime
753 2472 919 2513 autem
941 2461 1198 2513 veniuntet
1220 2457 1425 2527 reliqua:
1451 2454 1687 2523 virgines,
1720 2453 1934 2505 dicentes
1957 2466 1975 2502 :
2000 2448 2110 2501 Do-

528 2556 679 2617 mine,
712 2551 945 2615 Domine,
977 2549 1117 2618 aperi
1142 2547 1299 2601 nobis.
1333 2545 1449 2600 Non
1476 2546 1673 2599 dictum
1697 2552 1778 2598 est
1804 2543 1942 2612 quod
1970 2557 2115 2596 eme-

531 2648 637 2699 rint
664 2645 875 2708 oleum;
907 2652 961 2697 et
991 2642 1112 2695 ideo
1143 2638 1496 2707 intelligenda:
1524 2646 1646 2690 sunt
1671 2677 1687 2701 ,
1719 2635 1865 2689 nullo
1886 2635 1994 2703 jam
2027 2648 2108 2687 rc-

528 2744 774 2788 munente
818 2733 886 2787 de
929 2731 1117 2785 alienis
1162 2730 1405 2782 laudibus
1433 2726 1623 2797 gaudio
1648 2766 1663 2791 ,
1697 2725 1749 2778 in
1780 2724 2038 2793 angustiis
2064 2731 2118 2776 et

530 2825 737 2895 magnis
766 2822 1144 2877 afﬂictionibus
1190 2820 1367 2874 redire
1410 2818 1479 2871 ad
1520 2816 1948 2893 implorationem
2001 2815 2114 2867 Dei.

528 2917 633 2972 Sed
658 2930 846 2985 magna
867 2924 948 2968 est
968 2913 1083 2980 ejus
1107 2910 1362 2966 severitas
1384 2916 1504 2977 post
1522 2906 1801 2975 judicium,
1826 2904 1976 2974 cujus
1996 2912 2120 2959 ante

526 3008 787 3079 judicium
811 3004 1091 3060 ineffabilis
1111 2999 1471 3057 misericordia
1498 3007 1791 3070 prairogata
1815 3006 1915 3051 est.
1941 2995 2121 3064 Itaque

532 3097 863 3167 respOndeus
889 3096 964 3149 ait
981 3136 995 3161 ,
1024 3094 1183 3147 Amen
1210 3093 1324 3145 dico
1349 3091 1488 3145 vobis
1525 3089 1658 3159 quod
1700 3089 1867 3143 nescio
1900 3104 1985 3141 vos
2012 3103 2031 3141 :
2052 3101 2123 3143 ex

534 3192 623 3244 illa
668 3190 874 3244 scilicet
903 3187 1083 3257 regula
1108 3227 1123 3252 ,
1174 3200 1274 3254 qua
1307 3200 1412 3238 non
1451 3182 1612 3237 habet
1641 3197 1729 3237 ars
1757 3182 1869 3245 Dei,
1911 3181 2012 3235 hoc
2041 3188 2125 3237 est

533 3281 790 3352 sapientia
836 3279 962 3346 Dei,
998 3287 1055 3332 ut
1093 3277 1291 3331 intrent
1319 3278 1370 3330 in
1408 3275 1656 3345 gaudium
1686 3274 1802 3343 ejus
1825 3314 1838 3337 ,
1879 3274 1967 3343 qui
2016 3287 2123 3327 non

532 3388 711 3428 Coram
744 3373 872 3436 Deo,
905 3370 998 3425 sed
1044 3379 1103 3425 ut
1151 3371 1418 3439 placerent
1467 3368 1787 3431 hominibus,
1845 3367 1943 3421 visi
1999 3375 2126 3420 sunt

532 3463 729 3533 aliquid
773 3462 1062 3517 secundum
1111 3470 1372 3529 praecepta
1403 3459 1520 3528 ejus
1562 3458 1795 3528 operari.
1840 3459 2014 3526 Atque
2052 3456 2123 3511 ita

533 3554 803 3609 «oncludit
835 3571 848 3607 :
888 3552 1103 3623 Vigilate
1132 3568 1249 3622 ergo
1276 3592 1288 3615 ,
1318 3552 1440 3623 quia
1467 3552 1665 3604 nescitis
1694 3552 1826 3603 diem
1850 3567 2008 3622 neque
2034 3550 2127 3604 Ito-

532 3661 666 3698 rum.
698 3645 812 3698 Non
843 3643 1003 3698 modo
1033 3644 1174 3697 illius
1212 3643 1383 3696 ultimi
1414 3643 1703 3712 temporis,
1736 3658 1842 3711 quo
1871 3653 2127 3699 venturus

535 3748 621 3791 est
663 3751 910 3806 sponsus,
959 3734 1052 3789 sed
1096 3750 1207 3789 sua:
1248 3735 1472 3804 quisque
1514 3734 1655 3787 diem
1696 3734 2032 3789 dormitionis
2075 3745 2129 3790 ει

538 3830 721 3882 horam
761 3828 950 3882 nescit.
981 3826 1233 3895 Quisquis
1274 3836 1451 3880 autem
1495 3835 1711 3894 paratus
1750 3834 1834 3879 est
1862 3841 2032 3896 usque
2059 3826 2126 3881 ad

536 3934 782 3973 somnum
804 3960 820 3985 ,
851 3918 903 3972 id
932 3926 1037 3985 est,
1068 3933 1235 3988 usque
1260 3916 1325 3971 ad
1354 3927 1580 3971 mortem
1610 3933 1729 3985 qua:
1758 3918 2006 3972 omnibus
2034 3918 2131 3973 de-

534 4013 705 4076 betur,
751 4019 969 4081 paratus
1010 4011 1170 4065 etiam
1214 4009 1510 4063 invenietur
1550 4024 1670 4063 cum
1703 4010 1790 4063 illa
1821 4024 1921 4063 vox
1954 4008 2129 4064 media

537 4114 691 4159 nocte
721 4103 982 4166 sonuerit,
1006 4117 1110 4171 qua
1140 4115 1329 4155 omnes
1351 4101 1646 4169 evigilaturi
1678 4109 1818 4154 sunt.

605 4199 660 4250 4.
701 4195 855 4263 Quod
886 4208 1015 4247 vero
1044 4208 1241 4262 Sponso
1268 4193 1400 4246 dixit
1424 4193 1636 4247 obviam
1657 4193 1839 4246 venire
1868 4191 2124 4261 virgines,

538 4293 614 4343 si"
645 4286 1047 4357 intelligendum
1083 4295 1229 4355 puto,
1259 4295 1316 4339 ut
1345 4301 1410 4339 ex
1441 4285 1571 4353 ipsis
1600 4285 1895 4354 virginibus
1923 4294 2132 4340 constet

538 4396 599 4432 ea
634 4395 749 4445 qua:
775 4378 970 4432 dicitur
997 4392 1191 4446 sponsa
1218 4395 1229 4429 :
1258 4385 1508 4445 tanquam
1527 4377 1571 4429 si
1598 4377 1848 4430 omnibus
1872 4377 2131 4431 Christia-

541 4472 625 4524 nis
654 4472 705 4525 in
734 4469 1023 4524 Ecclesiam
1051 4468 1489 4523 concurrentibus
1532 4468 1620 4521 lilii
1648 4468 1712 4522 ad
1746 4477 1967 4523 matrem
1998 4485 2131 4524 cou-

542 4575 761 4615 nurrerc
789 4561 1053 4626 dicantur,
1085 4576 1205 4614 cum
1234 4577 1296 4613 cx
1328 4560 1457 4628 ipsis
1492 4560 1613 4614 filiis
1642 4562 1975 4630 congregatis
1998 4576 2130 4616 con-

538 4664 642 4708 stet
674 4668 732 4708 ea
761 4668 878 4722 quze
916 4651 1109 4705 dicitur
1143 4660 1330 4707 mater.
1358 4651 1508 4706 Nunc
1534 4654 1674 4707 enim
1705 4652 2021 4721 desponsata
2050 4663 2134 4709 est

542 4745 801 4812 Ecclesia,
834 4755 888 4800 ct
918 4746 1065 4814 virgo
1090 4754 1173 4799 est
1204 4746 1269 4797 ad
1303 4746 1516 4814 nuptias
1554 4746 1912 4815 perducenda,
1946 4747 1996 4802 id
2027 4755 2128 4813 est,

540 4854 662 4892 cum
691 4851 750 4891 se
776 4836 1014 4890 ccntinet
1058 4850 1085 4887 a
1132 4837 1471 4904 corruptione
1516 4837 1758 4891 smculari
1792 4856 1803 4889 :
1834 4838 1925 4892 illo
1954 4850 2131 4894 autem

544 4944 784 4998 tempore
829 4927 1031 4993 nubet,
1061 4942 1178 4982 cum
1211 4928 1456 4981 universa
1488 4930 1812 4983 mortalitate
1844 4931 1894 4984 in
1927 4946 1989 4985 ea
2034 4948 2130 5002 pe-

538 5031 725 5074 reunte
747 5032 792 5087 ³,
842 5020 1129 5073 immortali
1184 5019 1559 5088 conjunctione
1600 5019 1863 5077 fruetur",
1899 5021 2132 5091 Despon-

536 5113 657 5172 savi,
691 5110 879 5179 inquit,
906 5126 991 5165 vos
1018 5112 1105 5164 uni
1128 5110 1233 5163 viro
1257 5110 1495 5180 virginem
1521 5121 1712 5163 castam
1732 5112 1961 5166 exhibere
1984 5112 2134 5168 Chri-

536 5211 615 5253 sto
643 5198 710 5270 l_Il
738 5198 856 5253 Cor.
884 5218 955 5265 xi,
986 5202 1064 5271 2).
1111 5201 1229 5267 Vos,
1264 5202 1451 5271 inquit,
1483 5202 1758 5273 virginem;
1790 5219 1817 5255 a
1850 5204 2033 5271 plurali
2064 5206 2129 5260 ad

538 5291 862 5362 singularem
891 5293 1234 5347 concludens.
1260 5293 1381 5348 Ideo
1406 5304 1459 5349 et
1491 5294 1721 5365 virgines
1750 5295 1852 5349 dici
1886 5306 2127 5364 possunt,

537 5392 592 5437 et
621 5381 793 5449 virgo.
823 5381 929 5434 Cur
952 5392 1127 5436 autem
1150 5386 1383 5454 quinque
1409 5386 1565 5440 dictae
1590 5386 1717 5452 sint,
1744 5395 1802 5440 ut
1827 5388 1954 5441 mihi
1986 5388 2131 5443 vide-

540 5482 627 5526 tur
665 5470 965 5539 expositum
1012 5480 1114 5524 est.
1156 5472 1260 5527 Sed
1303 5474 1545 5529 videmus
1574 5491 1714 5532 nunc
1741 5477 1793 5531 in
1825 5478 2126 5549 aenigmate,

604 5584 617 5645 ξ
646 5582 720 5630 sic
741 5582 956 5641 potiores
978 5587 1083 5645 uss.
1107 5581 1224 5631 Editi
1246 5594 1386 5645 vero,
1417 5584 1691 5645 fecitndata.

602 5643 622 5711 ξ
645 5648 724 5711 Er._
741 5638 966 5711 ἐι-μοι,
989 5638 1291 5711 inunutandi.
1522 5653 1575 5698 et
1595 5646 1779 5710 aliquot
1794 5655 1922 5711 Mss,
1956 5648 2131 5701 iinmu-

537 5702 625 5766 tati
654 5699 851 5766 -—t.ugd.
883 5710 936 5752 et
954 5699 1093 5762 νειμ,
1117 5702 1422 5755 immutandi.
1481 5715 1537 5757 Μ.

604 5764 624 5794 ³
650 5768 771 5821 Mss,
786 5764 1133 5824 'prwwreunte.

602 5824 623 5854 δ
640 5832 818 5874 Games
841 5838 993 5888 prope
1017 5833 1142 5888 Mss,
1168 5825 1365 5889 [βιαίαν.

2192 542 2315 587 tunc
2335 541 2508 591 autem
2537 532 2669 587 facie
2698 532 2762 586 ad
2798 531 3017 595 faciem;
3048 542 3102 585 et
3143 546 3280 583 nunc
3322 546 3388 585 ex
3432 541 3601 599 parte,
3645 540 3773 587 tunc

2190 637 2367 681 autem
2397 642 2461 680 ex
2492 636 2601 679 toto
2627 624 2666 697 (Ι
2699 624 2815 678 Cor.
2847 640 2957 687 xm,
2986 623 3093 694 12).
3124 624 3297 691 Ipsum
3328 634 3503 677 autem
3529 624 3581 677 in
3611 624 3769 695 aenig-

2192 727 2334 772 mate
2368 727 2420 770 et
2458 732 2523 770 ex
2568 726 2715 785 parte
2745 731 2883 768 nunc
2912 716 2963 768 in
2994 714 3280 783 Scripturis
3305 715 3503 783 aliquid
3527 730 3771 782 cernere,

2193 807 2335 876 quod
2380 817 2556 861 tamen
2604 808 2672 860 sit
2700 806 2989 861 secundum
3021 806 3336 859 catholicam
3384 806 3561 869 fidem,
3589 823 3654 860 ex
3687 798 3774 860 illo

2196 897 2415 967 pignore
2434 896 2726 967 contingit,
2753 896 2891 965 quod
2919 899 3123 965 accepit
3151 897 3299 966 virgo
3327 897 3560 951 Ecclesia
3587 896 3776 951 humili

2196 987 2424 1042 adventu
2471 988 2649 1056 sponsi
2706 982 2827 1053 sui,
2869 1003 2985 1058 qua:
3029 989 3102 1042 illi
3148 989 3332 1042 ultimo
3357 989 3623 1043 adventu‘
3655 1005 3776 1043 cum

2198 1080 2376 1134 veniet
2406 1082 2457 1134 in
2484 1082 2721 1136 claritate
2751 1092 2977 1150 nuptura
3002 1092 3085 1137 est
3104 1124 3118 1147 ,
3149 1099 3269 1137 cum
3295 1084 3404 1153 jam
3443 1085 3575 1139 facie
3604 1084 3670 1137 ad
3698 1084 3779 1137 fa.

2199 1170 2334 1225 ciem
2365 1172 2722 1227 coutucbitur.
2756 1173 2907 1226 Dedit
2938 1176 3078 1227 enim
3122 1176 3274 1229 nobis
3301 1176 3487 1246 pignus
3524 1174 3781 1246 Spiritum

2201 1272 2464 1327 sanctum,
2496 1263 2781 1317 sicutdicit
2806 1265 3092 1333 Apostolus
3122 1265 3196 1334 (II
3220 1265 3337 1319 Cor.
3366 1283 3416 1331 v,
3441 1266 3528 1339 5).
3560 1269 3625 1322 Et
3663 1268 3786 1322 ideo

2204 1352 2301 1407 ista
2333 1353 2595 1421 expositio
2618 1352 2748 1407 nihil
2770 1362 2974 1407 certum
3002 1355 3256 1422 intuetur,
3288 1356 3387 1409 nisi
3411 1368 3467 1410 ut
3493 1359 3786 1413 secundum

2206 1442 2361 1497 fidem
2394 1443 2495 1507 sit;
2545 1458 2719 1513 neque
2766 1445 2883 1498 aliis
2923 1446 3261 1514 pra-judicat,
3293 1464 3409 1517 qua:
3440 1449 3790 1505 nihilominus

2207 1534 2497 1587 secundum
2534 1534 2691 1588 fidem
2719 1550 2838 1589 esse
2866 1538 3154 1605 potuerint.

2206 1623 2319 1678 LX.
2345 1624 2419 1678 De
2446 1625 2531 1679 die
2546 1634 2722 1679 autem
2755 1626 2844 1679 illo
2873 1636 2927 1681 et
2959 1627 3083 1681 liora
3103 1642 3259 1682 nemo
3276 1630 3402 1696 scit,
3421 1645 3593 1700 neque
3614 1634 3791 1701 angeli

2278 1717 2567 1781 ctBIorum,
2609 1734 2780 1787 neque
2817 1718 2982 1773 Filius
3019 1719 3247 1774 hominis
3272 1763 3285 1784 ,
3329 1722 3428 1776 uisi
3461 1722 3617 1777 I’ater
3646 1725 3794 1779 solus

2284 1806 2499 1877 (Matth.
2528 1824 2672 1873 xxw,
2704 1808 2819 1881 '56).

2282 1897 2431 1952 Sicut
2454 1898 2592 1953 scire
2622 1900 2756 1952 Deus
2784 1899 2995 1965 dicitur,
3023 1902 3182 1955 etiam
3211 1916 3331 1956 cum
3360 1903 3615 1958 scientem
3648 1904 3793 1972 facit,

2213 1996 2352 2046 sicut
2378 1991 2634 2059 scriptum
2662 2001 2763 2056 est,
2788 1990 2969 2046 Tentat
3000 2011 3086 2047 vos
3104 1992 3355 2049 Dominus
3378 1995 3518 2050 Deus
3540 2008 3718 2065 vester,
3742 2012 3799 2051 ut

2211 2082 2335 2136 sciat
2364 2082 2407 2135 si
2436 2082 2657 2151 diligatis
2683 2099 2796 2135 eum
2824 2082 2995 2155 (Deut.
3022 2101 3133 2145 xut.
3165 2086 3241 2153 '5).
3275 2086 3389 2140 Non
3421 2092 3561 2143 enim
3602 2092 3679 2145 sic
3712 2091 3799 2145 di-

2214 2180 2355 2225 ctum
2383 2173 2609 2236 esthoc,
2648 2174 2797 2241 quasi
2827 2174 3028 2227 nesciat
3057 2176 3195 2229 Deus
3229 2195 3242 2230 :
3275 2177 3368 2231 sed
3402 2186 3459 2231 ut.
3502 2179 3599 2248 ipsi
3630 2181 3802 2236 sciant

2216 2272 2469 2335 quantum
2502 2264 2554 2317 in
2584 2264 2792 2318 Domini
2820 2265 3103 2321 dilectione
3126 2267 3475 2335 profecerim;
3504 2271 3667 2341 quod,
3701 2274 3802 2328 nisi

2220 2354 2599 2409 tcntatiouibus
2625 2371 2743 2425 qua:
2770 2356 3047 2422 accidunt,
3086 2373 3191 2412 non
3223 2360 3379 2428 plene
3404 2360 3471 2413 ab
3501 2361 3805 2417 hominibus

2218 2450 2543 2519 agnoscitur.
2576 2450 2639 2502 Et
2661 2450 2831 2518 ipsum
2854 2449 3052 2515 Tentat,
3079 2467 3172 2519 pro
3197 2466 3263 2505 eo
3281 2452 3509 2521 positum
3534 2462 3637 2521 est,
3662 2456 3803 2524 quod

2220 2542 2567 2596 tentarisinit.
2582 2540 2671 2597 Sic
2685 2552 2873 2596 etcum
2900 2543 3093 2597 dicitur
3114 2546 3342 2610 nescire,
3360 2555 3449 2599 aut
3466 2561 3564 2615 pro
3589 2564 3652 2601 eo
3670 2548 3804 2603 dici-

2222 2644 2325 2700 tur,
2346 2634 2485 2703 quod
2506 2650 2610 2687 non
2631 2634 2915 2703 approbat;
2938 2634 2987 2688 id
3003 2644 3103 2701 est,
3126 2636 3175 2689 in
3199 2636 3473 2706 disciplina
3498 2647 3546 2692 et
3566 2638 3807 2694 doctrina

2221 2740 2315 2779 sua
2340 2741 2445 2778 non
2473 2725 2733 2795 agnoscit,
2761 2726 2897 2779 sicut
2921 2726 3120 2780 dictum
3150 2737 3251 2794 est,
3278 2727 3329 2781 Ν
3335 2730 3466 2783 escio
3483 2747 3567 2783 vos
3595 2731 3808 2803 (Matth.

2224 2830 2363 2878 xxv,
2400 2814 2503 2887 ιε)
2531 2833 2544 2867 :
2575 2825 2667 2869 aut
2706 2832 2802 2885 pro
2827 2832 2892 2871 eo
2931 2817 3071 2887 quod
3104 2820 3303 2874 utiliter
3328 2822 3629 2877 nescientes
3660 2823 3808 2891 facit,

2224 2906 2367 2975 quod
2394 2906 2534 2962 scire
2560 2908 2746 2962 inutile
2773 2916 2873 2963 est.
2917 2910 3041 2965 Ideo
3084 2911 3223 2967 bene
3260 2914 3535 2983 accipitur,
3586 2914 3634 2968 id
3668 2916 3812 2984 quod

2225 2995 2422 3052 dictum
2447 3007 2548 3062 est,
2580 2998 2750 3053 solum
2778 3001 2915 3055 scire
2942 3001 3150 3055 Patrem
3170 3044 3182 3066 ,
3215 3004 3258 3057 si
3312 3004 3509 3059 dictum
3542 3022 3661 3060 esse
3686 3007 3810 3076 quia

2227 3088 2351 3143 facit
2391 3088 2580 3143 Filium
2620 3092 2757 3145 seire
2788 3109 2799 3143 :
2834 3101 2887 3146 et
2932 3093 3072 3162 quod
3102 3094 3299 3148 dictum
3331 3104 3414 3149 est
3436 3138 3449 3163 ,
3479 3099 3689 3152 nescire
3728 3098 3816 3152 Fi-

2228 3180 2355 3235 lium
2380 3223 2395 3247 ,
2424 3183 2502 3237 sic
2526 3184 2722 3238 dictum
2758 3200 2876 3240 esse
2910 3187 3031 3256 quia
3061 3187 3181 3241 facit
3212 3188 3416 3244 nescire
3445 3190 3717 3259 homines,
3763 3194 3814 3249 id

2228 3286 2330 3338 est,
2359 3290 2462 3329 non
2490 3276 2665 3345 prodit
2685 3277 2764 3332 eis
2788 3278 2926 3347 quod
2957 3280 3214 3334 inutiliter
3238 3281 3453 3336 scirent.

2230 3368 2366 3425 LXI.
2422 3369 2499 3425 De
2533 3387 2591 3424 eo
2626 3371 2759 3440 quod
2796 3374 3038 3443 scriptum
3084 3384 3154 3426 est
3198 3376 3250 3426 in
3289 3374 3601 3445 Evangelia,
3646 3378 3820 3431 turbas

2343 3460 2619 3516 Dominum
2642 3464 2692 3516 in
2716 3473 2883 3517 monte
2912 3466 3106 3531 pavisse
3126 3465 3188 3518 de
3215 3466 3434 3535 quinque
3453 3469 3685 3537 panibus.

2304 3552 2357 3606 1.
2398 3553 2643 3623 Quinque
2670 3569 2835 3623 panes
2862 3553 3168 3621 hordeacei,
3200 3556 3391 3624 quibus
3422 3558 3472 3610 in
3503 3571 3681 3614 monte
3712 3560 3823 3614 Do-

2232 3642 2408 3697 minus
2452 3642 2633 3696 turbas
2653 3644 2816 3712 pavit,
2842 3644 3141 3715 signiﬁcant
3181 3655 3411 3700 veterem
3463 3646 3632 3717 legem
3664 3667 3677 3702 :
3708 3650 3823 3705 sive

2232 3734 2354 3804 quia
2380 3732 2615 3787 nondum
2642 3735 3025 3804 spiritualibus,
3055 3737 3149 3792 sed
3176 3738 3347 3794 adhuc
3372 3741 3673 3794 carnalibus
3697 3741 3822 3795 data

2232 3836 2335 3892 est,
2363 3826 2414 3880 id
2440 3836 2541 3891 est,
2574 3828 2809 3897 quinque
2831 3830 3072 3897 corporis
3102 3830 3342 3885 sensibus
3363 3832 3591 3898 deditis;
3621 3848 3743 3887 nam
3767 3842 3824 3889 et

2234 3918 2363 3988 ipsa:
2394 3918 2561 3973 turba:
2589 3919 2823 3990 quinque
2853 3922 3017 3975 millia
3063 3921 3337 3978 hominum
3381 3923 3599 3980 fuerunt
3638 3928 3821 3995 (Jaan.

2232 4025 2305 4073 vr,
2340 4009 2493 4081 9-I5)
2527 4028 2541 4063 :
2584 4011 2697 4065 sive
2740 4012 2863 4081 quia
2905 4028 3003 4082 per
3044 4013 3262 4085 Moysen
3295 4016 3378 4070 lex
3412 4018 3522 4085 ipsa
3554 4018 3677 4073 data
3706 4030 3820 4088 est;

2234 4103 2442 4175 Moyses
2466 4104 2609 4158 enim
2636 4105 2869 4174 quinque
2905 4106 3067 4160 libros
3092 4108 3323 4175 scripsit.
3377 4109 3445 4163 Et
3496 4111 3636 4180 quod
3693 4113 3822 4167 hor-

2235 4196 2419 4250 deacci
2445 4204 2599 4249 erant
2620 4212 2805 4265 panes,
2830 4197 2969 4253 bene
2987 4200 3304 4268 significant,
3332 4204 3416 4257 vel
3440 4204 3605 4272 ipsam
3626 4206 3822 4275 legem,

2234 4301 2354 4355 quae
2385 4287 2453 4339 ita
2476 4286 2597 4341 data
2628 4297 2775 4351 erat,
2805 4299 2862 4342 ut
2893 4290 2943 4343 in
2984 4305 3045 4344 ea
3078 4292 3237 4347 vitale
3280 4294 3473 4349 anima:
3510 4297 3825 4353 alimentum

2235 4378 2600 4446 corporalibus
2646 4381 2993 4435 sacramentis
3030 4382 3396 4451 obtegeretur;
3443 4386 3629 4441 hordei
3682 4390 3827 4443 enim

2238 4470 2471 4525 medulla
2498 4470 2833 4524 tenacissima
2874 4473 3021 4541 palea
3064 4475 3293 4542 tegitur:
3328 4476 3412 4530 vel
3445 4480 3616 4546 ipsum
3660 4495 3829 4548 popu-

2237 4562 2346 4616 lum
2401 4562 2635 4617 nondum
2680 4564 3035 4632 exspoliatum
3084 4569 3283 4621 carnali
3329 4569 3631 4637 desiderio,
3682 4573 3826 4641 quod

2240 4663 2490 4725 tanquam
2520 4655 2669 4723 palea
2691 4655 2837 4709 cordi
2860 4656 2974 4725 ejus
3005 4658 3324 4723 inhaarebat;
3361 4661 3410 4715 id
3442 4672 3543 4727 est,
3587 4663 3828 4719 nondum

2238 4746 2399 4801 corde
2421 4745 2824 4811 circumcisum,
2874 4748 2944 4801 ita
2986 4758 3042 4802 ut
3083 4765 3182 4804 nec
3223 4754 3558 4808 trituratiune
3606 4755 3829 4809 tribula-

2240 4835 2461 4895 tionum,
2482 4850 2603 4888 cum
2634 4851 2727 4903 per
2745 4836 2954 4891 deserta
2976 4841 3319 4910 quadraginta
3342 4845 3495 4897 annis
3515 4844 3825 4915 duceretur,

2239 4925 2510 4979 intellectu
2559 4926 2793 4980 revelato
2831 4931 3062 4983 carnalia
3110 4931 3465 5001 integumenta
3509 4936 3824 5004 deponeret,

2238 5018 2376 5071 sicut
2406 5032 2503 5070 nec
2537 5015 2795 5072 hordeum
2840 5036 2979 5075 area:
3021 5024 3205 5077 tritura
3238 5026 3328 5079 illo
3359 5027 3552 5093 paleari
3596 5032 3829 5097 tegmine

2237 5111 2655 5180 exuiturJtaque
2682 5113 2753 5165 illi
2773 5115 2968 5182 p0pulo
2980 5126 3330 5185 congruenter
3346 5118 3428 5171 lex
3448 5120 3566 5171 talis
3578 5120 3697 5173 data
3722 5131 3823 5175 est.

2306 5207 2358 5258 2.
2391 5206 2503 5260 Duo
2525 5215 2700 5260 autem
2730 5209 2922 5276 pisces,
2956 5213 3041 5279 qui
3070 5227 3312 5280 saporem
3336 5228 3552 5269 suavem
3580 5218 3701 5285 pani
3733 5218 3830 5272 da-

2236 5296 2382 5361 bant,
2408 5296 2540 5351 duas
2568 5298 2681 5351 illas
2710 5316 2965 5367 personas
2998 5304 3243 5358 videntur
3267 5306 3588 5376 significare,
3632 5313 3826 5380 quibus

2238 5389 2463 5456 populus
2487 5389 2575 5444 ille
2596 5392 2895 5460 regebatur,
2918 5403 2974 5448 ut
2995 5411 3087 5463 per
3106 5412 3196 5452 eas
3213 5400 3557 5454 conciliorum
3583 5400 3827 5459 modera-

2235 5497 2356 5535 men
2375 5483 2672 5552 acciperet;
2694 5486 2887 5553 regiam
2900 5489 3102 5542 scilicet
3117 5493 3589 5563 etsacerdotalem,
3609 5497 3674 5551 ad
3693 5514 3823 5568 quas

2236 5572 2395 5627 etiam
2424 5584 2761 5629 sacrosancta
2787 5578 2875 5631 illa
2904 5581 3082 5634 unctio
3118 5585 3415 5651 pertinebat
3441 5586 3521 5657 (a)
3552 5605 3563 5638 :
3593 5603 3821 5661 quarum

2300 5778 2315 5808 ι
2352 5782 2451 5825 ttat.
2478 5783 2530 5825 et
2552 5784 2675 5836 uss,
2704 5774 2788 5825 illo
2808 5776 2973 5829 ultimo
2992 5780 3213 5831 adventu.

2298 5838 2370 5900 (a)
2406 5844 2419 5884 t
2440 5845 2641 5888 Retract.
2665 5852 2767 5899 cap.
2790 5839 2865 5887 26.
