4136 6536
412 489 478 546 l9
1835 503 2034 561 LlBER
2080 507 2273 566 UNUS.

410 606 643 664 ofﬁcium
672 618 790 665 erat
812 613 1059 681 procellis
1091 629 1154 672 ac
1186 615 1434 674 ﬂuctibus
1469 619 1812 691 popularibus
1853 636 1990 676 nun-

409 713 568 768 quam
609 698 780 771 l‘rangi
809 712 969 771 atque
1013 709 1280 778 corrumpi
1305 752 1320 775 ,
1347 718 1402 765 et
1432 711 1686 766 violentas
1718 713 1990 768 turbarum

409 791 867 850 contradictiones
895 807 1141 868 tanquam
1162 801 1503 858 adversantes
1530 803 1700 859 undas
1724 819 1865 874 saepe
1886 805 1994 858 dis-

408 898 677 952 rumpere,
711 885 977 942 interdum
1003 891 1080 944 cis
1100 891 1359 947 custodita
1389 909 1480 948 sua
1509 896 1812 966 integritate
1836 898 1993 953 cede-

410 988 469 1028 re
493 990 508 1037 ;
540 990 761 1042 prorsus
786 993 936 1032 more
962 981 1184 1048 piscium
1217 991 1462 1053 tanquam
1486 985 1537 1039 in
1565 988 1862 1055 procelloso
1883 1003 1994 1041 ma-

411 1063 480 1126 ri,
513 1064 590 1119 sic
619 1066 671 1118 in
702 1067 1005 1124 turbulenta
1046 1073 1224 1141 populi
1267 1074 1722 1131 administratione
1767 1078 1989 1132 versari.

409 1153 538 1221 Qua:
564 1164 739 1211 tamen
760 1157 880 1211 duae
903 1175 1142 1228 personae
1165 1163 1445 1218 Dominum
1475 1176 1713 1220 nostrum
1743 1167 1990 1237 prmﬁgu-

410 1244 616 1299 rabant.
660 1247 860 1302 Ambas
890 1250 1032 1304 enim
1071 1253 1216 1308 solus
1255 1253 1344 1308 ille
1381 1255 1650 1318 sustinuit,
1693 1265 1747 1310 et
1785 1271 1889 1310 non
1932 1257 1993 1310 ﬁ-

408 1345 639 1404 gurate,
693 1337 790 1392 sed
841 1341 1056 1410 proprie
1107 1343 1250 1398 solus
1302 1344 1558 1414 implevit.
1611 1345 1742 1400 Nam
1795 1356 1850 1402 et
1897 1363 1990 1402 rex

408 1437 596 1481 noster
631 1438 712 1482 est
753 1430 1008 1485 Dominus
1045 1432 1199 1488 Jesus
1237 1435 1512 1503 Christus,
1563 1437 1651 1506 qui
1704 1437 1858 1492 nobis
1896 1454 1992 1506 pu-

402 1517 600 1585 gnandi
623 1526 677 1572 et
703 1519 1348 1580 vincendidemonstravit
1368 1528 1669 1598 exemplum
1693 1546 1707 1594 ;
1736 1529 1787 1582 in
1831 1545 1990 1586 carne

404 1609 616 1662 mortali
665 1619 876 1679 peccata
919 1622 1096 1668 nostra
1143 1616 1460 1688 suscipiens,
1490 1621 1862 1676 tentatiooibns
1893 1621 1992 1675 iui-

403 1696 530 1750 mici
555 1713 726 1766 neque
746 1700 1072 1757 illecebrosis
1092 1719 1263 1774 neque
1285 1707 1606 1763 terribilibus
1635 1711 1830 1764 cedens
1854 1728 1866 1763 :
1899 1726 1991 1779 po-

400 1796 606 1842 stremo
632 1805 834 1847 exuens
858 1807 919 1848 se
946 1809 1124 1862 carne,
1149 1797 1472 1868 principatus
1500 1809 1550 1855 et
1579 1811 1866 1870 potestates
1892 1817 1987 1857 ex-

398 1880 641 1947 Spolialls
669 1882 684 1912 ¹
716 1881 1052 1951 ﬁducialiter,
1078 1895 1130 1941 et
1153 1888 1479 1958 triumphans
1506 1907 1597 1959 eas
1623 1892 1674 1946 in
1701 1895 1987 1962 semetipso

398 1968 638 2037 (Colon.
663 1987 720 2035 ιι,
746 1974 862 2043 15).
895 1975 1076 2044 Itaque
1099 1978 1212 2047 ipso
1237 1978 1371 2034 duce
1395 1981 1462 2035 ab
1486 1982 1736 2037 oneribus
1761 1991 1815 2038 et
1840 1984 1988 2039 labo-

398 2059 551 2112 ribus
584 2059 741 2131 hujus
771 2065 1211 2134 peregrinationis
1239 2081 1434 2124 nostrae
1460 2079 1708 2142 tanquam
1737 2074 1805 2128 ab
1831 2073 1986 2146 Egy-

397 2157 491 2216 pto
512 2151 823 2216 liberamur,
843 2164 895 2208 et
913 2160 1278 2227 persequentia
1302 2175 1398 2215 nos
1418 2173 1629 2231 peccata
1653 2175 1984 2220 sacramento

396 2239 738 2308 Baptismatis
759 2245 913 2300 nobis
932 2247 1278 2304 evadentibus
1297 2252 1595 2308 obruuntur
1617 2271 1630 2307 :
1655 2264 1710 2308 et
1733 2257 1983 2326 quamdiu

394 2330 449 2384 in
479 2347 574 2403 spe
599 2347 782 2390 sumus
811 2337 928 2406 ejus
953 2341 1340 2408 promissionis,
1369 2359 1525 2414 quam
1559 2345 1792 2400 nondum
1824 2347 1976 2401 vide-

394 2429 535 2489 mus,
565 2433 817 2497 tanquam
839 2445 935 2498 per
953 2429 1160 2487 deserta
1187 2433 1450 2500 ducimur,
1476 2438 1783 2492 consolante
1805 2453 1902 2492 nos
1927 2439 1978 2493 in

391 2518 592 2572 sanctis
630 2517 920 2590 Scripturis
966 2525 1129 2579 verbo
1160 2526 1251 2580 Dei
1275 2566 1289 2589 ,
1340 2527 1476 2582 sicut
1515 2528 1636 2583 illos
1673 2545 1865 2583 manna
1911 2530 1979 2585 de

390 2609 557 2670 ctelo:
597 2619 652 2665 et
693 2611 882 2668 eodem
912 2615 1026 2684 ipso
1068 2616 1201 2672 duce
1246 2618 1296 2672 in
1335 2619 1626 2675 Jerusalem
1671 2623 1974 2688 caelestem,

390 2705 640 2769 tanquam
672 2702 725 2756 in
757 2711 951 2757 terram
995 2707 1367 2774 promissionis
1395 2709 1660 2764 introduci
1691 2725 1788 2764 nos
1817 2726 1973 2780 posse

390 2791 779 2857 praesumimus,
803 2801 857 2847 et
878 2793 928 2847 in
942 2804 1196 2850 mternum
1217 2798 1284 2852 ibi
1301 2801 1546 2869 regente’
1575 2801 1688 2868 ipso
1715 2811 1770 2855 ct
1794 2811 1974 2856 custo-

385 2877 566 2933 diente
577 2883 799 2935 servari.
817 2883 890 2937 Ita
916 2884 1168 2940 Dominus
1185 2889 1533 2944 nosterlesus
1545 2890 1788 2945 Christus
1802 2903 1977 2948 osten-

384 2969 529 3024 ditur
541 2986 632 3027 rex
647 2981 846 3029 noster.
865 2973 884 3028 l
892 2991 981 3044 pse
998 2985 1074 3031 est
1095 2979 1250 3032 etiam
1280 2981 1528 3034 sacerdos
1547 2993 1728 3035 noster
1746 2983 1797 3035 in
1814 2993 1974 3037 aeter-

384 3075 511 3115 num
524 3063 812 3118 secundum
825 3065 1066 3121 ordinem
1081 3067 1464 3125 Melchisedech
1481 3069 1649 3141 (Psal.
1665 3088 1776 3136 cut,
1793 3073 1968 3146 4),qui

385 3167 450 3208 se
480 3152 656 3222 ipsum
682 3155 877 3209 obtulit
902 3156 1267 3213 holocaustum
1305 3175 1401 3230 pro
1425 3163 1654 3230 peccatis
1675 3164 1891 3232 nostris,
1920 3173 1972 3219 et

383 3243 504 3310 ejus
532 3243 778 3299 sacriﬁcii
809 3247 1209 3304 similitudinem
1234 3251 1604 3305 celebrandam
1632 3253 1683 3306 in
1711 3267 1819 3307 suae
1845 3269 1970 3324 pas-

382 3335 556 3389 sionis
587 3338 900 3392 memoriam
925 3341 1346 3408 commendavit;
1369 3351 1428 3397 ut
1449 3343 1570 3398 illud
1598 3345 1737 3415 quod
1759 3345 1970 3400 Melchi-

379 3426 579 3482 sedech
605 3427 795 3485 obtulit
821 3432 932 3486 Deo
957 3430 1120 3504 (Gen.
1147 3451 1253 3499 xiv,
1285 3434 1406 3505 l8),
1430 3436 1538 3506 jam
1567 3452 1662 3507 per
1685 3445 1850 3493 totum
1877 3453 1968 3494 or-

383 3519 508 3574 bem
547 3527 808 3577 terrarum
848 3523 900 3577 in
935 3523 1130 3580 Christi
1172 3527 1409 3583 Ecclesia
1451 3528 1726 3586 videamus
1767 3530 1964 3586 oll‘erri.

388 3609 537 3680 Ergo
565 3614 814 3682 quoniam
843 3631 932 3670 rex
969 3627 1152 3673 noster
1179 3631 1392 3688 peccata
1418 3631 1598 3676 nostra
1630 3625 1882 3692 suscepit,
1909 3633 1970 3678 ut

385 3701 544 3756 nobis
573 3705 839 3774 pugnandi
869 3715 923 3762 et
951 3709 1192 3764 vincendi
1228 3711 1617 3766 demonstraret
1643 3714 1962 3786 exemplum,

379 3793 695 3848 eorumdem
727 3807 1062 3865 peccatorum
1092 3801 1486 3869 susceptionem
1516 3804 1817 3872 regiamque
1843 3819 1964 3873 per.

379 3893 570 3935 sonam
597 3883 870 3940 Mallhzeus
886 3889 1206 3958 evangelista
1230 3890 1549 3959 significans,
1570 3894 1964 3961 generationem

380 3969 502 4039 ejus
538 3987 658 4042 qua:
700 3984 782 4028 est
822 3977 1111 4032 secundum
1141 3994 1354 4033 carnem
1396 3981 1462 4034 ab
1489 3981 1755 4036 Abraham
1792 3985 1962 4040 susci-

376 4064 567 4132 piens,
609 4065 698 4133 qui
730 4075 880 4135 pater
915 4078 997 4122 est
1035 4070 1211 4139 populi
1246 4070 1447 4133 ﬁdelis,
1479 4080 1532 4127 et
1571 4075 1961 4129 successionem

378 4155 546 4222 prolis
577 4155 829 4214 deorsum
861 4176 1046 4215 versus
1079 4178 1394 4216 enumerans
1417 4166 1656 4233 pervenit
1679 4167 1743 4221 ad
1777 4169 1958 4235 David,

373 4243 429 4296 in
453 4261 561 4314 quo
586 4247 732 4317 regni
756 4249 1172 4306 stabilimentum
1197 4254 1680 4309 manifestissimum
1702 4271 1916 4326 apparet
1943 4278 1956 4324 ;

378 4345 546 4406 atque
573 4338 695 4394 inde
723 4357 817 4408 per
845 4341 1203 4412 Salomonem,
1233 4354 1414 4402 natum
1442 4348 1507 4402 de
1543 4349 1628 4402 illa
1657 4350 1708 4403 in
1735 4366 1836 4420 qua
1865 4367 1958 4421 pa-

375 4435 458 4481 ter
487 4427 603 4496 ejus
634 4442 962 4499 peccaverat,
989 4437 1204 4503 stirpem
1236 4439 1434 4506 regiam
1460 4449 1766 4507 proSeeutus
1793 4457 1959 4511 usque

372 4517 442 4572 ad
480 4526 883 4589 generationem
928 4525 1129 4578 Domini
1164 4528 1400 4594 perducit
1439 4528 1664 4600 (Matt/1.
1692 4547 1730 4596 ι,
1763 4533 1955 4604 1-17).

379 4607 556 4663 Lucas
589 4625 714 4665 vero
745 4613 881 4666 alius
912 4615 1256 4684 evangelista,
1282 4620 1532 4687 quoniam
1561 4629 1614 4674 et
1643 4621 1755 4690 ipse
1791 4638 1956 4693 gene-

375 4700 639 4754 rationem
683 4702 913 4769 Domini,
945 4721 1061 4774 quze
1097 4708 1386 4761 secundum
1414 4725 1626 4765 carnem
1653 4723 1753 4772 cst.
1781 4715 1872 4767 sed
1905 4716 1954 4769 in

369 4790 690 4845 sacerdotali
733 4809 960 4862 persona
999 4797 1361 4866 explicandam
1403 4803 1668 4871 suscepit,
1701 4803 1766 4857 ad
1797 4821 1955 4874 quam

372 4896 656 4950 personam
687 4886 912 4954 pertinet
944 4888 1214 4941 mundatio
1250 4898 1302 4943 et
1337 4890 1553 4945 abolitio
1594 4904 1951 4962 peccatorum,

371 4988 477 5026 non
505 4988 534 5027 a
564 4974 824 5044 principio
849 4976 988 5040 libri,
1021 4979 1157 5032 sicut
1182 4979 1480 5049 Matthreus,
1512 4983 1606 5037 sed
1631 4985 1698 5038 ab
1724 4985 1813 5039 illo
1837 4985 1956 5042 loco

368 5065 456 5118 ubi
486 5063 783 5134 baptizatus
813 5077 896 5122 est
931 5068 1086 5123 Jesus
1108 5112 1122 5136 ,
1153 5071 1242 5126 ubi
1279 5082 1614 5141 peccatorum
1651 5089 1952 5133 nostrorum

368 5155 767 5211 nmndationem
793 5160 1173 5228 praeﬁguravit,
1198 5162 1380 5232 incipit
1403 5174 1678 5233 parentum
1703 5167 1816 5237 ejus
1841 5169 1952 5223 ori-

365 5245 541 5312 ginem
586 5247 847 5315 gradatim
897 5252 1182 5321 prosequi;
1216 5267 1387 5323 neque
1431 5253 1682 5310 deorsum
1731 5274 1950 5326 versus,

365 5339 504 5392 sicut
535 5339 623 5393 ille
665 5340 754 5410 qui
783 5355 905 5395 eum
947 5341 1012 5395 ad
1039 5345 1429 5412 susceptionem
1471 5357 1809 5416 peccatorum
1839 5359 1954 5404 tan-

362 5444 522 5497 quam
559 5428 976 5485 desceodentem
1013 5434 1349 5501 ostendebat,
1383 5436 1472 5490 sed
1503 5452 1714 5493 sursum
1745 5456 1948 5506 versus,

364 5528 616 5590 tanquam
643 5518 688 5574 is
706 5521 795 5590 qui
822 5537 942 5575 eum
967 5531 1085 5592 post
1106 5525 1444 5580 abolitionem
1471 5539 1807 5598 peccatorum
1837 5544 1952 5586 tan-

359 5626 516 5681 quam
538 5613 918 5668 ascendentem
947 5616 1241 5670 insinuahat
1259 5635 1272 5681 ;
1293 5635 1388 5672 nec
1411 5634 1503 5674 eos
1533 5632 1797 5689 parentes,
1817 5639 1950 5690 quos

359 5701 450 5757 ille
486 5704 775 5758 nominans
800 5703 960 5776 (Luc.
993 5723 1070 5774 ιιι,
1095 5708 1314 5780 93—58).
1345 5710 1456 5766 Alia
1489 5713 1628 5766 enim
1661 5722 1773 5767 erat
1801 5713 1950 5784 origo

419 5838 434 5900 ε
462 5837 633 5886 Plures
656 5845 783 5900 uss,
801 5836 1096 5900 exemplaris.

414 5899 437 5929 ε
469 5901 543 5949 sic
559 5906 668 5951 uss.
695 5898 810 5948 Editi
829 5898 1010 5956 autem.
1027 5908 1264 5963 regnante.

3606 556 3675 617 30

2114 628 2479 695 sacerdotalis,
2512 650 2627 706 quae
2654 653 2750 709 per
2786 658 2948 701 unum
2971 663 3038 705 ex
3065 650 3185 708 ﬁliis
3206 653 3391 725 David,
3415 661 3568 720 sicuti
3601 682 3689 723 es-

2102 717 2268 786 solet,
2299 721 2365 776 de
2388 725 2552 782 tribus
2578 733 2889 792 sacerdotali
2929 745 3320 805 matrimonium
3351 756 3683 827 sortientem,

2108 808 2356 919 effecerat
2382 825 2436 870 ut
2457 817 2616 874 Maria
2639 822 2707 879 de
2733 835 2956 900 utraque
2984 834 3143 901 tribu,
3170 839 3218 894 id
3247 851 3346 908 est,
3372 808 3684 919 dere-giae;

2106 901 2422 958 sacerdotali
2449 912 2816 979 cognationem
2841 919 3075 978 duceret.
3101 926 3230 982 Nam
3259 941 3311 986 et
3329 901 3684 1003 quandd’cen-

2101 988 2186 1042 siti
2217 1003 2339 1047 sunt
2367 995 2562 1066 Joseph
2591 1012 2643 1057 et
2667 1004 2858 1074 Maria,
2891 1013 3146 1082 scriptmn
3178 1030 3258 1074 est
3297 988 3391 1079 eos
3424 1026 3585 1084 fuisse
3616 1031 3683 1086 de

2100 1082 2281 1186 domo,
2315 1089 2367 1143 id
2400 1095 2583 1186 estde
2621 1113 2817 1168 genere
2844 1103 3007 1161 David
3037 1107 3162 1180 (Id.
3194 1129 3250 1180 ιι,
3278 1115 3374 1186 4).
3406 1119 3472 1174 Et

2100 1172 2248 1257 belli,
2276 1194 2394 1246 qua:
2426 1181 2773 1244 nihilominus
2800 1206 3021 1263 cognata
3057 1198 3235 1256 Maria:
3263 1172 3533 1276 scribitur,
3560 1225 3672 1278 erat

2099 1262 2166 1361 de
2194 1267 2332 1322 tribu
2364 1275 2676 1332 sacerdotali
2704 1278 2722 1351 (
2746 1279 2830 1334 Id.
2861 1262 2899 1351 ι,
2931 1286 3019 1352 36,
3050 1288 3139 1361 5).
3171 1289 3319 1348 Sicut
3346 1262 3676 1358 autem,

2101 1355 2303 1429 threus,
2354 1366 2441 1434 qui
2492 1376 2736 1440 tanquam
2781 1375 3192 1440 descendentem
3232 1389 3298 1443 ad
3342 1393 3676 1463 suscipienda

2099 1461 2310 1516 peccata
2351 1466 2532 1512 nostra
2571 1477 2747 1532 regem
2778 1468 3047 1529 Christum
3087 1476 3353 1548 insinuat,
3401 1461 3501 1552 per
3521 1486 3677 1543 Salo-

2099 1555 2310 1597 mooem
2346 1561 2374 1599 a
2405 1548 2567 1606 David
2594 1554 2908 1625 descendit;
2951 1567 3072 1633 quia
3112 1567 3364 1629 Salomon
3401 1548 3466 1632 de
3504 1579 3590 1635 illa
3621 1583 3674 1638 in

2095 1645 2196 1699 qua
2227 1633 2387 1688 David
2415 1655 2744 1713 peccaverat,
2784 1661 2937 1706 natus
2967 1665 3049 1710 est
3072 1675 3087 1712 :
3114 1659 3183 1713 ita
3219 1660 3409 1732 Lucas,
3442 1670 3531 1738 qui
3560 1680 3677 1727 tan-

2094 1734 2249 1788 quam
2280 1729 2654 1788 ascendentem
2696 1750 2813 1806 post
2841 1742 3181 1804 abolitionem
3225 1729 3561 1823 peccatorum
3587 1779 3675 1818 sa-

2094 1811 2362 1869 cerdotem
2389 1815 2657 1878 Christum
2692 1828 2936 1898 insinuat,
2969 1849 3063 1903 per
3086 1811 3290 1897 Nathan
3326 1850 3564 1905 ascendit
3593 1854 3660 1908 ad

2095 1899 2294 1968 David;
2339 1908 2459 1976 quia
2501 1910 2704 1968 Nathan
2749 1899 3004 1990 propheta
3041 1929 3233 1985 missus
3276 1933 3474 2006 fuerat,
3520 1943 3672 2011 cujus

2091 1997 2426 2063 correptione
2472 2002 2631 2060 David
2675 2008 2838 2078 ipsius
2879 2019 3081 2082 peccati
3111 1997 3669 2102 abolitionem'pmiii—

2093 2086 2254 2140 tendo
2279 2090 2576 2160 impetravit
2605 2099 2622 2167 (
2638 2100 2676 2153 ll
2701 2100 2827 2172 Reg.
2854 2121 2946 2172 xn,
2980 2110 3032 2175 l,
3061 2113 3160 2184 l5)
3187 2114 3286 2188 (a).
3314 2086 3668 2194 Itaqueqiost-

2089 2190 2317 2247 eaquam
2347 2187 2554 2242 transiit
2584 2189 2751 2247 Lucas
2777 2211 3056 2264 personam
3089 2187 3270 2273 David,
3304 2187 3669 2276 non—dissona:

2087 2283 2116 2321 a
2140 2269 2388 2329 Matthmo
2413 2276 2462 2330 in
2486 2282 2789 2338 nominibus
2816 2302 3208 2356 generatorum.
3242 2299 3374 2356 Nam
3405 2320 3497 2360 eos
3526 2308 3544 2340 ¹
3573 2327 3666 2364 no-

2087 2362 2252 2417 minat
2279 2369 2576 2426 ascendens
2615 2389 2642 2426 a
2687 2376 2846 2433 David
2885 2398 3050 2454 usque
3092 2387 3160 2442 ad
3201 2391 3490 2462 Abraham,
3533 2415 3668 2469 quos

2087 2453 2176 2546 ille
2205 2457 2536 2517 descendens
2571 2466 2638 2520 ab
2668 2468 2935 2525 Abraham
2968 2453 3144 2546 usque
3169 2481 3234 2535 ad
3267 2481 3451 2540 David.

2082 2543 2170 2596 vid
2203 2547 2342 2601 enim
2372 2550 2422 2603 in
2451 2551 2584 2607 duas
2623 2555 2846 2616 familias
2867 2603 2879 2623 ,
2913 2543 3109 2633 regiam
3150 2579 3204 2623 et
3242 2576 3660 2645 sacerdotalem,

2082 2637 2231 2706 origo
2258 2639 2341 2692 illa
2374 2641 2654 2700 distributa
2684 2659 2786 2715 est,
2815 2666 3037 2720 quarum
3064 2657 3288 2716 duarum
3320 2637 3659 2735 familiarum,

2081 2726 2219 2782 sicut
2240 2729 2438 2786 dictum
2467 2743 2566 2801 est,
2588 2739 2784 2809 regiam
2806 2743 3134 2803 descendens
3162 2750 3458 2824 Matthreus,
3486 2774 3662 2816 sacer-

2081 2817 2310 2875 dotalem
2354 2827 2652 2884 ascendens
2682 2831 2850 2889 Lucas
2889 2848 3103 2894 secutus
3143 2853 3266 2900 est:
3309 2855 3362 2900 ut
3407 2849 3663 2910 Dominus

2079 2921 2259 2966 noster
2283 2913 2439 2970 Jesus
2467 2917 2707 2977 Christus
2736 2941 2829 2980 rex
2861 2938 2914 2982 et
2953 2934 3202 2990 sacerdos
3245 2949 3445 3005 noster,
3478 2953 3530 2998 et
3569 2961 3662 3001 co-

2077 3004 2384 3070 gnationem
2415 3009 2637 3068 duceret
2666 3015 2734 3070 de
2763 3019 2926 3087 stirpe
2945 3025 3282 3092 sacerdotali,
3306 3041 3359 3086 et
3384 3004 3486 3087 non
3516 3046 3660 3094 esset

2079 3099 2254 3147 tamen
2286 3095 2354 3151 de
2394 3099 2532 3154 tribu
2568 3107 2882 3163 sacerdotali
2904 3152 2918 3175 ,
2961 3111 3061 3168 hoc
3088 3125 3197 3183 est,
3236 3119 3303 3175 de
3331 3123 3466 3179 tribu
3493 3125 3655 3195 Levi;

2077 3184 2171 3239 sed
2203 3197 2345 3242 esset
2373 3189 2439 3245 de
2466 3193 2604 3249 tribu
2628 3195 2758 3252 .luda
2782 3241 2796 3261 .
2827 3201 2927 3257 hoc
2960 3213 3043 3260 est
3061 3248 3075 3272 ,
3101 3207 3168 3264 de
3195 3210 3333 3266 tribu
3361 3214 3524 3271 David
3545 3261 3558 3281 ,
3591 3184 3657 3276 ex

2076 3292 2176 3346 qua
2208 3280 2346 3335 tribu
2389 3298 2547 3339 nemo
2577 3287 2799 3345 intendit
2838 3294 3010 3350 altari.
3057 3297 3184 3355 ideo
3224 3311 3278 3358 et
3317 3303 3455 3362 ﬁlius
3491 3280 3655 3366 David

2076 3368 2306 3423 maxime
2353 3371 2550 3428 dicitur
2594 3380 2884 3436 secundum
2936 3399 3149 3444 carnem
3175 3432 3189 3452 ,
3233 3395 3352 3464 quia
3396 3405 3447 3450 et
3486 3398 3656 3456 Lucas

2075 3458 2392 3527 ascendens,
2418 3473 2470 3516 et
2487 3464 2764 3524 Matth-mus
2781 3471 3132 3542 descendens,
3160 3481 3211 3534 iu
3243 3458 3405 3540 David
3432 3488 3531 3543 sibi
3559 3492 3656 3546 ob-

2072 3548 2210 3603 viam
2243 3550 2362 3606 l'acti
2393 3565 2534 3610 sunt.
2564 3556 2854 3628 Oportebat
2878 3567 3018 3621 enim
3042 3578 3098 3623 ut
3119 3584 3466 3632 evacuaturus
3489 3582 3654 3637 sacri-

2075 3640 2190 3695 ﬁcia
2211 3683 2225 3708 ,
2259 3661 2376 3713 quae
2405 3651 2697 3707 secundum
2739 3655 2981 3713 ordinem
3023 3661 3199 3718 Aaron
3247 3665 3298 3720 iu
3329 3668 3538 3727 levitico
3566 3688 3651 3728 sa-

2071 3734 2308 3792 cerdotio
2337 3737 2551 3808 ﬁebant,
2575 3759 2679 3798 non
2701 3756 2843 3802 esset
2866 3749 2933 3803 de
2963 3751 3100 3806 tribu
3130 3754 3274 3822 Levi,
3299 3774 3366 3814 ne
3393 3762 3460 3816 ad
3482 3763 3650 3832 ipsam

2071 3827 2296 3895 tribum,
2338 3841 2392 3886 et
2431 3833 2496 3888 ad
2524 3836 2694 3904 ipsum
2729 3843 3082 3900 sacerdotium
3118 3849 3258 3918 quod
3287 3827 3655 3923 temporaliter

2069 3918 2253 3973 umbra
2283 3931 2398 3976 erat
2426 3923 2607 3989 futuri,
2636 3931 2905 3998 pertinere
2930 3935 3201 3993 videretur
3228 3943 3501 3999 mundatio
3524 3963 3648 4014 pee-

2067 4019 2302 4067 calorum
2329 4056 2343 4079 ,
2387 4033 2542 4087 quam
2597 4021 2850 4079 Dominus
2896 4027 3162 4086 oblatione
3208 4031 3500 4091 holocausti
3542 4040 3646 4108 sui,

2065 4105 2206 4173 quod
2231 4106 2280 4159 in
2304 4110 2468 4162 veteri
2489 4112 2790 4170 sacerdotio
2813 4116 3149 4187 ﬁgurabatur,
3175 4123 3411 4195 implevit
3435 4146 3447 4181 :
3472 4139 3524 4185 et
3548 4105 3647 4186 ho;

2071 4197 2291 4252 locansti
2317 4198 2431 4269 ejus
2461 4199 2743 4272 imaginem
2773 4207 2793 4237 ’
2821 4207 2885 4260 ad
2915 4211 3224 4266 memoriam
3247 4219 3508 4284 passionis
3536 4236 3647 4277 suae

2067 4287 2118 4340 in
2146 4287 2380 4343 Ecclesia
2413 4291 2783 4349 celebrandam
2815 4297 2990 4364 dedit,
3034 4310 3088 4354 ut
3130 4317 3270 4358 esset
3313 4310 3562 4363 sacerdos
3594 4313 3645 4367 in

2064 4386 2338 4443 aeternum,
2377 4396 2479 4434 non
2513 4387 2802 4439 secundum
2829 4389 3070 4445 ordinem
3099 4395 3297 4460 Aaron,
3331 4397 3423 4450 sed
3455 4414 3647 4455 sccnn-

2065 4483 2184 4522 eum
2213 4471 2454 4526 ordinem
2485 4473 2869 4533 Melchisedech
2899 4479 3097 4553 (Hebr.
3120 4501 3194 4550 v1,
3221 4487 3347 4556 20).
3379 4487 3539 4558 Cujus
3568 4493 3645 4548 rei

2063 4573 2452 4617 sacramentum
2493 4565 2798 4636 diligentius
2849 4571 3022 4628 adhuc
3064 4577 3390 4632 considerari
3447 4591 3641 4648 potest.

2010 4682 2012 4684 -
2065 4650 2168 4737 Sed
2199 4663 2416 4722 preptcr
2443 4655 2577 4709 duos
2610 4657 2781 4726 pisces
2803 4701 2820 4727 ,
2867 4662 2918 4714 in
2959 4662 3149 4731 quibus
3187 4665 3320 4722 duas
3349 4683 3602 4737 personas
3627 4714 3641 4737 ,

2071 4732 2273 4808 régiam
2294 4746 2347 4794 et
2375 4743 2764 4800 sacerdotalem
2798 4747 3054 4818 ﬁguratas
3078 4767 3196 4809 esse
3225 4755 3479 4822 diximus,
3525 4759 3652 4813 hac-

2070 4833 2228 4882 tenus
2258 4827 2382 4884 hinc
2405 4838 2695 4888 tractatum
2719 4851 2840 4890 esse
2863 4839 3112 4894 sutlieiat.

2136 4919 2188 4973 '5.
2219 4921 2372 4988 Quod
2399 4934 2577 4981 autem
2611 4944 2773 5000 super
2797 4931 2980 4986 fenum
3010 4936 3166 4990 turba
3197 4937 3287 4991 illa
3325 4937 3600 4994 discubuit
3628 4981 3644 5007 ,

2062 5010 2428 5081 signiﬁcateos
2439 5018 2529 5087 qui
2544 5018 2947 5077 Testamentum
2965 5025 3131 5082 Vetus
3148 5037 3499 5098 acceperant;
3517 5033 3645 5101 quia

2062 5119 2283 5174 regnum
2317 5109 2396 5163 eis
2435 5112 2728 5181 temporale
2756 5125 2810 5168 et
2848 5113 3146 5170 Jerusalem
3175 5121 3491 5188 temporalis
3516 5138 3645 5192 pro-

2059 5195 2394 5261 mittebatur,
2439 5199 2490 5252 in
2517 5214 2610 5270 Spe
2649 5204 2851 5256 carnali
2883 5204 3172 5260 collocatos
3216 5207 3399 5265 fuisse.
3453 5210 3640 5268 Omnis

2055 5286 2196 5340 enim
2222 5304 2343 5342 caro
2366 5287 2562 5358 fenum.
2591 5300 2634 5344 et
2657 5292 2870 5349 claritas
2900 5296 3122 5352 hominis
3149 5310 3204 5354 ut
3222 5302 3321 5371 [ιω
3344 5305 3452 5373 feni
3475 5303 3633 5378 (Isai.

2054 5393 2146 5440 ιιι,
2174 5378 2248 5449 6).
2289 5379 2439 5444 Quod
2463 5389 2640 5434 autem
2669 5383 2733 5437 de
2762 5385 3002 5456 reliquiis
3027 5387 3453 5460 fragmentorum
3499 5395 3636 5450 duo-

2052 5466 2224 5521 decim
2253 5467 2465 5537 COphini
2500 5468 2860 5528 buccellarum
2886 5477 3072 5543 repleti
3121 5490 3267 5548 sunt,
3294 5483 3636 5554 signiﬁcabat

2119 5661 2134 5691 ι
2172 5666 2219 5708 lu
2242 5659 2488 5721 plerisque
2511 5666 2635 5730 Mss,
2659 5659 3184 5738 generationttrn._§'qnt
3209 5676 3308 5738 eos,
3335 5672 3431 5714 etc.
3557 5725 3569 5738 .

2119 5724 2138 5753 ¹
2172 5731 2290 5769 'tres
2437 5722 2617 5789 .ttcgius
2635 5722 3022 5789 ,'bavarricus_et
3045 5723 3352 5789 aliebaelinus
3369 5759 3384 5784 ,
3406 5725 3640 5789 magnitu-

2054 5782 2214 5852 dinem
2235 5789 2280 5831 et
2303 5780 2572 5852 imaginem.
2596 5791 2870 5847 Quanquam
2908 5784 2972 5834 ibi
3009 5785 3314 5836 Michaeliaus
3333 5780 3467 5837 caret
3485 5780 3635 5852 ὅτινα-ν

2056 5843 2195 5893 lativa
2221 5845 2465 5905 particula,
2487 5851 2549 5893 et.

2118 5908 2190 5966 (lt)
2227 5914 2238 5953 l
2265 5913 2463 5954 Hetract.
2492 5920 2597 5959 (ar.
2622 5906 2698 5956 26.
