4136 6546
524 510 581 568 5|

508 620 577 672 de
611 614 778 684 ipsius
820 604 976 678 Legis
1015 598 1361 669 adapertione
1400 601 1455 649 et
1493 585 1848 684 disputatione
1863 622 1892 684 ,.
1928 590 2088 684 qua-n1

508 669 679 765 ludmi
705 669 1028 771 reliquerant
1062 700 1118 747 et
1149 690 1526 747 deseruerant,
1558 679 1788 748 repletos
1823 672 1987 727 fuisse
2011 669 2092 723 di-

508 792 745 865 scipulos
784 768 1034 851 Domini,
1092 783 1145 837 in
1198 779 1389 850 quibus
1432 768 1788 827 duodenarius
1836 773 2091 865 numerus

509 851 863 956 principatum
890 884 1054 934 tenet.
1083 870 1331 929 Nondum
1357 866 1500 921 enim
1539 870 1655 956 erat
1672 851 2090 956 scripturaNovi

505 944 833 1033 'l‘cstanicnti
861 1011 877 1035 ,
916 964 1130 1037 quando
1178 960 1463 1021 Dominus,
1507 950 1656 1023 quasi
1699 944 1990 1016 frangendo
2038 949 2093 1037 et

506 1066 798 1139 aperiendo
810 1035 951 1134 quod
980 1060 1168 1114 durum
1195 1063 1248 1109 et
1272 1051 1509 1109 clausum
1534 1052 1647 1100 erat
1672 1042 1723 1096 in
1747 1041 1906 1109 Lege,
1932 1035 2091 1138 disci-

510 1128 664 1229 pulos
699 1128 968 1226 implevit,
996 1166 1118 1207 cum
1147 1148 1225 1201 eis
1254 1151 1374 1215 post
1415 1136 1857 1194 resurrectionem
1886 1128 2093 1229 aperuit

510 1221 816 1321 Scripturas
842 1256 1073 1308 veteres,
1097 1239 1355 1307 incipiens
1372 1252 1404 1289 a
1426 1232 1606 1303 Moyse
1626 1236 1679 1282 et
1698 1225 1947 1280 omnibus
1972 1221 2097 1321 Pro-

512 1311 710 1415 phetis,
738 1340 1092 1408 interpretans
1121 1332 1226 1386 illis
1248 1330 1298 1383 in
1316 1324 1563 1383 omnibus
1583 1317 1875 1415 Scripturis.
1890 1330 2005 1384 qua}
2026 1311 2095 1415 de

515 1405 632 1504 ipso
675 1405 846 1488 erant.
881 1405 1013 1484 Nam
1049 1435 1101 1479 et
1148 1434 1271 1477 tunc
1308 1433 1430 1475 eum
1469 1415 1577 1470 duo
1614 1412 1825 1466 illorum
1864 1409 1917 1462 in
1944 1405 2095 1476 panis

513 1503 777 1579 fractione
805 1524 1167 1588 cognoverunt
1188 1510 1344 1583 (Luc.
1374 1521 1521 1573 xxiv,
1546 1503 1712 1558 27-3I
1733 1509 1775 1572 ).

585 1612 639 1667 4.
672 1613 738 1666 Ει
771 1608 893 1665 ideo
931 1605 1161 1662 secunda
1194 1601 1363 1672 pastio
1398 1597 1579 1670 p0pnli
1600 1638 1614 1659 ,
1646 1609 1765 1663 quae
1793 1590 1861 1646 de
1891 1596 2093 1658 septem

515 1703 743 1777 panibus
768 1704 900 1756 facta
926 1709 1029 1766 est,
1056 1697 1121 1752 ad
1149 1694 1285 1750 Novi
1312 1688 1636 1746 Testamenti
1665 1682 2096 1756 praedicationem

515 1774 663 1853 recte
695 1791 1006 1862 intelligitur
1033 1788 1323 1858 pertinere.
1351 1781 1468 1837 Non
1489 1780 1627 1833 enim
1649 1776 1716 1830 ab
1741 1774 1917 1843 aliquo
1939 1786 2101 1825 evan-

512 1887 700 1957 gelista
730 1883 930 1938 dictum
967 1888 1048 1934 est
1076 1876 1215 1948 quod
1245 1874 1330 1928 isti
1361 1885 1528 1942 panes
1571 1865 1851 1922 hordeacei
1882 1862 2097 1957 fuerint,

516 1953 656 2033 sicut
680 1974 748 2030 de
778 1973 883 2028 illis
912 1971 1143 2041 quinque
1166 1967 1300 2022 dixit
1336 1964 1589 2019 Joannes.
1618 1959 1747 2013 Haec
1775 1970 1901 2025 ergo
1928 1953 2101 2024 pastio

515 2066 582 2123 de
614 2064 839 2137 panibus
864 2071 1067 2133 septem
1094 2059 1159 2114 ad
1186 2056 1405 2129 gratiam
1432 2054 1662 2125 pertinet
1680 2048 1954 2112 Ecclesiae,
1981 2058 2103 2115 qua:

519 2158 797 2215 notissima
821 2156 907 2210 illa
934 2151 1231 2221 septenaria
1254 2147 1420 2203 sancti
1442 2144 1668 2213 Spiritus
1689 2139 1995 2209 operatione
2015 2151 2103 2191 re—

518 2252 656 2308 fecta
686 2250 703 2282 ¹
732 2246 1089 2319 cognoscitur.
1124 2242 1193 2297 Et
1222 2241 1343 2295 ideo
1375 2253 1477 2291 non
1502 2236 1586 2289 hic
1606 2234 1711 2287 duo
1737 2232 1911 2301 pisces
1941 2229 2103 2282 fuisse

517 2342 827 2399 scribuntur
852 2380 867 2403 ,
913 2336 1051 2390 sicut
1082 2332 1133 2386 in
1172 2329 1337 2385 veteri
1372 2327 1511 2397 lege,
1544 2324 1632 2378 ubi
1660 2322 1766 2377 duo
1793 2320 1892 2375 soli
1936 2332 2104 2387 unge—

519 2433 733 2494 bantnr,
761 2444 852 2483 rex
884 2436 941 2483 et
968 2422 1251 2486 sacerdos;
1280 2419 1373 2474 sed
1404 2416 1556 2488 pauci
1583 2414 1774 2484 pisces,
1802 2412 1854 2466 id
1882 2418 1983 2473 est,
2013 2406 2106 2479 qui

518 2522 673 2595 primi
714 2517 939 2575 Domino
978 2514 1107 2570 Jesu
1152 2511 1370 2566 Christo
1412 2506 1787 2570 crediderunt,
1816 2511 1869 2557 et
1899 2503 1948 2554 in
1990 2500 2104 2568 ejus

518 2626 734 2672 nomine
762 2611 908 2668 uncti
942 2619 1087 2674 sunt,
1120 2616 1176 2664 et
1201 2604 1348 2661 missi
1391 2603 1456 2658 ad
1495 2599 1889 2673 praedicandum
1929 2598 2104 2652 Evan~

432 2744 433 2747 η
516 2704 710 2778 gelium
732 2747 748 2771 ,
781 2713 837 2759 et
873 2702 941 2757 ad
983 2697 1354 2756 sustinendum
1384 2693 1744 2749 turbulentum
1775 2704 1920 2743 mare
1950 2686 2107 2756 hujus

519 2798 722 2863 saeculi,
754 2806 809 2850 ut
840 2810 935 2865 pro
965 2795 1081 2863 ipso
1116 2805 1309 2860 magno
1347 2787 1511 2857 pisce,
1546 2784 1596 2838 id
1631 2791 1733 2845 est,
1766 2798 1861 2851 pro
1895 2778 2109 2834 Christo

518 2889 783 2959 legatione
812 2886 1196 2953 fungerentur,
1245 2880 1385 2934 sicut
1432 2875 1628 2930 Paulus
1669 2872 1939 2942 apostolus
1980 2869 2111 2924 dicit

520 2977 597 3050 (Il
629 2975 746 3031 Cor.
791 2991 842 3040 v,
883 2970 1007 3046 20).
1038 2970 1222 3041 Neque
1256 2970 1308 3023 in
1340 2969 1458 3038 ipsa
1496 2967 1647 3021 turba
1678 2965 1912 3033 quinque
1942 2960 2110 3015 millia

522 3069 796 3123 hominum
836 3064 1071 3129 fuerunt,
1102 3063 1241 3117 sicut
1266 3060 1395 3125 illic,
1426 3058 1515 3113 ubi
1547 3056 1790 3112 carnales
1814 3054 1982 3125 legem
2013 3068 2107 3107 ac-

521 3161 798 3231 cipientes,
830 3155 884 3213 id
904 3164 1003 3222 est,
1034 3155 1266 3226 quinque
1291 3150 1535 3209 sensibus
1557 3148 1732 3204 carnis
1751 3145 1913 3201 dediti
1938 3143 2106 3215 signi-

524 3252 778 3315 ﬁcantur;
810 3248 905 3306 sed
941 3255 1169 3319 quatuor
1196 3245 1358 3300 millia
1386 3242 1592 3312 potius,
1633 3256 1738 3310 quo
1769 3253 1994 3292 numero
2032 3235 2107 3292 si-

520 3341 841 3411 gniﬁcantur
857 3338 1175 3409 spirituales,
1190 3344 1407 3406 propter
1430 3342 1657 3403 quatuor
1676 3330 1837 3384 animi
1858 3330 2105 3394 virtutes,

520 3432 714 3505 quibus
740 3432 791 3485 in
823 3431 923 3485 hac
956 3428 1067 3484 vita
1103 3425 1451 3497 Spiritualiter
1478 3424 1673 3478 vivitur
1694 3462 1708 3484 ,
1738 3419 2069 3490 prudentiam
2089 3460 2106 3486 ,

524 3522 968 3594 temperantiam,
1014 3519 1377 3574 fortitudinem
1400 3558 1417 3584 ,
1459 3522 1518 3571 et
1554 3513 1835 3583 justitiam.
1873 3510 2107 3577 Quarum

524 3616 695 3686 prima
732 3623 817 3671 est
852 3612 1084 3684 cognitio
1128 3627 1305 3666 rerum
1343 3607 1763 3680 appetendarum
1805 3614 1859 3660 et
1900 3603 2110 3674 fugien-

523 3708 710 3762 darum
753 3726 767 3762 :
813 3707 1077 3770 secunda,
1118 3704 1407 3760 refrenatio
1447 3700 1753 3770 cupiditatis
1788 3698 1856 3752 ab
1897 3697 1962 3751 iis
1990 3711 2109 3766 qua:

525 3798 887 3869 temporaliter
916 3798 1182 3852 delectant
1207 3814 1220 3850 :
1253 3796 1406 3849 tertia
1426 3835 1441 3861 ,
1474 3792 1696 3847 firmitas
1722 3789 1885 3845 animi
1913 3788 2108 3843 adver-

523 3906 617 3946 sus
645 3907 707 3946 ea
745 3908 863 3962 quae
895 3889 1257 3959 temporaliter
1298 3886 1520 3942 molesta
1554 3891 1717 3938 sunt:
1746 3892 1965 3953 quarta,
1992 3898 2110 3951 qure

525 3998 619 4050 per
654 3996 878 4039 caeteras
905 3996 1092 4037 omnes
1134 3980 1449 4035 diffunditur
1470 4021 1487 4046 ,
1528 3976 1743 4033 dilectio
1775 3975 1870 4031 Dei
1894 3983 1950 4031 et
1988 3990 2113 4046 pro-

523 4074 672 4127 ximi.

594 4163 648 4222 5.
676 4162 816 4221 Sane
843 4174 897 4220 et
917 4165 987 4219 ibi
1014 4162 1252 4234 quinque
1272 4163 1435 4219 millia
1465 4160 1763 4227 hominum,
1790 4167 1845 4215 et
1875 4158 1962 4215 llic
1981 4174 2113 4229 qua-

523 4267 646 4311 tuor
674 4257 833 4309 millia
864 4255 1106 4324 exceptis
1152 4254 1466 4308 mulieribus
1504 4262 1559 4307 et
1589 4252 1768 4321 pueris
1809 4250 1969 4304 fuisse
2000 4265 2114 4304 me~

459 4398 467 4403 .
524 4356 803 4401 morantur
831 4347 849 4415 (
873 4345 1059 4399 Matth.
1091 4358 1186 4409 xv,
1215 4340 1411 4415 54-58)
1437 4359 1451 4394 :
1481 4342 1619 4411 quod
1650 4340 1777 4395 mihi
1808 4340 2018 4394 videtur
2044 4338 2109 4392 ad

525 4439 628 4490 hoc
656 4436 923 4504 pertinere
947 4475 961 4497 ,
1002 4444 1059 4487 ut
1100 4433 1460 4502 intelligamus
1492 4439 1547 4486 et
1584 4432 1637 4484 in
1680 4429 1877 4501 populo
1905 4428 2113 4483 Veteris

523 4526 849 4582 Testamenti
895 4527 1056 4582 fuisse
1099 4525 1360 4595 quosdam
1400 4523 1640 4578 inﬁrmos
1680 4522 1746 4575 ad
1792 4521 2109 4590 implendam

520 4619 778 4687 justitiam
822 4633 941 4686 qua:
978 4616 1268 4671 secundum
1316 4615 1486 4684 legem
1535 4624 1650 4679 est,
1685 4615 1734 4667 in
1781 4628 1883 4682 qua
1909 4612 2111 4681 justitia

524 4709 801 4778 apostolus
841 4708 1035 4762 Paulus
1075 4709 1191 4761 sine
1228 4706 1442 4776 querela
1479 4720 1538 4760 se
1580 4712 1953 4759 conversatum
1993 4717 2113 4759 esse

524 4801 653 4855 dicit
679 4798 946 4870 (Philipp.
982 4815 1059 4864 III,
1093 4798 1195 4869 6);
1225 4798 1388 4853 fuisse
1416 4800 1539 4852 item
1577 4798 1710 4852 alios
1732 4797 1821 4867 qui
1854 4796 2003 4851 facile
2024 4812 2110 4851 sc-

522 4893 850 4948 ducercntur
876 4891 928 4943 in
966 4890 1165 4944 cultum
1199 4888 1482 4943 idolorum.
1509 4889 1638 4953 Quae
1668 4889 1773 4942 duo
1797 4902 1989 4958 genera
2011 4929 2026 4953 ,
2061 4888 2110 4941 id

524 4992 627 5048 est,
656 4982 979 5037 inﬁrmitatis
1008 4990 1062 5035 et
1082 4982 1301 5045 erroris,
1323 4980 1603 5034 mulierum
1625 4988 1679 5033 et
1707 4994 1987 5048 puerorum
2014 4992 2110 5031 no-

530 5073 759 5127 minibus
799 5073 1018 5144 ﬁgurata
1060 5081 1203 5127 sunt.
1248 5070 1494 5124 Inﬁrmus
1528 5077 1611 5124 est
1650 5069 1792 5125 enim
1830 5069 2109 5123 mulierum

528 5178 689 5219 SBXIIS
714 5165 780 5218 ad
809 5166 1048 5220 actiones
1071 5206 1084 5228 ,
1113 5174 1167 5219 et
1212 5164 1379 5218 facilis
1409 5162 1474 5217 ad
1502 5162 1674 5216 lusum
1704 5162 1947 5230 pueritia.
1975 5161 2110 5228 Quid

523 5266 701 5308 autem
725 5254 865 5309 lusui
894 5256 1080 5324 puerili
1111 5266 1215 5310 tam
1241 5256 1414 5309 simile
1434 5263 1535 5311 est.
1563 5269 1719 5322 quam
1744 5252 1880 5307 idola
1902 5253 2109 5317 colere;

523 5344 739 5416 quando
768 5356 823 5400 et
850 5347 1137 5415 Apostolus
1166 5347 1230 5401 ad
1263 5346 1362 5400 hoc
1399 5347 1579 5400 retulit
1611 5345 1711 5399 hoc
1735 5358 1901 5413 genus
1927 5358 2113 5411 snper-

526 5437 783 5501 stitionis,
811 5453 930 5491 cum
958 5438 1050 5497 ait,
1086 5436 1264 5509 Neque
1293 5439 1441 5492 idolis
1470 5439 1753 5502 servientes,
1785 5437 2113 5505 quemadmo-

524 5531 643 5581 dum
673 5528 879 5595 quidam
906 5544 1098 5591 eorum,
1138 5528 1266 5580 sicut
1290 5528 1531 5595 scriptum
1565 5538 1665 5592 est,
1710 5528 1857 5582 Sedit
1895 5528 2112 5595 populus

528 5622 837 5672 manducare
876 5628 922 5671 et
946 5618 1110 5673 bibere
1129 5660 1143 5681 ,
1172 5627 1217 5671 et
1241 5630 1563 5671 surrexerunt
1602 5619 1776 5672 ludere
1807 5617 1862 5690 (Ι
1891 5618 2008 5672 Cor.
2049 5633 2108 5683 x,

528 5714 557 5762 7
581 5712 632 5769 l?
672 5710 980 5766 Mulieribus
1014 5726 1142 5780 ergo
1182 5708 1383 5764 similes
1412 5719 1596 5775 erant,
1627 5711 1717 5780 qui
1752 5712 1804 5764 in
1836 5712 2106 5768 laboribus

524 5806 973 5872 exspectationis,
1002 5818 1108 5872 quo
1144 5820 1311 5873 usque
1340 5802 1405 5857 ad
1443 5804 1700 5869 promissa
1737 5806 1824 5859 [rei
1868 5822 2109 5874 perveni-

589 5919 605 5949 ι
644 5920 869 5975 verbum,
894 5917 1090 5979 referta,
1113 5918 1390 5968 restitutum
1414 5916 1491 5967 hic
1512 5925 1586 5967 est
1610 5928 1671 5967 ex
1698 5916 1876 5977 aliquot
1901 5928 1999 5968 Mss

1216 479 1306 536 DE
1344 470 1656 532 DIVERSIS
1691 457 2212 540 QUESTIONIBUS
2250 456 2530 521 LXXXIII,
2571 457 2628 513 S.
2672 452 3034 514 AUGUSTINI
3717 452 3787 508 δε

2194 580 2343 636 rent,
2372 587 2479 627 non
2512 571 2736 627 viriliter
2766 578 3170 641 perseverantes
3199 577 3537 624 tcutaverunt
3566 567 3737 622 Deum
3762 584 3775 619 :

2196 663 2377 735 pueris
2403 672 2578 717 autem
2600 703 2614 727 ,
2656 663 2745 732 qui
2780 644 3031 717 sederunt
3057 664 3378 716 manducare
3403 668 3455 714 et
3485 659 3690 719 bibere.
3725 668 3778 712 et

2197 765 2540 810 surrexerunt
2565 754 2765 809 ludere.
2795 754 2909 809 Non
2940 754 3112 809 solum
3141 764 3319 808 autem
3351 754 3457 817 ibi,
3487 752 3580 807 sed
3620 754 3778 807 etiam

2198 848 2251 904 in
2274 850 2468 920 populo
2498 847 2633 904 Novi
2662 848 2987 902 Testamenti
3024 848 3111 917 qui
3140 863 3244 901 non
3272 844 3563 915 perdurant
3585 860 3779 899 occur-

2198 958 2319 997 rere
2345 944 2395 997 in
2427 943 2596 997 virum
2628 939 2918 1013 perfectum
2946 938 2965 1012 (
2984 939 3171 1010 Epltes.
3202 936 3407 1011 iv,l5),
3440 938 3520 991 vel
3552 938 3783 991 infirmi-

2200 1047 2309 1093 tate
2334 1039 2545 1104 virium,
2570 1038 2656 1091 vel
2680 1036 2873 1092 mentis
2909 1036 3141 1100 levitate,
3180 1034 3492 1089 mulieribus
3520 1042 3571 1086 et
3604 1032 3780 1100 pueris

2200 1129 2542 1199 comparandi
2568 1138 2712 1183 sunt.
2739 1127 2872 1183 Nam
2912 1128 3016 1181 illis
3040 1126 3268 1190 dicitur,
3297 1124 3359 1178 Si
3385 1133 3549 1176 tamen
3582 1123 3783 1175 initium

2199 1221 2490 1276 substantia:
2508 1222 2615 1291 ejus
2635 1236 2790 1290 usque
2808 1219 2861 1272 in
2881 1218 3033 1286 finem
3053 1218 3254 1286 ﬁrmum
3274 1217 3574 1269 retineamus
3595 1213 3781 1285 (Hebr.

2201 1328 2276 1377 III,
2310 1311 2446 1383 Il);
2479 1312 2582 1366 illis
2610 1319 2820 1377 autem,
2861 1307 3038 1362 Nolite
3074 1308 3217 1378 pueri
3254 1307 3377 1377 eﬂici
3401 1305 3663 1368 sensibus,
3695 1304 3784 1359 sed

2202 1405 2395 1457 malitia
2421 1404 2638 1470 infantes
2667 1412 2843 1468 estote,
2870 1410 2927 1453 ut
2949 1399 3174 1453 sensibus
3200 1399 3407 1469 perfecti
3434 1399 3545 1451 silis
3579 1396 3598 1468 (
3622 1398 3637 1450 Ι
3661 1397 3780 1451 Cor.

2201 1512 2321 1561 xxv,
2348 1494 2471 1566 20).
2507 1495 2572 1549 Et
2615 1495 2736 1549 ideo
2775 1510 2949 1564 neque
2986 1494 3038 1547 in
3079 1492 3303 1553 Vetere,
3335 1507 3507 1561 neque
3540 1491 3591 1545 in
3631 1490 3780 1545 Novo

2202 1586 2550 1642 Testamento
2579 1587 2711 1642 tales
2730 1587 3082 1641 admittuntur
3110 1583 3176 1639 ad
3212 1599 3525 1647 numerum;
3557 1582 3652 1637 sed
3672 1582 3785 1635 sive

2204 1680 2275 1734 ibi
2306 1680 2539 1749 quinque
2568 1680 2732 1733 millia
2753 1720 2769 1746 ,
2810 1679 2922 1733 sive
2950 1678 3037 1733 hic
3070 1686 3301 1747 quatuor
3328 1676 3515 1742 millia,
3548 1674 3785 1743 exceptis

2204 1770 2518 1824 mulieribus
2541 1779 2595 1825 et
2624 1770 2802 1840 pueris
2826 1769 2989 1825 fuisse
3016 1767 3267 1824 dicuntur
3294 1765 3519 1837 (Matth.
3549 1781 3661 1828 xiv,
3691 1765 3780 1829 2i,

2204 1871 2251 1916 et
2283 1877 2372 1925 xv,
2404 1862 2526 1930 58).

2275 1953 2329 2007 6.
2359 1951 2612 2019 Quamvis
2632 1966 2761 2007 vero
2784 1961 2839 2007 et
2863 1952 2969 2007 illic
2993 1958 3048 2006 et
3076 1950 3164 2005 hic
3194 1958 3409 2019 propter
3435 1949 3606 2018 ipsum
3635 1946 3790 2002 Chri—

2206 2052 2378 2106 stum,
2407 2043 2499 2114 qui
2531 2043 2741 2098 assidue
2778 2043 2830 2097 in
2861 2042 3148 2112 Scripturis
3189 2055 3347 2095 mons
3373 2040 3701 2109 appellatur,
3732 2048 3791 2094 ut

2207 2145 2561 2204 congruenter
2609 2137 2662 2189 in
2702 2144 2884 2190 monte
2914 2144 3136 2203 uterque
3182 2132 3411 2203 populus
3450 2139 3787 2202 pasceretur;

2211 2227 2295 2281 hic
2326 2236 2502 2282 tamen
2530 2242 2633 2281 non
2664 2228 2714 2280 in
2756 2228 2876 2282 feno
2900 2225 3281 2289 discumbitur,
3313 2223 3407 2279 sed
3442 2223 3493 2277 in
3521 2231 3683 2276 terra.
3712 2220 3791 2276 lbi

2210 2321 2351 2375 enim
2391 2320 2651 2375 celsitudo
2689 2318 2885 2375 Christi
2932 2327 3149 2388 propter
3185 2317 3427 2372 carnales
3458 2316 3702 2370 homines
3739 2324 3794 2369 et

2209 2412 2503 2467 Jerusalem
2529 2421 2793 2467 terrenam
2823 2411 3024 2466 carnali
3054 2426 3150 2481 spe
3174 2420 3228 2465 et
3253 2410 3523 2465 desiderio
3553 2410 3748 2479 tegitur
3776 2427 3789 2463 :

2212 2502 2299 2556 hic
2336 2513 2512 2556 autem
2545 2512 2747 2558 remota
2784 2502 2930 2557 omni
2972 2502 3261 2573 cupiditate
3286 2501 3508 2567 carnali,
3540 2501 3793 2555 convivas

2210 2595 2341 2650 Novi
2393 2596 2756 2660 Testamenti,
2805 2596 2917 2664 spei
2964 2595 3323 2664 perniancntis
3360 2594 3793 2659 ﬁrmamentum,

2213 2694 2463 2758 tanquam
2505 2687 2669 2757 ipsius
2704 2686 2900 2741 montis
2925 2686 3186 2751 soliditas,
3218 2685 3364 2739 nullo
3404 2683 3528 2739 feno
3557 2684 3797 2753 interpo-

2213 2779 2317 2833 sito
2341 2778 2663 2832 continebat.

2288 2870 2339 2922 7.
2390 2870 2457 2923 Et
2489 2870 2739 2939 quoniam
2778 2868 3075 2923 rectissime
3104 2867 3236 2921 dicit
3275 2867 3595 2937 Apostolus,
3647 2863 3800 2921 Prius

2214 2972 2382 3016 autem
2430 2978 2581 3031 quam
2632 2961 2818 3015 ueniret
2862 2960 2989 3028 ﬁdes
3009 3001 3023 3025 ,
3076 2960 3167 3013 sub
3221 2958 3353 3029 Lege
3395 2956 3803 3011 custodiebantur

2216 3053 2413 3125 (Galat.
2445 3069 2522 3117 Ill,
2552 3052 2689 3121 23);
2722 3052 2823 3107 hoc
2853 3051 3155 3121 signiﬁcare
3185 3052 3395 3105 videtur
3432 3060 3487 3104 et
3518 3051 3797 3117 Dominus,

2221 3159 2341 3198 cum
2363 3143 2493 3199 dicit
2516 3144 2582 3198 de
2610 3144 2691 3197 his
2715 3159 2849 3214 quos
2879 3144 3110 3213 quinque
3136 3141 3361 3212 panibus
3387 3150 3632 3211 pasturus
3661 3149 3797 3205 erat,

2221 3232 2344 3288 Non
2382 3250 2509 3303 Opus
2554 3234 2736 3287 habent
2782 3235 2890 3299 ire;
2934 3235 3021 3287 sed
3055 3232 3173 3286 date
3212 3233 3315 3286 illis
3361 3249 3446 3286 vos
3496 3232 3805 3285 manducare

2218 3322 2444 3399 (Matth.
2492 3342 2609 3390 xtv,
2648 3324 2768 3398 l6).
2809 3326 2920 3381 Sub
2962 3325 3043 3379 his
3081 3335 3260 3380 autem
3301 3327 3475 3379 verbis
3512 3326 3805 3395 figuraliter

2222 3427 2469 3488 tanquam
2508 3417 2881 3473 custodiendi‘
2922 3417 3260 3483 detinentur,
3306 3432 3425 3470 cum
3472 3416 3572 3470 hoc
3620 3414 3807 3469 admo-

2219 3510 2459 3564 nuissent
2486 3509 2750 3578 discipuli,
2779 3518 2833 3562 ut
2858 3508 3147 3563 dimitteret
3183 3522 3296 3562 eos.
3332 3507 3502 3574 Hujus
3530 3522 3661 3561 vero
3689 3517 3805 3560 tur-

2216 3604 2315 3669 bae,
2351 3618 2470 3673 qua:
2498 3602 2564 3656 ad
2596 3609 2799 3669 septem
2832 3615 2995 3670 panes
3024 3601 3271 3670 pertinet,
3305 3600 3448 3653 ultro
3474 3613 3531 3653 se
3560 3598 3806 3652 misereri

2214 3694 2383 3758 dixit,
2422 3692 2566 3763 quod
2591 3693 2701 3762 jam
2744 3694 2934 3747 tertius
2962 3691 3081 3747 dies
3120 3699 3303 3757 esset,
3334 3707 3397 3744 ex
3424 3705 3528 3759 quo
3556 3691 3603 3743 ei
3638 3690 3807 3757 jejuni

2219 3784 2518 3841 hmsissent.
2554 3784 2611 3839 lu
2650 3794 2761 3838 toto
2792 3785 2934 3839 enim
2972 3783 3168 3837 saecqu
3201 3783 3412 3851 generis
3453 3782 3666 3834 humani
3699 3788 3811 3835 ter-

2220 3880 2347 3932 tium
2381 3888 2591 3948 tempus
2619 3888 2721 3942 est,
2754 3893 2859 3948 quo
2882 3876 3002 3931 fidei
3029 3875 3334 3930 christiana:
3353 3876 3519 3945 gratia
3552 3876 3672 3928 data
3700 3883 3804 3928 est.

2220 3973 2453 4026 Primum
2476 3984 2552 4025 est
2582 3982 2703 4026 ante
2726 3970 2943 4041 Legem,
2967 3957 3258 4024 secundum
3288 3970 3385 4021 sub
3412 3967 3571 4037 Lege,
3594 3968 3807 4022 tertium

2230 4064 2328 4118 sub
2349 4064 2547 4119 Gratia.
2577 4063 2642 4117 Et
2664 4062 2912 4133 quoniam
2934 4071 3178 4131 quartum
3206 4060 3377 4112 adhuc
3402 4068 3586 4120 restat,
3607 4073 3712 4127 quo
3741 4057 3807 4111 ad

2238 4153 2591 4227 plenissimam
2632 4168 2816 4223 pacem
2853 4153 3147 4209 Jerusalem
3191 4151 3425 4207 caelestis
3463 4152 3669 4206 venturi
3715 4165 3809 4205 su-

2230 4263 2369 4315 mus,
2400 4261 2506 4316 quo
2539 4246 2706 4299 tendit
2731 4245 2971 4314 quisquis
3019 4252 3164 4297 recte
3190 4243 3359 4297 credit
3406 4242 3459 4295 in
3499 4242 3807 4305 Christum;

2220 4348 2500 4410 propterea
2526 4352 2586 4393 se
2613 4338 2742 4392 dicit
2774 4336 2980 4393 turbam
3008 4336 3149 4389 illam
3182 4336 3405 4389 reﬁcere
3437 4334 3711 4397 Dominus,
3740 4350 3811 4388 ne

2219 4431 2469 4486 deﬁciant
2508 4430 2560 4484 in
2602 4430 2706 4484 via.
2734 4429 2838 4485 lsta
2880 4430 3021 4484 enim
3066 4427 3392 4496 dispensatio
3417 4427 3437 4457 ²
3464 4468 3478 4491 ,
3520 4440 3623 4495 qua
3656 4425 3811 4480 nobis

2221 4523 2479 4576 Dominus
2520 4521 2887 4591 temporaliter
2914 4529 2969 4575 et
3002 4520 3279 4573 visibiliter
3316 4519 3367 4572 in
3398 4517 3615 4571 homine
3641 4532 3809 4587 appa-

2219 4630 2338 4669 rere
2363 4615 2610 4685 dignatus
2632 4624 2732 4679 est,
2762 4622 2815 4667 et
2840 4613 2986 4668 dedit
3014 4612 3167 4667 nobis
3197 4611 3383 4681 pignus
3407 4611 3661 4679 Spiritum
3684 4623 3811 4663 san-

2218 4714 2381 4766 ctum,
2416 4706 2567 4774 cujus
2588 4705 2897 4774 Operatione
2928 4703 3228 4774 septenaria
3254 4712 3645 4771 vegetaremur,
3679 4716 3814 4770 apo-

2219 4798 2401 4850 stolica
2444 4797 2761 4851 auctoritate
2804 4797 2956 4865 quasi
3009 4810 3294 4863 paucorum
3350 4795 3571 4863 piscium
3618 4808 3814 4862 sapore

2219 4890 2505 4957 conjuncto
2538 4909 2549 4943 :
2581 4890 2697 4943 hazc
2722 4904 2850 4959 ergo
2876 4890 3201 4957 dispensatio
3227 4888 3351 4957 quid
3380 4887 3521 4941 aliud
3549 4889 3675 4958 agit,
3710 4887 3811 4941 nisi

2221 4991 2281 5035 ut
2304 4983 2368 5035 ad
2401 4983 2629 5051 palmam
2652 4996 2898 5049 superna:
2923 4980 3220 5035 vocationis
3248 4981 3362 5033 sine
3383 4978 3589 5033 defectu
3618 4979 3810 5032 virium

2222 5074 2503 5145 pervenire
2548 5071 2848 5141 possimus?
2900 5070 2999 5125 Per
3028 5070 3181 5140 ﬁdem
3210 5071 3341 5123 enim
3371 5068 3724 5134 ambulamus,
3765 5078 3813 5122 et

2221 5184 2322 5220 non
2360 5181 2447 5235 per
2479 5166 2694 5234 speciem
2727 5163 2808 5234 (ll
2851 5164 2967 5217 Cor.
2998 5179 3050 5229 v,
3087 5163 3140 5229 5,
3169 5162 3262 5232 7).
3294 5163 3355 5215 Et
3382 5162 3495 5230 ipse
3534 5162 3813 5230 apostolus

2221 5260 2415 5315 Paulus
2446 5256 2676 5310 nondum
2701 5272 2758 5311 se
2784 5255 2911 5310 dicit
2937 5254 3410 5325 comprehendisse
3437 5269 3657 5323 regnum
3689 5253 3810 5319 Dci,

2223 5350 2330 5405 Sed
2360 5366 2416 5402 ea
2438 5365 2551 5417 qua:
2580 5359 2710 5400 retro
2749 5358 2865 5400 sunt
2894 5347 3093 5409 oblitus,
3128 5346 3179 5398 in
3201 5362 3260 5399 ea
3288 5358 3402 5413 qua:
3428 5356 3544 5397 ante
3571 5354 3687 5397 sunt
3718 5360 3812 5397 ea:-

2222 5454 2386 5498 tentus
2406 5485 2419 5505 ,
2452 5443 2724 5496 secundum
2768 5444 3092 5495 intentionem
3125 5456 3306 5511 sequor
3331 5481 3344 5503 ,
3380 5439 3568 5508 inquit,
3600 5438 3668 5489 ad
3700 5438 3813 5507 pal-

2222 5555 2356 5591 mam
2376 5553 2609 5608 superna:
2632 5536 2928 5590 vocationis.
2967 5533 3321 5587 Verumtamen
3348 5549 3399 5584 τη
3425 5533 3559 5601 quod
3588 5546 3807 5600 paniciu-

2222 5650 2353 5695 mus,
2386 5633 2435 5685 in
2458 5649 2514 5684 eo
2540 5631 2852 5684 ambulemus
2882 5626 3155 5696 (Philipp.
3192 5643 3267 5687 ut,
3300 5625 3526 5696 15-16);
3556 5625 3677 5695 quia
3714 5637 3815 5679 ter-

2286 5795 2300 5824 ι
2338 5792 2409 5840 sic
2432 5790 2597 5857 lituras
2628 5797 2731 5837 Mss.
2770 5788 2889 5838 mliti
2919 5800 3044 5857 vero
3053 5822 3067 5857 _,
3091 5794 3318 5848 tanquam
3350 5788 3567 5857 custodia

2282 5858 2301 5886 ²
2319 5863 2390 5901 lir.
2421 5850 2623 5964 «ἓιὲυνη
2659 5858 2747 5901 Ista
2770 5857 2841 5903 est
2862 5850 2991 5903 sitim
3012 5851 3317 5912 dispensatio.
3340 5860 3480 5902 —51c
3498 5854 3644 5902 etiam
3666 5860 3795 5914 Lugd

2297 5926 2412 5964 \‘en.

2220 5927 2272 5969 BI.
2297 5926 2412 5967 ven.
