4136 6550
424 462 497 519 53
1852 458 2050 514 LIBER
2090 457 2182 517 US
2192 460 2292 519 US.
3650 488 3725 550 ει

426 588 502 640 tio
532 585 621 640 die
665 586 897 641 Domino
922 582 1260 640 adhaerentes
1287 591 1342 640 et
1378 582 1448 639 ab
1473 581 1565 639 illo
1588 584 1756 655 pasti,
1785 590 1890 632 non
1916 578 2015 633 de-

426 678 671 733 ﬁciemus
691 678 743 732 in
765 680 872 733 via.

499 772 553 826 8.
590 770 769 825 Etiam
810 769 900 825 hic
933 785 1064 826 sane
1102 771 1367 841 perveniri
1404 770 1471 826 ad
1505 769 1819 826 comedendi
1857 769 2019 824 linem

430 879 539 920 non
583 864 784 935 potuit,
818 864 913 920 sed
940 864 1141 920 relicuo
1167 871 1292 920 sunt
1316 878 1475 919 escae.
1511 862 1627 919 Non
1655 864 1797 919 enim
1826 862 2019 917 frustra

428 959 500 1013 de
530 959 711 1013 futuro
734 958 936 1012 dictum
963 968 1065 1023 est,
1104 956 1355 1023 Putasne,
1384 958 1585 1012 veniens
1610 956 1778 1011 Filius
1803 956 2021 1013 hominis

430 1052 686 1106 inveniet‘
709 1051 866 1121 ﬁdem
890 1067 1044 1119 super
1065 1060 1249 1105 terram
1278 1050 1437 1121 (Luc.
1462 1066 1614 1115 xvm,
1642 1050 1752 1122 8)?
1773 1051 1835 1105 Et
1857 1050 2019 1105 credo

433 1145 505 1200 ita
534 1145 763 1198 futurum
786 1185 801 1209 ,
832 1152 1054 1214 propter
1089 1144 1341 1199 mulieres
1368 1151 1423 1198 et
1451 1158 1666 1213 pueros.
1705 1144 1809 1199 Sed
1842 1153 2018 1199 tamen

429 1246 631 1306 septem
662 1245 879 1305 sportas
909 1235 1149 1304 reliquis:
1189 1234 1602 1305 fragmentorutn
1645 1235 2011 1303 impleverunt,

428 1327 495 1382 ad
514 1341 643 1397 quas
669 1327 909 1382 Ecclesia
933 1325 1280 1397 septiformis,
1304 1342 1421 1396 quae
1441 1326 1491 1380 in
1514 1326 1834 1398 Apocalypsi
1856 1328 2015 1381 etiam

426 1418 756 1473 describitur
784 1416 980 1491 (Apoc.
1011 1433 1050 1482 ι,
1089 1417 1176 1487 4),
1226 1418 1471 1487 pertinet,
1506 1418 1556 1472 id
1585 1428 1687 1481 est,
1722 1418 1897 1473 omnis
1926 1420 2015 1488 qui

424 1511 855 1579 perseveraverit
897 1526 1066 1581 usque
1094 1510 1145 1565 in
1178 1511 1358 1565 ﬁnem.
1407 1511 1499 1566 Ille
1542 1512 1684 1565 enim
1717 1511 1804 1581 qui
1846 1511 2012 1579 dixit,

423 1602 685 1667 Putasne,
728 1604 930 1657 veniens
969 1602 1138 1658 Filius
1167 1602 1384 1657 hominis
1428 1603 1642 1657 inveniet
1671 1603 1824 1673 [idem
1866 1621 2018 1675 super

423 1699 656 1753 terram?
688 1699 1006 1769 signiﬁcavit
1033 1697 1245 1767 quidem
1274 1698 1325 1751 in
1357 1706 1596 1751 extremo
1624 1696 1852 1752 convivii
1880 1700 1900 1729 ¹
1928 1713 2017 1753 rc-

420 1791 588 1862 linqui
622 1807 780 1860 posse
824 1801 879 1846 et
914 1791 1089 1846 deseri
1121 1806 1273 1846 escas
1302 1805 1465 1845 suas:
1496 1790 1589 1847 sed
1620 1792 1869 1861 quoniam
1899 1792 2015 1862 ipse

417 1882 547 1936 item
579 1882 730 1946 dixit,
765 1882 866 1948 Qui
888 1884 1273 1951 perseveraverit
1298 1900 1453 1952 usque
1476 1884 1527 1937 in
1553 1885 1705 1952 ﬁnem
1729 1883 1771 1950 ³,
1803 1885 1885 1937 hic
1910 1882 2017 1939 sal-

414 1987 509 2026 vus
532 1974 627 2025 erit
655 1971 879 2040 (Matth.
909 1989 1055 2037 xxw,
1087 1972 1218 2044 15);
1243 1974 1556 2043 signiﬁcavit
1582 1989 1686 2029 non
1710 1973 2012 2043 defuturam

419 2061 752 2126 Ecclesium.
800 2080 919 2133 qua:
949 2064 1253 2133 septenario
1284 2080 1509 2120 numero
1546 2065 1762 2120 eosdem
1806 2074 2010 2136 septem

414 2167 587 2223 partes
613 2154 969 2209 abundantius
992 2155 1231 2225 recipiat,
1257 2166 1309 2210 et
1332 2156 1609 2212 latitudine
1632 2156 1808 2212 cordis
1825 2154 1866 2225 ⁸,
1892 2172 2011 2227 quae

414 2246 587 2313 ipsam
618 2247 1071 2313 perseverantiam
1105 2248 1157 2302 in
1198 2247 1397 2318 sportis
1426 2248 1637 2303 videtur
1665 2246 1967 2318 signiﬁcare
1988 2286 2005 2314 ,

413 2337 711 2393 conﬁneaL

411 2450 575 2508 LXIl.
619 2452 695 2507 De
720 2470 777 2508 eo
809 2453 945 2523 quod
968 2456 1210 2526 scriptum
1237 2455 1384 2510 estin
1416 2455 1709 2528 Evangelia,
1739 2454 1869 2524 Quia
1915 2456 2010 2511 ba-

485 2544 714 2614 ptizabat
740 2544 896 2599 Jesus
924 2546 1101 2615 plures
1131 2563 1287 2616 quam
1318 2547 1587 2615 Joannes;
1616 2549 1856 2621 quamvis
1893 2547 2007 2618 ipse

486 2650 591 2689 non
619 2634 933 2704 baptizaret,
958 2637 1051 2692 sed
1073 2637 1317 2708 discipuli
1345 2641 1459 2709 ejus
1485 2641 1665 2710 (Joan.
1698 2659 1771 2709 tv,
1799 2641 1847 2704 l,
1881 2640 1960 2712 2).

487 2746 750 2813 Qumritur
769 2758 948 2803 utrum
971 2751 1058 2820 qui
1091 2751 1339 2822 baptizali
1361 2766 1484 2809 sunt
1506 2756 1598 2810 illo
1630 2768 1867 2826 tempore
1895 2773 2002 2827 quo

409 2836 664 2906 scriptum
686 2850 765 2893 eet
789 2840 1073 2897 Dominum
1108 2858 1206 2913 per
1233 2845 1521 2915 discipulos
1550 2863 1677 2902 suos
1706 2848 2002 2918 baptizasse

409 2930 593 2998 plures
627 2947 785 3001 quam
823 2932 1059 2989 Joannes
1078 2978 1093 3001 ,
1120 2938 1427 3006 acceperint
1451 2938 1706 3008 Spiritum
1734 2951 1999 2997 sanctum.

404 3025 530 3079 Alio
559 3026 699 3080 enim
737 3027 856 3082 loco
896 3029 1167 3099 Evangelii
1214 3032 1293 3086 sic
1335 3032 1529 3087 dicitur
1556 3051 1570 3088 :
1601 3033 1822 3103 Spiritus
1866 3036 1998 3089 enim

401 3116 632 3170 nondum
673 3130 781 3171 erat
808 3119 960 3173 datus
981 3161 998 3186 ,
1028 3123 1147 3191 quia
1173 3122 1327 3177 Iesus
1353 3124 1577 3177 nondum
1606 3135 1711 3179 erat
1738 3126 1998 3194 clariﬁca-

403 3218 485 3261 tus
506 3206 617 3281 (Id.
638 3251 653 3275 ,
686 3226 789 3275 vn,
823 3211 939 3282 59).
974 3213 1038 3267 Et
1068 3212 1317 3269 facillime
1345 3215 1562 3284 quidem
1595 3217 1664 3271 ita
1701 3219 1997 3289 responde-

400 3308 509 3363 tur,
541 3300 679 3369 quod
711 3301 969 3359 Dominus
1004 3304 1160 3360 Jcsus
1180 3348 1195 3373 ,
1239 3307 1327 3376 qui
1357 3308 1520 3363 etiam
1563 3321 1802 3365 mortuos
1829 3312 1998 3366 susci-

400 3391 590 3456 tabat,
636 3404 844 3464 poterat
872 3396 1140 3452 neminem
1173 3399 1385 3455 illorum
1412 3402 1548 3456 mori
1586 3402 1796 3469 sinere,
1825 3402 1997 3460 donec

400 3493 525 3555 post
562 3486 677 3554 ejus
716 3486 1174 3556 clariﬁcationem,
1231 3491 1282 3544 id
1330 3501 1435 3559 est,
1485 3495 1933 3550 resurrecﬁonem
1962 3510 1991 3548 a

402 3579 631 3632 mortuis
657 3588 710 3633 ct
733 3582 1102 3636 ascensionem
1145 3583 1195 3635 in
1224 3585 1441 3650 caelum,
1485 3586 1790 3653 acciperent
1819 3586 1990 3655 Spiri-

395 3679 509 3724 tum
534 3679 796 3725 sanctum.
823 3671 930 3727 Sed
955 3674 1186 3728 occurrit
1211 3675 1390 3729 animo
1415 3676 1551 3731 latro
1572 3677 1658 3731 ille
1677 3678 1762 3732 cui
1790 3677 1989 3732 dictum

389 3770 498 3825 est,
566 3761 722 3815 Amen
767 3763 882 3816 dico
927 3764 1041 3828 tibi,
1091 3765 1242 3820 hodie
1283 3782 1477 3819 mecum
1505 3767 1605 3821 eris
1633 3767 1686 3819 in
1713 3768 1990 3837 paradiso;

390 3853 485 3921 qui
521 3869 622 3908 nec
652 3854 825 3926 ipsum
870 3855 1203 3926 Baptismum
1242 3867 1518 3926 acceperat
1547 3856 1643 3931 (a).
1674 3859 1986 3928 Quanquam

390 3945 706 4010 Cornelius,
734 3956 789 4001 et
825 3947 916 4017 qui
950 3963 1070 4002 cum
1111 3964 1178 4005 eo
1208 3964 1271 4004 ex
1312 3948 1573 4005 Gentibus
1609 3951 1983 4019 crediderant,

388 4037 646 4108 Spiritum
674 4051 916 4094 sanctum
938 4042 1096 4095 etiam
1126 4042 1434 4111 priusquam
1464 4041 1864 4109 baptizarentur
1890 4058 1983 4099 δας

387 4136 631 4201 ceperint
659 4134 795 4203 (Act.
818 4150 885 4198 x,
917 4135 1008 4201 44,
1034 4135 1124 4207 47)
1150 4153 1164 4190 :
1190 4152 1294 4189 non
1326 4146 1503 4191 tamen
1534 4136 1692 4191 video
1714 4137 1984 4206 quomodo

387 4234 443 4280 et
487 4225 576 4281 ille
613 4225 751 4281 latro
794 4227 910 4282 sine
936 4226 1135 4296 Spiritu
1166 4236 1353 4283 sancto
1379 4228 1557 4284 dicere
1586 4230 1836 4299 potuerit,
1867 4228 1981 4283 Me-

387 4327 557 4372 mento
579 4319 694 4380 mei,
728 4316 964 4384 Domine,
993 4319 1113 4373 dum
1134 4320 1326 4374 veneris
1351 4320 1404 4373 in
1428 4338 1640 4391 regnum
1671 4331 1807 4375 tuum
1830 4321 1979 4390 (Luc.

385 4424 539 4472 xxttt,
571 4410 662 4474 45,
690 4409 806 4477 42).
845 4408 1010 4464 Nemo
1046 4410 1188 4465 enim
1221 4411 1380 4478 dicit,
1413 4410 1665 4467 Dominus
1700 4411 1872 4477 Jesus,
1908 4413 1982 4468 ait

332 4530 337 4537 μ
383 4502 700 4568 Apostolus,
725 4502 826 4555 nisi
858 4501 909 4554 in
938 4502 1139 4571 Spiritu
1167 4512 1339 4557 sancto
1370 4502 1413 4576 (l
1434 4501 1555 4559 Cor.
1583 4520 1677 4566 xu,
1709 4504 1784 4576 5).
1815 4505 1979 4574 Cujus

383 4589 505 4645 ﬁdei
530 4590 760 4646 fructum
790 4592 905 4661 ipse
928 4592 1184 4649 Dominus
1211 4596 1526 4651 monstravit
1563 4595 1749 4651 dicens
1770 4639 1785 4662 ,
1818 4598 1979 4653 Amen

382 4680 495 4735 dico
518 4682 629 4746 tibi,
652 4682 803 4737 hodie
836 4700 1032 4738 mecum
1061 4687 1159 4739 eris
1182 4685 1235 4739 in
1259 4688 1517 4757 paradiso.
1543 4688 1822 4756 Quomodo
1848 4706 1977 4760 ergo

380 4772 638 4827 ineffabili
695 4782 957 4843 potestate
1005 4776 1329 4834 dominantis
1383 4779 1520 4835 Dei'
1569 4791 1730 4850 atque
1771 4780 1976 4850 justitia

379 4862 692 4933 deputatum
739 4876 821 4921 est
858 4867 1023 4925 etiam
1065 4869 1333 4938 Baptisma
1384 4871 1624 4927 credenti
1665 4872 1874 4937 latroni,
1921 4881 1977 4929 et

380 4972 477 5025 pro
498 4969 724 5028 accepto
763 4959 1000 5015 habitum
1042 4962 1095 5016 in
1124 4963 1303 5017 animo
1338 4964 1540 5026 libero.
1580 4964 1721 5035 quod
1760 4964 1812 5019 in
1854 4980 1973 5024 cor-

380 5062 511 5115 pore
548 5049 805 5103 crucilixo
841 5050 1011 5119 accipi
1050 5067 1156 5105 non
1196 5054 1448 5121 poterat“
1499 5054 1578 5109 sic
1632 5056 1793 5109 etiam
1850 5054 1973 5121 Spi-

374 5140 509 5192 ritus
566 5150 788 5195 sanctus
847 5140 1077 5196 latenter
1140 5142 1367 5201 dabatur
1412 5152 1535 5200 ante
1595 5145 1805 5201 Domini
1857 5146 1971 5201 cla-

374 5229 769 5297 rilicationem;
835 5241 955 5301 post
1006 5233 1490 5293 manifestationem
1542 5245 1721 5295 autem
1774 5237 1970 5294 divini-

437 5365 454 5395 ι
467 5370 667 5435 ,κειμθο
688 5363 858 5428 plures
873 5374 1005 5435 uss,
1031 5375 1237 5419 Putasne
1265 5368 1418 5421 veniet
1440 5369 1590 5423 Filius
1603 5370 1806 5424 hominis
1824 5381 1868 5425 et
1892 5374 1968 5425 in-

369 5428 541 5475 emiet.
558 5429 631 5476 sic
654 5441 847 5481 rursum
871 5428 1010 5479 infra.

434 5490 452 5556 ξ
479 5488 615 5556 aliti,
645 5488 874 5540 convivio.
901 5498 955 5539 Al.
972 5497 1079 5540 Mss.
1108 5490 1352 5556 plerique,
1378 5492 1593 5556 convicii.

430 5549 452 5626 ξ
475 5548 853 5626 ,ξ’ῐεῖςίίιιιψη
882 5548 1543 5626 νεαιιιεθίιίρείξευὲναιιενίι
1565 5570 1711 5626 "me
1732 5558 1964 5626 unum

426 5610 449 5640 δ
474 5611 611 5678 mliti,
626 5610 927 5678 latitudinem
950 5610 1129 5665 cordis.
1152 5610 1436 5667 Concinnius
1456 5625 1582 5678 MSS...
1598 5610 1848 5673 latitudine

361 5668 579 5746 dist-Sed
601 5688 664 5722 ex
691 5674 769 5746 his
790 5672 959 5746 plures
980 5678 1465 5746 sic_pro._sequuntur_:
1490 5668 1605 5744 qum
1620 5668 1729 5745 ipsa

360 5733 521 5802 rantia
539 5734 598 5802 in
614 5733 992 5802 sportis’oidetur
1014 5733 1295 5802 signi/iani,
1319 5733 1566 5793 contineat.

420 5797 515 5860 ξω
538 5797 725 5860 aliquot
748 5806 855 5847 Mss.
881 5797 1262 5859 omittitur,'Det.

420 5856 443 5888 ⁸
466 5856 667 5920 Septem
694 5868 822 5918 δίει,
841 5872 934 5909 non
960 5856 1122 5921 potest.

416 5921 488 5980 (α)
523 5927 771 5972 ικειηα.
794 5935 899 5985 cap.
920 5922 1000 5977 a6.

2134 578 2256 633 tatis
2310 580 2428 649 ejus
2484 585 2822 646 manifestius
2870 590 3025 647 datus
3061 602 3165 649 est.
3230 596 3297 653 Et
3357 596 3463 658 hoc
3520 600 3722 659 dictum

2127 678 2242 735 est,
2284 670 2511 743 Spiritus
2553 687 2720 732 autem
2759 681 2983 737 nondum
3007 692 3115 739 erat
3152 684 3302 743 datus
3323 706 3343 744 :
3363 689 3417 745 id
3444 698 3549 758 est,
3580 708 3722 747 non-

2127 761 2252 818 dum
2295 767 2373 822 sic
2399 780 2739 839 apparuerat,
2778 783 2836 827 ut
2861 791 3048 831 omnes
3088 792 3209 834 eum
3255 782 3438 837 datum
3483 799 3604 840 esse
3642 785 3721 841 fa-

2128 862 2388 911 terentur.
2428 858 2577 915 Sicut
2615 862 2775 917 etiam
2820 865 3078 923 Dominus
3111 870 3348 926 nondum
3377 882 3496 928 erat
3516 874 3721 929 clarifi-

2125 958 2277 1004 catus
2297 949 2437 1005 inter
2463 951 2728 1021 homines,
2755 956 2851 1012 sed
2878 966 3054 1013 tamen
3082 960 3395 1019 clariﬁcatio
3418 966 3534 1035 ejus
3562 978 3721 1022 teter-

2127 1056 2193 1095 na
2221 1058 2489 1113 nunquam
2515 1061 2636 1102 esse
2667 1047 2889 1105 destitit.
2938 1052 3089 1108 Sicut
3120 1064 3175 1109 et
3196 1056 3456 1112 adventus
3482 1058 3598 1129 ejus
3651 1076 3716 1115 ea

2125 1131 2237 1202 ipsa
2264 1133 2462 1189 dicitur
2483 1136 2870 1196 demonstratio
2900 1143 2953 1196 in
2973 1159 3136 1201 carne
3166 1148 3396 1202 mortali.
3425 1149 3557 1204 Nam
3588 1150 3716 1207 illuc

2122 1226 2287 1292 venit,
2321 1225 2409 1281 ubi
2433 1240 2549 1283 erat
2575 1247 2589 1282 :
2619 1231 2742 1300 quia
2770 1233 2822 1287 in
2847 1250 2943 1288 sua
2987 1236 3196 1306 propria
3230 1240 3365 1293 venit
3377 1256 3398 1306 ;
3427 1249 3501 1306 et,
3537 1242 3591 1296 in
3618 1244 3716 1297 hoc

2122 1316 2313 1370 mundo
2332 1328 2461 1384 erat,
2484 1328 2531 1373 et
2554 1320 2770 1376 mundus
2785 1340 2876 1392 per
2885 1325 3054 1396 ipsum
3083 1328 3247 1397 factus
3263 1339 3333 1384 est
3351 1328 3530 1403 (Joan.
3551 1348 3589 1398 ι,
3620 1335 3709 1397 Η.

2123 1404 2232 1477 IO).
2252 1407 2537 1481 Sicutergo
2553 1412 2761 1467 Domini
2776 1414 3037 1473 adventus
3050 1418 3360 1490 intelligitur
3382 1422 3712 1478 demonstra-

2122 1501 2197 1556 tio
2220 1504 2532 1572 corporalis,
2556 1513 2733 1562 tamen
2755 1517 2879 1564 ante
2906 1508 3046 1567 hanc
3066 1511 3577 1571 demonstrationem
3599 1516 3712 1586 ipso

2120 1593 2173 1648 in
2214 1594 2461 1665 omnibus
2512 1596 2793 1667 Prophetis
2834 1604 3034 1659 sanctis
3074 1613 3323 1675 tanquam
3354 1609 3447 1663 Dei
3478 1609 3711 1665 Verbum

2119 1692 2172 1740 et
2195 1685 2286 1741 Dei
2313 1686 2581 1756 Sapientia
2611 1689 2819 1746 loeutus
2865 1704 2947 1748 est
2972 1712 2986 1749 :
3017 1694 3093 1749 sic
3116 1704 3173 1751 et
3198 1696 3458 1753 adventus
3479 1698 3709 1768 Spiritus

2119 1780 2285 1833 sancti
2328 1780 2714 1837 demonstratio
2761 1784 2991 1854 Spiritus
3040 1788 3210 1844 sancti
3238 1798 3321 1846 est
3373 1791 3502 1861 ipsis
3548 1792 3707 1847 etiam

2117 1870 2287 1924 oculis
2329 1872 2559 1938 carneis,
2607 1875 2819 1944 quando
2858 1876 3003 1933 visus
3041 1890 3122 1934 est
3152 1880 3286 1950 ignis
3314 1882 3513 1939 divisus
3549 1897 3711 1954 super

2117 1975 2232 2028 eos,
2260 1970 2316 2018 et
2342 1973 2619 2033 caeperuut
2648 1966 2793 2036 loqui
2823 1968 3016 2037 linguis
3043 1969 3178 2043 (Act.
3212 1988 3269 2038 n,
3301 1973 3353 2037 5,
3393 1971 3471 2046 4).
3499 1974 3630 2029 Nam
3661 1974 3707 2030 si

2117 2071 2223 2111 non
2255 2063 2377 2111 erat
2405 2056 2461 2113 in
2486 2057 2793 2116 hominibus
2818 2060 3046 2131 Spiritus
3085 2074 3300 2120 sanctus
3340 2074 3464 2121 ante
3494 2067 3704 2123 Domini

2116 2145 2380 2204 visibilem
2408 2148 2866 2221 clariﬁcationem,
2893 2154 3163 2223 quomodo
3187 2155 3371 2213 dicere
3394 2157 3565 2227 potuit
3595 2158 3701 2212 Da-

2112 2237 2223 2303 vid,
2254 2238 2323 2292 Et
2353 2238 2604 2310 Spiritum
2628 2254 2863 2299 sanctum
2889 2255 3112 2300 tuumne
3139 2248 3346 2317 auferas
3369 2264 3401 2300 a
3429 2265 3509 2303 me
3529 2248 3703 2320 (Psal.

2114 2346 2166 2398 ι,
2198 2332 2325 2401 l3)?
2351 2334 2457 2387 Aut
2485 2334 2755 2403 quomodo
2773 2335 2986 2405 impleta
3008 2347 3090 2393 est
3119 2338 3391 2394 Elisabeth
3420 2348 3474 2395 et
3501 2338 3707 2396 Zacha-

2110 2423 2219 2477 rias
2246 2423 2329 2477 vir
2364 2424 2481 2494 ejus
2505 2434 2562 2479 ut
2589 2425 2987 2497 prophetarent,
3009 2437 3061 2483 et
3089 2430 3263 2495 Anna,
3295 2440 3350 2486 et
3370 2432 3609 2498 Simeon,
3636 2434 3705 2489 de

2110 2512 2304 2583 quibus
2327 2514 2575 2571 omuibus
2594 2515 2848 2586 scriptum
2874 2528 2956 2576 est
2975 2520 3114 2590 quod
3134 2520 3336 2591 impleti
3355 2521 3553 2593 Spiritu
3574 2539 3702 2579 san-

2108 2612 2217 2670 cto,
2242 2605 2327 2660 illa
2345 2622 2464 2675 quae
2491 2606 2544 2660 in
2563 2606 2850 2679 Evangelio
2863 2611 3088 2681 legimus
3107 2612 3341 2669 dixerint
3365 2613 3513 2686 (Luc.
3537 2632 3575 2677 t,
3597 2618 3698 2670 41-

2106 2694 2198 2759 45,
2223 2694 2415 2759 60-79,
2447 2706 2501 2753 et
2527 2713 2585 2759 tt.
2611 2698 2806 2772 25—38)
2826 2700 2850 2754 ἳ
2870 2700 2940 2757 Ut
2968 2714 3147 2758 autem
3170 2705 3413 2774 qua-dam
3449 2707 3696 2769 latenter,

2106 2785 2353 2855 quaedam
2374 2802 2501 2844 vero
2524 2803 2623 2860 per
2645 2800 2944 2848 creaturam
2971 2792 3232 2850 visibilem
3259 2796 3538 2852 visibiliter
3560 2798 3700 2853 Deus

2106 2884 2392 2945 operetur,
2441 2880 2676 2949 pertinet
2725 2880 2792 2935 ad
2842 2882 3280 2952 gubernationem
3328 2887 3695 2956 providentiae,

2104 2983 2209 3039 qua
2256 2984 2445 3025 omnes
2483 2970 2679 3027 divina:
2717 2974 2956 3029 actiones
2996 2975 3235 3032 locorum
3291 2988 3698 3049 temporumque

2104 3058 2322 3114 ordine’
2350 3075 2415 3115 ac
2447 3060 2788 3119 distinctione
2816 3066 3173 3134 pulcherrima
3202 3077 3544 3139 peraguntur,
3572 3086 3693 3125 cum

2103 3146 2217 3216 ipsa
2246 3148 2493 3205 divinitas
2520 3166 2621 3206 nec
2661 3160 2905 3209 teneatur
2927 3172 3027 3211 nec
3052 3157 3243 3229 migret
3268 3159 3420 3224 locis,
3450 3176 3549 3217 nec
3575 3171 3694 3217 teu-

2102 3237 2260 3293 datur
2288 3240 2589 3297 varieturve
2630 3246 2975 3314 temporibus.
3028 3248 3308 3315 Quomodo
3358 3262 3535 3307 autem
3579 3256 3693 3324 ipse

2104 3328 2362 3385 Dominus
2389 3345 2570 3386 secum
2603 3333 2832 3391 habebat
2858 3339 3039 3409 utique
3073 3340 3328 3411 Spiritum
3353 3355 3595 3399 sanctum
3634 3347 3689 3400 in

2100 3418 2216 3488 ipso
2247 3419 2463 3476 homine
2494 3439 2652 3494 quem
2699 3427 2937 3496 gerebat,
2984 3432 3197 3499 quando
3225 3442 3283 3487 ut
3326 3434 3687 3503 baptizaretur

2098 3511 2241 3565 venit
2256 3512 2322 3565 ad
2339 3512 2620 3581 Joannem,
2636 3525 2689 3571 et
2708 3526 2882 3573 tamen
2902 3531 3245 3593 posteaquam
3264 3525 3559 3597 baptizatus
3577 3536 3680 3595 est,

2096 3601 2423 3659 descendere
2452 3606 2505 3661 in
2540 3622 2662 3663 eum
2684 3608 2911 3679 Spiritus
2939 3625 3156 3669 sanctus
3192 3616 3335 3671 visus
3360 3624 3443 3672 est
3492 3618 3544 3673 itt
3588 3634 3686 3673 co-

2096 3693 2293 3749 Iumbae
2320 3697 2500 3766 specie
2546 3697 2757 3769 (Matth.
2783 3703 2861 3768 ni,
2905 3704 3133 3774 1346):
3173 3707 3251 3761 sic
3280 3707 3686 3779 intelligendum

2094 3796 2176 3841 est
2204 3797 2259 3843 et
2286 3798 2410 3845 ante
2439 3791 2778 3849 manifestum
2804 3803 2859 3850 et
2886 3796 3150 3853 visibilem
3187 3798 3474 3856 adventum
3506 3801 3682 3872 Spiri-

2094 3885 2178 3932 tus
2201 3881 2369 3935 sancti
2406 3898 2771 3954 quoscumquc
2800 3885 3046 3943 homines
3069 3900 3283 3944 sanctos
3311 3906 3433 3946 eum
3456 3894 3685 3950 latenter

2091 3966 2290 4024 habere
2326 3972 2580 4039 potuisse.
2620 3973 2695 4028 Ita
2734 3991 2865 4033 sane
2897 3976 2998 4033 hoc
3030 3978 3283 4047 diximus,
3312 3991 3371 4035 ut
3416 3983 3683 4054 intelliga-

2089 4075 2210 4115 mus
2234 4060 2394 4116 etiam
2438 4062 2537 4117 ista
2572 4065 2682 4134 ipsa
2731 4065 2921 4121 visibili
2957 4067 3415 4126 demonstratione
3449 4072 3681 4141 Spiritus

2088 4150 2293 4216 sancti,
2327 4153 2416 4223 qui
2442 4153 2700 4208 adventus
2732 4155 2849 4225 ejus
2872 4156 3084 4225 dicitur,
3116 4159 3365 4216 ineffabili
3387 4161 3546 4217 modo
3570 4162 3680 4218 lar-

2085 4242 2204 4310 gius
2236 4241 2288 4296 iu
2318 4241 2589 4298 hominum
2612 4244 2769 4300 corda
2799 4247 2881 4303 vel
2901 4249 3060 4304 etiam
3088 4249 3411 4322 incogitabili
3442 4253 3676 4324 plenitu-

2084 4330 2264 4388 dinem
2296 4332 2412 4403 ejus
2431 4333 2679 4389 infusam.

2622 4426 2806 4482 LXIII.
2847 4426 2928 4483 De
2958 4428 3137 4486 Verbo.

2155 4513 2220 4568 In
2239 4516 2491 4587 principio
2517 4527 2623 4573 erat
2659 4517 2875 4574 Verbum
2907 4518 3089 4591 (Joan.
3111 4537 3160 4589 ι,
3195 4521 3273 4595 1),
3317 4524 3469 4592 Quod
3493 4541 3669 4596 grates

2083 4616 2213 4675 λόγος
2241 4610 2452 4678 dicitur,
2480 4610 2644 4667 latine
2681 4621 2738 4667 et
2764 4613 3024 4669 rationem
3054 4626 3110 4672 et
3134 4617 3355 4672 verbum
3383 4618 3668 4689 signiﬁcat.

2081 4699 2186 4755 Sed
2212 4701 2314 4757 hoc
2341 4701 2458 4757 loco
2484 4703 2677 4758 melius
2704 4704 2923 4761 verbum
2963 4707 3393 4778 interpretamur,
3424 4721 3481 4766 ut
3509 4713 3670 4783 signi-

2081 4793 2267 4848 ﬁcetur
2297 4810 2402 4849 non
2429 4797 2603 4852 solum
2634 4797 2699 4851 ad
2742 4798 2953 4854 Patrem
2997 4808 3273 4871 respectus
3293 4845 3310 4871 ,
3341 4803 3435 4859 sed
3480 4805 3547 4859 ad
3580 4806 3667 4861 illa

2078 4887 2236 4941 etiam
2282 4902 2401 4957 quae
2446 4904 2540 4956 per
2586 4889 2816 4944 Verbum
2864 4889 3003 4948 facta
3032 4903 3157 4948 sunt
3181 4895 3450 4963 operativa
3480 4904 3669 4964 poten-

2079 4979 2169 5032 tia.
2200 4977 2356 5035 Ratio
2380 4987 2555 5035 autem
2576 5018 2595 5049 ,
2622 4982 2723 5037 etsi
2753 4982 2883 5038 nihil
2911 4998 3008 5053 per
3032 4984 3173 5039 illam
3209 4985 3327 5051 ﬁat,
3355 4994 3500 5042 recte
3527 4988 3669 5045 ratio

2076 5068 2289 5125 dicitur.

2392 5161 2580 5220 LXIV.
2620 5161 2701 5219 De
2735 5166 2948 5221 muliere
2983 5165 3337 5224 Samaritana.

2146 5256 2200 5311 l.
2241 5255 2558 5326 Evangelica
2600 5266 2936 5315 sacramenta
2976 5257 3030 5313 in
3077 5258 3285 5316 Domini
3317 5263 3487 5319 nostri
3532 5264 3662 5324 Jesu

2072 5346 2267 5403 Christi
2296 5347 2453 5402 dictis
2482 5346 2740 5417 factisque
2779 5347 2983 5417 signata
3023 5364 3128 5405 non
3168 5353 3415 5430 omnibus
3446 5366 3661 5430 patent,

2070 5448 2205 5495 etea
2233 5438 2473 5494 nonnulli
2517 5438 2693 5499 minus
2719 5438 3003 5510 diligenter
3029 5443 3311 5515 minusque
3352 5447 3534 5504 sobrie
3575 5449 3660 5505 in-

2073 5527 2444 5599 terpretando,
2489 5527 2717 5583 afferunt
2760 5530 3073 5603 plerumque
3114 5548 3212 5603 pro
3253 5535 3426 5593 salute
3472 5542 3657 5607 perni-

2069 5623 2204 5678 cicm
2227 5665 2242 5687 ,
2272 5633 2327 5678 ct
2354 5637 2448 5693 pro
2470 5622 2770 5694 cognitione
2790 5624 3030 5682 veritatis
3058 5640 3295 5684 errorem
3322 5645 3337 5682 :
3370 5628 3509 5685 inter
3528 5646 3652 5703 quae

2066 5712 2197 5769 illud
2225 5722 2307 5768 est
2325 5724 2713 5770 sacramentum
2734 5758 2749 5784 ,
2772 5716 2913 5786 quod
2936 5716 3189 5788 scriptunt
3220 5727 3337 5784 est,
3367 5719 3649 5777 Dominum

2130 5873 2145 5904 ¹
2164 5873 2317 5939 (mliti.
2336 5872 2529 5939 ordines
2561 5887 2576 5923 :
2603 5889 2689 5937 pro
2710 5888 2807 5939 quo
2830 5876 3035 5927 Vaticani
3059 5876 3237 5927 codicis
3267 5878 3553 5929 auctoritate
3569 5892 3647 5930 τοι

2066 5937 2299 5993 munitus,
2312 5934 2487 5985 orline.
