  <div class='ocr_page' id='page_1' title='image "/cluster/home/n/w/nwhite01/storage/ocr_20150623/40-41/uc1.31175026811482/035.png"; bbox 0 0 4136 6568; ppageno 0'>
   <div class='ocr_carea' id='block_1_1' title="bbox 486 449 3763 533">
    <p class='ocr_par' dir='ltr' id='par_1_1' title="bbox 486 449 3763 533">
     <span class='ocr_line' id='line_1_1' title="bbox 486 449 3763 533; baseline -0.003 -16"><span class='ocrx_word' id='word_1_1' title='bbox 486 476 556 533; x_wconf 71' lang='lat'><strong>55</strong></span> <span class='ocrx_word' id='word_1_2' title='bbox 1218 465 1307 522; x_wconf 73' lang='lat' dir='ltr'><strong>ne</strong></span> <span class='ocrx_word' id='word_1_3' title='bbox 1346 460 1655 524; x_wconf 77' lang='lat' dir='ltr'><strong>DlVERSlS</strong></span> <span class='ocrx_word' id='word_1_4' title='bbox 1691 449 2213 531; x_wconf 66' lang='lat' dir='ltr'><strong>QU£STIONIBUS</strong></span> <span class='ocrx_word' id='word_1_5' title='bbox 2251 452 2546 520; x_wconf 81' lang='lat' dir='ltr'><strong>Lxxxnt,</strong></span> <span class='ocrx_word' id='word_1_6' title='bbox 2590 453 2646 510; x_wconf 91' lang='lat' dir='ltr'><strong>s.</strong></span> <span class='ocrx_word' id='word_1_7' title='bbox 2687 453 3055 511; x_wconf 67' lang='lat' dir='ltr'><strong>suausruvt</strong></span> <span class='ocrx_word' id='word_1_8' title='bbox 3692 452 3763 507; x_wconf 72' lang='lat' dir='ltr'><strong>se</strong></span> 
     </span>
    </p>
   </div>
   <div class='ocr_carea' id='block_1_2' title="bbox 489 572 2071 651">
    <p class='ocr_par' dir='ltr' id='par_1_2' title="bbox 489 572 2071 651">
     <span class='ocr_line' id='line_1_2' title="bbox 489 572 2071 651; baseline -0.017 -4"><span class='ocrx_word' id='word_1_9' title='bbox 489 593 620 647; x_wconf 88' lang='lat' dir='ltr'><strong>hora</strong></span> <span class='ocrx_word' id='word_1_10' title='bbox 646 590 750 645; x_wconf 91' lang='lat' dir='ltr'><strong>diei</strong></span> <span class='ocrx_word' id='word_1_11' title='bbox 780 595 927 643; x_wconf 83' lang='lat' dir='ltr'><strong>sexta</strong></span> <span class='ocrx_word' id='word_1_12' title='bbox 953 584 1165 641; x_wconf 81' lang='lat' dir='ltr'><strong>venisse</strong></span> <span class='ocrx_word' id='word_1_13' title='bbox 1190 582 1256 636; x_wconf 91' lang='lat' dir='ltr'><strong>ad</strong></span> <span class='ocrx_word' id='word_1_14' title='bbox 1288 592 1501 651; x_wconf 79' lang='lat' dir='ltr'><strong>puteum</strong></span> <span class='ocrx_word' id='word_1_15' title='bbox 1540 576 1705 633; x_wconf 84' lang='lat' dir='ltr'><strong>Jacob</strong></span> <span class='ocrx_word' id='word_1_16' title='bbox 1725 617 1740 641; x_wconf 95' lang='lat'><strong>,</strong></span> <span class='ocrx_word' id='word_1_17' title='bbox 1772 572 2071 637; x_wconf 82' lang='lat' dir='ltr'><strong>fessumque</strong></span> 
     </span>
    </p>
   </div>
   <div class='ocr_carea' id='block_1_3' title="bbox 487 670 2070 743">
    <p class='ocr_par' dir='ltr' id='par_1_3' title="bbox 487 670 2070 743">
     <span class='ocr_line' id='line_1_3' title="bbox 487 670 2070 743; baseline -0.016 -4"><span class='ocrx_word' id='word_1_18' title='bbox 487 685 554 739; x_wconf 89' lang='lat' dir='ltr'><strong>ab</strong></span> <span class='ocrx_word' id='word_1_19' title='bbox 585 684 773 737; x_wconf 78' lang='lat' dir='ltr'><strong>itinere</strong></span> <span class='ocrx_word' id='word_1_20' title='bbox 797 680 1000 735; x_wconf 83' lang='lat' dir='ltr'><strong>sedisse</strong></span> <span class='ocrx_word' id='word_1_21' title='bbox 1023 719 1037 743; x_wconf 90' lang='lat'><strong>,</strong></span> <span class='ocrx_word' id='word_1_22' title='bbox 1076 687 1130 732; x_wconf 91' lang='lat' dir='ltr'><strong>et</strong></span> <span class='ocrx_word' id='word_1_23' title='bbox 1169 692 1196 728; x_wconf 91' lang='lat' dir='ltr'><strong>a</strong></span> <span class='ocrx_word' id='word_1_24' title='bbox 1244 674 1467 729; x_wconf 88' lang='lat' dir='ltr'><strong>muliere</strong></span> <span class='ocrx_word' id='word_1_25' title='bbox 1512 670 1843 725; x_wconf 79' lang='lat' dir='ltr'><strong>Samaritana</strong></span> <span class='ocrx_word' id='word_1_26' title='bbox 1889 672 2070 733; x_wconf 89' lang='lat' dir='ltr'><strong>potum</strong></span> 
     </span>
    </p>
   </div>
   <div class='ocr_carea' id='block_1_4' title="bbox 488 755 2073 843">
    <p class='ocr_par' dir='ltr' id='par_1_4' title="bbox 488 755 2073 843">
     <span class='ocr_line' id='line_1_4' title="bbox 488 755 2073 843; baseline -0.013 -15"><span class='ocrx_word' id='word_1_27' title='bbox 488 772 716 843; x_wconf 86' lang='lat' dir='ltr'><strong>petisse,</strong></span> <span class='ocrx_word' id='word_1_28' title='bbox 741 780 796 826; x_wconf 87' lang='lat' dir='ltr'><strong>et</strong></span> <span class='ocrx_word' id='word_1_29' title='bbox 818 779 1014 825; x_wconf 68' lang='lat' dir='ltr'><strong>cmtera</strong></span> <span class='ocrx_word' id='word_1_30' title='bbox 1043 782 1161 838; x_wconf 67' lang='lat' dir='ltr'><strong>quae</strong></span> <span class='ocrx_word' id='word_1_31' title='bbox 1191 767 1245 820; x_wconf 90' lang='lat' dir='ltr'><strong>in</strong></span> <span class='ocrx_word' id='word_1_32' title='bbox 1286 763 1475 819; x_wconf 89' lang='lat' dir='ltr'><strong>eodem</strong></span> <span class='ocrx_word' id='word_1_33' title='bbox 1518 761 1909 828; x_wconf 86' lang='lat' dir='ltr'><strong>Scripturarum</strong></span> <span class='ocrx_word' id='word_1_34' title='bbox 1955 755 2073 807; x_wconf 90' lang='lat' dir='ltr'><strong>loco</strong></span> 
     </span>
    </p>
   </div>
   <div class='ocr_carea' id='block_1_5' title="bbox 486 843 2071 928">
    <p class='ocr_par' dir='ltr' id='par_1_5' title="bbox 486 843 2071 928">
     <span class='ocr_line' id='line_1_5' title="bbox 486 843 2071 928; baseline -0.013 -12"><span class='ocrx_word' id='word_1_35' title='bbox 486 860 817 916; x_wconf 76' lang='lat' dir='ltr'><strong>discutienda</strong></span> <span class='ocrx_word' id='word_1_36' title='bbox 843 870 896 914; x_wconf 92' lang='lat' dir='ltr'><strong>et</strong></span> <span class='ocrx_word' id='word_1_37' title='bbox 923 855 1297 928; x_wconf 88' lang='lat' dir='ltr'><strong>pertractanda</strong></span> <span class='ocrx_word' id='word_1_38' title='bbox 1344 854 1609 907; x_wconf 90' lang='lat' dir='ltr'><strong>dicuntur.</strong></span> <span class='ocrx_word' id='word_1_39' title='bbox 1660 849 1734 903; x_wconf 90' lang='lat' dir='ltr'><strong>De</strong></span> <span class='ocrx_word' id='word_1_40' title='bbox 1777 862 1879 915; x_wconf 90' lang='lat' dir='ltr'><strong>qua</strong></span> <span class='ocrx_word' id='word_1_41' title='bbox 1918 860 1976 898; x_wconf 90' lang='lat' dir='ltr'><strong>re</strong></span> <span class='ocrx_word' id='word_1_42' title='bbox 2020 843 2071 897; x_wconf 90' lang='lat' dir='ltr'><strong>id</strong></span> 
     </span>
    </p>
   </div>
   <div class='ocr_carea' id='block_1_6' title="bbox 487 935 2074 1021">
    <p class='ocr_par' dir='ltr' id='par_1_6' title="bbox 487 935 2074 1021">
     <span class='ocr_line' id='line_1_6' title="bbox 487 935 2074 1021; baseline -0.011 -16"><span class='ocrx_word' id='word_1_43' title='bbox 487 953 659 1021; x_wconf 91' lang='lat' dir='ltr'><strong>primo</strong></span> <span class='ocrx_word' id='word_1_44' title='bbox 706 949 993 1006; x_wconf 89' lang='lat' dir='ltr'><strong>tenendum</strong></span> <span class='ocrx_word' id='word_1_45' title='bbox 1038 957 1153 1012; x_wconf 90' lang='lat' dir='ltr'><strong>est,</strong></span> <span class='ocrx_word' id='word_1_46' title='bbox 1203 944 1343 1015; x_wconf 90' lang='lat' dir='ltr'><strong>quod</strong></span> <span class='ocrx_word' id='word_1_47' title='bbox 1392 944 1445 997; x_wconf 88' lang='lat' dir='ltr'><strong>in</strong></span> <span class='ocrx_word' id='word_1_48' title='bbox 1494 940 1742 995; x_wconf 90' lang='lat' dir='ltr'><strong>omnibus</strong></span> <span class='ocrx_word' id='word_1_49' title='bbox 1784 935 2074 1005; x_wconf 89' lang='lat' dir='ltr'><strong>Scripturis</strong></span> 
     </span>
    </p>
   </div>
   <div class='ocr_carea' id='block_1_7' title="bbox 486 1026 2072 1114">
    <p class='ocr_par' dir='ltr' id='par_1_7' title="bbox 486 1026 2072 1114">
     <span class='ocr_line' id='line_1_7' title="bbox 486 1026 2072 1114; baseline -0.013 -14"><span class='ocrx_word' id='word_1_50' title='bbox 486 1060 695 1100; x_wconf 81' lang='lat' dir='ltr'><strong>summa</strong></span> <span class='ocrx_word' id='word_1_51' title='bbox 716 1043 983 1114; x_wconf 79' lang='lat' dir='ltr'><strong>vigilantia</strong></span> <span class='ocrx_word' id='word_1_52' title='bbox 1022 1039 1275 1095; x_wconf 86' lang='lat' dir='ltr'><strong>custodiri</strong></span> <span class='ocrx_word' id='word_1_53' title='bbox 1305 1044 1551 1106; x_wconf 90' lang='lat' dir='ltr'><strong>oportet,</strong></span> <span class='ocrx_word' id='word_1_54' title='bbox 1583 1041 1642 1086; x_wconf 86' lang='lat' dir='ltr'><strong>ut</strong></span> <span class='ocrx_word' id='word_1_55' title='bbox 1667 1028 1961 1086; x_wconf 74' lang='lat' dir='ltr'><strong>secundum</strong></span> <span class='ocrx_word' id='word_1_56' title='bbox 2008 1026 2072 1081; x_wconf 84' lang='lat' dir='ltr'><strong>ﬁ-</strong></span> 
     </span>
    </p>
   </div>
   <div class='ocr_carea' id='block_1_8' title="bbox 487 1128 1550 1198">
    <p class='ocr_par' dir='ltr' id='par_1_8' title="bbox 487 1128 1550 1198">
     <span class='ocr_line' id='line_1_8' title="bbox 487 1128 1550 1198; baseline -0.014 -4"><span class='ocrx_word' id='word_1_57' title='bbox 487 1139 612 1194; x_wconf 88' lang='lat' dir='ltr'><strong>dem</strong></span> <span class='ocrx_word' id='word_1_58' title='bbox 638 1138 709 1192; x_wconf 91' lang='lat' dir='ltr'><strong>sit</strong></span> <span class='ocrx_word' id='word_1_59' title='bbox 732 1133 1050 1190; x_wconf 87' lang='lat' dir='ltr'><strong>sacramenti</strong></span> <span class='ocrx_word' id='word_1_60' title='bbox 1079 1131 1243 1185; x_wconf 86' lang='lat' dir='ltr'><strong>divini</strong></span> <span class='ocrx_word' id='word_1_61' title='bbox 1267 1128 1550 1198; x_wconf 78' lang='lat' dir='ltr'><strong>expositio.</strong></span> 
     </span>
    </p>
   </div>
   <div class='ocr_carea' id='block_1_9' title="bbox 556 1210 2071 1297">
    <p class='ocr_par' dir='ltr' id='par_1_9' title="bbox 556 1210 2071 1297">
     <span class='ocr_line' id='line_1_9' title="bbox 556 1210 2071 1297; baseline -0.015 -13"><span class='ocrx_word' id='word_1_62' title='bbox 556 1231 613 1284; x_wconf 69' lang='lat'><strong>2.</strong></span> <span class='ocrx_word' id='word_1_63' title='bbox 640 1230 775 1283; x_wconf 86' lang='lat' dir='ltr'><strong>Hora</strong></span> <span class='ocrx_word' id='word_1_64' title='bbox 804 1228 962 1297; x_wconf 81' lang='lat' dir='ltr'><strong>igitur</strong></span> <span class='ocrx_word' id='word_1_65' title='bbox 986 1225 1090 1279; x_wconf 88' lang='lat' dir='ltr'><strong>diei</strong></span> <span class='ocrx_word' id='word_1_66' title='bbox 1118 1232 1265 1278; x_wconf 80' lang='lat' dir='ltr'><strong>sexta</strong></span> <span class='ocrx_word' id='word_1_67' title='bbox 1285 1220 1431 1273; x_wconf 84' lang='lat' dir='ltr'><strong>venit</strong></span> <span class='ocrx_word' id='word_1_68' title='bbox 1458 1218 1524 1271; x_wconf 92' lang='lat' dir='ltr'><strong>ad</strong></span> <span class='ocrx_word' id='word_1_69' title='bbox 1556 1224 1773 1285; x_wconf 87' lang='lat' dir='ltr'><strong>puteum</strong></span> <span class='ocrx_word' id='word_1_70' title='bbox 1816 1210 2071 1266; x_wconf 87' lang='lat' dir='ltr'><strong>Dominus</strong></span> 
     </span>
    </p>
   </div>
   <div class='ocr_carea' id='block_1_10' title="bbox 487 1303 2068 1385">
    <p class='ocr_par' dir='ltr' id='par_1_10' title="bbox 487 1303 2068 1385">
     <span class='ocr_line' id='line_1_10' title="bbox 487 1303 2068 1385; baseline -0.016 -7"><span class='ocrx_word' id='word_1_71' title='bbox 487 1332 691 1379; x_wconf 86' lang='lat' dir='ltr'><strong>noster.</strong></span> <span class='ocrx_word' id='word_1_72' title='bbox 719 1320 887 1374; x_wconf 83' lang='lat' dir='ltr'><strong>Video</strong></span> <span class='ocrx_word' id='word_1_73' title='bbox 935 1318 991 1372; x_wconf 90' lang='lat' dir='ltr'><strong>in</strong></span> <span class='ocrx_word' id='word_1_74' title='bbox 1042 1322 1202 1385; x_wconf 84' lang='lat' dir='ltr'><strong>puteo</strong></span> <span class='ocrx_word' id='word_1_75' title='bbox 1248 1310 1589 1369; x_wconf 86' lang='lat' dir='ltr'><strong>tenebrosam</strong></span> <span class='ocrx_word' id='word_1_76' title='bbox 1636 1303 2068 1375; x_wconf 81' lang='lat' dir='ltr'><strong>profunditatem.</strong></span> 
     </span>
    </p>
   </div>
   <div class='ocr_carea' id='block_1_11' title="bbox 486 1396 2071 1478">
    <p class='ocr_par' dir='ltr' id='par_1_11' title="bbox 486 1396 2071 1478">
     <span class='ocr_line' id='line_1_11' title="bbox 486 1396 2071 1478; baseline -0.016 -10"><span class='ocrx_word' id='word_1_77' title='bbox 486 1413 794 1468; x_wconf 81' lang='lat' dir='ltr'><strong>Admoneor</strong></span> <span class='ocrx_word' id='word_1_78' title='bbox 822 1424 948 1478; x_wconf 84' lang='lat' dir='ltr'><strong>ergo</strong></span> <span class='ocrx_word' id='word_1_79' title='bbox 980 1406 1274 1474; x_wconf 90' lang='lat' dir='ltr'><strong>intelligere</strong></span> <span class='ocrx_word' id='word_1_80' title='bbox 1314 1401 1493 1455; x_wconf 91' lang='lat' dir='ltr'><strong>mundi</strong></span> <span class='ocrx_word' id='word_1_81' title='bbox 1522 1399 1679 1463; x_wconf 85' lang='lat' dir='ltr'><strong>hujus</strong></span> <span class='ocrx_word' id='word_1_82' title='bbox 1713 1396 1919 1449; x_wconf 90' lang='lat' dir='ltr'><strong>inﬁmas</strong></span> <span class='ocrx_word' id='word_1_83' title='bbox 1950 1407 2071 1461; x_wconf 86' lang='lat' dir='ltr'><strong>par-</strong></span> 
     </span>
    </p>
   </div>
   <div class='ocr_carea' id='block_1_12' title="bbox 486 1486 2071 1571">
    <p class='ocr_par' dir='ltr' id='par_1_12' title="bbox 486 1486 2071 1571">
     <span class='ocr_line' id='line_1_12' title="bbox 486 1486 2071 1571; baseline -0.014 -11"><span class='ocrx_word' id='word_1_84' title='bbox 486 1513 603 1571; x_wconf 87' lang='lat' dir='ltr'><strong>tes,</strong></span> <span class='ocrx_word' id='word_1_85' title='bbox 644 1504 693 1558; x_wconf 93' lang='lat' dir='ltr'><strong>id</strong></span> <span class='ocrx_word' id='word_1_86' title='bbox 724 1510 841 1569; x_wconf 85' lang='lat' dir='ltr'><strong>est,</strong></span> <span class='ocrx_word' id='word_1_87' title='bbox 872 1512 1145 1565; x_wconf 89' lang='lat' dir='ltr'><strong>terrenas,</strong></span> <span class='ocrx_word' id='word_1_88' title='bbox 1173 1511 1279 1567; x_wconf 90' lang='lat' dir='ltr'><strong>quo</strong></span> <span class='ocrx_word' id='word_1_89' title='bbox 1309 1494 1454 1549; x_wconf 87' lang='lat' dir='ltr'><strong>venit</strong></span> <span class='ocrx_word' id='word_1_90' title='bbox 1482 1492 1736 1546; x_wconf 88' lang='lat' dir='ltr'><strong>Dominus</strong></span> <span class='ocrx_word' id='word_1_91' title='bbox 1763 1488 1915 1543; x_wconf 84' lang='lat' dir='ltr'><strong>Jesus</strong></span> <span class='ocrx_word' id='word_1_92' title='bbox 1942 1486 2071 1539; x_wconf 87' lang='lat' dir='ltr'><strong>hora</strong></span> 
     </span>
    </p>
   </div>
   <div class='ocr_carea' id='block_1_13' title="bbox 488 1582 2069 1662">
    <p class='ocr_par' dir='ltr' id='par_1_13' title="bbox 488 1582 2069 1662">
     <span class='ocr_line' id='line_1_13' title="bbox 488 1582 2069 1662; baseline -0.013 -9"><span class='ocrx_word' id='word_1_93' title='bbox 488 1606 640 1653; x_wconf 78' lang='lat' dir='ltr'><strong>sexta</strong></span> <span class='ocrx_word' id='word_1_94' title='bbox 662 1638 677 1662; x_wconf 97' lang='lat'><strong>,</strong></span> <span class='ocrx_word' id='word_1_95' title='bbox 706 1596 756 1650; x_wconf 90' lang='lat' dir='ltr'><strong>id</strong></span> <span class='ocrx_word' id='word_1_96' title='bbox 785 1603 886 1659; x_wconf 90' lang='lat' dir='ltr'><strong>est,</strong></span> <span class='ocrx_word' id='word_1_97' title='bbox 914 1603 1061 1648; x_wconf 81' lang='lat' dir='ltr'><strong>sexta</strong></span> <span class='ocrx_word' id='word_1_98' title='bbox 1093 1598 1249 1646; x_wconf 86' lang='lat' dir='ltr'><strong>actate</strong></span> <span class='ocrx_word' id='word_1_99' title='bbox 1286 1588 1496 1658; x_wconf 82' lang='lat' dir='ltr'><strong>generis</strong></span> <span class='ocrx_word' id='word_1_100' title='bbox 1537 1582 1752 1638; x_wconf 89' lang='lat' dir='ltr'><strong>humani</strong></span> <span class='ocrx_word' id='word_1_101' title='bbox 1776 1624 1789 1645; x_wconf 87' lang='lat'><strong>,</strong></span> <span class='ocrx_word' id='word_1_102' title='bbox 1824 1591 2069 1649; x_wconf 87' lang='lat' dir='ltr'><strong>tanquam</strong></span> 
     </span>
    </p>
   </div>
   <div class='ocr_carea' id='block_1_14' title="bbox 491 1673 2074 1748">
    <p class='ocr_par' dir='ltr' id='par_1_14' title="bbox 491 1673 2074 1748">
     <span class='ocr_line' id='line_1_14' title="bbox 491 1673 2074 1748; baseline -0.013 -3"><span class='ocrx_word' id='word_1_103' title='bbox 491 1708 542 1744; x_wconf 71' lang='lat' dir='ltr'><strong>in</strong></span> <span class='ocrx_word' id='word_1_104' title='bbox 570 1695 842 1744; x_wconf 78' lang='lat' dir='ltr'><strong>senectute</strong></span> <span class='ocrx_word' id='word_1_105' title='bbox 866 1685 1061 1741; x_wconf 85' lang='lat' dir='ltr'><strong>veteris</strong></span> <span class='ocrx_word' id='word_1_106' title='bbox 1092 1682 1349 1745; x_wconf 82' lang='lat' dir='ltr'><strong>hominis,</strong></span> <span class='ocrx_word' id='word_1_107' title='bbox 1394 1694 1499 1748; x_wconf 92' lang='lat' dir='ltr'><strong>quo</strong></span> <span class='ocrx_word' id='word_1_108' title='bbox 1543 1678 1792 1745; x_wconf 87' lang='lat' dir='ltr'><strong>jubemur</strong></span> <span class='ocrx_word' id='word_1_109' title='bbox 1830 1673 1984 1735; x_wconf 89' lang='lat' dir='ltr'><strong>exui,</strong></span> <span class='ocrx_word' id='word_1_110' title='bbox 2018 1680 2074 1725; x_wconf 92' lang='lat' dir='ltr'><strong>ut</strong></span> 
     </span>
    </p>
   </div>
   <div class='ocr_carea' id='block_1_15' title="bbox 489 1772 2072 1846">
    <p class='ocr_par' dir='ltr' id='par_1_15' title="bbox 489 1772 2072 1846">
     <span class='ocr_line' id='line_1_15' title="bbox 489 1772 2072 1846; baseline -0.016 -5"><span class='ocrx_word' id='word_1_111' title='bbox 489 1784 774 1841; x_wconf 72' lang='lat' dir='ltr'><strong>induantur</strong></span> <span class='ocrx_word' id='word_1_112' title='bbox 836 1793 1002 1844; x_wconf 87' lang='lat' dir='ltr'><strong>novo,</strong></span> <span class='ocrx_word' id='word_1_113' title='bbox 1063 1776 1154 1846; x_wconf 88' lang='lat' dir='ltr'><strong>qui</strong></span> <span class='ocrx_word' id='word_1_114' title='bbox 1194 1772 1485 1829; x_wconf 89' lang='lat' dir='ltr'><strong>secundum</strong></span> <span class='ocrx_word' id='word_1_115' title='bbox 1531 1772 1696 1824; x_wconf 92' lang='lat' dir='ltr'><strong>Deum</strong></span> <span class='ocrx_word' id='word_1_116' title='bbox 1745 1774 1953 1821; x_wconf 89' lang='lat' dir='ltr'><strong>creatus</strong></span> <span class='ocrx_word' id='word_1_117' title='bbox 1991 1774 2072 1818; x_wconf 90' lang='lat' dir='ltr'><strong>est</strong></span> 
     </span>
    </p>
   </div>
   <div class='ocr_carea' id='block_1_16' title="bbox 489 1869 2068 1949">
    <p class='ocr_par' dir='ltr' id='par_1_16' title="bbox 489 1869 2068 1949">
     <span class='ocr_line' id='line_1_16' title="bbox 489 1869 2068 1949; baseline -0.013 -16"><span class='ocrx_word' id='word_1_118' title='bbox 489 1879 707 1949; x_wconf 83' lang='lat' dir='ltr'><strong>(Ephes.</strong></span> <span class='ocrx_word' id='word_1_119' title='bbox 752 1892 821 1937; x_wconf 85' lang='lat' dir='ltr'><strong>tv,</strong></span> <span class='ocrx_word' id='word_1_120' title='bbox 865 1870 1083 1942; x_wconf 68' lang='lat'><strong>22-24).</strong></span> <span class='ocrx_word' id='word_1_121' title='bbox 1122 1871 1255 1925; x_wconf 89' lang='lat' dir='ltr'><strong>Nam</strong></span> <span class='ocrx_word' id='word_1_122' title='bbox 1298 1875 1445 1923; x_wconf 83' lang='lat' dir='ltr'><strong>sexta</strong></span> <span class='ocrx_word' id='word_1_123' title='bbox 1486 1874 1617 1919; x_wconf 74' lang='lat' dir='ltr'><strong>mtas</strong></span> <span class='ocrx_word' id='word_1_124' title='bbox 1659 1872 1907 1917; x_wconf 89' lang='lat' dir='ltr'><strong>senectus</strong></span> <span class='ocrx_word' id='word_1_125' title='bbox 1947 1869 2068 1923; x_wconf 89' lang='lat' dir='ltr'><strong>est;</strong></span> 
     </span>
    </p>
   </div>
   <div class='ocr_carea' id='block_1_17' title="bbox 488 1951 2067 2041">
    <p class='ocr_par' dir='ltr' id='par_1_17' title="bbox 488 1951 2067 2041">
     <span class='ocr_line' id='line_1_17' title="bbox 488 1951 2067 2041; baseline -0.012 -18"><span class='ocrx_word' id='word_1_126' title='bbox 488 1971 737 2041; x_wconf 87' lang='lat' dir='ltr'><strong>quoniam</strong></span> <span class='ocrx_word' id='word_1_127' title='bbox 766 1967 966 2036; x_wconf 84' lang='lat' dir='ltr'><strong>prima,</strong></span> <span class='ocrx_word' id='word_1_128' title='bbox 1000 1962 1249 2026; x_wconf 77' lang='lat' dir='ltr'><strong>infantia;</strong></span> <span class='ocrx_word' id='word_1_129' title='bbox 1283 1958 1514 2015; x_wconf 89' lang='lat' dir='ltr'><strong>secunda</strong></span> <span class='ocrx_word' id='word_1_130' title='bbox 1535 1998 1550 2023; x_wconf 92' lang='lat'><strong>,</strong></span> <span class='ocrx_word' id='word_1_131' title='bbox 1597 1955 1850 2025; x_wconf 79' lang='lat' dir='ltr'><strong>pueritia;</strong></span> <span class='ocrx_word' id='word_1_132' title='bbox 1884 1951 2067 2017; x_wconf 90' lang='lat' dir='ltr'><strong>tertia,</strong></span> 
     </span>
    </p>
   </div>
   <div class='ocr_carea' id='block_1_18' title="bbox 489 2044 2068 2126">
    <p class='ocr_par' dir='ltr' id='par_1_18' title="bbox 489 2044 2068 2126">
     <span class='ocr_line' id='line_1_18' title="bbox 489 2044 2068 2126; baseline -0.013 -11"><span class='ocrx_word' id='word_1_133' title='bbox 489 2060 880 2118; x_wconf 84' lang='lat' dir='ltr'><strong>adolescentia;</strong></span> <span class='ocrx_word' id='word_1_134' title='bbox 952 2064 1167 2126; x_wconf 86' lang='lat' dir='ltr'><strong>quarta,</strong></span> <span class='ocrx_word' id='word_1_135' title='bbox 1215 2052 1494 2121; x_wconf 88' lang='lat' dir='ltr'><strong>juventus;</strong></span> <span class='ocrx_word' id='word_1_136' title='bbox 1552 2049 1763 2118; x_wconf 91' lang='lat' dir='ltr'><strong>quinta,</strong></span> <span class='ocrx_word' id='word_1_137' title='bbox 1818 2044 2068 2115; x_wconf 79' lang='lat' dir='ltr'><strong>gravitas.</strong></span> 
     </span>
    </p>
   </div>
   <div class='ocr_carea' id='block_1_19' title="bbox 489 2138 2069 2219">
    <p class='ocr_par' dir='ltr' id='par_1_19' title="bbox 489 2138 2069 2219">
     <span class='ocr_line' id='line_1_19' title="bbox 489 2138 2069 2219; baseline -0.011 -13"><span class='ocrx_word' id='word_1_138' title='bbox 489 2152 699 2206; x_wconf 81' lang='lat' dir='ltr'><strong>Veteris</strong></span> <span class='ocrx_word' id='word_1_139' title='bbox 726 2152 903 2219; x_wconf 88' lang='lat' dir='ltr'><strong>itaque</strong></span> <span class='ocrx_word' id='word_1_140' title='bbox 924 2146 1157 2202; x_wconf 90' lang='lat' dir='ltr'><strong>hominis</strong></span> <span class='ocrx_word' id='word_1_141' title='bbox 1182 2145 1315 2206; x_wconf 90' lang='lat' dir='ltr'><strong>vita,</strong></span> <span class='ocrx_word' id='word_1_142' title='bbox 1357 2157 1477 2213; x_wconf 75' lang='lat' dir='ltr'><strong>qua:</strong></span> <span class='ocrx_word' id='word_1_143' title='bbox 1516 2138 1813 2195; x_wconf 91' lang='lat' dir='ltr'><strong>secundum</strong></span> <span class='ocrx_word' id='word_1_144' title='bbox 1857 2151 2069 2190; x_wconf 89' lang='lat' dir='ltr'><strong>carnem</strong></span> 
     </span>
    </p>
   </div>
   <div class='ocr_carea' id='block_1_20' title="bbox 495 2227 2069 2310">
    <p class='ocr_par' dir='ltr' id='par_1_20' title="bbox 495 2227 2069 2310">
     <span class='ocr_line' id='line_1_20' title="bbox 495 2227 2069 2310; baseline -0.01 -14"><span class='ocrx_word' id='word_1_145' title='bbox 495 2241 769 2310; x_wconf 83' lang='lat' dir='ltr'><strong>temporali</strong></span> <span class='ocrx_word' id='word_1_146' title='bbox 787 2238 1089 2294; x_wconf 89' lang='lat' dir='ltr'><strong>conditione</strong></span> <span class='ocrx_word' id='word_1_147' title='bbox 1103 2235 1390 2306; x_wconf 82' lang='lat' dir='ltr'><strong>peragitur,</strong></span> <span class='ocrx_word' id='word_1_148' title='bbox 1408 2241 1561 2287; x_wconf 84' lang='lat' dir='ltr'><strong>sexta</strong></span> <span class='ocrx_word' id='word_1_149' title='bbox 1589 2238 1746 2284; x_wconf 82' lang='lat' dir='ltr'><strong>aetate</strong></span> <span class='ocrx_word' id='word_1_150' title='bbox 1764 2235 2039 2283; x_wconf 89' lang='lat' dir='ltr'><strong>senectute</strong></span> <span class='ocrx_word' id='word_1_151' title='bbox 2054 2227 2069 2256; x_wconf 85' lang='grc'>¹</span> 
     </span>
    </p>
   </div>
   <div class='ocr_carea' id='block_1_21' title="bbox 489 2319 2071 2396">
    <p class='ocr_par' dir='ltr' id='par_1_21' title="bbox 489 2319 2071 2396">
     <span class='ocr_line' id='line_1_21' title="bbox 489 2319 2071 2396; baseline -0.01 -8"><span class='ocrx_word' id='word_1_152' title='bbox 489 2330 842 2388; x_wconf 86' lang='lat' dir='ltr'><strong>concluditur.</strong></span> <span class='ocrx_word' id='word_1_153' title='bbox 898 2329 1011 2396; x_wconf 88' lang='lat' dir='ltr'><strong>Qua</strong></span> <span class='ocrx_word' id='word_1_154' title='bbox 1064 2334 1371 2389; x_wconf 86' lang='lat' dir='ltr'><strong>senectute,</strong></span> <span class='ocrx_word' id='word_1_155' title='bbox 1406 2331 1465 2377; x_wconf 88' lang='lat' dir='ltr'><strong>ut</strong></span> <span class='ocrx_word' id='word_1_156' title='bbox 1486 2322 1592 2376; x_wconf 86' lang='lat' dir='ltr'><strong>dixi</strong></span> <span class='ocrx_word' id='word_1_157' title='bbox 1618 2362 1633 2386; x_wconf 95' lang='lat'><strong>,</strong></span> <span class='ocrx_word' id='word_1_158' title='bbox 1664 2319 1877 2374; x_wconf 89' lang='lat' dir='ltr'><strong>humani</strong></span> <span class='ocrx_word' id='word_1_159' title='bbox 1908 2333 2071 2388; x_wconf 88' lang='lat' dir='ltr'><strong>gene-</strong></span> 
     </span>
    </p>
   </div>
   <div class='ocr_carea' id='block_1_22' title="bbox 490 2408 2071 2480">
    <p class='ocr_par' dir='ltr' id='par_1_22' title="bbox 490 2408 2071 2480">
     <span class='ocr_line' id='line_1_22' title="bbox 490 2408 2071 2480; baseline -0.01 -3"><span class='ocrx_word' id='word_1_160' title='bbox 490 2425 565 2477; x_wconf 89' lang='lat' dir='ltr'><strong>ris</strong></span> <span class='ocrx_word' id='word_1_161' title='bbox 591 2423 844 2476; x_wconf 90' lang='lat' dir='ltr'><strong>Dominus</strong></span> <span class='ocrx_word' id='word_1_162' title='bbox 871 2428 1055 2475; x_wconf 90' lang='lat' dir='ltr'><strong>noster</strong></span> <span class='ocrx_word' id='word_1_163' title='bbox 1079 2425 1133 2474; x_wconf 89' lang='lat' dir='ltr'><strong>et</strong></span> <span class='ocrx_word' id='word_1_164' title='bbox 1160 2425 1369 2471; x_wconf 79' lang='lat' dir='ltr'><strong>creator</strong></span> <span class='ocrx_word' id='word_1_165' title='bbox 1395 2413 1546 2468; x_wconf 91' lang='lat' dir='ltr'><strong>nobis</strong></span> <span class='ocrx_word' id='word_1_166' title='bbox 1576 2422 1630 2467; x_wconf 92' lang='lat' dir='ltr'><strong>et</strong></span> <span class='ocrx_word' id='word_1_167' title='bbox 1660 2419 1932 2480; x_wconf 88' lang='lat' dir='ltr'><strong>reparator</strong></span> <span class='ocrx_word' id='word_1_168' title='bbox 1973 2408 2071 2462; x_wconf 88' lang='lat' dir='ltr'><strong>ad-</strong></span> 
     </span>
    </p>
   </div>
   <div class='ocr_carea' id='block_1_23' title="bbox 490 2502 2071 2582">
    <p class='ocr_par' dir='ltr' id='par_1_23' title="bbox 490 2502 2071 2582">
     <span class='ocr_line' id='line_1_23' title="bbox 490 2502 2071 2582; baseline -0.008 -14"><span class='ocrx_word' id='word_1_169' title='bbox 490 2516 672 2582; x_wconf 82' lang='lat' dir='ltr'><strong>venit;</strong></span> <span class='ocrx_word' id='word_1_170' title='bbox 708 2523 765 2568; x_wconf 89' lang='lat' dir='ltr'><strong>ut</strong></span> <span class='ocrx_word' id='word_1_171' title='bbox 797 2514 1059 2568; x_wconf 91' lang='lat' dir='ltr'><strong>moriente</strong></span> <span class='ocrx_word' id='word_1_172' title='bbox 1087 2510 1291 2565; x_wconf 89' lang='lat' dir='ltr'><strong>scilicet</strong></span> <span class='ocrx_word' id='word_1_173' title='bbox 1316 2516 1496 2562; x_wconf 88' lang='lat' dir='ltr'><strong>vetere</strong></span> <span class='ocrx_word' id='word_1_174' title='bbox 1517 2505 1731 2559; x_wconf 91' lang='lat' dir='ltr'><strong>homine</strong></span> <span class='ocrx_word' id='word_1_175' title='bbox 1750 2546 1765 2568; x_wconf 90' lang='lat'><strong>,</strong></span> <span class='ocrx_word' id='word_1_176' title='bbox 1795 2518 1989 2557; x_wconf 91' lang='lat' dir='ltr'><strong>novum</strong></span> <span class='ocrx_word' id='word_1_177' title='bbox 2020 2502 2071 2555; x_wconf 92' lang='lat' dir='ltr'><strong>in</strong></span> 
     </span>
    </p>
   </div>
   <div class='ocr_carea' id='block_1_24' title="bbox 489 2595 2072 2674">
    <p class='ocr_par' dir='ltr' id='par_1_24' title="bbox 489 2595 2072 2674">
     <span class='ocr_line' id='line_1_24' title="bbox 489 2595 2072 2674; baseline -0.011 -9"><span class='ocrx_word' id='word_1_178' title='bbox 489 2625 548 2671; x_wconf 79' lang='lat' dir='ltr'><strong>se</strong></span> <span class='ocrx_word' id='word_1_179' title='bbox 574 2608 949 2673; x_wconf 80' lang='lat' dir='ltr'><strong>canstitueret,</strong></span> <span class='ocrx_word' id='word_1_180' title='bbox 978 2619 1136 2674; x_wconf 85' lang='lat' dir='ltr'><strong>quem</strong></span> <span class='ocrx_word' id='word_1_181' title='bbox 1165 2610 1379 2657; x_wconf 83' lang='lat' dir='ltr'><strong>exutum</strong></span> <span class='ocrx_word' id='word_1_182' title='bbox 1419 2600 1536 2654; x_wconf 90' lang='lat' dir='ltr'><strong>labe</strong></span> <span class='ocrx_word' id='word_1_183' title='bbox 1573 2608 1781 2653; x_wconf 91' lang='lat' dir='ltr'><strong>terrena</strong></span> <span class='ocrx_word' id='word_1_184' title='bbox 1814 2596 1865 2650; x_wconf 93' lang='lat' dir='ltr'><strong>in</strong></span> <span class='ocrx_word' id='word_1_185' title='bbox 1909 2595 2072 2650; x_wconf 72' lang='lat' dir='ltr'><strong>cmle-</strong></span> 
     </span>
    </p>
   </div>
   <div class='ocr_carea' id='block_1_25' title="bbox 489 2687 2071 2769">
    <p class='ocr_par' dir='ltr' id='par_1_25' title="bbox 489 2687 2071 2769">
     <span class='ocr_line' id='line_1_25' title="bbox 489 2687 2071 2769; baseline -0.01 -15"><span class='ocrx_word' id='word_1_186' title='bbox 489 2700 589 2766; x_wconf 78' lang='lat' dir='ltr'><strong>stia</strong></span> <span class='ocrx_word' id='word_1_187' title='bbox 609 2714 770 2769; x_wconf 85' lang='lat' dir='ltr'><strong>regna</strong></span> <span class='ocrx_word' id='word_1_188' title='bbox 800 2696 1134 2753; x_wconf 79' lang='lat' dir='ltr'><strong>transferret.</strong></span> <span class='ocrx_word' id='word_1_189' title='bbox 1164 2696 1302 2763; x_wconf 87' lang='lat' dir='ltr'><strong>Ergo</strong></span> <span class='ocrx_word' id='word_1_190' title='bbox 1340 2706 1482 2745; x_wconf 91' lang='lat' dir='ltr'><strong>nunc</strong></span> <span class='ocrx_word' id='word_1_191' title='bbox 1521 2698 1714 2759; x_wconf 90' lang='lat' dir='ltr'><strong>puteus</strong></span> <span class='ocrx_word' id='word_1_192' title='bbox 1734 2728 1748 2752; x_wconf 95' lang='lat'><strong>,</strong></span> <span class='ocrx_word' id='word_1_193' title='bbox 1781 2695 1840 2742; x_wconf 92' lang='lat' dir='ltr'><strong>ut</strong></span> <span class='ocrx_word' id='word_1_194' title='bbox 1870 2687 2071 2740; x_wconf 91' lang='lat' dir='ltr'><strong>dictum</strong></span> 
     </span>
    </p>
   </div>
   <div class='ocr_carea' id='block_1_26' title="bbox 490 2783 2072 2857">
    <p class='ocr_par' dir='ltr' id='par_1_26' title="bbox 490 2783 2072 2857">
     <span class='ocr_line' id='line_1_26' title="bbox 490 2783 2072 2857; baseline -0.011 -8"><span class='ocrx_word' id='word_1_195' title='bbox 490 2799 603 2853; x_wconf 84' lang='lat' dir='ltr'><strong>est,</strong></span> <span class='ocrx_word' id='word_1_196' title='bbox 635 2789 816 2844; x_wconf 89' lang='lat' dir='ltr'><strong>mundi</strong></span> <span class='ocrx_word' id='word_1_197' title='bbox 863 2788 1021 2857; x_wconf 86' lang='lat' dir='ltr'><strong>hujus</strong></span> <span class='ocrx_word' id='word_1_198' title='bbox 1047 2796 1314 2841; x_wconf 91' lang='lat' dir='ltr'><strong>terrenum</strong></span> <span class='ocrx_word' id='word_1_199' title='bbox 1359 2783 1596 2837; x_wconf 89' lang='lat' dir='ltr'><strong>laborem</strong></span> <span class='ocrx_word' id='word_1_200' title='bbox 1628 2787 1681 2833; x_wconf 91' lang='lat' dir='ltr'><strong>et</strong></span> <span class='ocrx_word' id='word_1_201' title='bbox 1721 2793 1959 2833; x_wconf 85' lang='lat' dir='ltr'><strong>errorem</strong></span> <span class='ocrx_word' id='word_1_202' title='bbox 1991 2786 2072 2833; x_wconf 85' lang='lat' dir='ltr'><strong>te-</strong></span> 
     </span>
    </p>
   </div>
   <div class='ocr_carea' id='block_1_27' title="bbox 490 2871 2075 2948">
    <p class='ocr_par' dir='ltr' id='par_1_27' title="bbox 490 2871 2075 2948">
     <span class='ocr_line' id='line_1_27' title="bbox 490 2871 2075 2948; baseline -0.004 -13"><span class='ocrx_word' id='word_1_203' title='bbox 490 2882 716 2942; x_wconf 76' lang='lat' dir='ltr'><strong>nebrosa</strong></span> <span class='ocrx_word' id='word_1_204' title='bbox 740 2877 1093 2948; x_wconf 78' lang='lat' dir='ltr'><strong>profunditate</strong></span> <span class='ocrx_word' id='word_1_205' title='bbox 1119 2874 1381 2945; x_wconf 89' lang='lat' dir='ltr'><strong>signiﬁcat</strong></span> <span class='ocrx_word' id='word_1_206' title='bbox 1407 2875 1447 2924; x_wconf 80' lang='lat'><strong>&#39;.</strong></span> <span class='ocrx_word' id='word_1_207' title='bbox 1478 2871 1546 2924; x_wconf 87' lang='lat' dir='ltr'><strong>Et</strong></span> <span class='ocrx_word' id='word_1_208' title='bbox 1570 2876 1818 2941; x_wconf 87' lang='lat' dir='ltr'><strong>quoniam</strong></span> <span class='ocrx_word' id='word_1_209' title='bbox 1842 2874 2075 2930; x_wconf 79' lang='lat' dir='ltr'><strong>exterior</strong></span> 
     </span>
    </p>
   </div>
   <div class='ocr_carea' id='block_1_28' title="bbox 489 2969 2072 3036">
    <p class='ocr_par' dir='ltr' id='par_1_28' title="bbox 489 2969 2072 3036">
     <span class='ocr_line' id='line_1_28' title="bbox 489 2969 2072 3036; baseline -0.003 -9"><span class='ocrx_word' id='word_1_210' title='bbox 489 2983 572 3028; x_wconf 84' lang='lat' dir='ltr'><strong>est</strong></span> <span class='ocrx_word' id='word_1_211' title='bbox 600 2972 763 3026; x_wconf 90' lang='lat' dir='ltr'><strong>homo</strong></span> <span class='ocrx_word' id='word_1_212' title='bbox 790 2981 942 3026; x_wconf 88' lang='lat' dir='ltr'><strong>vetus</strong></span> <span class='ocrx_word' id='word_1_213' title='bbox 962 3013 976 3036; x_wconf 97' lang='lat'><strong>,</strong></span> <span class='ocrx_word' id='word_1_214' title='bbox 1015 2980 1068 3025; x_wconf 91' lang='lat' dir='ltr'><strong>et</strong></span> <span class='ocrx_word' id='word_1_215' title='bbox 1099 2984 1265 3023; x_wconf 86' lang='lat' dir='ltr'><strong>novus</strong></span> <span class='ocrx_word' id='word_1_216' title='bbox 1296 2970 1553 3034; x_wconf 89' lang='lat' dir='ltr'><strong>interior;</strong></span> <span class='ocrx_word' id='word_1_217' title='bbox 1598 2969 1797 3023; x_wconf 89' lang='lat' dir='ltr'><strong>dictum</strong></span> <span class='ocrx_word' id='word_1_218' title='bbox 1824 2978 1907 3024; x_wconf 90' lang='lat' dir='ltr'><strong>est</strong></span> <span class='ocrx_word' id='word_1_219' title='bbox 1932 2970 2072 3023; x_wconf 93' lang='lat' dir='ltr'><strong>enim</strong></span> 
     </span>
    </p>
   </div>
   <div class='ocr_carea' id='block_1_29' title="bbox 490 3061 2069 3133">
    <p class='ocr_par' dir='ltr' id='par_1_29' title="bbox 490 3061 2069 3133">
     <span class='ocr_line' id='line_1_29' title="bbox 490 3061 2069 3133; baseline -0.006 -12"><span class='ocrx_word' id='word_1_220' title='bbox 490 3066 559 3121; x_wconf 78' lang='lat' dir='ltr'><strong>ab</strong></span> <span class='ocrx_word' id='word_1_221' title='bbox 588 3062 843 3133; x_wconf 83' lang='lat' dir='ltr'><strong>Apostolo</strong></span> <span class='ocrx_word' id='word_1_222' title='bbox 864 3103 878 3127; x_wconf 93' lang='lat'><strong>,</strong></span> <span class='ocrx_word' id='word_1_223' title='bbox 909 3062 974 3116; x_wconf 83' lang='lat' dir='ltr'><strong>Et</strong></span> <span class='ocrx_word' id='word_1_224' title='bbox 1003 3064 1045 3116; x_wconf 86' lang='lat' dir='ltr'><strong>si</strong></span> <span class='ocrx_word' id='word_1_225' title='bbox 1078 3062 1294 3115; x_wconf 66' lang='lat' dir='ltr'><strong>exterior</strong></span> <span class='ocrx_word' id='word_1_226' title='bbox 1334 3062 1482 3113; x_wconf 90' lang='lat' dir='ltr'><strong>homo</strong></span> <span class='ocrx_word' id='word_1_227' title='bbox 1521 3069 1687 3114; x_wconf 79' lang='lat' dir='ltr'><strong>noster</strong></span> <span class='ocrx_word' id='word_1_228' title='bbox 1714 3061 2069 3130; x_wconf 80' lang='lat' dir='ltr'><strong>corrumpitur,</strong></span> 
     </span>
    </p>
   </div>
   <div class='ocr_carea' id='block_1_30' title="bbox 490 3151 2075 3210">
    <p class='ocr_par' dir='ltr' id='par_1_30' title="bbox 490 3151 2075 3210">
     <span class='ocr_line' id='line_1_30' title="bbox 490 3151 2075 3210; baseline -0.003 0"><span class='ocrx_word' id='word_1_229' title='bbox 490 3155 579 3210; x_wconf 85' lang='lat' dir='ltr'><strong>sed</strong></span> <span class='ocrx_word' id='word_1_230' title='bbox 605 3155 815 3208; x_wconf 88' lang='lat' dir='ltr'><strong>interior</strong></span> <span class='ocrx_word' id='word_1_231' title='bbox 838 3163 1104 3207; x_wconf 79' lang='lat' dir='ltr'><strong>renovatur</strong></span> <span class='ocrx_word' id='word_1_232' title='bbox 1127 3153 1189 3205; x_wconf 88' lang='lat' dir='ltr'><strong>de</strong></span> <span class='ocrx_word' id='word_1_233' title='bbox 1212 3153 1293 3205; x_wconf 87' lang='lat' dir='ltr'><strong>die</strong></span> <span class='ocrx_word' id='word_1_234' title='bbox 1314 3154 1367 3205; x_wconf 88' lang='lat' dir='ltr'><strong>in</strong></span> <span class='ocrx_word' id='word_1_235' title='bbox 1406 3152 1537 3204; x_wconf 89' lang='lat' dir='ltr'><strong>diem</strong></span> <span class='ocrx_word' id='word_1_236' title='bbox 1571 3168 1588 3205; x_wconf 89' lang='lat'><strong><em>:</em></strong></span> <span class='ocrx_word' id='word_1_237' title='bbox 1620 3151 1915 3205; x_wconf 84' lang='lat' dir='ltr'><strong>rectissime</strong></span> <span class='ocrx_word' id='word_1_238' title='bbox 1955 3167 2075 3205; x_wconf 87' lang='lat' dir='ltr'><strong>om-</strong></span> 
     </span>
    </p>
   </div>
   <div class='ocr_carea' id='block_1_31' title="bbox 493 3240 2075 3317">
    <p class='ocr_par' dir='ltr' id='par_1_31' title="bbox 493 3240 2075 3317">
     <span class='ocr_line' id='line_1_31' title="bbox 493 3240 2075 3317; baseline -0.003 -18"><span class='ocrx_word' id='word_1_239' title='bbox 493 3245 619 3300; x_wconf 86' lang='lat' dir='ltr'><strong>nino</strong></span> <span class='ocrx_word' id='word_1_240' title='bbox 641 3243 910 3317; x_wconf 86' lang='lat' dir='ltr'><strong>(quoniam</strong></span> <span class='ocrx_word' id='word_1_241' title='bbox 931 3244 1106 3298; x_wconf 87' lang='lat' dir='ltr'><strong>omnia</strong></span> <span class='ocrx_word' id='word_1_242' title='bbox 1131 3243 1352 3297; x_wconf 85' lang='lat' dir='ltr'><strong>visibilia</strong></span> <span class='ocrx_word' id='word_1_243' title='bbox 1379 3242 1443 3295; x_wconf 92' lang='lat' dir='ltr'><strong>ad</strong></span> <span class='ocrx_word' id='word_1_244' title='bbox 1466 3242 1783 3296; x_wconf 77' lang='lat' dir='ltr'><strong>exteriorem</strong></span> <span class='ocrx_word' id='word_1_245' title='bbox 1805 3240 2075 3295; x_wconf 88' lang='lat' dir='ltr'><strong>hominem</strong></span> 
     </span>
    </p>
   </div>
   <div class='ocr_carea' id='block_1_32' title="bbox 492 3328 2093 3406">
    <p class='ocr_par' dir='ltr' id='par_1_32' title="bbox 492 3328 2093 3406">
     <span class='ocr_line' id='line_1_32' title="bbox 492 3328 2093 3406; baseline -0.004 -14"><span class='ocrx_word' id='word_1_246' title='bbox 492 3338 792 3405; x_wconf 84' lang='lat' dir='ltr'><strong>pertinent,</strong></span> <span class='ocrx_word' id='word_1_247' title='bbox 839 3337 1028 3406; x_wconf 83' lang='lat' dir='ltr'><strong>quibus</strong></span> <span class='ocrx_word' id='word_1_248' title='bbox 1068 3335 1353 3389; x_wconf 79' lang='lat' dir='ltr'><strong>christiana</strong></span> <span class='ocrx_word' id='word_1_249' title='bbox 1395 3334 1674 3403; x_wconf 89' lang='lat' dir='ltr'><strong>disciplina</strong></span> <span class='ocrx_word' id='word_1_250' title='bbox 1718 3328 2093 3404; x_wconf 81' lang='lat' dir='ltr'><strong>renuntiatur)</strong></span> 
     </span>
    </p>
   </div>
   <div class='ocr_carea' id='block_1_33' title="bbox 492 3424 2081 3499">
    <p class='ocr_par' dir='ltr' id='par_1_33' title="bbox 492 3424 2081 3499">
     <span class='ocr_line' id='line_1_33' title="bbox 492 3424 2081 3499; baseline -0.003 -16"><span class='ocrx_word' id='word_1_251' title='bbox 492 3430 621 3484; x_wconf 88' lang='lat' dir='ltr'><strong>hora</strong></span> <span class='ocrx_word' id='word_1_252' title='bbox 650 3437 798 3482; x_wconf 81' lang='lat' dir='ltr'><strong>sexta</strong></span> <span class='ocrx_word' id='word_1_253' title='bbox 830 3429 973 3482; x_wconf 85' lang='lat' dir='ltr'><strong>venit</strong></span> <span class='ocrx_word' id='word_1_254' title='bbox 1016 3427 1269 3480; x_wconf 88' lang='lat' dir='ltr'><strong>Dominus</strong></span> <span class='ocrx_word' id='word_1_255' title='bbox 1298 3426 1361 3479; x_wconf 91' lang='lat' dir='ltr'><strong>ad</strong></span> <span class='ocrx_word' id='word_1_256' title='bbox 1399 3434 1646 3493; x_wconf 91' lang='lat' dir='ltr'><strong>puteum,</strong></span> <span class='ocrx_word' id='word_1_257' title='bbox 1677 3424 1726 3478; x_wconf 93' lang='lat' dir='ltr'><strong>id</strong></span> <span class='ocrx_word' id='word_1_258' title='bbox 1754 3432 1866 3499; x_wconf 85' lang='lat' dir='ltr'><strong>est,</strong></span> <span class='ocrx_word' id='word_1_259' title='bbox 1903 3424 2081 3479; x_wconf 91' lang='lat' dir='ltr'><strong>medio</strong></span> 
     </span>
    </p>
   </div>
   <div class='ocr_carea' id='block_1_34' title="bbox 492 3516 2081 3589">
    <p class='ocr_par' dir='ltr' id='par_1_34' title="bbox 492 3516 2081 3589">
     <span class='ocr_line' id='line_1_34' title="bbox 492 3516 2081 3589; baseline -0.005 -13"><span class='ocrx_word' id='word_1_260' title='bbox 492 3523 602 3587; x_wconf 83' lang='lat' dir='ltr'><strong>die,</strong></span> <span class='ocrx_word' id='word_1_261' title='bbox 632 3521 772 3576; x_wconf 93' lang='lat' dir='ltr'><strong>unde</strong></span> <span class='ocrx_word' id='word_1_262' title='bbox 797 3521 903 3589; x_wconf 88' lang='lat' dir='ltr'><strong>jam</strong></span> <span class='ocrx_word' id='word_1_263' title='bbox 929 3520 1112 3589; x_wconf 91' lang='lat' dir='ltr'><strong>incipit</strong></span> <span class='ocrx_word' id='word_1_264' title='bbox 1131 3520 1209 3574; x_wconf 90' lang='lat' dir='ltr'><strong>sol</strong></span> <span class='ocrx_word' id='word_1_265' title='bbox 1243 3519 1339 3573; x_wconf 90' lang='lat' dir='ltr'><strong>iste</strong></span> <span class='ocrx_word' id='word_1_266' title='bbox 1364 3517 1587 3572; x_wconf 78' lang='lat' dir='ltr'><strong>visibilis</strong></span> <span class='ocrx_word' id='word_1_267' title='bbox 1612 3516 1877 3571; x_wconf 85' lang='lat' dir='ltr'><strong>declinare</strong></span> <span class='ocrx_word' id='word_1_268' title='bbox 1908 3516 1958 3569; x_wconf 89' lang='lat' dir='ltr'><strong>in</strong></span> <span class='ocrx_word' id='word_1_269' title='bbox 1991 3530 2081 3569; x_wconf 23' lang='lat' dir='ltr'><strong>oc.</strong></span> 
     </span>
    </p>
   </div>
   <div class='ocr_carea' id='block_1_35' title="bbox 493 3594 2077 3681">
    <p class='ocr_par' dir='ltr' id='par_1_35' title="bbox 493 3594 2077 3681">
     <span class='ocr_line' id='line_1_35' title="bbox 493 3594 2077 3681; baseline -0.005 -14"><span class='ocrx_word' id='word_1_270' title='bbox 493 3628 675 3667; x_wconf 87' lang='lat' dir='ltr'><strong>casum</strong></span> <span class='ocrx_word' id='word_1_271' title='bbox 703 3630 715 3664; x_wconf 92' lang='lat'>:</span> <span class='ocrx_word' id='word_1_272' title='bbox 743 3613 991 3681; x_wconf 91' lang='lat' dir='ltr'><strong>quoniam</strong></span> <span class='ocrx_word' id='word_1_273' title='bbox 1019 3620 1071 3665; x_wconf 90' lang='lat' dir='ltr'><strong>et</strong></span> <span class='ocrx_word' id='word_1_274' title='bbox 1094 3610 1245 3664; x_wconf 90' lang='lat' dir='ltr'><strong>nobis</strong></span> <span class='ocrx_word' id='word_1_275' title='bbox 1269 3594 1466 3663; x_wconf 87' lang='lat' dir='ltr'><strong>vocatis</strong></span> <span class='ocrx_word' id='word_1_276' title='bbox 1494 3624 1523 3662; x_wconf 91' lang='lat' dir='ltr'><strong>a</strong></span> <span class='ocrx_word' id='word_1_277' title='bbox 1554 3607 1768 3662; x_wconf 87' lang='lat' dir='ltr'><strong>Christo</strong></span> <span class='ocrx_word' id='word_1_278' title='bbox 1793 3606 2077 3661; x_wconf 81' lang='lat' dir='ltr'><strong>visibilium</strong></span> 
     </span>
    </p>
   </div>
   <div class='ocr_carea' id='block_1_36' title="bbox 493 3695 2084 3761">
    <p class='ocr_par' dir='ltr' id='par_1_36' title="bbox 493 3695 2084 3761">
     <span class='ocr_line' id='line_1_36' title="bbox 493 3695 2084 3761; baseline -0.004 -6"><span class='ocrx_word' id='word_1_279' title='bbox 493 3702 776 3758; x_wconf 84' lang='lat' dir='ltr'><strong>delectatio</strong></span> <span class='ocrx_word' id='word_1_280' title='bbox 807 3700 1079 3761; x_wconf 86' lang='lat' dir='ltr'><strong>minuitur,</strong></span> <span class='ocrx_word' id='word_1_281' title='bbox 1113 3708 1169 3753; x_wconf 92' lang='lat' dir='ltr'><strong>ut</strong></span> <span class='ocrx_word' id='word_1_282' title='bbox 1196 3698 1537 3753; x_wconf 86' lang='lat' dir='ltr'><strong>invisibilium</strong></span> <span class='ocrx_word' id='word_1_283' title='bbox 1581 3711 1763 3751; x_wconf 89' lang='lat' dir='ltr'><strong>amore</strong></span> <span class='ocrx_word' id='word_1_284' title='bbox 1803 3695 1962 3749; x_wconf 92' lang='lat' dir='ltr'><strong>homo</strong></span> <span class='ocrx_word' id='word_1_285' title='bbox 2002 3696 2084 3748; x_wconf 91' lang='lat' dir='ltr'><strong>in-</strong></span> 
     </span>
    </p>
   </div>
   <div class='ocr_carea' id='block_1_37' title="bbox 496 3789 2080 3869">
    <p class='ocr_par' dir='ltr' id='par_1_37' title="bbox 496 3789 2080 3869">
     <span class='ocr_line' id='line_1_37' title="bbox 496 3789 2080 3869; baseline -0.006 -20"><span class='ocrx_word' id='word_1_286' title='bbox 496 3792 702 3869; x_wconf 78' lang='lat' dir='ltr'><strong>terior&#39;</strong></span> <span class='ocrx_word' id='word_1_287' title='bbox 733 3802 1024 3859; x_wconf 87' lang='lat' dir='ltr'><strong>recreatus,</strong></span> <span class='ocrx_word' id='word_1_288' title='bbox 1053 3791 1116 3844; x_wconf 90' lang='lat' dir='ltr'><strong>ad</strong></span> <span class='ocrx_word' id='word_1_289' title='bbox 1148 3790 1450 3844; x_wconf 86' lang='lat' dir='ltr'><strong>interiorem</strong></span> <span class='ocrx_word' id='word_1_290' title='bbox 1472 3789 1644 3843; x_wconf 83' lang='lat' dir='ltr'><strong>lucem</strong></span> <span class='ocrx_word' id='word_1_291' title='bbox 1674 3803 1791 3858; x_wconf 66' lang='lat' dir='ltr'><strong>qua:</strong></span> <span class='ocrx_word' id='word_1_292' title='bbox 1813 3802 2080 3856; x_wconf 88' lang='lat' dir='ltr'><strong>nunquam</strong></span> 
     </span>
    </p>
   </div>
   <div class='ocr_carea' id='block_1_38' title="bbox 495 3878 2081 3951">
    <p class='ocr_par' dir='ltr' id='par_1_38' title="bbox 495 3878 2081 3951">
     <span class='ocr_line' id='line_1_38' title="bbox 495 3878 2081 3951; baseline -0.007 -11"><span class='ocrx_word' id='word_1_293' title='bbox 495 3885 719 3946; x_wconf 83' lang='lat' dir='ltr'><strong>occidit,</strong></span> <span class='ocrx_word' id='word_1_294' title='bbox 765 3893 1080 3947; x_wconf 81' lang='lat' dir='ltr'><strong>revertatur,</strong></span> <span class='ocrx_word' id='word_1_295' title='bbox 1122 3882 1412 3937; x_wconf 90' lang='lat' dir='ltr'><strong>secundum</strong></span> <span class='ocrx_word' id='word_1_296' title='bbox 1452 3878 1797 3951; x_wconf 79' lang='lat' dir='ltr'><strong>apostolicam</strong></span> <span class='ocrx_word' id='word_1_297' title='bbox 1841 3878 2081 3946; x_wconf 83' lang='lat' dir='ltr'><strong>discipli—</strong></span> 
     </span>
    </p>
   </div>
   <div class='ocr_carea' id='block_1_39' title="bbox 496 3967 2084 4044">
    <p class='ocr_par' dir='ltr' id='par_1_39' title="bbox 496 3967 2084 4044">
     <span class='ocr_line' id='line_1_39' title="bbox 496 3967 2084 4044; baseline -0.007 -14"><span class='ocrx_word' id='word_1_298' title='bbox 496 3992 617 4031; x_wconf 88' lang='lat' dir='ltr'><strong>nam</strong></span> <span class='ocrx_word' id='word_1_299' title='bbox 637 4018 652 4041; x_wconf 90' lang='lat'><strong>,</strong></span> <span class='ocrx_word' id='word_1_300' title='bbox 685 3991 789 4029; x_wconf 91' lang='lat' dir='ltr'><strong>non</strong></span> <span class='ocrx_word' id='word_1_301' title='bbox 817 3989 1062 4044; x_wconf 67' lang='lat' dir='ltr'><strong>qurerens</strong></span> <span class='ocrx_word' id='word_1_302' title='bbox 1092 3989 1207 4043; x_wconf 66' lang='lat' dir='ltr'><strong>qua?</strong></span> <span class='ocrx_word' id='word_1_303' title='bbox 1234 3972 1486 4033; x_wconf 89' lang='lat' dir='ltr'><strong>videntur,</strong></span> <span class='ocrx_word' id='word_1_304' title='bbox 1527 3971 1615 4024; x_wconf 90' lang='lat' dir='ltr'><strong>sed</strong></span> <span class='ocrx_word' id='word_1_305' title='bbox 1647 3986 1761 4041; x_wconf 69' lang='lat' dir='ltr'><strong>quia</strong></span> <span class='ocrx_word' id='word_1_306' title='bbox 1788 3985 1888 4022; x_wconf 86' lang='lat' dir='ltr'><strong>non</strong></span> <span class='ocrx_word' id='word_1_307' title='bbox 1911 3967 2084 4021; x_wconf 82' lang='lat' dir='ltr'><strong>viden-</strong></span> 
     </span>
    </p>
   </div>
   <div class='ocr_carea' id='block_1_40' title="bbox 497 4062 2084 4136">
    <p class='ocr_par' dir='ltr' id='par_1_40' title="bbox 497 4062 2084 4136">
     <span class='ocr_line' id='line_1_40' title="bbox 497 4062 2084 4136; baseline -0.007 -15"><span class='ocrx_word' id='word_1_308' title='bbox 497 4080 579 4123; x_wconf 74' lang='lat' dir='ltr'><strong>tur</strong></span> <span class='ocrx_word' id='word_1_309' title='bbox 608 4083 628 4121; x_wconf 89' lang='lat'><strong><em>:</em></strong></span> <span class='ocrx_word' id='word_1_310' title='bbox 652 4083 764 4136; x_wconf 79' lang='lat' dir='ltr'><strong>qua:</strong></span> <span class='ocrx_word' id='word_1_311' title='bbox 806 4067 939 4119; x_wconf 89' lang='lat' dir='ltr'><strong>enim</strong></span> <span class='ocrx_word' id='word_1_312' title='bbox 975 4065 1221 4128; x_wconf 88' lang='lat' dir='ltr'><strong>videntur,</strong></span> <span class='ocrx_word' id='word_1_313' title='bbox 1252 4062 1549 4131; x_wconf 88' lang='lat' dir='ltr'><strong>temporalia</strong></span> <span class='ocrx_word' id='word_1_314' title='bbox 1592 4070 1742 4125; x_wconf 89' lang='lat' dir='ltr'><strong>sunt;</strong></span> <span class='ocrx_word' id='word_1_315' title='bbox 1771 4076 1883 4129; x_wconf 74' lang='lat' dir='ltr'><strong>qua:</strong></span> <span class='ocrx_word' id='word_1_316' title='bbox 1920 4068 2084 4112; x_wconf 87' lang='lat' dir='ltr'><strong>autem</strong></span> 
     </span>
    </p>
   </div>
   <div class='ocr_carea' id='block_1_41' title="bbox 497 4153 1868 4226">
    <p class='ocr_par' dir='ltr' id='par_1_41' title="bbox 497 4153 1868 4226">
     <span class='ocr_line' id='line_1_41' title="bbox 497 4153 1868 4226; baseline -0.007 -11"><span class='ocrx_word' id='word_1_317' title='bbox 497 4177 597 4215; x_wconf 86' lang='lat' dir='ltr'><strong>non</strong></span> <span class='ocrx_word' id='word_1_318' title='bbox 627 4158 877 4223; x_wconf 86' lang='lat' dir='ltr'><strong>videntur,</strong></span> <span class='ocrx_word' id='word_1_319' title='bbox 914 4166 1101 4212; x_wconf 67' lang='lat' dir='ltr'><strong>aeterna</strong></span> <span class='ocrx_word' id='word_1_320' title='bbox 1128 4165 1243 4210; x_wconf 88' lang='lat' dir='ltr'><strong>sunt</strong></span> <span class='ocrx_word' id='word_1_321' title='bbox 1272 4155 1335 4226; x_wconf 91' lang='lat' dir='ltr'><strong>(ll</strong></span> <span class='ocrx_word' id='word_1_322' title='bbox 1363 4153 1483 4210; x_wconf 89' lang='lat' dir='ltr'><strong>Cor.</strong></span> <span class='ocrx_word' id='word_1_323' title='bbox 1515 4171 1585 4217; x_wconf 84' lang='lat' dir='ltr'><strong>Iv,</strong></span> <span class='ocrx_word' id='word_1_324' title='bbox 1618 4155 1684 4209; x_wconf 85' lang='lat'><strong>16</strong></span> <span class='ocrx_word' id='word_1_325' title='bbox 1709 4196 1724 4221; x_wconf 92' lang='lat'><strong>,</strong></span> <span class='ocrx_word' id='word_1_326' title='bbox 1757 4154 1868 4225; x_wconf 93' lang='lat'><strong>18).</strong></span> 
     </span>
    </p>
   </div>
   <div class='ocr_carea' id='block_1_42' title="bbox 572 4244 2087 4317">
    <p class='ocr_par' dir='ltr' id='par_1_42' title="bbox 572 4244 2087 4317">
     <span class='ocr_line' id='line_1_42' title="bbox 572 4244 2087 4317; baseline -0.005 -12"><span class='ocrx_word' id='word_1_327' title='bbox 572 4252 625 4306; x_wconf 80' lang='grc'><strong>5.</strong></span> <span class='ocrx_word' id='word_1_328' title='bbox 652 4249 802 4317; x_wconf 84' lang='lat' dir='ltr'><strong>Quod</strong></span> <span class='ocrx_word' id='word_1_329' title='bbox 831 4257 1007 4304; x_wconf 90' lang='lat' dir='ltr'><strong>autem</strong></span> <span class='ocrx_word' id='word_1_330' title='bbox 1034 4247 1284 4317; x_wconf 77' lang='lat' dir='ltr'><strong>fatigatus</strong></span> <span class='ocrx_word' id='word_1_331' title='bbox 1306 4247 1452 4301; x_wconf 89' lang='lat' dir='ltr'><strong>venit</strong></span> <span class='ocrx_word' id='word_1_332' title='bbox 1481 4246 1546 4299; x_wconf 90' lang='lat' dir='ltr'><strong>ad</strong></span> <span class='ocrx_word' id='word_1_333' title='bbox 1580 4255 1829 4313; x_wconf 89' lang='lat' dir='ltr'><strong>puteum,</strong></span> <span class='ocrx_word' id='word_1_334' title='bbox 1863 4244 2087 4298; x_wconf 82' lang='lat' dir='ltr'><strong>inﬁrmi-</strong></span> 
     </span>
    </p>
   </div>
   <div class='ocr_carea' id='block_1_43' title="bbox 501 4337 2083 4411">
    <p class='ocr_par' dir='ltr' id='par_1_43' title="bbox 501 4337 2083 4411">
     <span class='ocr_line' id='line_1_43' title="bbox 501 4337 2083 4411; baseline -0.004 -15"><span class='ocrx_word' id='word_1_335' title='bbox 501 4352 660 4398; x_wconf 88' lang='lat' dir='ltr'><strong>tatem</strong></span> <span class='ocrx_word' id='word_1_336' title='bbox 693 4342 869 4395; x_wconf 69' lang='lat' dir='ltr'><strong>carinis</strong></span> <span class='ocrx_word' id='word_1_337' title='bbox 910 4340 1208 4411; x_wconf 90' lang='lat' dir='ltr'><strong>signiﬁcat;</strong></span> <span class='ocrx_word' id='word_1_338' title='bbox 1253 4338 1395 4408; x_wconf 91' lang='lat' dir='ltr'><strong>quod</strong></span> <span class='ocrx_word' id='word_1_339' title='bbox 1444 4337 1610 4403; x_wconf 89' lang='lat' dir='ltr'><strong>sedit,</strong></span> <span class='ocrx_word' id='word_1_340' title='bbox 1661 4337 2014 4391; x_wconf 88' lang='lat' dir='ltr'><strong>humilitatem</strong></span> <span class='ocrx_word' id='word_1_341' title='bbox 2070 4354 2083 4389; x_wconf 92' lang='lat'>:</span> 
     </span>
    </p>
   </div>
   <div class='ocr_carea' id='block_1_44' title="bbox 500 4430 2084 4505">
    <p class='ocr_par' dir='ltr' id='par_1_44' title="bbox 500 4430 2084 4505">
     <span class='ocr_line' id='line_1_44' title="bbox 500 4430 2084 4505; baseline -0.003 -17"><span class='ocrx_word' id='word_1_342' title='bbox 500 4436 620 4505; x_wconf 85' lang='lat' dir='ltr'><strong>quia</strong></span> <span class='ocrx_word' id='word_1_343' title='bbox 646 4442 701 4488; x_wconf 92' lang='lat' dir='ltr'><strong>et</strong></span> <span class='ocrx_word' id='word_1_344' title='bbox 738 4432 1155 4488; x_wconf 88' lang='lat' dir='ltr'><strong>imbecillitatem</strong></span> <span class='ocrx_word' id='word_1_345' title='bbox 1181 4433 1356 4486; x_wconf 80' lang='lat' dir='ltr'><strong>Carnis</strong></span> <span class='ocrx_word' id='word_1_346' title='bbox 1406 4445 1503 4501; x_wconf 89' lang='lat' dir='ltr'><strong>pro</strong></span> <span class='ocrx_word' id='word_1_347' title='bbox 1546 4430 1701 4484; x_wconf 88' lang='lat' dir='ltr'><strong>nobis</strong></span> <span class='ocrx_word' id='word_1_348' title='bbox 1731 4430 2000 4498; x_wconf 90' lang='lat' dir='ltr'><strong>suscepit,</strong></span> <span class='ocrx_word' id='word_1_349' title='bbox 2034 4439 2084 4484; x_wconf 88' lang='lat' dir='ltr'><strong>et</strong></span> 
     </span>
    </p>
   </div>
   <div class='ocr_carea' id='block_1_45' title="bbox 501 4522 2083 4593">
    <p class='ocr_par' dir='ltr' id='par_1_45' title="bbox 501 4522 2083 4593">
     <span class='ocr_line' id='line_1_45' title="bbox 501 4522 2083 4593; baseline -0.003 -12"><span class='ocrx_word' id='word_1_350' title='bbox 501 4529 661 4583; x_wconf 92' lang='lat' dir='ltr'><strong>homo</strong></span> <span class='ocrx_word' id='word_1_351' title='bbox 680 4527 985 4581; x_wconf 89' lang='lat' dir='ltr'><strong>hominibus</strong></span> <span class='ocrx_word' id='word_1_352' title='bbox 1007 4534 1111 4581; x_wconf 90' lang='lat' dir='ltr'><strong>tam</strong></span> <span class='ocrx_word' id='word_1_353' title='bbox 1140 4525 1413 4581; x_wconf 90' lang='lat' dir='ltr'><strong>humiliter</strong></span> <span class='ocrx_word' id='word_1_354' title='bbox 1437 4539 1694 4593; x_wconf 84' lang='lat' dir='ltr'><strong>apparere</strong></span> <span class='ocrx_word' id='word_1_355' title='bbox 1715 4522 1959 4593; x_wconf 81' lang='lat' dir='ltr'><strong>dignatus</strong></span> <span class='ocrx_word' id='word_1_356' title='bbox 1981 4532 2083 4577; x_wconf 92' lang='lat' dir='ltr'><strong>est.</strong></span> 
     </span>
    </p>
   </div>
   <div class='ocr_carea' id='block_1_46' title="bbox 502 4613 2089 4685">
    <p class='ocr_par' dir='ltr' id='par_1_46' title="bbox 502 4613 2089 4685">
     <span class='ocr_line' id='line_1_46' title="bbox 502 4613 2089 4685; baseline -0.005 -10"><span class='ocrx_word' id='word_1_357' title='bbox 502 4623 577 4675; x_wconf 90' lang='lat' dir='ltr'><strong>De</strong></span> <span class='ocrx_word' id='word_1_358' title='bbox 620 4619 720 4673; x_wconf 90' lang='lat' dir='ltr'><strong>hac</strong></span> <span class='ocrx_word' id='word_1_359' title='bbox 766 4618 1069 4672; x_wconf 89' lang='lat' dir='ltr'><strong>inﬁrmitate</strong></span> <span class='ocrx_word' id='word_1_360' title='bbox 1098 4617 1273 4671; x_wconf 91' lang='lat' dir='ltr'><strong>carnis</strong></span> <span class='ocrx_word' id='word_1_361' title='bbox 1318 4614 1570 4685; x_wconf 86' lang='lat' dir='ltr'><strong>propheta</strong></span> <span class='ocrx_word' id='word_1_362' title='bbox 1613 4615 1785 4669; x_wconf 88' lang='lat' dir='ltr'><strong>dicit:</strong></span> <span class='ocrx_word' id='word_1_363' title='bbox 1830 4613 1997 4667; x_wconf 83' lang='lat' dir='ltr'><strong>Ilomo</strong></span> <span class='ocrx_word' id='word_1_364' title='bbox 2035 4615 2089 4667; x_wconf 86' lang='lat' dir='ltr'><strong>in</strong></span> 
     </span>
    </p>
   </div>
   <div class='ocr_carea' id='block_1_47' title="bbox 503 4704 2084 4785">
    <p class='ocr_par' dir='ltr' id='par_1_47' title="bbox 503 4704 2084 4785">
     <span class='ocr_line' id='line_1_47' title="bbox 503 4704 2084 4785; baseline -0.004 -17"><span class='ocrx_word' id='word_1_365' title='bbox 503 4714 655 4785; x_wconf 84' lang='lat' dir='ltr'><strong>plaga</strong></span> <span class='ocrx_word' id='word_1_366' title='bbox 676 4712 885 4783; x_wconf 85' lang='lat' dir='ltr'><strong>positus,</strong></span> <span class='ocrx_word' id='word_1_367' title='bbox 902 4720 946 4762; x_wconf 90' lang='lat' dir='ltr'><strong>et</strong></span> <span class='ocrx_word' id='word_1_368' title='bbox 971 4709 1131 4763; x_wconf 88' lang='lat' dir='ltr'><strong>sciens</strong></span> <span class='ocrx_word' id='word_1_369' title='bbox 1143 4712 1275 4779; x_wconf 81' lang='lat' dir='ltr'><strong>ferre</strong></span> <span class='ocrx_word' id='word_1_370' title='bbox 1298 4706 1684 4761; x_wconf 80' lang='lat' dir='ltr'><strong>imbecillitatem</strong></span> <span class='ocrx_word' id='word_1_371' title='bbox 1703 4704 1852 4775; x_wconf 87' lang='lat' dir='ltr'><strong>(lsai.</strong></span> <span class='ocrx_word' id='word_1_372' title='bbox 1879 4722 1988 4768; x_wconf 85' lang='lat' dir='ltr'><strong>Llll,</strong></span> <span class='ocrx_word' id='word_1_373' title='bbox 2008 4706 2084 4777; x_wconf 79' lang='lat'><strong>5).</strong></span> 
     </span>
    </p>
   </div>
   <div class='ocr_carea' id='block_1_48' title="bbox 504 4797 2092 4868">
    <p class='ocr_par' dir='ltr' id='par_1_48' title="bbox 504 4797 2092 4868">
     <span class='ocr_line' id='line_1_48' title="bbox 504 4797 2092 4868; baseline -0.008 -6"><span class='ocrx_word' id='word_1_374' title='bbox 504 4807 578 4861; x_wconf 90' lang='lat' dir='ltr'><strong>De</strong></span> <span class='ocrx_word' id='word_1_375' title='bbox 610 4802 906 4858; x_wconf 88' lang='lat' dir='ltr'><strong>humilitate</strong></span> <span class='ocrx_word' id='word_1_376' title='bbox 936 4816 1065 4855; x_wconf 90' lang='lat' dir='ltr'><strong>vero</strong></span> <span class='ocrx_word' id='word_1_377' title='bbox 1086 4800 1371 4868; x_wconf 87' lang='lat' dir='ltr'><strong>Apostolus</strong></span> <span class='ocrx_word' id='word_1_378' title='bbox 1400 4798 1629 4866; x_wconf 77' lang='grc' dir='ltr'><strong>Ιοίιυῑιυῖ·</strong></span> <span class='ocrx_word' id='word_1_379' title='bbox 1654 4798 1837 4852; x_wconf 88' lang='lat' dir='ltr'><strong>dicens</strong></span> <span class='ocrx_word' id='word_1_380' title='bbox 1863 4816 1875 4850; x_wconf 92' lang='lat'><strong>:</strong></span> <span class='ocrx_word' id='word_1_381' title='bbox 1905 4797 2092 4850; x_wconf 84' lang='lat' dir='ltr'><strong>Humi—</strong></span> 
     </span>
    </p>
   </div>
   <div class='ocr_carea' id='block_1_49' title="bbox 502 4886 2087 4963">
    <p class='ocr_par' dir='ltr' id='par_1_49' title="bbox 502 4886 2087 4963">
     <span class='ocr_line' id='line_1_49' title="bbox 502 4886 2087 4963; baseline -0.006 -13"><span class='ocrx_word' id='word_1_382' title='bbox 502 4896 642 4950; x_wconf 84' lang='lat' dir='ltr'><strong>liavit</strong></span> <span class='ocrx_word' id='word_1_383' title='bbox 670 4912 750 4961; x_wconf 90' lang='lat' dir='ltr'><strong>se,</strong></span> <span class='ocrx_word' id='word_1_384' title='bbox 781 4893 944 4963; x_wconf 76' lang='lat' dir='ltr'><strong>[actus</strong></span> <span class='ocrx_word' id='word_1_385' title='bbox 969 4888 1197 4943; x_wconf 88' lang='lat' dir='ltr'><strong>subditus</strong></span> <span class='ocrx_word' id='word_1_386' title='bbox 1224 4905 1377 4958; x_wconf 86' lang='lat' dir='ltr'><strong>usque</strong></span> <span class='ocrx_word' id='word_1_387' title='bbox 1404 4887 1473 4941; x_wconf 90' lang='lat' dir='ltr'><strong>ad</strong></span> <span class='ocrx_word' id='word_1_388' title='bbox 1496 4897 1705 4941; x_wconf 86' lang='lat' dir='ltr'><strong>mortem</strong></span> <span class='ocrx_word' id='word_1_389' title='bbox 1739 4886 1995 4959; x_wconf 80' lang='lat' dir='ltr'><strong>(Philipp.</strong></span> <span class='ocrx_word' id='word_1_390' title='bbox 2029 4903 2087 4952; x_wconf 91' lang='lat' dir='ltr'><strong>n,</strong></span> 
     </span>
    </p>
   </div>
   <div class='ocr_carea' id='block_1_50' title="bbox 503 4979 2091 5058">
    <p class='ocr_par' dir='ltr' id='par_1_50' title="bbox 503 4979 2091 5058">
     <span class='ocr_line' id='line_1_50' title="bbox 503 4979 2091 5058; baseline -0.006 -14"><span class='ocrx_word' id='word_1_391' title='bbox 503 4990 579 5058; x_wconf 87' lang='lat'><strong>8).</strong></span> <span class='ocrx_word' id='word_1_392' title='bbox 605 4988 917 5057; x_wconf 86' lang='lat' dir='ltr'><strong>Quanquam</strong></span> <span class='ocrx_word' id='word_1_393' title='bbox 966 4981 1092 5037; x_wconf 91' lang='lat' dir='ltr'><strong>illud</strong></span> <span class='ocrx_word' id='word_1_394' title='bbox 1136 4980 1275 5051; x_wconf 90' lang='lat' dir='ltr'><strong>quod</strong></span> <span class='ocrx_word' id='word_1_395' title='bbox 1304 4979 1472 5043; x_wconf 88' lang='lat' dir='ltr'><strong>sedit,</strong></span> <span class='ocrx_word' id='word_1_396' title='bbox 1517 4980 1766 5048; x_wconf 90' lang='lat' dir='ltr'><strong>quoniam</strong></span> <span class='ocrx_word' id='word_1_397' title='bbox 1810 4981 1982 5034; x_wconf 90' lang='lat' dir='ltr'><strong>solent</strong></span> <span class='ocrx_word' id='word_1_398' title='bbox 2008 4995 2091 5035; x_wconf 81' lang='lat' dir='ltr'><strong>se-</strong></span> 
     </span>
    </p>
   </div>
   <div class='ocr_carea' id='block_1_51' title="bbox 438 5065 2091 5145">
    <p class='ocr_par' dir='ltr' id='par_1_51' title="bbox 438 5065 2091 5145">
     <span class='ocr_line' id='line_1_51' title="bbox 438 5065 2091 5145; baseline -0.006 -11"><span class='ocrx_word' id='word_1_399' title='bbox 438 5065 457 5145; x_wconf 30' lang='lat'><strong>?</strong></span> <span class='ocrx_word' id='word_1_400' title='bbox 504 5081 631 5134; x_wconf 88' lang='lat' dir='ltr'><strong>dere</strong></span> <span class='ocrx_word' id='word_1_401' title='bbox 676 5080 957 5142; x_wconf 89' lang='lat' dir='ltr'><strong>doctores,</strong></span> <span class='ocrx_word' id='word_1_402' title='bbox 1006 5075 1176 5145; x_wconf 82' lang='lat' dir='ltr'><strong>possit</strong></span> <span class='ocrx_word' id='word_1_403' title='bbox 1215 5073 1319 5127; x_wconf 91' lang='lat' dir='ltr'><strong>alio</strong></span> <span class='ocrx_word' id='word_1_404' title='bbox 1359 5072 1625 5126; x_wconf 89' lang='lat' dir='ltr'><strong>intellectu</strong></span> <span class='ocrx_word' id='word_1_405' title='bbox 1669 5088 1777 5126; x_wconf 91' lang='lat' dir='ltr'><strong>non</strong></span> <span class='ocrx_word' id='word_1_406' title='bbox 1823 5072 2091 5125; x_wconf 90' lang='lat' dir='ltr'><strong>humilita-</strong></span> 
     </span>
    </p>
   </div>
   <div class='ocr_carea' id='block_1_52' title="bbox 507 5166 2089 5237">
    <p class='ocr_par' dir='ltr' id='par_1_52' title="bbox 507 5166 2089 5237">
     <span class='ocr_line' id='line_1_52' title="bbox 507 5166 2089 5237; baseline -0.005 -9"><span class='ocrx_word' id='word_1_407' title='bbox 507 5175 574 5228; x_wconf 93' lang='lat' dir='ltr'><strong>tis</strong></span> <span class='ocrx_word' id='word_1_408' title='bbox 612 5171 959 5236; x_wconf 91' lang='lat' dir='ltr'><strong>modestiam,</strong></span> <span class='ocrx_word' id='word_1_409' title='bbox 989 5169 1082 5224; x_wconf 91' lang='lat' dir='ltr'><strong>sed</strong></span> <span class='ocrx_word' id='word_1_410' title='bbox 1106 5166 1340 5237; x_wconf 84' lang='lat' dir='ltr'><strong>magistri</strong></span> <span class='ocrx_word' id='word_1_411' title='bbox 1372 5166 1743 5221; x_wconf 87' lang='lat' dir='ltr'><strong>demonstrare</strong></span> <span class='ocrx_word' id='word_1_412' title='bbox 1787 5181 2089 5235; x_wconf 78' lang='lat' dir='ltr'><strong>personam.</strong></span> 
     </span>
    </p>
   </div>
   <div class='ocr_carea' id='block_1_53' title="bbox 575 5264 2088 5334">
    <p class='ocr_par' dir='ltr' id='par_1_53' title="bbox 575 5264 2088 5334">
     <span class='ocr_line' id='line_1_53' title="bbox 575 5264 2088 5334; baseline 0.001 -14"><span class='ocrx_word' id='word_1_413' title='bbox 575 5268 630 5320; x_wconf 73' lang='grc'><strong>4.</strong></span> <span class='ocrx_word' id='word_1_414' title='bbox 671 5264 775 5320; x_wconf 87' lang='lat' dir='ltr'><strong>Sed</strong></span> <span class='ocrx_word' id='word_1_415' title='bbox 814 5267 977 5333; x_wconf 66' lang='lat' dir='ltr'><strong>quaeri</strong></span> <span class='ocrx_word' id='word_1_416' title='bbox 1011 5274 1184 5334; x_wconf 90' lang='lat' dir='ltr'><strong>potest</strong></span> <span class='ocrx_word' id='word_1_417' title='bbox 1212 5279 1376 5334; x_wconf 90' lang='lat' dir='ltr'><strong>quare</strong></span> <span class='ocrx_word' id='word_1_418' title='bbox 1406 5278 1436 5317; x_wconf 91' lang='lat' dir='ltr'><strong>a</strong></span> <span class='ocrx_word' id='word_1_419' title='bbox 1474 5264 1695 5319; x_wconf 90' lang='lat' dir='ltr'><strong>muliere</strong></span> <span class='ocrx_word' id='word_1_420' title='bbox 1724 5264 2053 5322; x_wconf 90' lang='lat' dir='ltr'><strong>Samaritana</strong></span> <span class='ocrx_word' id='word_1_421' title='bbox 2074 5310 2088 5333; x_wconf 94' lang='lat'><strong>,</strong></span> 
     </span>
    </p>
   </div>
   <div class='ocr_carea' id='block_1_54' title="bbox 507 5354 2094 5428">
    <p class='ocr_par' dir='ltr' id='par_1_54' title="bbox 507 5354 2094 5428">
     <span class='ocr_line' id='line_1_54' title="bbox 507 5354 2094 5428; baseline 0.003 -19"><span class='ocrx_word' id='word_1_422' title='bbox 507 5372 624 5428; x_wconf 67' lang='lat' dir='ltr'><strong>quae</strong></span> <span class='ocrx_word' id='word_1_423' title='bbox 656 5355 858 5425; x_wconf 69' lang='lat' dir='ltr'><strong>hydria:</strong></span> <span class='ocrx_word' id='word_1_424' title='bbox 884 5369 1017 5423; x_wconf 89' lang='lat' dir='ltr'><strong>aqua</strong></span> <span class='ocrx_word' id='word_1_425' title='bbox 1050 5354 1329 5423; x_wconf 76' lang='lat' dir='ltr'><strong>implenda:</strong></span> <span class='ocrx_word' id='word_1_426' title='bbox 1375 5355 1542 5424; x_wconf 88' lang='lat' dir='ltr'><strong>gratia</strong></span> <span class='ocrx_word' id='word_1_427' title='bbox 1587 5364 1808 5409; x_wconf 89' lang='lat' dir='ltr'><strong>venerat</strong></span> <span class='ocrx_word' id='word_1_428' title='bbox 1841 5357 1878 5420; x_wconf 83' lang='lat'><strong>’,</strong></span> <span class='ocrx_word' id='word_1_429' title='bbox 1910 5357 2094 5413; x_wconf 90' lang='lat' dir='ltr'><strong>bibere</strong></span> 
     </span>
    </p>
   </div>
   <div class='ocr_carea' id='block_1_55' title="bbox 511 5445 2095 5519">
    <p class='ocr_par' dir='ltr' id='par_1_55' title="bbox 511 5445 2095 5519">
     <span class='ocr_line' id='line_1_55' title="bbox 511 5445 2095 5519; baseline 0 -16"><span class='ocrx_word' id='word_1_430' title='bbox 511 5445 890 5518; x_wconf 87' lang='lat' dir='ltr'><strong>postulaverit,</strong></span> <span class='ocrx_word' id='word_1_431' title='bbox 933 5459 1054 5499; x_wconf 89' lang='lat' dir='ltr'><strong>cum</strong></span> <span class='ocrx_word' id='word_1_432' title='bbox 1102 5447 1215 5513; x_wconf 89' lang='lat' dir='ltr'><strong>ipse</strong></span> <span class='ocrx_word' id='word_1_433' title='bbox 1259 5455 1441 5512; x_wconf 89' lang='lat' dir='ltr'><strong>postea</strong></span> <span class='ocrx_word' id='word_1_434' title='bbox 1490 5445 1781 5519; x_wconf 79' lang='lat' dir='ltr'><strong>Spiritualis</strong></span> <span class='ocrx_word' id='word_1_435' title='bbox 1825 5446 1987 5504; x_wconf 83' lang='lat' dir='ltr'><strong>fontis</strong></span> <span class='ocrx_word' id='word_1_436' title='bbox 2017 5448 2095 5503; x_wconf 82' lang='lat' dir='ltr'><strong>af-</strong></span> 
     </span>
    </p>
   </div>
   <div class='ocr_carea' id='block_1_56' title="bbox 572 5576 1499 5647">
    <p class='ocr_par' dir='ltr' id='par_1_56' title="bbox 572 5576 1499 5647">
     <span class='ocr_line' id='line_1_56' title="bbox 572 5576 1499 5647; baseline -0.003 -18"><span class='ocrx_word' id='word_1_437' title='bbox 572 5583 587 5647; x_wconf 61' lang='lat' dir='ltr'><strong>f</strong></span> <span class='ocrx_word' id='word_1_438' title='bbox 615 5581 690 5647; x_wconf 74' lang='lat' dir='ltr'><strong>sic</strong></span> <span class='ocrx_word' id='word_1_439' title='bbox 705 5586 811 5647; x_wconf 61' lang='lat' dir='ltr'><strong>atss.</strong></span> <span class='ocrx_word' id='word_1_440' title='bbox 840 5576 1049 5647; x_wconf 69' lang='lat' dir='ltr'><strong>Atediti,</strong></span> <span class='ocrx_word' id='word_1_441' title='bbox 1077 5582 1215 5647; x_wconf 70' lang='lat' dir='ltr'><strong>(etate</strong></span> <span class='ocrx_word' id='word_1_442' title='bbox 1233 5576 1499 5647; x_wconf 65' lang='lat' dir='ltr'><strong>senectutis.</strong></span> 
     </span>
    </p>
   </div>
   <div class='ocr_carea' id='block_1_57' title="bbox 568 5638 2097 5707">
    <p class='ocr_par' dir='ltr' id='par_1_57' title="bbox 568 5638 2097 5707">
     <span class='ocr_line' id='line_1_57' title="bbox 568 5638 2097 5707; baseline 0.002 -19"><span class='ocrx_word' id='word_1_443' title='bbox 568 5645 588 5673; x_wconf 82' lang='grc'>¹</span> <span class='ocrx_word' id='word_1_444' title='bbox 614 5642 731 5707; x_wconf 79' lang='lat' dir='ltr'><strong>Editi</strong></span> <span class='ocrx_word' id='word_1_445' title='bbox 749 5676 763 5700; x_wconf 95' lang='lat'><strong>,</strong></span> <span class='ocrx_word' id='word_1_446' title='bbox 803 5638 1127 5703; x_wconf 78' lang='lat' dir='ltr'><strong>profunditate</strong></span> <span class='ocrx_word' id='word_1_447' title='bbox 1162 5644 1208 5688; x_wconf 87' lang='lat' dir='ltr'><strong>et</strong></span> <span class='ocrx_word' id='word_1_448' title='bbox 1244 5638 1525 5689; x_wconf 76' lang='lat' dir='ltr'><strong>obscuritate</strong></span> <span class='ocrx_word' id='word_1_449' title='bbox 1559 5639 1814 5707; x_wconf 79' lang='lat' dir='ltr'><strong>signiﬁcat.</strong></span> <span class='ocrx_word' id='word_1_450' title='bbox 1858 5645 2019 5706; x_wconf 84' lang='lat' dir='ltr'><strong>Abest,</strong></span> <span class='ocrx_word' id='word_1_451' title='bbox 2051 5654 2097 5699; x_wconf 78' lang='grc' dir='ltr'><strong>ει</strong></span> 
     </span>
    </p>
   </div>
   <div class='ocr_carea' id='block_1_58' title="bbox 508 5702 988 5761">
    <p class='ocr_par' dir='ltr' id='par_1_58' title="bbox 508 5702 988 5761">
     <span class='ocr_line' id='line_1_58' title="bbox 508 5702 988 5761; baseline -0.015 -7"><span class='ocrx_word' id='word_1_452' title='bbox 508 5702 811 5761; x_wconf 79' lang='lat' dir='ltr'><strong>obscuritate,</strong></span> <span class='ocrx_word' id='word_1_453' title='bbox 831 5714 857 5749; x_wconf 88' lang='lat' dir='ltr'><strong>a</strong></span> <span class='ocrx_word' id='word_1_454' title='bbox 882 5708 988 5749; x_wconf 77' lang='lat' dir='ltr'><strong>Mss.</strong></span> 
     </span>
    </p>
   </div>
   <div class='ocr_carea' id='block_1_59' title="bbox 514 5761 2091 5824">
    <p class='ocr_par' dir='ltr' id='par_1_59' title="bbox 514 5761 2091 5824">
     <span class='ocr_line' id='line_1_59' title="bbox 514 5761 2091 5824; baseline 0.006 -13"><span class='ocrx_word' id='word_1_455' title='bbox 514 5766 518 5770; x_wconf 85' lang='grc'><strong>”</strong></span> <span class='ocrx_word' id='word_1_456' title='bbox 576 5767 594 5795; x_wconf 78' lang='grc'><strong>³</strong></span> <span class='ocrx_word' id='word_1_457' title='bbox 620 5772 691 5812; x_wconf 75' lang='lat' dir='ltr'><strong>Er.</strong></span> <span class='ocrx_word' id='word_1_458' title='bbox 719 5771 771 5813; x_wconf 91' lang='lat' dir='ltr'><strong>et</strong></span> <span class='ocrx_word' id='word_1_459' title='bbox 814 5770 945 5819; x_wconf 71' lang='lat' dir='ltr'><strong>lov.,</strong></span> <span class='ocrx_word' id='word_1_460' title='bbox 980 5761 1191 5812; x_wconf 65' lang='lat' dir='ltr'><strong>exterior</strong></span> <span class='ocrx_word' id='word_1_461' title='bbox 1221 5774 1237 5811; x_wconf 94' lang='lat'><em>:</em></span> <span class='ocrx_word' id='word_1_462' title='bbox 1282 5764 1665 5824; x_wconf 78' lang='lat' dir='ltr'><strong>repugnantibus</strong></span> <span class='ocrx_word' id='word_1_463' title='bbox 1693 5773 1797 5817; x_wconf 80' lang='lat' dir='ltr'><strong>Mss.</strong></span> <span class='ocrx_word' id='word_1_464' title='bbox 1840 5777 1891 5819; x_wconf 90' lang='lat' dir='ltr'><strong>et</strong></span> <span class='ocrx_word' id='word_1_465' title='bbox 1915 5776 2011 5819; x_wconf 72' lang='lat' dir='ltr'><strong>nat.</strong></span> <span class='ocrx_word' id='word_1_466' title='bbox 2036 5798 2091 5809; x_wconf 86' lang='lat'><strong>-</strong></span> 
     </span>
    </p>
   </div>
   <div class='ocr_carea' id='block_1_60' title="bbox 513 5826 1393 5883">
    <p class='ocr_par' dir='ltr' id='par_1_60' title="bbox 513 5826 1393 5883">
     <span class='ocr_line' id='line_1_60' title="bbox 513 5826 1393 5883; baseline -0.005 -10"><span class='ocrx_word' id='word_1_467' title='bbox 513 5826 659 5883; x_wconf 68' lang='lat' dir='ltr'><strong>tugd.</strong></span> <span class='ocrx_word' id='word_1_468' title='bbox 682 5833 733 5874; x_wconf 88' lang='lat' dir='ltr'><strong>ct</strong></span> <span class='ocrx_word' id='word_1_469' title='bbox 756 5834 893 5881; x_wconf 77' lang='lat' dir='ltr'><strong>\&#39;en.,</strong></span> <span class='ocrx_word' id='word_1_470' title='bbox 920 5832 974 5872; x_wconf 89' lang='lat' dir='ltr'><strong>ut</strong></span> <span class='ocrx_word' id='word_1_471' title='bbox 997 5830 1067 5870; x_wconf 73' lang='lat' dir='ltr'><strong>Er.</strong></span> <span class='ocrx_word' id='word_1_472' title='bbox 1089 5831 1139 5873; x_wconf 90' lang='lat' dir='ltr'><strong>et</strong></span> <span class='ocrx_word' id='word_1_473' title='bbox 1164 5831 1271 5872; x_wconf 59' lang='grc' dir='ltr'><strong>πλον.</strong></span> <span class='ocrx_word' id='word_1_474' title='bbox 1342 5831 1393 5869; x_wconf 80' lang='grc' dir='ltr'><strong>Μ.</strong></span> 
     </span>
    </p>
   </div>
   <div class='ocr_carea' id='block_1_61' title="bbox 520 5882 1965 5951">
    <p class='ocr_par' dir='ltr' id='par_1_61' title="bbox 520 5882 1965 5951">
     <span class='ocr_line' id='line_1_61' title="bbox 520 5882 1965 5951; baseline 0.008 -23"><span class='ocrx_word' id='word_1_475' title='bbox 520 5890 528 5906; x_wconf 85' lang='grc'><strong>·</strong></span> <span class='ocrx_word' id='word_1_476' title='bbox 552 5882 594 5929; x_wconf 64' lang='lat' dir='ltr'><strong>&quot;t</strong></span> <span class='ocrx_word' id='word_1_477' title='bbox 625 5887 809 5949; x_wconf 71' lang='lat' dir='ltr'><strong>Aliquot</strong></span> <span class='ocrx_word' id='word_1_478' title='bbox 836 5894 959 5942; x_wconf 70' lang='lat' dir='ltr'><strong>uss,</strong></span> <span class='ocrx_word' id='word_1_479' title='bbox 986 5896 1093 5950; x_wconf 75' lang='lat' dir='ltr'><strong>qum</strong></span> <span class='ocrx_word' id='word_1_480' title='bbox 1112 5886 1250 5949; x_wconf 62' lang='lat' dir='ltr'><strong>aqua?</strong></span> <span class='ocrx_word' id='word_1_481' title='bbox 1275 5883 1561 5934; x_wconf 76' lang='lat' dir='ltr'><strong>haurieuda&#39;</strong></span> <span class='ocrx_word' id='word_1_482' title='bbox 1578 5892 1733 5951; x_wconf 65' lang='lat' dir='ltr'><strong>gratia</strong></span> <span class='ocrx_word' id='word_1_483' title='bbox 1760 5899 1965 5949; x_wconf 71' lang='lat' dir='ltr'><strong>venerat.</strong></span> 
     </span>
    </p>
   </div>
   <div class='ocr_carea' id='block_1_62' title="bbox 2182 564 3761 638">
    <p class='ocr_par' dir='ltr' id='par_1_62' title="bbox 2182 564 3761 638">
     <span class='ocr_line' id='line_1_62' title="bbox 2182 564 3761 638; baseline 0.002 -21"><span class='ocrx_word' id='word_1_484' title='bbox 2182 564 2450 620; x_wconf 82' lang='lat' dir='ltr'><strong>ﬂuentiam</strong></span> <span class='ocrx_word' id='word_1_485' title='bbox 2475 581 2534 620; x_wconf 90' lang='lat' dir='ltr'><strong>se</strong></span> <span class='ocrx_word' id='word_1_486' title='bbox 2562 567 2863 637; x_wconf 86' lang='lat' dir='ltr'><strong>petentibus</strong></span> <span class='ocrx_word' id='word_1_487' title='bbox 2890 568 3019 623; x_wconf 87' lang='lat' dir='ltr'><strong>dare</strong></span> <span class='ocrx_word' id='word_1_488' title='bbox 3046 582 3203 638; x_wconf 87' lang='lat' dir='ltr'><strong>posse</strong></span> <span class='ocrx_word' id='word_1_489' title='bbox 3228 565 3633 638; x_wconf 66' lang='lat' dir='ltr'><strong>prmdicaverit?</strong></span> <span class='ocrx_word' id='word_1_490' title='bbox 3653 566 3761 621; x_wconf 76' lang='lat' dir='ltr'><strong>Sed</strong></span> 
     </span>
    </p>
   </div>
   <div class='ocr_carea' id='block_1_63' title="bbox 2176 658 3761 729">
    <p class='ocr_par' dir='ltr' id='par_1_63' title="bbox 2176 658 3761 729">
     <span class='ocr_line' id='line_1_63' title="bbox 2176 658 3761 729; baseline 0.002 -19"><span class='ocrx_word' id='word_1_491' title='bbox 2176 658 2379 712; x_wconf 81' lang='lat' dir='ltr'><strong>seilicet</strong></span> <span class='ocrx_word' id='word_1_492' title='bbox 2404 659 2614 714; x_wconf 85' lang='lat' dir='ltr'><strong>sitiebat</strong></span> <span class='ocrx_word' id='word_1_493' title='bbox 2655 660 2908 715; x_wconf 92' lang='lat' dir='ltr'><strong>Dominus</strong></span> <span class='ocrx_word' id='word_1_494' title='bbox 2947 661 3186 716; x_wconf 86' lang='lat' dir='ltr'><strong>mulieris</strong></span> <span class='ocrx_word' id='word_1_495' title='bbox 3231 661 3371 715; x_wconf 91' lang='lat' dir='ltr'><strong>illius</strong></span> <span class='ocrx_word' id='word_1_496' title='bbox 3414 659 3608 723; x_wconf 90' lang='lat' dir='ltr'><strong>ﬁdem,</strong></span> <span class='ocrx_word' id='word_1_497' title='bbox 3641 675 3761 729; x_wconf 68' lang='lat' dir='ltr'><strong>quae</strong></span> 
     </span>
    </p>
   </div>
   <div class='ocr_carea' id='block_1_64' title="bbox 2178 747 3761 816">
    <p class='ocr_par' dir='ltr' id='par_1_64' title="bbox 2178 747 3761 816">
     <span class='ocr_line' id='line_1_64' title="bbox 2178 747 3761 816; baseline 0.001 -16"><span class='ocrx_word' id='word_1_498' title='bbox 2178 747 2426 816; x_wconf 88' lang='lat' dir='ltr'><strong>quoniam</strong></span> <span class='ocrx_word' id='word_1_499' title='bbox 2449 748 2780 803; x_wconf 89' lang='lat' dir='ltr'><strong>Samaritana</strong></span> <span class='ocrx_word' id='word_1_500' title='bbox 2799 758 2933 813; x_wconf 87' lang='lat' dir='ltr'><strong>erat,</strong></span> <span class='ocrx_word' id='word_1_501' title='bbox 2952 760 3007 805; x_wconf 90' lang='lat' dir='ltr'><strong>et</strong></span> <span class='ocrx_word' id='word_1_502' title='bbox 3032 750 3169 805; x_wconf 89' lang='lat' dir='ltr'><strong>solet</strong></span> <span class='ocrx_word' id='word_1_503' title='bbox 3195 749 3433 804; x_wconf 85' lang='lat' dir='ltr'><strong>Samaria</strong></span> <span class='ocrx_word' id='word_1_504' title='bbox 3447 749 3761 803; x_wconf 67' lang='lat' dir='ltr'><strong>idololatria:</strong></span> 
     </span>
    </p>
   </div>
   <div class='ocr_carea' id='block_1_65' title="bbox 2179 839 3764 911">
    <p class='ocr_par' dir='ltr' id='par_1_65' title="bbox 2179 839 3764 911">
     <span class='ocr_line' id='line_1_65' title="bbox 2179 839 3764 911; baseline 0.001 -19"><span class='ocrx_word' id='word_1_505' title='bbox 2179 839 2462 909; x_wconf 88' lang='lat' dir='ltr'><strong>imaginem</strong></span> <span class='ocrx_word' id='word_1_506' title='bbox 2489 842 2757 897; x_wconf 88' lang='lat' dir='ltr'><strong>sustinere</strong></span> <span class='ocrx_word' id='word_1_507' title='bbox 2782 860 2794 895; x_wconf 96' lang='lat'>:</span> <span class='ocrx_word' id='word_1_508' title='bbox 2826 842 2925 910; x_wconf 89' lang='lat' dir='ltr'><strong>ipsi</strong></span> <span class='ocrx_word' id='word_1_509' title='bbox 2947 842 3088 896; x_wconf 90' lang='lat' dir='ltr'><strong>enim</strong></span> <span class='ocrx_word' id='word_1_510' title='bbox 3113 843 3339 911; x_wconf 86' lang='lat' dir='ltr'><strong>separati</strong></span> <span class='ocrx_word' id='word_1_511' title='bbox 3370 856 3400 894; x_wconf 91' lang='lat' dir='ltr'><strong>a</strong></span> <span class='ocrx_word' id='word_1_512' title='bbox 3426 840 3627 910; x_wconf 78' lang='lat' dir='ltr'><strong>popqu</strong></span> <span class='ocrx_word' id='word_1_513' title='bbox 3669 839 3764 894; x_wconf 77' lang='lat' dir='ltr'><strong>Ju-</strong></span> 
     </span>
    </p>
   </div>
   <div class='ocr_carea' id='block_1_66' title="bbox 2178 930 3758 997">
    <p class='ocr_par' dir='ltr' id='par_1_66' title="bbox 2178 930 3758 997">
     <span class='ocr_line' id='line_1_66' title="bbox 2178 930 3758 997; baseline -0.001 -12"><span class='ocrx_word' id='word_1_514' title='bbox 2178 930 2435 997; x_wconf 67' lang='lat' dir='ltr'><strong>daeorum,</strong></span> <span class='ocrx_word' id='word_1_515' title='bbox 2483 933 2782 987; x_wconf 91' lang='lat' dir='ltr'><strong>simulacris</strong></span> <span class='ocrx_word' id='word_1_516' title='bbox 2832 942 3101 988; x_wconf 89' lang='lat' dir='ltr'><strong>mutorum</strong></span> <span class='ocrx_word' id='word_1_517' title='bbox 3149 933 3485 997; x_wconf 88' lang='lat' dir='ltr'><strong>animalium,</strong></span> <span class='ocrx_word' id='word_1_518' title='bbox 3534 932 3587 987; x_wconf 91' lang='lat' dir='ltr'><strong>id</strong></span> <span class='ocrx_word' id='word_1_519' title='bbox 3642 940 3758 995; x_wconf 88' lang='lat' dir='ltr'><strong>est,</strong></span> 
     </span>
    </p>
   </div>
   <div class='ocr_carea' id='block_1_67' title="bbox 2177 1021 3762 1077">
    <p class='ocr_par' dir='ltr' id='par_1_67' title="bbox 2177 1021 3762 1077">
     <span class='ocr_line' id='line_1_67' title="bbox 2177 1021 3762 1077; baseline 0.003 -6"><span class='ocrx_word' id='word_1_520' title='bbox 2177 1022 2351 1075; x_wconf 90' lang='lat' dir='ltr'><strong>vaccis</strong></span> <span class='ocrx_word' id='word_1_521' title='bbox 2366 1022 2543 1076; x_wconf 91' lang='lat' dir='ltr'><strong>aureis</strong></span> <span class='ocrx_word' id='word_1_522' title='bbox 2567 1023 2860 1075; x_wconf 80' lang='lat' dir='ltr'><strong>animarum</strong></span> <span class='ocrx_word' id='word_1_523' title='bbox 2885 1037 3104 1077; x_wconf 90' lang='lat' dir='ltr'><strong>suarum</strong></span> <span class='ocrx_word' id='word_1_524' title='bbox 3125 1021 3290 1077; x_wconf 87' lang='lat' dir='ltr'><strong>decus</strong></span> <span class='ocrx_word' id='word_1_525' title='bbox 3301 1021 3650 1076; x_wconf 77' lang='lat' dir='ltr'><strong>addixeram:</strong></span> <span class='ocrx_word' id='word_1_526' title='bbox 3671 1036 3762 1075; x_wconf 85' lang='lat' dir='ltr'><strong>ve-</strong></span> 
     </span>
    </p>
   </div>
   <div class='ocr_carea' id='block_1_68' title="bbox 2178 1101 3763 1180">
    <p class='ocr_par' dir='ltr' id='par_1_68' title="bbox 2178 1101 3763 1180">
     <span class='ocr_line' id='line_1_68' title="bbox 2178 1101 3763 1180; baseline -0.001 -17"><span class='ocrx_word' id='word_1_527' title='bbox 2178 1120 2329 1165; x_wconf 88' lang='lat' dir='ltr'><strong>nerat</strong></span> <span class='ocrx_word' id='word_1_528' title='bbox 2365 1119 2540 1165; x_wconf 90' lang='lat' dir='ltr'><strong>autem</strong></span> <span class='ocrx_word' id='word_1_529' title='bbox 2569 1112 2824 1166; x_wconf 92' lang='lat' dir='ltr'><strong>Dominus</strong></span> <span class='ocrx_word' id='word_1_530' title='bbox 2848 1120 3032 1166; x_wconf 91' lang='lat' dir='ltr'><strong>noster</strong></span> <span class='ocrx_word' id='word_1_531' title='bbox 3054 1110 3210 1166; x_wconf 87' lang='lat' dir='ltr'><strong>Jesus</strong></span> <span class='ocrx_word' id='word_1_532' title='bbox 3230 1153 3244 1177; x_wconf 89' lang='lat'><strong>,</strong></span> <span class='ocrx_word' id='word_1_533' title='bbox 3273 1101 3332 1165; x_wconf 82' lang='lat' dir='ltr'><strong>ut</strong></span> <span class='ocrx_word' id='word_1_534' title='bbox 3360 1111 3595 1180; x_wconf 88' lang='lat' dir='ltr'><strong>gentium</strong></span> <span class='ocrx_word' id='word_1_535' title='bbox 3626 1110 3763 1162; x_wconf 80' lang='lat' dir='ltr'><strong>mul-</strong></span> 
     </span>
    </p>
   </div>
   <div class='ocr_carea' id='block_1_69' title="bbox 2180 1200 3759 1271">
    <p class='ocr_par' dir='ltr' id='par_1_69' title="bbox 2180 1200 3759 1271">
     <span class='ocr_line' id='line_1_69' title="bbox 2180 1200 3759 1271; baseline -0.001 -18"><span class='ocrx_word' id='word_1_536' title='bbox 2180 1200 2458 1255; x_wconf 91' lang='lat' dir='ltr'><strong>titudinem</strong></span> <span class='ocrx_word' id='word_1_537' title='bbox 2481 1243 2497 1268; x_wconf 90' lang='lat'><strong>,</strong></span> <span class='ocrx_word' id='word_1_538' title='bbox 2529 1217 2648 1271; x_wconf 62' lang='lat' dir='ltr'><strong>quae</strong></span> <span class='ocrx_word' id='word_1_539' title='bbox 2673 1202 2974 1257; x_wconf 90' lang='lat' dir='ltr'><strong>simulacris</strong></span> <span class='ocrx_word' id='word_1_540' title='bbox 3002 1202 3300 1266; x_wconf 84' lang='lat' dir='ltr'><strong>serviebat;</strong></span> <span class='ocrx_word' id='word_1_541' title='bbox 3341 1200 3407 1255; x_wconf 89' lang='lat' dir='ltr'><strong>ad</strong></span> <span class='ocrx_word' id='word_1_542' title='bbox 3454 1201 3759 1255; x_wconf 84' lang='lat' dir='ltr'><strong>munimen-</strong></span> 
     </span>
    </p>
   </div>
   <div class='ocr_carea' id='block_1_70' title="bbox 2179 1291 3756 1363">
    <p class='ocr_par' dir='ltr' id='par_1_70' title="bbox 2179 1291 3756 1363">
     <span class='ocr_line' id='line_1_70' title="bbox 2179 1291 3756 1363; baseline 0 -18"><span class='ocrx_word' id='word_1_543' title='bbox 2179 1299 2287 1346; x_wconf 90' lang='lat' dir='ltr'><strong>tum</strong></span> <span class='ocrx_word' id='word_1_544' title='bbox 2317 1292 2333 1323; x_wconf 85' lang='grc'>¹</span> <span class='ocrx_word' id='word_1_545' title='bbox 2364 1291 2486 1347; x_wconf 86' lang='lat' dir='ltr'><strong>ﬁdei</strong></span> <span class='ocrx_word' id='word_1_546' title='bbox 2521 1293 2825 1349; x_wconf 72' lang='lat' dir='ltr'><strong>christiante</strong></span> <span class='ocrx_word' id='word_1_547' title='bbox 2853 1302 2907 1348; x_wconf 91' lang='lat' dir='ltr'><strong>et</strong></span> <span class='ocrx_word' id='word_1_548' title='bbox 2941 1294 3265 1363; x_wconf 74' lang='lat' dir='ltr'><strong>incorrupta:</strong></span> <span class='ocrx_word' id='word_1_549' title='bbox 3290 1293 3561 1362; x_wconf 87' lang='lat' dir='ltr'><strong>religionis</strong></span> <span class='ocrx_word' id='word_1_550' title='bbox 3588 1292 3756 1346; x_wconf 87' lang='lat' dir='ltr'><strong>addu-</strong></span> 
     </span>
    </p>
   </div>
   <div class='ocr_carea' id='block_1_71' title="bbox 2177 1382 3762 1455">
    <p class='ocr_par' dir='ltr' id='par_1_71' title="bbox 2177 1382 3762 1455">
     <span class='ocr_line' id='line_1_71' title="bbox 2177 1382 3762 1455; baseline 0.001 -19"><span class='ocrx_word' id='word_1_551' title='bbox 2177 1391 2340 1437; x_wconf 87' lang='lat' dir='ltr'><strong>ceret.</strong></span> <span class='ocrx_word' id='word_1_552' title='bbox 2377 1382 2496 1437; x_wconf 88' lang='lat' dir='ltr'><strong>Non</strong></span> <span class='ocrx_word' id='word_1_553' title='bbox 2527 1394 2598 1438; x_wconf 87' lang='lat' dir='ltr'><strong>est</strong></span> <span class='ocrx_word' id='word_1_554' title='bbox 2618 1386 2758 1439; x_wconf 90' lang='lat' dir='ltr'><strong>enim</strong></span> <span class='ocrx_word' id='word_1_555' title='bbox 2784 1426 2800 1452; x_wconf 96' lang='lat'><strong>,</strong></span> <span class='ocrx_word' id='word_1_556' title='bbox 2831 1386 3033 1455; x_wconf 88' lang='lat' dir='ltr'><strong>inquit,</strong></span> <span class='ocrx_word' id='word_1_557' title='bbox 3063 1402 3191 1454; x_wconf 85' lang='lat' dir='ltr'><strong>opus</strong></span> <span class='ocrx_word' id='word_1_558' title='bbox 3219 1386 3357 1440; x_wconf 86' lang='lat' dir='ltr'><strong>sanis</strong></span> <span class='ocrx_word' id='word_1_559' title='bbox 3387 1385 3610 1438; x_wconf 87' lang='lat' dir='ltr'><strong>medicus</strong></span> <span class='ocrx_word' id='word_1_560' title='bbox 3629 1425 3643 1447; x_wconf 87' lang='lat'><strong>,</strong></span> <span class='ocrx_word' id='word_1_561' title='bbox 3673 1384 3762 1438; x_wconf 72' lang='lat' dir='ltr'><strong>sed</strong></span> 
     </span>
    </p>
   </div>
   <div class='ocr_carea' id='block_1_72' title="bbox 2177 1471 3761 1546">
    <p class='ocr_par' dir='ltr' id='par_1_72' title="bbox 2177 1471 3761 1546">
     <span class='ocr_line' id='line_1_72' title="bbox 2177 1471 3761 1546; baseline 0.001 -22"><span class='ocrx_word' id='word_1_562' title='bbox 2177 1471 2308 1525; x_wconf 86' lang='lat' dir='ltr'><strong>male</strong></span> <span class='ocrx_word' id='word_1_563' title='bbox 2346 1472 2638 1528; x_wconf 77' lang='lat' dir='ltr'><strong>habentibus</strong></span> <span class='ocrx_word' id='word_1_564' title='bbox 2665 1474 2878 1546; x_wconf 80' lang='lat' dir='ltr'><strong>(Matth.</strong></span> <span class='ocrx_word' id='word_1_565' title='bbox 2909 1491 2995 1539; x_wconf 81' lang='lat' dir='ltr'><strong>Ix,</strong></span> <span class='ocrx_word' id='word_1_566' title='bbox 3038 1474 3152 1546; x_wconf 73' lang='lat'><strong>12).</strong></span> <span class='ocrx_word' id='word_1_567' title='bbox 3198 1476 3391 1528; x_wconf 88' lang='lat' dir='ltr'><strong>Eorum</strong></span> <span class='ocrx_word' id='word_1_568' title='bbox 3432 1488 3559 1543; x_wconf 90' lang='lat' dir='ltr'><strong>ergo</strong></span> <span class='ocrx_word' id='word_1_569' title='bbox 3603 1472 3761 1527; x_wconf 89' lang='lat' dir='ltr'><strong>ﬁdem</strong></span> 
     </span>
    </p>
   </div>
   <div class='ocr_carea' id='block_1_73' title="bbox 2177 1563 3757 1635">
    <p class='ocr_par' dir='ltr' id='par_1_73' title="bbox 2177 1563 3757 1635">
     <span class='ocr_line' id='line_1_73' title="bbox 2177 1563 3757 1635; baseline 0.001 -19"><span class='ocrx_word' id='word_1_570' title='bbox 2177 1563 2320 1628; x_wconf 88' lang='lat' dir='ltr'><strong>sitit,</strong></span> <span class='ocrx_word' id='word_1_571' title='bbox 2353 1580 2449 1633; x_wconf 90' lang='lat' dir='ltr'><strong>pro</strong></span> <span class='ocrx_word' id='word_1_572' title='bbox 2473 1566 2664 1635; x_wconf 86' lang='lat' dir='ltr'><strong>quibus</strong></span> <span class='ocrx_word' id='word_1_573' title='bbox 2687 1566 2996 1635; x_wconf 87' lang='lat' dir='ltr'><strong>sanguinem</strong></span> <span class='ocrx_word' id='word_1_574' title='bbox 3036 1566 3192 1621; x_wconf 84' lang='lat' dir='ltr'><strong>ludit.</strong></span> <span class='ocrx_word' id='word_1_575' title='bbox 3222 1566 3365 1620; x_wconf 78' lang='lat' dir='ltr'><strong>Dixit</strong></span> <span class='ocrx_word' id='word_1_576' title='bbox 3388 1581 3516 1634; x_wconf 88' lang='lat' dir='ltr'><strong>ergo</strong></span> <span class='ocrx_word' id='word_1_577' title='bbox 3538 1564 3605 1618; x_wconf 90' lang='lat' dir='ltr'><strong>ad</strong></span> <span class='ocrx_word' id='word_1_578' title='bbox 3634 1578 3757 1618; x_wconf 89' lang='lat' dir='ltr'><strong>eam</strong></span> 
     </span>
    </p>
   </div>
   <div class='ocr_carea' id='block_1_74' title="bbox 2176 1654 3760 1727">
    <p class='ocr_par' dir='ltr' id='par_1_74' title="bbox 2176 1654 3760 1727">
     <span class='ocr_line' id='line_1_74' title="bbox 2176 1654 3760 1727; baseline 0 -18"><span class='ocrx_word' id='word_1_579' title='bbox 2176 1654 2332 1709; x_wconf 84' lang='lat' dir='ltr'><strong>Jesus</strong></span> <span class='ocrx_word' id='word_1_580' title='bbox 2366 1674 2377 1709; x_wconf 93' lang='lat'><strong>:</strong></span> <span class='ocrx_word' id='word_1_581' title='bbox 2412 1655 2618 1723; x_wconf 79' lang='lat' dir='ltr'><strong>Mulier,</strong></span> <span class='ocrx_word' id='word_1_582' title='bbox 2650 1658 2716 1710; x_wconf 90' lang='lat' dir='ltr'><strong>da</strong></span> <span class='ocrx_word' id='word_1_583' title='bbox 2744 1658 2866 1711; x_wconf 87' lang='lat' dir='ltr'><strong>mihi</strong></span> <span class='ocrx_word' id='word_1_584' title='bbox 2895 1658 3076 1711; x_wconf 80' lang='lat' dir='ltr'><strong>bibere.</strong></span> <span class='ocrx_word' id='word_1_585' title='bbox 3110 1657 3177 1711; x_wconf 86' lang='lat' dir='ltr'><strong>Et</strong></span> <span class='ocrx_word' id='word_1_586' title='bbox 3202 1667 3261 1711; x_wconf 92' lang='lat' dir='ltr'><strong>ut</strong></span> <span class='ocrx_word' id='word_1_587' title='bbox 3290 1657 3502 1712; x_wconf 82' lang='lat' dir='ltr'><strong>noveris</strong></span> <span class='ocrx_word' id='word_1_588' title='bbox 3528 1656 3653 1727; x_wconf 93' lang='lat' dir='ltr'><strong>quid</strong></span> <span class='ocrx_word' id='word_1_589' title='bbox 3682 1656 3760 1709; x_wconf 86' lang='lat' dir='ltr'><strong>si-</strong></span> 
     </span>
    </p>
   </div>
   <div class='ocr_carea' id='block_1_75' title="bbox 2179 1746 3762 1818">
    <p class='ocr_par' dir='ltr' id='par_1_75' title="bbox 2179 1746 3762 1818">
     <span class='ocr_line' id='line_1_75' title="bbox 2179 1746 3762 1818; baseline 0.002 -20"><span class='ocrx_word' id='word_1_590' title='bbox 2179 1746 2343 1799; x_wconf 90' lang='lat' dir='ltr'><strong>tiebat</strong></span> <span class='ocrx_word' id='word_1_591' title='bbox 2382 1747 2632 1803; x_wconf 90' lang='lat' dir='ltr'><strong>Dominus</strong></span> <span class='ocrx_word' id='word_1_592' title='bbox 2673 1758 2875 1816; x_wconf 89' lang='lat' dir='ltr'><strong>noster,</strong></span> <span class='ocrx_word' id='word_1_593' title='bbox 2907 1757 3029 1818; x_wconf 90' lang='lat' dir='ltr'><strong>post</strong></span> <span class='ocrx_word' id='word_1_594' title='bbox 3058 1749 3324 1818; x_wconf 90' lang='lat' dir='ltr'><strong>paululum</strong></span> <span class='ocrx_word' id='word_1_595' title='bbox 3353 1748 3570 1801; x_wconf 86' lang='lat' dir='ltr'><strong>veniunt</strong></span> <span class='ocrx_word' id='word_1_596' title='bbox 3596 1747 3762 1801; x_wconf 87' lang='lat' dir='ltr'><strong>disci-</strong></span> 
     </span>
    </p>
   </div>
   <div class='ocr_carea' id='block_1_76' title="bbox 2179 1836 3764 1906">
    <p class='ocr_par' dir='ltr' id='par_1_76' title="bbox 2179 1836 3764 1906">
     <span class='ocr_line' id='line_1_76' title="bbox 2179 1836 3764 1906; baseline 0.001 -18"><span class='ocrx_word' id='word_1_597' title='bbox 2179 1836 2287 1904; x_wconf 91' lang='lat' dir='ltr'><strong>puli</strong></span> <span class='ocrx_word' id='word_1_598' title='bbox 2321 1836 2466 1904; x_wconf 85' lang='lat' dir='ltr'><strong>ejus,</strong></span> <span class='ocrx_word' id='word_1_599' title='bbox 2498 1837 2586 1906; x_wconf 91' lang='lat' dir='ltr'><strong>qui</strong></span> <span class='ocrx_word' id='word_1_600' title='bbox 2618 1848 2963 1906; x_wconf 85' lang='lat' dir='ltr'><strong>perrexerant</strong></span> <span class='ocrx_word' id='word_1_601' title='bbox 2998 1838 3048 1891; x_wconf 91' lang='lat' dir='ltr'><strong>in</strong></span> <span class='ocrx_word' id='word_1_602' title='bbox 3079 1839 3346 1892; x_wconf 86' lang='lat' dir='ltr'><strong>civitatem</strong></span> <span class='ocrx_word' id='word_1_603' title='bbox 3367 1846 3421 1890; x_wconf 89' lang='lat' dir='ltr'><strong>ut</strong></span> <span class='ocrx_word' id='word_1_604' title='bbox 3444 1837 3592 1891; x_wconf 92' lang='lat' dir='ltr'><strong>cibos</strong></span> <span class='ocrx_word' id='word_1_605' title='bbox 3616 1850 3764 1891; x_wconf 89' lang='lat' dir='ltr'><strong>eme-</strong></span> 
     </span>
    </p>
   </div>
   <div class='ocr_carea' id='block_1_77' title="bbox 2179 1930 3756 1997">
    <p class='ocr_par' dir='ltr' id='par_1_77' title="bbox 2179 1930 3756 1997">
     <span class='ocr_line' id='line_1_77' title="bbox 2179 1930 3756 1997; baseline 0.002 -16"><span class='ocrx_word' id='word_1_606' title='bbox 2179 1940 2330 1994; x_wconf 87' lang='lat' dir='ltr'><strong>rent,</strong></span> <span class='ocrx_word' id='word_1_607' title='bbox 2358 1930 2613 1985; x_wconf 91' lang='lat' dir='ltr'><strong>etdicunt</strong></span> <span class='ocrx_word' id='word_1_608' title='bbox 2637 1931 2725 1985; x_wconf 87' lang='lat' dir='ltr'><strong>ei:</strong></span> <span class='ocrx_word' id='word_1_609' title='bbox 2760 1931 2951 1997; x_wconf 88' lang='lat' dir='ltr'><strong>Rabbi,</strong></span> <span class='ocrx_word' id='word_1_610' title='bbox 2986 1932 3256 1985; x_wconf 87' lang='lat' dir='ltr'><strong>manduca.</strong></span> <span class='ocrx_word' id='word_1_611' title='bbox 3292 1931 3394 1986; x_wconf 80' lang='lat' dir='ltr'><strong>Ille</strong></span> <span class='ocrx_word' id='word_1_612' title='bbox 3427 1941 3598 1985; x_wconf 89' lang='lat' dir='ltr'><strong>autem</strong></span> <span class='ocrx_word' id='word_1_613' title='bbox 3624 1932 3756 1985; x_wconf 73' lang='lat' dir='ltr'><strong>dixit</strong></span> 
     </span>
    </p>
   </div>
   <div class='ocr_carea' id='block_1_78' title="bbox 2180 2020 3764 2093">
    <p class='ocr_par' dir='ltr' id='par_1_78' title="bbox 2180 2020 3764 2093">
     <span class='ocr_line' id='line_1_78' title="bbox 2180 2020 3764 2093; baseline 0.002 -19"><span class='ocrx_word' id='word_1_614' title='bbox 2180 2022 2249 2075; x_wconf 86' lang='lat' dir='ltr'><strong>eis</strong></span> <span class='ocrx_word' id='word_1_615' title='bbox 2272 2038 2291 2075; x_wconf 88' lang='lat'><strong><em>:</em></strong></span> <span class='ocrx_word' id='word_1_616' title='bbox 2323 2020 2433 2092; x_wconf 87' lang='lat' dir='ltr'><strong>Ego</strong></span> <span class='ocrx_word' id='word_1_617' title='bbox 2460 2022 2616 2077; x_wconf 88' lang='lat' dir='ltr'><strong>habeo</strong></span> <span class='ocrx_word' id='word_1_618' title='bbox 2633 2041 2799 2077; x_wconf 87' lang='lat' dir='ltr'><strong>escam</strong></span> <span class='ocrx_word' id='word_1_619' title='bbox 2814 2026 3141 2089; x_wconf 84' lang='lat' dir='ltr'><strong>manducare,</strong></span> <span class='ocrx_word' id='word_1_620' title='bbox 3158 2042 3306 2093; x_wconf 87' lang='lat' dir='ltr'><strong>quam</strong></span> <span class='ocrx_word' id='word_1_621' title='bbox 3325 2042 3409 2080; x_wconf 90' lang='lat' dir='ltr'><strong>vos</strong></span> <span class='ocrx_word' id='word_1_622' title='bbox 3427 2026 3644 2079; x_wconf 89' lang='lat' dir='ltr'><strong>nescitis.</strong></span> <span class='ocrx_word' id='word_1_623' title='bbox 3667 2024 3764 2078; x_wconf 83' lang='lat' dir='ltr'><strong>Di-</strong></span> 
     </span>
    </p>
   </div>
   <div class='ocr_carea' id='block_1_79' title="bbox 2180 2112 3767 2185">
    <p class='ocr_par' dir='ltr' id='par_1_79' title="bbox 2180 2112 3767 2185">
     <span class='ocr_line' id='line_1_79' title="bbox 2180 2112 3767 2185; baseline 0.004 -23"><span class='ocrx_word' id='word_1_624' title='bbox 2180 2121 2296 2163; x_wconf 89' lang='lat' dir='ltr'><strong>cunt</strong></span> <span class='ocrx_word' id='word_1_625' title='bbox 2320 2128 2437 2182; x_wconf 91' lang='lat' dir='ltr'><strong>ergo</strong></span> <span class='ocrx_word' id='word_1_626' title='bbox 2457 2112 2694 2183; x_wconf 78' lang='lat' dir='ltr'><strong>discipuli</strong></span> <span class='ocrx_word' id='word_1_627' title='bbox 2718 2115 2827 2183; x_wconf 89' lang='lat' dir='ltr'><strong>ejus</strong></span> <span class='ocrx_word' id='word_1_628' title='bbox 2845 2115 2912 2168; x_wconf 90' lang='lat' dir='ltr'><strong>ad</strong></span> <span class='ocrx_word' id='word_1_629' title='bbox 2931 2115 3265 2169; x_wconf 88' lang='lat' dir='ltr'><strong>alterutrum:</strong></span> <span class='ocrx_word' id='word_1_630' title='bbox 3297 2113 3561 2185; x_wconf 84' lang='lat' dir='ltr'><strong>Numquid</strong></span> <span class='ocrx_word' id='word_1_631' title='bbox 3580 2115 3767 2185; x_wconf 76' lang='lat' dir='ltr'><strong>aliquis</strong></span> 
     </span>
    </p>
   </div>
   <div class='ocr_carea' id='block_1_80' title="bbox 2180 2204 3767 2262">
    <p class='ocr_par' dir='ltr' id='par_1_80' title="bbox 2180 2204 3767 2262">
     <span class='ocr_line' id='line_1_80' title="bbox 2180 2204 3767 2262; baseline 0.003 -8"><span class='ocrx_word' id='word_1_632' title='bbox 2180 2204 2345 2256; x_wconf 86' lang='lat' dir='ltr'><strong>attulit</strong></span> <span class='ocrx_word' id='word_1_633' title='bbox 2367 2205 2412 2257; x_wconf 88' lang='lat' dir='ltr'><strong>ei</strong></span> <span class='ocrx_word' id='word_1_634' title='bbox 2433 2206 2777 2259; x_wconf 85' lang='lat' dir='ltr'><strong>manducare?</strong></span> <span class='ocrx_word' id='word_1_635' title='bbox 2804 2205 2943 2259; x_wconf 76' lang='lat' dir='ltr'><strong>Dixit</strong></span> <span class='ocrx_word' id='word_1_636' title='bbox 2962 2208 3034 2260; x_wconf 87' lang='lat' dir='ltr'><strong>eis</strong></span> <span class='ocrx_word' id='word_1_637' title='bbox 3051 2206 3201 2260; x_wconf 88' lang='lat' dir='ltr'><strong>Jesus</strong></span> <span class='ocrx_word' id='word_1_638' title='bbox 3224 2222 3242 2260; x_wconf 92' lang='lat'><strong><em>:</em></strong></span> <span class='ocrx_word' id='word_1_639' title='bbox 3273 2205 3422 2262; x_wconf 85' lang='lat' dir='ltr'><strong>Cibus</strong></span> <span class='ocrx_word' id='word_1_640' title='bbox 3448 2223 3585 2259; x_wconf 83' lang='lat' dir='ltr'><strong>meus</strong></span> <span class='ocrx_word' id='word_1_641' title='bbox 3612 2217 3682 2259; x_wconf 88' lang='lat' dir='ltr'><strong>est</strong></span> <span class='ocrx_word' id='word_1_642' title='bbox 3712 2215 3767 2258; x_wconf 87' lang='lat' dir='ltr'><strong>ut</strong></span> 
     </span>
    </p>
   </div>
   <div class='ocr_carea' id='block_1_81' title="bbox 2186 2297 3768 2368">
    <p class='ocr_par' dir='ltr' id='par_1_81' title="bbox 2186 2297 3768 2368">
     <span class='ocr_line' id='line_1_81' title="bbox 2186 2297 3768 2368; baseline 0.001 -22"><span class='ocrx_word' id='word_1_643' title='bbox 2186 2297 2368 2362; x_wconf 78' lang='lat' dir='ltr'><strong>faciam</strong></span> <span class='ocrx_word' id='word_1_644' title='bbox 2413 2298 2521 2367; x_wconf 87' lang='lat' dir='ltr'><strong>ejus</strong></span> <span class='ocrx_word' id='word_1_645' title='bbox 2564 2298 2867 2350; x_wconf 84' lang='lat' dir='ltr'><strong>voluntatem</strong></span> <span class='ocrx_word' id='word_1_646' title='bbox 2898 2298 2983 2368; x_wconf 89' lang='lat' dir='ltr'><strong>qui</strong></span> <span class='ocrx_word' id='word_1_647' title='bbox 3010 2314 3087 2350; x_wconf 90' lang='lat' dir='ltr'><strong>me</strong></span> <span class='ocrx_word' id='word_1_648' title='bbox 3116 2298 3283 2362; x_wconf 85' lang='lat' dir='ltr'><strong>misit,</strong></span> <span class='ocrx_word' id='word_1_649' title='bbox 3326 2306 3375 2350; x_wconf 86' lang='lat' dir='ltr'><strong>et</strong></span> <span class='ocrx_word' id='word_1_650' title='bbox 3417 2306 3469 2350; x_wconf 90' lang='lat' dir='ltr'><strong>ut</strong></span> <span class='ocrx_word' id='word_1_651' title='bbox 3507 2298 3768 2367; x_wconf 78' lang='lat' dir='ltr'><strong>perﬁciam</strong></span> 
     </span>
    </p>
   </div>
   <div class='ocr_carea' id='block_1_82' title="bbox 2182 2372 3771 2458">
    <p class='ocr_par' dir='ltr' id='par_1_82' title="bbox 2182 2372 3771 2458">
     <span class='ocr_line' id='line_1_82' title="bbox 2182 2372 3771 2458; baseline 0 -19"><span class='ocrx_word' id='word_1_652' title='bbox 2182 2404 2308 2456; x_wconf 82' lang='lat' dir='ltr'><strong>Opus</strong></span> <span class='ocrx_word' id='word_1_653' title='bbox 2338 2387 2465 2455; x_wconf 79' lang='lat' dir='ltr'><strong>ejus.</strong></span> <span class='ocrx_word' id='word_1_654' title='bbox 2498 2386 2761 2457; x_wconf 83' lang='lat' dir='ltr'><strong>Numquid</strong></span> <span class='ocrx_word' id='word_1_655' title='bbox 2804 2387 2887 2440; x_wconf 89' lang='lat' dir='ltr'><strong>hic</strong></span> <span class='ocrx_word' id='word_1_656' title='bbox 2920 2388 3230 2458; x_wconf 83' lang='lat' dir='ltr'><strong>intelligitur</strong></span> <span class='ocrx_word' id='word_1_657' title='bbox 3258 2387 3357 2441; x_wconf 90' lang='lat' dir='ltr'><strong>alia</strong></span> <span class='ocrx_word' id='word_1_658' title='bbox 3394 2372 3642 2444; x_wconf 77' lang='lat' dir='ltr'><strong>voluntas</strong></span> <span class='ocrx_word' id='word_1_659' title='bbox 3669 2387 3771 2441; x_wconf 88' lang='lat' dir='ltr'><strong>Pa-</strong></span> 
     </span>
    </p>
   </div>
   <div class='ocr_carea' id='block_1_83' title="bbox 2185 2474 3771 2547">
    <p class='ocr_par' dir='ltr' id='par_1_83' title="bbox 2185 2474 3771 2547">
     <span class='ocr_line' id='line_1_83' title="bbox 2185 2474 3771 2547; baseline 0.002 -19"><span class='ocrx_word' id='word_1_660' title='bbox 2185 2476 2308 2531; x_wconf 89' lang='lat' dir='ltr'><strong>tris.</strong></span> <span class='ocrx_word' id='word_1_661' title='bbox 2342 2476 2429 2543; x_wconf 91' lang='lat' dir='ltr'><strong>qui</strong></span> <span class='ocrx_word' id='word_1_662' title='bbox 2470 2491 2592 2529; x_wconf 93' lang='lat' dir='ltr'><strong>eum</strong></span> <span class='ocrx_word' id='word_1_663' title='bbox 2635 2474 2778 2530; x_wconf 88' lang='lat' dir='ltr'><strong>misit</strong></span> <span class='ocrx_word' id='word_1_664' title='bbox 2804 2518 2815 2536; x_wconf 90' lang='lat'><strong><em>.</em></strong></span> <span class='ocrx_word' id='word_1_665' title='bbox 2864 2486 2917 2529; x_wconf 91' lang='lat' dir='ltr'><strong>et</strong></span> <span class='ocrx_word' id='word_1_666' title='bbox 2946 2492 3081 2546; x_wconf 90' lang='lat' dir='ltr'><strong>opus</strong></span> <span class='ocrx_word' id='word_1_667' title='bbox 3110 2477 3223 2545; x_wconf 85' lang='lat' dir='ltr'><strong>ejus</strong></span> <span class='ocrx_word' id='word_1_668' title='bbox 3251 2476 3392 2546; x_wconf 89' lang='lat' dir='ltr'><strong>quod</strong></span> <span class='ocrx_word' id='word_1_669' title='bbox 3422 2490 3479 2533; x_wconf 85' lang='lat' dir='ltr'><strong>se</strong></span> <span class='ocrx_word' id='word_1_670' title='bbox 3510 2475 3771 2547; x_wconf 81' lang='lat' dir='ltr'><strong>perﬁcere</strong></span> 
     </span>
    </p>
   </div>
   <div class='ocr_carea' id='block_1_84' title="bbox 2183 2568 3771 2637">
    <p class='ocr_par' dir='ltr' id='par_1_84' title="bbox 2183 2568 3771 2637">
     <span class='ocr_line' id='line_1_84' title="bbox 2183 2568 3771 2637; baseline 0 -18"><span class='ocrx_word' id='word_1_671' title='bbox 2183 2569 2317 2622; x_wconf 80' lang='lat' dir='ltr'><strong>velle</strong></span> <span class='ocrx_word' id='word_1_672' title='bbox 2359 2568 2671 2637; x_wconf 80' lang='lat' dir='ltr'><strong>respondit,</strong></span> <span class='ocrx_word' id='word_1_673' title='bbox 2702 2568 2803 2622; x_wconf 83' lang='lat' dir='ltr'><strong>nisi</strong></span> <span class='ocrx_word' id='word_1_674' title='bbox 2830 2576 2884 2622; x_wconf 92' lang='lat' dir='ltr'><strong>ut</strong></span> <span class='ocrx_word' id='word_1_675' title='bbox 2910 2584 3006 2622; x_wconf 91' lang='lat' dir='ltr'><strong>nos</strong></span> <span class='ocrx_word' id='word_1_676' title='bbox 3034 2568 3101 2622; x_wconf 88' lang='lat' dir='ltr'><strong>ad</strong></span> <span class='ocrx_word' id='word_1_677' title='bbox 3135 2569 3287 2621; x_wconf 83' lang='lat' dir='ltr'><strong>ﬁdem</strong></span> <span class='ocrx_word' id='word_1_678' title='bbox 3320 2583 3470 2621; x_wconf 91' lang='lat' dir='ltr'><strong>suam</strong></span> <span class='ocrx_word' id='word_1_679' title='bbox 3514 2584 3543 2620; x_wconf 90' lang='lat' dir='ltr'><strong>a</strong></span> <span class='ocrx_word' id='word_1_680' title='bbox 3593 2569 3771 2637; x_wconf 87' lang='lat' dir='ltr'><strong>perni-</strong></span> 
     </span>
    </p>
   </div>
   <div class='ocr_carea' id='block_1_85' title="bbox 2182 2658 3774 2727">
    <p class='ocr_par' dir='ltr' id='par_1_85' title="bbox 2182 2658 3774 2727">
     <span class='ocr_line' id='line_1_85' title="bbox 2182 2658 3774 2727; baseline 0.001 -15"><span class='ocrx_word' id='word_1_681' title='bbox 2182 2658 2328 2712; x_wconf 89' lang='lat' dir='ltr'><strong>cioso</strong></span> <span class='ocrx_word' id='word_1_682' title='bbox 2350 2658 2529 2712; x_wconf 89' lang='lat' dir='ltr'><strong>nmndi</strong></span> <span class='ocrx_word' id='word_1_683' title='bbox 2561 2674 2743 2713; x_wconf 89' lang='lat' dir='ltr'><strong>errore</strong></span> <span class='ocrx_word' id='word_1_684' title='bbox 2766 2660 3139 2714; x_wconf 86' lang='lat' dir='ltr'><strong>converteret?</strong></span> <span class='ocrx_word' id='word_1_685' title='bbox 3164 2659 3343 2725; x_wconf 87' lang='lat' dir='ltr'><strong>Qualis</strong></span> <span class='ocrx_word' id='word_1_686' title='bbox 3369 2669 3450 2714; x_wconf 89' lang='lat' dir='ltr'><strong>est</strong></span> <span class='ocrx_word' id='word_1_687' title='bbox 3475 2675 3601 2727; x_wconf 84' lang='lat' dir='ltr'><strong>ergo</strong></span> <span class='ocrx_word' id='word_1_688' title='bbox 3622 2660 3774 2715; x_wconf 90' lang='lat' dir='ltr'><strong>cibus</strong></span> 
     </span>
    </p>
   </div>
   <div class='ocr_carea' id='block_1_86' title="bbox 2184 2751 3773 2820">
    <p class='ocr_par' dir='ltr' id='par_1_86' title="bbox 2184 2751 3773 2820">
     <span class='ocr_line' id='line_1_86' title="bbox 2184 2751 3773 2820; baseline 0.004 -17"><span class='ocrx_word' id='word_1_689' title='bbox 2184 2752 2299 2816; x_wconf 87' lang='lat' dir='ltr'><strong>ejus</strong></span> <span class='ocrx_word' id='word_1_690' title='bbox 2320 2791 2333 2813; x_wconf 93' lang='lat'><strong>,</strong></span> <span class='ocrx_word' id='word_1_691' title='bbox 2366 2751 2483 2804; x_wconf 84' lang='lat' dir='ltr'><strong>talis</strong></span> <span class='ocrx_word' id='word_1_692' title='bbox 2526 2760 2579 2804; x_wconf 90' lang='lat' dir='ltr'><strong>et</strong></span> <span class='ocrx_word' id='word_1_693' title='bbox 2625 2764 2799 2817; x_wconf 85' lang='lat' dir='ltr'><strong>pctus.</strong></span> <span class='ocrx_word' id='word_1_694' title='bbox 2843 2751 3177 2820; x_wconf 87' lang='lat' dir='ltr'><strong>Quapropter</strong></span> <span class='ocrx_word' id='word_1_695' title='bbox 3208 2752 3307 2806; x_wconf 90' lang='lat' dir='ltr'><strong>hoc</strong></span> <span class='ocrx_word' id='word_1_696' title='bbox 3339 2753 3387 2805; x_wconf 91' lang='lat' dir='ltr'><strong>in</strong></span> <span class='ocrx_word' id='word_1_697' title='bbox 3421 2753 3506 2805; x_wconf 90' lang='lat' dir='ltr'><strong>illa</strong></span> <span class='ocrx_word' id='word_1_698' title='bbox 3550 2755 3773 2809; x_wconf 88' lang='lat' dir='ltr'><strong>muliere</strong></span> 
     </span>
    </p>
   </div>
   <div class='ocr_carea' id='block_1_87' title="bbox 2184 2841 3772 2911">
    <p class='ocr_par' dir='ltr' id='par_1_87' title="bbox 2184 2841 3772 2911">
     <span class='ocr_line' id='line_1_87' title="bbox 2184 2841 3772 2911; baseline 0 -14"><span class='ocrx_word' id='word_1_699' title='bbox 2184 2841 2431 2906; x_wconf 79' lang='lat' dir='ltr'><strong>sitiebat,</strong></span> <span class='ocrx_word' id='word_1_700' title='bbox 2468 2850 2523 2894; x_wconf 94' lang='lat' dir='ltr'><strong>ut</strong></span> <span class='ocrx_word' id='word_1_701' title='bbox 2567 2842 2762 2896; x_wconf 85' lang='lat' dir='ltr'><strong>laceret</strong></span> <span class='ocrx_word' id='word_1_702' title='bbox 2791 2843 2842 2895; x_wconf 93' lang='lat' dir='ltr'><strong>in</strong></span> <span class='ocrx_word' id='word_1_703' title='bbox 2872 2857 2934 2896; x_wconf 89' lang='lat' dir='ltr'><strong>ea</strong></span> <span class='ocrx_word' id='word_1_704' title='bbox 2963 2842 3289 2897; x_wconf 89' lang='lat' dir='ltr'><strong>voluntatem</strong></span> <span class='ocrx_word' id='word_1_705' title='bbox 3329 2843 3501 2897; x_wconf 85' lang='lat' dir='ltr'><strong>Patris</strong></span> <span class='ocrx_word' id='word_1_706' title='bbox 3520 2885 3535 2909; x_wconf 93' lang='lat'><strong>,</strong></span> <span class='ocrx_word' id='word_1_707' title='bbox 3566 2854 3621 2898; x_wconf 90' lang='lat' dir='ltr'><strong>et</strong></span> <span class='ocrx_word' id='word_1_708' title='bbox 3648 2860 3772 2911; x_wconf 85' lang='lat' dir='ltr'><strong>per-</strong></span> 
     </span>
    </p>
   </div>
   <div class='ocr_carea' id='block_1_88' title="bbox 2187 2932 3773 3004">
    <p class='ocr_par' dir='ltr' id='par_1_88' title="bbox 2187 2932 3773 3004">
     <span class='ocr_line' id='line_1_88' title="bbox 2187 2932 3773 3004; baseline 0.004 -18"><span class='ocrx_word' id='word_1_709' title='bbox 2187 2934 2367 2988; x_wconf 88' lang='lat' dir='ltr'><strong>ﬁceret</strong></span> <span class='ocrx_word' id='word_1_710' title='bbox 2384 2946 2517 3003; x_wconf 91' lang='lat' dir='ltr'><strong>opus</strong></span> <span class='ocrx_word' id='word_1_711' title='bbox 2536 2932 2672 3000; x_wconf 85' lang='lat' dir='ltr'><strong>ejus.</strong></span> <span class='ocrx_word' id='word_1_712' title='bbox 2696 2933 2799 2988; x_wconf 92' lang='lat' dir='ltr'><strong>Sed</strong></span> <span class='ocrx_word' id='word_1_713' title='bbox 2828 2933 3113 2989; x_wconf 88' lang='lat' dir='ltr'><strong>carnaliter</strong></span> <span class='ocrx_word' id='word_1_714' title='bbox 3133 2934 3429 3004; x_wconf 89' lang='lat' dir='ltr'><strong>intelligens</strong></span> <span class='ocrx_word' id='word_1_715' title='bbox 3459 2935 3732 3004; x_wconf 90' lang='lat' dir='ltr'><strong>respondit</strong></span> <span class='ocrx_word' id='word_1_716' title='bbox 3756 2953 3773 2992; x_wconf 90' lang='lat'>:</span> 
     </span>
    </p>
   </div>
   <div class='ocr_carea' id='block_1_89' title="bbox 2185 3021 3775 3095">
    <p class='ocr_par' dir='ltr' id='par_1_89' title="bbox 2185 3021 3775 3095">
     <span class='ocr_line' id='line_1_89' title="bbox 2185 3021 3775 3095; baseline 0.001 -17"><span class='ocrx_word' id='word_1_717' title='bbox 2185 3021 2265 3078; x_wconf 76' lang='lat' dir='ltr'><strong>Tu</strong></span> <span class='ocrx_word' id='word_1_718' title='bbox 2291 3040 2405 3077; x_wconf 88' lang='lat' dir='ltr'><strong>cum</strong></span> <span class='ocrx_word' id='word_1_719' title='bbox 2443 3024 2511 3077; x_wconf 90' lang='lat' dir='ltr'><strong>sis</strong></span> <span class='ocrx_word' id='word_1_720' title='bbox 2542 3022 2785 3088; x_wconf 78' lang='lat' dir='ltr'><strong>Judteus,</strong></span> <span class='ocrx_word' id='word_1_721' title='bbox 2813 3025 3061 3094; x_wconf 89' lang='lat' dir='ltr'><strong>quomodo</strong></span> <span class='ocrx_word' id='word_1_722' title='bbox 3097 3041 3130 3077; x_wconf 90' lang='lat' dir='ltr'><strong>a</strong></span> <span class='ocrx_word' id='word_1_723' title='bbox 3167 3040 3246 3078; x_wconf 81' lang='lat' dir='ltr'><strong>me</strong></span> <span class='ocrx_word' id='word_1_724' title='bbox 3287 3025 3449 3079; x_wconf 86' lang='lat' dir='ltr'><strong>bibere</strong></span> <span class='ocrx_word' id='word_1_725' title='bbox 3474 3026 3630 3095; x_wconf 80' lang='lat' dir='ltr'><strong>petis,</strong></span> <span class='ocrx_word' id='word_1_726' title='bbox 3659 3042 3775 3079; x_wconf 87' lang='lat' dir='ltr'><strong>cum</strong></span> 
     </span>
    </p>
   </div>
   <div class='ocr_carea' id='block_1_90' title="bbox 2184 3114 3784 3172">
    <p class='ocr_par' dir='ltr' id='par_1_90' title="bbox 2184 3114 3784 3172">
     <span class='ocr_line' id='line_1_90' title="bbox 2184 3114 3784 3172; baseline 0.001 -3"><span class='ocrx_word' id='word_1_727' title='bbox 2184 3115 2281 3169; x_wconf 88' lang='lat' dir='ltr'><strong>sim</strong></span> <span class='ocrx_word' id='word_1_728' title='bbox 2308 3115 2489 3169; x_wconf 85' lang='lat' dir='ltr'><strong>mulier</strong></span> <span class='ocrx_word' id='word_1_729' title='bbox 2512 3114 2876 3169; x_wconf 81' lang='lat' dir='ltr'><strong>Samaritana?</strong></span> <span class='ocrx_word' id='word_1_730' title='bbox 2899 3115 3019 3170; x_wconf 86' lang='lat' dir='ltr'><strong>Non</strong></span> <span class='ocrx_word' id='word_1_731' title='bbox 3040 3117 3170 3170; x_wconf 88' lang='lat' dir='ltr'><strong>enim</strong></span> <span class='ocrx_word' id='word_1_732' title='bbox 3193 3127 3469 3170; x_wconf 85' lang='lat' dir='ltr'><strong>coutuntur</strong></span> <span class='ocrx_word' id='word_1_733' title='bbox 3489 3116 3523 3169; x_wconf 90' lang='grc'><strong>.1</strong></span> <span class='ocrx_word' id='word_1_734' title='bbox 3530 3118 3663 3171; x_wconf 81' lang='lat' dir='ltr'><strong>udtci</strong></span> <span class='ocrx_word' id='word_1_735' title='bbox 3684 3116 3784 3172; x_wconf 85' lang='lat' dir='ltr'><strong>Sa-</strong></span> 
     </span>
    </p>
   </div>
   <div class='ocr_carea' id='block_1_91' title="bbox 2186 3208 3776 3265">
    <p class='ocr_par' dir='ltr' id='par_1_91' title="bbox 2186 3208 3776 3265">
     <span class='ocr_line' id='line_1_91' title="bbox 2186 3208 3776 3265; baseline 0.001 -5"><span class='ocrx_word' id='word_1_736' title='bbox 2186 3208 2471 3261; x_wconf 88' lang='lat' dir='ltr'><strong>maritanis.</strong></span> <span class='ocrx_word' id='word_1_737' title='bbox 2502 3208 2595 3262; x_wconf 89' lang='lat' dir='ltr'><strong>Cui</strong></span> <span class='ocrx_word' id='word_1_738' title='bbox 2625 3208 2878 3263; x_wconf 90' lang='lat' dir='ltr'><strong>Dominus</strong></span> <span class='ocrx_word' id='word_1_739' title='bbox 2906 3218 3086 3264; x_wconf 90' lang='lat' dir='ltr'><strong>noster</strong></span> <span class='ocrx_word' id='word_1_740' title='bbox 3114 3210 3245 3263; x_wconf 77' lang='lat' dir='ltr'><strong>dixit</strong></span> <span class='ocrx_word' id='word_1_741' title='bbox 3276 3228 3289 3262; x_wconf 88' lang='lat'><strong>:</strong></span> <span class='ocrx_word' id='word_1_742' title='bbox 3322 3209 3381 3265; x_wconf 92' lang='lat' dir='ltr'><strong>Si</strong></span> <span class='ocrx_word' id='word_1_743' title='bbox 3406 3211 3558 3265; x_wconf 85' lang='lat' dir='ltr'><strong>scires</strong></span> <span class='ocrx_word' id='word_1_744' title='bbox 3585 3210 3776 3263; x_wconf 84' lang='lat' dir='ltr'><strong>donum</strong></span> 
     </span>
    </p>
   </div>
   <div class='ocr_carea' id='block_1_92' title="bbox 2190 3299 3777 3373">
    <p class='ocr_par' dir='ltr' id='par_1_92' title="bbox 2190 3299 3777 3373">
     <span class='ocr_line' id='line_1_92' title="bbox 2190 3299 3777 3373; baseline 0.002 -20"><span class='ocrx_word' id='word_1_745' title='bbox 2190 3299 2317 3366; x_wconf 88' lang='lat' dir='ltr'><strong>Dei,</strong></span> <span class='ocrx_word' id='word_1_746' title='bbox 2340 3310 2387 3353; x_wconf 88' lang='lat' dir='ltr'><strong>et</strong></span> <span class='ocrx_word' id='word_1_747' title='bbox 2411 3301 2521 3370; x_wconf 84' lang='lat' dir='ltr'><strong>quis</strong></span> <span class='ocrx_word' id='word_1_748' title='bbox 2549 3310 2619 3353; x_wconf 86' lang='lat' dir='ltr'><strong>est</strong></span> <span class='ocrx_word' id='word_1_749' title='bbox 2645 3302 2727 3371; x_wconf 89' lang='lat' dir='ltr'><strong>qui</strong></span> <span class='ocrx_word' id='word_1_750' title='bbox 2750 3302 2870 3354; x_wconf 87' lang='lat' dir='ltr'><strong>dicit</strong></span> <span class='ocrx_word' id='word_1_751' title='bbox 2901 3302 2988 3355; x_wconf 87' lang='lat' dir='ltr'><strong>tibi</strong></span> <span class='ocrx_word' id='word_1_752' title='bbox 3008 3344 3022 3367; x_wconf 95' lang='lat'><strong>,</strong></span> <span class='ocrx_word' id='word_1_753' title='bbox 3052 3301 3128 3355; x_wconf 91' lang='lat' dir='ltr'><strong>Da</strong></span> <span class='ocrx_word' id='word_1_754' title='bbox 3153 3302 3276 3355; x_wconf 89' lang='lat' dir='ltr'><strong>mihi</strong></span> <span class='ocrx_word' id='word_1_755' title='bbox 3305 3302 3505 3367; x_wconf 87' lang='lat' dir='ltr'><strong>bibere;</strong></span> <span class='ocrx_word' id='word_1_756' title='bbox 3534 3312 3587 3355; x_wconf 90' lang='lat' dir='ltr'><strong>tu</strong></span> <span class='ocrx_word' id='word_1_757' title='bbox 3618 3304 3777 3373; x_wconf 87' lang='lat' dir='ltr'><strong>magis</strong></span> 
     </span>
    </p>
   </div>
   <div class='ocr_carea' id='block_1_93' title="bbox 2188 3390 3779 3461">
    <p class='ocr_par' dir='ltr' id='par_1_93' title="bbox 2188 3390 3779 3461">
     <span class='ocr_line' id='line_1_93' title="bbox 2188 3390 3779 3461; baseline 0.003 -17"><span class='ocrx_word' id='word_1_758' title='bbox 2188 3392 2393 3459; x_wconf 83' lang='lat' dir='ltr'><strong>petisses</strong></span> <span class='ocrx_word' id='word_1_759' title='bbox 2423 3390 2483 3442; x_wconf 89' lang='lat' dir='ltr'><strong>ab</strong></span> <span class='ocrx_word' id='word_1_760' title='bbox 2514 3408 2602 3457; x_wconf 87' lang='lat' dir='ltr'><strong>eo,</strong></span> <span class='ocrx_word' id='word_1_761' title='bbox 2632 3400 2677 3444; x_wconf 88' lang='lat' dir='ltr'><strong>et</strong></span> <span class='ocrx_word' id='word_1_762' title='bbox 2716 3390 2932 3445; x_wconf 86' lang='lat' dir='ltr'><strong>dedisset</strong></span> <span class='ocrx_word' id='word_1_763' title='bbox 2975 3393 3063 3444; x_wconf 88' lang='lat' dir='ltr'><strong>tibi</strong></span> <span class='ocrx_word' id='word_1_764' title='bbox 3105 3409 3291 3461; x_wconf 88' lang='lat' dir='ltr'><strong>aquam</strong></span> <span class='ocrx_word' id='word_1_765' title='bbox 3328 3394 3490 3445; x_wconf 75' lang='lat' dir='ltr'><strong>vivam</strong></span> <span class='ocrx_word' id='word_1_766' title='bbox 3513 3409 3531 3446; x_wconf 94' lang='lat'><strong><em>:</em></strong></span> <span class='ocrx_word' id='word_1_767' title='bbox 3569 3402 3625 3447; x_wconf 92' lang='lat' dir='ltr'><strong>ut</strong></span> <span class='ocrx_word' id='word_1_768' title='bbox 3653 3392 3779 3448; x_wconf 87' lang='lat' dir='ltr'><strong>hinc</strong></span> 
     </span>
    </p>
   </div>
   <div class='ocr_carea' id='block_1_94' title="bbox 2188 3484 3775 3556">
    <p class='ocr_par' dir='ltr' id='par_1_94' title="bbox 2188 3484 3775 3556">
     <span class='ocr_line' id='line_1_94' title="bbox 2188 3484 3775 3556; baseline 0.003 -19"><span class='ocrx_word' id='word_1_769' title='bbox 2188 3484 2235 3537; x_wconf 90' lang='lat' dir='ltr'><strong>ei</strong></span> <span class='ocrx_word' id='word_1_770' title='bbox 2258 3484 2593 3549; x_wconf 85' lang='lat' dir='ltr'><strong>ostenderet,</strong></span> <span class='ocrx_word' id='word_1_771' title='bbox 2638 3498 2742 3538; x_wconf 92' lang='lat' dir='ltr'><strong>non</strong></span> <span class='ocrx_word' id='word_1_772' title='bbox 2770 3499 2830 3539; x_wconf 89' lang='lat' dir='ltr'><strong>se</strong></span> <span class='ocrx_word' id='word_1_773' title='bbox 2871 3486 3028 3539; x_wconf 89' lang='lat' dir='ltr'><strong>talem</strong></span> <span class='ocrx_word' id='word_1_774' title='bbox 3064 3500 3255 3555; x_wconf 89' lang='lat' dir='ltr'><strong>aquam</strong></span> <span class='ocrx_word' id='word_1_775' title='bbox 3304 3487 3533 3555; x_wconf 88' lang='lat' dir='ltr'><strong>petisse,</strong></span> <span class='ocrx_word' id='word_1_776' title='bbox 3562 3487 3775 3556; x_wconf 89' lang='lat' dir='ltr'><strong>qualem</strong></span> 
     </span>
    </p>
   </div>
   <div class='ocr_carea' id='block_1_95' title="bbox 2188 3574 3778 3645">
    <p class='ocr_par' dir='ltr' id='par_1_95' title="bbox 2188 3574 3778 3645">
     <span class='ocr_line' id='line_1_95' title="bbox 2188 3574 3778 3645; baseline 0.001 -17"><span class='ocrx_word' id='word_1_777' title='bbox 2188 3575 2301 3643; x_wconf 87' lang='lat' dir='ltr'><strong>ipsa</strong></span> <span class='ocrx_word' id='word_1_778' title='bbox 2365 3574 2735 3639; x_wconf 68' lang='lat' dir='ltr'><strong>intellexerat;</strong></span> <span class='ocrx_word' id='word_1_779' title='bbox 2801 3574 2895 3629; x_wconf 90' lang='lat' dir='ltr'><strong>sed</strong></span> <span class='ocrx_word' id='word_1_780' title='bbox 2973 3574 3095 3644; x_wconf 90' lang='lat' dir='ltr'><strong>quia</strong></span> <span class='ocrx_word' id='word_1_781' title='bbox 3161 3576 3274 3645; x_wconf 88' lang='lat' dir='ltr'><strong>ipse</strong></span> <span class='ocrx_word' id='word_1_782' title='bbox 3336 3576 3550 3630; x_wconf 89' lang='lat' dir='ltr'><strong>sitiebat</strong></span> <span class='ocrx_word' id='word_1_783' title='bbox 3618 3575 3778 3630; x_wconf 91' lang='lat' dir='ltr'><strong>ﬁdem</strong></span> 
     </span>
    </p>
   </div>
   <div class='ocr_carea' id='block_1_96' title="bbox 2187 3667 3780 3738">
    <p class='ocr_par' dir='ltr' id='par_1_96' title="bbox 2187 3667 3780 3738">
     <span class='ocr_line' id='line_1_96' title="bbox 2187 3667 3780 3738; baseline 0.001 -15"><span class='ocrx_word' id='word_1_784' title='bbox 2187 3668 2344 3737; x_wconf 86' lang='lat' dir='ltr'><strong>ejus,</strong></span> <span class='ocrx_word' id='word_1_785' title='bbox 2404 3667 2683 3738; x_wconf 88' lang='lat' dir='ltr'><strong>eidemque</strong></span> <span class='ocrx_word' id='word_1_786' title='bbox 2746 3668 2945 3722; x_wconf 87' lang='lat' dir='ltr'><strong>sitienti</strong></span> <span class='ocrx_word' id='word_1_787' title='bbox 3012 3668 3266 3737; x_wconf 87' lang='lat' dir='ltr'><strong>Spiritum</strong></span> <span class='ocrx_word' id='word_1_788' title='bbox 3336 3677 3579 3723; x_wconf 90' lang='lat' dir='ltr'><strong>sanctum</strong></span> <span class='ocrx_word' id='word_1_789' title='bbox 3648 3668 3780 3724; x_wconf 89' lang='lat' dir='ltr'><strong>dare</strong></span> 
     </span>
    </p>
   </div>
   <div class='ocr_carea' id='block_1_97' title="bbox 2188 3758 3779 3828">
    <p class='ocr_par' dir='ltr' id='par_1_97' title="bbox 2188 3758 3779 3828">
     <span class='ocr_line' id='line_1_97' title="bbox 2188 3758 3779 3828; baseline -0.002 -14"><span class='ocrx_word' id='word_1_790' title='bbox 2188 3759 2454 3828; x_wconf 87' lang='lat' dir='ltr'><strong>cupiebat.</strong></span> <span class='ocrx_word' id='word_1_791' title='bbox 2508 3758 2654 3813; x_wconf 85' lang='lat' dir='ltr'><strong>Hanc</strong></span> <span class='ocrx_word' id='word_1_792' title='bbox 2690 3759 2831 3813; x_wconf 92' lang='lat' dir='ltr'><strong>enim</strong></span> <span class='ocrx_word' id='word_1_793' title='bbox 2878 3767 3025 3812; x_wconf 89' lang='lat' dir='ltr'><strong>recte</strong></span> <span class='ocrx_word' id='word_1_794' title='bbox 3075 3758 3417 3827; x_wconf 91' lang='lat' dir='ltr'><strong>intelligimus</strong></span> <span class='ocrx_word' id='word_1_795' title='bbox 3458 3774 3647 3826; x_wconf 85' lang='lat' dir='ltr'><strong>aquam</strong></span> <span class='ocrx_word' id='word_1_796' title='bbox 3697 3759 3779 3812; x_wconf 61' lang='lat' dir='ltr'><strong>vi-</strong></span> 
     </span>
    </p>
   </div>
   <div class='ocr_carea' id='block_1_98' title="bbox 2189 3849 3782 3920">
    <p class='ocr_par' dir='ltr' id='par_1_98' title="bbox 2189 3849 3782 3920">
     <span class='ocr_line' id='line_1_98' title="bbox 2189 3849 3782 3920; baseline 0.001 -17"><span class='ocrx_word' id='word_1_797' title='bbox 2189 3867 2309 3904; x_wconf 88' lang='lat' dir='ltr'><strong>vam</strong></span> <span class='ocrx_word' id='word_1_798' title='bbox 2333 3893 2346 3914; x_wconf 91' lang='lat'><strong>,</strong></span> <span class='ocrx_word' id='word_1_799' title='bbox 2381 3850 2521 3920; x_wconf 89' lang='lat' dir='ltr'><strong>quod</strong></span> <span class='ocrx_word' id='word_1_800' title='bbox 2570 3861 2654 3905; x_wconf 86' lang='lat' dir='ltr'><strong>est</strong></span> <span class='ocrx_word' id='word_1_801' title='bbox 2699 3850 2899 3904; x_wconf 92' lang='lat' dir='ltr'><strong>donum</strong></span> <span class='ocrx_word' id='word_1_802' title='bbox 2925 3851 3051 3913; x_wconf 89' lang='lat' dir='ltr'><strong>Dei,</strong></span> <span class='ocrx_word' id='word_1_803' title='bbox 3086 3850 3222 3903; x_wconf 90' lang='lat' dir='ltr'><strong>sicut</strong></span> <span class='ocrx_word' id='word_1_804' title='bbox 3248 3850 3360 3918; x_wconf 88' lang='lat' dir='ltr'><strong>ipse</strong></span> <span class='ocrx_word' id='word_1_805' title='bbox 3389 3851 3494 3914; x_wconf 92' lang='lat' dir='ltr'><strong>ait,</strong></span> <span class='ocrx_word' id='word_1_806' title='bbox 3530 3849 3590 3902; x_wconf 88' lang='lat' dir='ltr'><strong>Si</strong></span> <span class='ocrx_word' id='word_1_807' title='bbox 3627 3851 3782 3903; x_wconf 85' lang='lat' dir='ltr'><strong>scires</strong></span> 
     </span>
    </p>
   </div>
   <div class='ocr_carea' id='block_1_99' title="bbox 2190 3940 3783 4009">
    <p class='ocr_par' dir='ltr' id='par_1_99' title="bbox 2190 3940 3783 4009">
     <span class='ocr_line' id='line_1_99' title="bbox 2190 3940 3783 4009; baseline -0.003 -12"><span class='ocrx_word' id='word_1_808' title='bbox 2190 3944 2381 3997; x_wconf 88' lang='lat' dir='ltr'><strong>donum</strong></span> <span class='ocrx_word' id='word_1_809' title='bbox 2410 3942 2523 3996; x_wconf 89' lang='lat' dir='ltr'><strong>Dei.</strong></span> <span class='ocrx_word' id='word_1_810' title='bbox 2550 3943 2615 3997; x_wconf 84' lang='lat' dir='ltr'><strong>Et</strong></span> <span class='ocrx_word' id='word_1_811' title='bbox 2642 3943 2779 3997; x_wconf 90' lang='lat' dir='ltr'><strong>sicut</strong></span> <span class='ocrx_word' id='word_1_812' title='bbox 2814 3942 2956 3996; x_wconf 87' lang='lat' dir='ltr'><strong>idem</strong></span> <span class='ocrx_word' id='word_1_813' title='bbox 2986 3941 3217 3995; x_wconf 83' lang='lat' dir='ltr'><strong>Joannes</strong></span> <span class='ocrx_word' id='word_1_814' title='bbox 3246 3940 3573 4009; x_wconf 84' lang='lat' dir='ltr'><strong>evangelista</strong></span> <span class='ocrx_word' id='word_1_815' title='bbox 3617 3948 3783 3993; x_wconf 75' lang='lat' dir='ltr'><strong>tosta—</strong></span> 
     </span>
    </p>
   </div>
   <div class='ocr_carea' id='block_1_100' title="bbox 2193 4030 3780 4103">
    <p class='ocr_par' dir='ltr' id='par_1_100' title="bbox 2193 4030 3780 4103">
     <span class='ocr_line' id='line_1_100' title="bbox 2193 4030 3780 4103; baseline -0.004 -14"><span class='ocrx_word' id='word_1_816' title='bbox 2193 4044 2276 4089; x_wconf 91' lang='lat' dir='ltr'><strong>tur</strong></span> <span class='ocrx_word' id='word_1_817' title='bbox 2301 4036 2406 4088; x_wconf 91' lang='lat' dir='ltr'><strong>alio</strong></span> <span class='ocrx_word' id='word_1_818' title='bbox 2438 4035 2553 4089; x_wconf 92' lang='lat' dir='ltr'><strong>loco</strong></span> <span class='ocrx_word' id='word_1_819' title='bbox 2578 4034 2761 4089; x_wconf 88' lang='lat' dir='ltr'><strong>dicens</strong></span> <span class='ocrx_word' id='word_1_820' title='bbox 2788 4050 2801 4086; x_wconf 91' lang='lat'><strong>:</strong></span> <span class='ocrx_word' id='word_1_821' title='bbox 2835 4033 2976 4103; x_wconf 90' lang='lat' dir='ltr'><strong>quod</strong></span> <span class='ocrx_word' id='word_1_822' title='bbox 3011 4032 3173 4085; x_wconf 85' lang='lat' dir='ltr'><strong>stabat</strong></span> <span class='ocrx_word' id='word_1_823' title='bbox 3216 4030 3396 4095; x_wconf 71' lang='lat' dir='ltr'><strong>Iesus,</strong></span> <span class='ocrx_word' id='word_1_824' title='bbox 3423 4040 3468 4083; x_wconf 89' lang='lat' dir='ltr'><strong>et</strong></span> <span class='ocrx_word' id='word_1_825' title='bbox 3494 4030 3780 4095; x_wconf 87' lang='lat' dir='ltr'><strong>clamabat,</strong></span> 
     </span>
    </p>
   </div>
   <div class='ocr_carea' id='block_1_101' title="bbox 2195 4123 3781 4195">
    <p class='ocr_par' dir='ltr' id='par_1_101' title="bbox 2195 4123 3781 4195">
     <span class='ocr_line' id='line_1_101' title="bbox 2195 4123 3781 4195; baseline -0.004 -15"><span class='ocrx_word' id='word_1_826' title='bbox 2195 4127 2256 4180; x_wconf 90' lang='lat' dir='ltr'><strong>Si</strong></span> <span class='ocrx_word' id='word_1_827' title='bbox 2280 4128 2391 4195; x_wconf 87' lang='lat' dir='ltr'><strong>quis</strong></span> <span class='ocrx_word' id='word_1_828' title='bbox 2416 4127 2554 4193; x_wconf 89' lang='lat' dir='ltr'><strong>sitit,</strong></span> <span class='ocrx_word' id='word_1_829' title='bbox 2586 4127 2751 4179; x_wconf 88' lang='lat' dir='ltr'><strong>veniat</strong></span> <span class='ocrx_word' id='word_1_830' title='bbox 2772 4135 2817 4178; x_wconf 91' lang='lat' dir='ltr'><strong>et</strong></span> <span class='ocrx_word' id='word_1_831' title='bbox 2844 4125 2975 4178; x_wconf 85' lang='lat' dir='ltr'><strong>bibat</strong></span> <span class='ocrx_word' id='word_1_832' title='bbox 2999 4140 3016 4177; x_wconf 61' lang='grc' dir='ltr'><em>ε</em></span> <span class='ocrx_word' id='word_1_833' title='bbox 3038 4125 3121 4194; x_wconf 91' lang='lat' dir='ltr'><strong>qui</strong></span> <span class='ocrx_word' id='word_1_834' title='bbox 3142 4124 3299 4177; x_wconf 86' lang='lat' dir='ltr'><strong>credit</strong></span> <span class='ocrx_word' id='word_1_835' title='bbox 3321 4124 3374 4176; x_wconf 90' lang='lat' dir='ltr'><strong>in</strong></span> <span class='ocrx_word' id='word_1_836' title='bbox 3404 4140 3513 4187; x_wconf 88' lang='lat' dir='ltr'><strong>me,</strong></span> <span class='ocrx_word' id='word_1_837' title='bbox 3548 4125 3675 4176; x_wconf 90' lang='lat' dir='ltr'><strong>sicut</strong></span> <span class='ocrx_word' id='word_1_838' title='bbox 3696 4123 3781 4174; x_wconf 87' lang='lat' dir='ltr'><strong>di-</strong></span> 
     </span>
    </p>
   </div>
   <div class='ocr_carea' id='block_1_102' title="bbox 2192 4214 3781 4287">
    <p class='ocr_par' dir='ltr' id='par_1_102' title="bbox 2192 4214 3781 4287">
     <span class='ocr_line' id='line_1_102' title="bbox 2192 4214 3781 4287; baseline -0.003 -18"><span class='ocrx_word' id='word_1_839' title='bbox 2192 4219 2257 4269; x_wconf 89' lang='lat' dir='ltr'><strong>cit</strong></span> <span class='ocrx_word' id='word_1_840' title='bbox 2283 4219 2549 4287; x_wconf 87' lang='lat' dir='ltr'><strong>Scriptura</strong></span> <span class='ocrx_word' id='word_1_841' title='bbox 2567 4258 2582 4283; x_wconf 91' lang='lat'><strong>,</strong></span> <span class='ocrx_word' id='word_1_842' title='bbox 2612 4218 2825 4287; x_wconf 85' lang='lat' dir='ltr'><strong>ﬂumina</strong></span> <span class='ocrx_word' id='word_1_843' title='bbox 2854 4216 2917 4269; x_wconf 91' lang='lat' dir='ltr'><strong>de</strong></span> <span class='ocrx_word' id='word_1_844' title='bbox 2938 4224 3107 4269; x_wconf 81' lang='lat' dir='ltr'><strong>ventre</strong></span> <span class='ocrx_word' id='word_1_845' title='bbox 3137 4216 3244 4285; x_wconf 85' lang='lat' dir='ltr'><strong>ejus</strong></span> <span class='ocrx_word' id='word_1_846' title='bbox 3280 4216 3437 4283; x_wconf 81' lang='lat' dir='ltr'><strong>ﬂuent</strong></span> <span class='ocrx_word' id='word_1_847' title='bbox 3464 4228 3610 4283; x_wconf 78' lang='lat' dir='ltr'><strong>aqua:</strong></span> <span class='ocrx_word' id='word_1_848' title='bbox 3634 4214 3781 4266; x_wconf 69' lang='lat' dir='ltr'><strong>vivae.</strong></span> 
     </span>
    </p>
   </div>
   <div class='ocr_carea' id='block_1_103' title="bbox 2192 4303 3786 4377">
    <p class='ocr_par' dir='ltr' id='par_1_103' title="bbox 2192 4303 3786 4377">
     <span class='ocr_line' id='line_1_103' title="bbox 2192 4303 3786 4377; baseline -0.004 -15"><span class='ocrx_word' id='word_1_849' title='bbox 2192 4308 2594 4377; x_wconf 87' lang='lat' dir='ltr'><strong>Consequenter</strong></span> <span class='ocrx_word' id='word_1_850' title='bbox 2627 4307 2846 4360; x_wconf 90' lang='lat' dir='ltr'><strong>omnino</strong></span> <span class='ocrx_word' id='word_1_851' title='bbox 2870 4348 2883 4367; x_wconf 82' lang='lat'><strong>,</strong></span> <span class='ocrx_word' id='word_1_852' title='bbox 2919 4306 3019 4372; x_wconf 83' lang='lat' dir='ltr'><strong>Qui</strong></span> <span class='ocrx_word' id='word_1_853' title='bbox 3045 4305 3232 4369; x_wconf 79' lang='lat' dir='ltr'><strong>credit,</strong></span> <span class='ocrx_word' id='word_1_854' title='bbox 3265 4303 3452 4373; x_wconf 88' lang='lat' dir='ltr'><strong>inquit,</strong></span> <span class='ocrx_word' id='word_1_855' title='bbox 3477 4304 3527 4356; x_wconf 88' lang='lat' dir='ltr'><strong>in</strong></span> <span class='ocrx_word' id='word_1_856' title='bbox 3562 4320 3657 4364; x_wconf 87' lang='lat' dir='ltr'><strong>me,</strong></span> <span class='ocrx_word' id='word_1_857' title='bbox 3681 4304 3786 4371; x_wconf 73' lang='grc' dir='ltr'><strong>βα·</strong></span> 
     </span>
    </p>
   </div>
   <div class='ocr_carea' id='block_1_104' title="bbox 2196 4392 3785 4466">
    <p class='ocr_par' dir='ltr' id='par_1_104' title="bbox 2196 4392 3785 4466">
     <span class='ocr_line' id='line_1_104' title="bbox 2196 4392 3785 4466; baseline -0.003 -15"><span class='ocrx_word' id='word_1_858' title='bbox 2196 4399 2331 4451; x_wconf 90' lang='lat' dir='ltr'><strong>mina</strong></span> <span class='ocrx_word' id='word_1_859' title='bbox 2372 4398 2435 4450; x_wconf 89' lang='lat' dir='ltr'><strong>de</strong></span> <span class='ocrx_word' id='word_1_860' title='bbox 2480 4406 2647 4451; x_wconf 85' lang='lat' dir='ltr'><strong>uentre</strong></span> <span class='ocrx_word' id='word_1_861' title='bbox 2689 4397 2799 4466; x_wconf 82' lang='lat' dir='ltr'><strong>ejus</strong></span> <span class='ocrx_word' id='word_1_862' title='bbox 2845 4397 3005 4465; x_wconf 79' lang='lat' dir='ltr'><strong>ﬂuent</strong></span> <span class='ocrx_word' id='word_1_863' title='bbox 3051 4409 3195 4456; x_wconf 68' lang='lat' dir='ltr'><strong>aqua</strong></span> <span class='ocrx_word' id='word_1_864' title='bbox 3246 4394 3367 4447; x_wconf 73' lang='lat' dir='ltr'><strong>viva:</strong></span> <span class='ocrx_word' id='word_1_865' title='bbox 3398 4410 3415 4446; x_wconf 84' lang='lat'><strong>.&#39;</strong></span> <span class='ocrx_word' id='word_1_866' title='bbox 3441 4394 3561 4462; x_wconf 80' lang='lat' dir='ltr'><strong>quia</strong></span> <span class='ocrx_word' id='word_1_867' title='bbox 3608 4392 3785 4461; x_wconf 88' lang='lat' dir='ltr'><strong>primo</strong></span> 
     </span>
    </p>
   </div>
   <div class='ocr_carea' id='block_1_105' title="bbox 2195 4485 3786 4555">
    <p class='ocr_par' dir='ltr' id='par_1_105' title="bbox 2195 4485 3786 4555">
     <span class='ocr_line' id='line_1_105' title="bbox 2195 4485 3786 4555; baseline -0.004 -10"><span class='ocrx_word' id='word_1_868' title='bbox 2195 4490 2465 4544; x_wconf 88' lang='lat' dir='ltr'><strong>credimus</strong></span> <span class='ocrx_word' id='word_1_869' title='bbox 2484 4530 2498 4552; x_wconf 86' lang='lat'><strong>,</strong></span> <span class='ocrx_word' id='word_1_870' title='bbox 2526 4499 2583 4542; x_wconf 91' lang='lat' dir='ltr'><strong>ut</strong></span> <span class='ocrx_word' id='word_1_871' title='bbox 2611 4488 2726 4543; x_wconf 67' lang='lat' dir='ltr'><strong>hazc</strong></span> <span class='ocrx_word' id='word_1_872' title='bbox 2745 4488 2884 4542; x_wconf 90' lang='lat' dir='ltr'><strong>dona</strong></span> <span class='ocrx_word' id='word_1_873' title='bbox 2914 4502 3233 4541; x_wconf 91' lang='lat' dir='ltr'><strong>mereamur.</strong></span> <span class='ocrx_word' id='word_1_874' title='bbox 3264 4486 3388 4541; x_wconf 66' lang='lat' dir='ltr'><strong>Hac</strong></span> <span class='ocrx_word' id='word_1_875' title='bbox 3410 4500 3537 4555; x_wconf 87' lang='lat' dir='ltr'><strong>ergo</strong></span> <span class='ocrx_word' id='word_1_876' title='bbox 3562 4485 3786 4538; x_wconf 86' lang='lat' dir='ltr'><strong>ﬁumina</strong></span> 
     </span>
    </p>
   </div>
   <div class='ocr_carea' id='block_1_106' title="bbox 2196 4577 3790 4650">
    <p class='ocr_par' dir='ltr' id='par_1_106' title="bbox 2196 4577 3790 4650">
     <span class='ocr_line' id='line_1_106' title="bbox 2196 4577 3790 4650; baseline -0.002 -16"><span class='ocrx_word' id='word_1_877' title='bbox 2196 4597 2347 4650; x_wconf 75' lang='lat' dir='ltr'><strong>aqua:</strong></span> <span class='ocrx_word' id='word_1_878' title='bbox 2377 4582 2511 4635; x_wconf 73' lang='lat' dir='ltr'><strong>vivae</strong></span> <span class='ocrx_word' id='word_1_879' title='bbox 2541 4596 2660 4650; x_wconf 64' lang='lat' dir='ltr'><strong>qum</strong></span> <span class='ocrx_word' id='word_1_880' title='bbox 2699 4580 2772 4633; x_wconf 91' lang='lat' dir='ltr'><strong>illi</strong></span> <span class='ocrx_word' id='word_1_881' title='bbox 2806 4579 3014 4633; x_wconf 91' lang='lat' dir='ltr'><strong>mulieri</strong></span> <span class='ocrx_word' id='word_1_882' title='bbox 3040 4579 3253 4633; x_wconf 91' lang='lat' dir='ltr'><strong>volebat</strong></span> <span class='ocrx_word' id='word_1_883' title='bbox 3278 4577 3405 4632; x_wconf 89' lang='lat' dir='ltr'><strong>dare</strong></span> <span class='ocrx_word' id='word_1_884' title='bbox 3425 4592 3678 4643; x_wconf 65' lang='lat' dir='ltr'><strong>,-merces</strong></span> <span class='ocrx_word' id='word_1_885' title='bbox 3705 4586 3790 4632; x_wconf 90' lang='lat' dir='ltr'><strong>est</strong></span> 
     </span>
    </p>
   </div>
   <div class='ocr_carea' id='block_1_107' title="bbox 2201 4667 3789 4741">
    <p class='ocr_par' dir='ltr' id='par_1_107' title="bbox 2201 4667 3789 4741">
     <span class='ocr_line' id='line_1_107' title="bbox 2201 4667 3789 4741; baseline -0.002 -15"><span class='ocrx_word' id='word_1_886' title='bbox 2201 4672 2322 4726; x_wconf 82' lang='lat' dir='ltr'><strong>ﬁdei</strong></span> <span class='ocrx_word' id='word_1_887' title='bbox 2350 4686 2508 4741; x_wconf 87' lang='lat' dir='ltr'><strong>quam</strong></span> <span class='ocrx_word' id='word_1_888' title='bbox 2540 4671 2687 4740; x_wconf 87' lang='lat' dir='ltr'><strong>prius</strong></span> <span class='ocrx_word' id='word_1_889' title='bbox 2713 4670 2764 4724; x_wconf 91' lang='lat' dir='ltr'><strong>in</strong></span> <span class='ocrx_word' id='word_1_890' title='bbox 2796 4670 2883 4723; x_wconf 85' lang='lat' dir='ltr'><strong>illa</strong></span> <span class='ocrx_word' id='word_1_891' title='bbox 2914 4669 3145 4723; x_wconf 89' lang='lat' dir='ltr'><strong>sitiebat.</strong></span> <span class='ocrx_word' id='word_1_892' title='bbox 3175 4667 3338 4738; x_wconf 89' lang='lat' dir='ltr'><strong>Cujus</strong></span> <span class='ocrx_word' id='word_1_893' title='bbox 3367 4685 3519 4738; x_wconf 72' lang='lat' dir='ltr'><strong>aqum</strong></span> <span class='ocrx_word' id='word_1_894' title='bbox 3551 4670 3682 4723; x_wconf 75' lang='lat' dir='ltr'><strong>viva:</strong></span> <span class='ocrx_word' id='word_1_895' title='bbox 3707 4670 3789 4723; x_wconf 79' lang='lat' dir='ltr'><strong>in-</strong></span> 
     </span>
    </p>
   </div>
   <div class='ocr_carea' id='block_1_108' title="bbox 2200 4758 3788 4830">
    <p class='ocr_par' dir='ltr' id='par_1_108' title="bbox 2200 4758 3788 4830">
     <span class='ocr_line' id='line_1_108' title="bbox 2200 4758 3788 4830; baseline -0.002 -14"><span class='ocrx_word' id='word_1_896' title='bbox 2200 4761 2628 4830; x_wconf 86' lang='lat' dir='ltr'><strong>terpretationem</strong></span> <span class='ocrx_word' id='word_1_897' title='bbox 2681 4762 2750 4815; x_wconf 89' lang='lat' dir='ltr'><strong>ita</strong></span> <span class='ocrx_word' id='word_1_898' title='bbox 2794 4760 3051 4830; x_wconf 89' lang='lat' dir='ltr'><strong>subjicit:</strong></span> <span class='ocrx_word' id='word_1_899' title='bbox 3086 4758 3199 4814; x_wconf 79' lang='lat' dir='ltr'><strong>Hoc</strong></span> <span class='ocrx_word' id='word_1_900' title='bbox 3244 4770 3440 4825; x_wconf 88' lang='lat' dir='ltr'><strong>autem,</strong></span> <span class='ocrx_word' id='word_1_901' title='bbox 3479 4760 3677 4829; x_wconf 89' lang='lat' dir='ltr'><strong>inquit,</strong></span> <span class='ocrx_word' id='word_1_902' title='bbox 3704 4762 3788 4814; x_wconf 72' lang='lat' dir='ltr'><strong>di~</strong></span> 
     </span>
    </p>
   </div>
   <div class='ocr_carea' id='block_1_109' title="bbox 2199 4853 3791 4925">
    <p class='ocr_par' dir='ltr' id='par_1_109' title="bbox 2199 4853 3791 4925">
     <span class='ocr_line' id='line_1_109' title="bbox 2199 4853 3791 4925; baseline 0.001 -17"><span class='ocrx_word' id='word_1_903' title='bbox 2199 4856 2338 4908; x_wconf 89' lang='lat' dir='ltr'><strong>cebat</strong></span> <span class='ocrx_word' id='word_1_904' title='bbox 2391 4854 2453 4908; x_wconf 86' lang='lat' dir='ltr'><strong>de</strong></span> <span class='ocrx_word' id='word_1_905' title='bbox 2516 4854 2715 4925; x_wconf 86' lang='lat' dir='ltr'><strong>Spiritu</strong></span> <span class='ocrx_word' id='word_1_906' title='bbox 2766 4870 2911 4924; x_wconf 89' lang='lat' dir='ltr'><strong>quem</strong></span> <span class='ocrx_word' id='word_1_907' title='bbox 2969 4853 3229 4919; x_wconf 87' lang='lat' dir='ltr'><strong>accepturi</strong></span> <span class='ocrx_word' id='word_1_908' title='bbox 3278 4862 3419 4907; x_wconf 86' lang='lat' dir='ltr'><strong>erant</strong></span> <span class='ocrx_word' id='word_1_909' title='bbox 3476 4854 3529 4907; x_wconf 89' lang='lat' dir='ltr'><strong>hi</strong></span> <span class='ocrx_word' id='word_1_910' title='bbox 3588 4855 3675 4924; x_wconf 89' lang='lat' dir='ltr'><strong>qui</strong></span> <span class='ocrx_word' id='word_1_911' title='bbox 3735 4856 3791 4909; x_wconf 87' lang='lat' dir='ltr'><strong>in</strong></span> 
     </span>
    </p>
   </div>
   <div class='ocr_carea' id='block_1_110' title="bbox 2203 4942 3793 5015">
    <p class='ocr_par' dir='ltr' id='par_1_110' title="bbox 2203 4942 3793 5015">
     <span class='ocr_line' id='line_1_110' title="bbox 2203 4942 3793 5015; baseline -0.001 -14"><span class='ocrx_word' id='word_1_912' title='bbox 2203 4964 2315 5001; x_wconf 86' lang='lat' dir='ltr'><strong>eum</strong></span> <span class='ocrx_word' id='word_1_913' title='bbox 2360 4945 2601 4999; x_wconf 80' lang='lat' dir='ltr'><strong>credituri</strong></span> <span class='ocrx_word' id='word_1_914' title='bbox 2674 4953 2839 4998; x_wconf 85' lang='lat' dir='ltr'><strong>erant.</strong></span> <span class='ocrx_word' id='word_1_915' title='bbox 2923 4942 3171 4997; x_wconf 86' lang='lat' dir='ltr'><strong>Nondum</strong></span> <span class='ocrx_word' id='word_1_916' title='bbox 3231 4952 3399 4997; x_wconf 81' lang='lat' dir='ltr'><strong>autem</strong></span> <span class='ocrx_word' id='word_1_917' title='bbox 3459 4955 3566 4998; x_wconf 82' lang='lat' dir='ltr'><strong>erat</strong></span> <span class='ocrx_word' id='word_1_918' title='bbox 3617 4944 3793 5015; x_wconf 86' lang='lat' dir='ltr'><strong>Spiri-</strong></span> 
     </span>
    </p>
   </div>
   <div class='ocr_carea' id='block_1_111' title="bbox 2203 5036 3791 5106">
    <p class='ocr_par' dir='ltr' id='par_1_111' title="bbox 2203 5036 3791 5106">
     <span class='ocr_line' id='line_1_111' title="bbox 2203 5036 3791 5106; baseline 0 -13"><span class='ocrx_word' id='word_1_919' title='bbox 2203 5051 2282 5093; x_wconf 86' lang='lat' dir='ltr'><strong>tus</strong></span> <span class='ocrx_word' id='word_1_920' title='bbox 2347 5038 2530 5103; x_wconf 87' lang='lat' dir='ltr'><strong>datus,</strong></span> <span class='ocrx_word' id='word_1_921' title='bbox 2587 5036 2703 5104; x_wconf 87' lang='lat' dir='ltr'><strong>quia</strong></span> <span class='ocrx_word' id='word_1_922' title='bbox 2761 5036 2913 5089; x_wconf 85' lang='lat' dir='ltr'><strong>Jesus</strong></span> <span class='ocrx_word' id='word_1_923' title='bbox 2974 5036 3199 5088; x_wconf 87' lang='lat' dir='ltr'><strong>nondum</strong></span> <span class='ocrx_word' id='word_1_924' title='bbox 3253 5039 3420 5106; x_wconf 77' lang='lat' dir='ltr'><strong>fuerat</strong></span> <span class='ocrx_word' id='word_1_925' title='bbox 3481 5038 3791 5105; x_wconf 83' lang='lat' dir='ltr'><strong>clari/icatus</strong></span> 
     </span>
    </p>
   </div>
   <div class='ocr_carea' id='block_1_112' title="bbox 2201 5124 3789 5200">
    <p class='ocr_par' dir='ltr' id='par_1_112' title="bbox 2201 5124 3789 5200">
     <span class='ocr_line' id='line_1_112' title="bbox 2201 5124 3789 5200; baseline 0.001 -18"><span class='ocrx_word' id='word_1_926' title='bbox 2201 5128 2379 5200; x_wconf 79' lang='lat' dir='ltr'><strong>(Joan.</strong></span> <span class='ocrx_word' id='word_1_927' title='bbox 2409 5143 2481 5181; x_wconf 89' lang='lat' dir='ltr'><strong>vn</strong></span> <span class='ocrx_word' id='word_1_928' title='bbox 2507 5168 2521 5191; x_wconf 91' lang='lat'><strong>,</strong></span> <span class='ocrx_word' id='word_1_929' title='bbox 2548 5124 2756 5197; x_wconf 78' lang='lat'><strong>37—39).</strong></span> <span class='ocrx_word' id='word_1_930' title='bbox 2786 5125 2897 5180; x_wconf 86' lang='lat' dir='ltr'><strong>Hoc</strong></span> <span class='ocrx_word' id='word_1_931' title='bbox 2926 5125 3103 5194; x_wconf 88' lang='lat' dir='ltr'><strong>itaque</strong></span> <span class='ocrx_word' id='word_1_932' title='bbox 3143 5126 3341 5179; x_wconf 91' lang='lat' dir='ltr'><strong>donum</strong></span> <span class='ocrx_word' id='word_1_933' title='bbox 3366 5126 3593 5195; x_wconf 90' lang='lat' dir='ltr'><strong>Spiritus</strong></span> <span class='ocrx_word' id='word_1_934' title='bbox 3623 5132 3789 5185; x_wconf 87' lang='lat' dir='ltr'><strong>sancti</strong></span> 
     </span>
    </p>
   </div>
   <div class='ocr_carea' id='block_1_113' title="bbox 2201 5216 3786 5289">
    <p class='ocr_par' dir='ltr' id='par_1_113' title="bbox 2201 5216 3786 5289">
     <span class='ocr_line' id='line_1_113' title="bbox 2201 5216 3786 5289; baseline -0.001 -13"><span class='ocrx_word' id='word_1_935' title='bbox 2201 5230 2284 5277; x_wconf 92' lang='lat' dir='ltr'><strong>est</strong></span> <span class='ocrx_word' id='word_1_936' title='bbox 2305 5262 2318 5283; x_wconf 92' lang='lat'><strong>,</strong></span> <span class='ocrx_word' id='word_1_937' title='bbox 2343 5219 2481 5289; x_wconf 88' lang='lat' dir='ltr'><strong>quod</strong></span> <span class='ocrx_word' id='word_1_938' title='bbox 2508 5227 2628 5287; x_wconf 88' lang='lat' dir='ltr'><strong>post</strong></span> <span class='ocrx_word' id='word_1_939' title='bbox 2657 5232 2806 5271; x_wconf 88' lang='lat' dir='ltr'><strong>suam</strong></span> <span class='ocrx_word' id='word_1_940' title='bbox 2834 5216 3264 5272; x_wconf 85' lang='lat' dir='ltr'><strong>elariﬁeationem</strong></span> <span class='ocrx_word' id='word_1_941' title='bbox 3307 5218 3455 5272; x_wconf 90' lang='lat' dir='ltr'><strong>dedit</strong></span> <span class='ocrx_word' id='word_1_942' title='bbox 3492 5219 3748 5275; x_wconf 67' lang='lat' dir='ltr'><strong>Ecclesia:</strong></span> <span class='ocrx_word' id='word_1_943' title='bbox 3771 5264 3786 5289; x_wconf 93' lang='lat'><strong>,</strong></span> 
     </span>
    </p>
   </div>
   <div class='ocr_carea' id='block_1_114' title="bbox 2202 5308 3787 5379">
    <p class='ocr_par' dir='ltr' id='par_1_114' title="bbox 2202 5308 3787 5379">
     <span class='ocr_line' id='line_1_114' title="bbox 2202 5308 3787 5379; baseline -0.005 -12"><span class='ocrx_word' id='word_1_944' title='bbox 2202 5313 2339 5367; x_wconf 88' lang='lat' dir='ltr'><strong>sicut</strong></span> <span class='ocrx_word' id='word_1_945' title='bbox 2357 5312 2457 5365; x_wconf 91' lang='lat' dir='ltr'><strong>alia</strong></span> <span class='ocrx_word' id='word_1_946' title='bbox 2487 5309 2759 5377; x_wconf 89' lang='lat' dir='ltr'><strong>Scriptura</strong></span> <span class='ocrx_word' id='word_1_947' title='bbox 2779 5308 2942 5362; x_wconf 91' lang='lat' dir='ltr'><strong>dicit:</strong></span> <span class='ocrx_word' id='word_1_948' title='bbox 2968 5308 3251 5362; x_wconf 81' lang='lat' dir='ltr'><strong>Ascendens</strong></span> <span class='ocrx_word' id='word_1_949' title='bbox 3275 5309 3327 5361; x_wconf 86' lang='lat' dir='ltr'><strong>in</strong></span> <span class='ocrx_word' id='word_1_950' title='bbox 3355 5308 3514 5362; x_wconf 86' lang='lat' dir='ltr'><strong>altum</strong></span> <span class='ocrx_word' id='word_1_951' title='bbox 3540 5313 3787 5379; x_wconf 80' lang='lat' dir='ltr'><strong>captivam</strong></span> 
     </span>
    </p>
   </div>
   <div class='ocr_carea' id='block_1_115' title="bbox 2204 5400 3788 5473">
    <p class='ocr_par' dir='ltr' id='par_1_115' title="bbox 2204 5400 3788 5473">
     <span class='ocr_line' id='line_1_115' title="bbox 2204 5400 3788 5473; baseline -0.001 -14"><span class='ocrx_word' id='word_1_952' title='bbox 2204 5405 2348 5459; x_wconf 74' lang='lat' dir='ltr'><strong>duxit</strong></span> <span class='ocrx_word' id='word_1_953' title='bbox 2368 5402 2738 5473; x_wconf 87' lang='lat' dir='ltr'><strong>captivitatem;</strong></span> <span class='ocrx_word' id='word_1_954' title='bbox 2768 5400 2904 5453; x_wconf 86' lang='lat' dir='ltr'><strong>dedit</strong></span> <span class='ocrx_word' id='word_1_955' title='bbox 2934 5400 3068 5453; x_wconf 87' lang='lat' dir='ltr'><strong>dona</strong></span> <span class='ocrx_word' id='word_1_956' title='bbox 3094 5400 3378 5454; x_wconf 88' lang='lat' dir='ltr'><strong>hominibus</strong></span> <span class='ocrx_word' id='word_1_957' title='bbox 3408 5401 3579 5471; x_wconf 86' lang='lat' dir='ltr'><strong>(Psal.</strong></span> <span class='ocrx_word' id='word_1_958' title='bbox 3613 5420 3788 5472; x_wconf 78' lang='lat' dir='ltr'><strong>van,</strong></span> 
     </span>
    </p>
   </div>
   <div class='ocr_carea' id='block_1_116' title="bbox 2208 5492 3593 5565">
    <p class='ocr_par' dir='ltr' id='par_1_116' title="bbox 2208 5492 3593 5565">
     <span class='ocr_line' id='line_1_116' title="bbox 2208 5492 3593 5565; baseline -0.016 -12"><span class='ocrx_word' id='word_1_959' title='bbox 2208 5498 2307 5565; x_wconf 85' lang='lat'><strong>19;</strong></span> <span class='ocrx_word' id='word_1_960' title='bbox 2338 5495 2530 5565; x_wconf 86' lang='lat' dir='ltr'><strong>Ephes.</strong></span> <span class='ocrx_word' id='word_1_961' title='bbox 2553 5510 2625 5557; x_wconf 87' lang='lat' dir='ltr'><strong>tv,</strong></span> <span class='ocrx_word' id='word_1_962' title='bbox 2648 5492 2726 5560; x_wconf 91' lang='lat'><strong>8).</strong></span> <span class='ocrx_word' id='word_1_963' title='bbox 3588 5560 3593 5561; x_wconf 12' lang='grc' dir='ltr'><em>γ</em></span> 
     </span>
    </p>
   </div>
   <div class='ocr_carea' id='block_1_117' title="bbox 2277 5583 3789 5654">
    <p class='ocr_par' dir='ltr' id='par_1_117' title="bbox 2277 5583 3789 5654">
     <span class='ocr_line' id='line_1_117' title="bbox 2277 5583 3789 5654; baseline -0.003 -10"><span class='ocrx_word' id='word_1_964' title='bbox 2277 5590 2329 5643; x_wconf 83' lang='grc'><strong>5.</strong></span> <span class='ocrx_word' id='word_1_965' title='bbox 2360 5587 2463 5644; x_wconf 89' lang='lat' dir='ltr'><strong>Sed</strong></span> <span class='ocrx_word' id='word_1_966' title='bbox 2489 5586 2662 5639; x_wconf 89' lang='lat' dir='ltr'><strong>adlmc</strong></span> <span class='ocrx_word' id='word_1_967' title='bbox 2688 5584 2773 5639; x_wconf 90' lang='lat' dir='ltr'><strong>illa</strong></span> <span class='ocrx_word' id='word_1_968' title='bbox 2814 5584 3002 5637; x_wconf 91' lang='lat' dir='ltr'><strong>mulier</strong></span> <span class='ocrx_word' id='word_1_969' title='bbox 3028 5583 3311 5638; x_wconf 89' lang='lat' dir='ltr'><strong>carnaliter</strong></span> <span class='ocrx_word' id='word_1_970' title='bbox 3336 5585 3509 5654; x_wconf 87' lang='lat' dir='ltr'><strong>sapit;</strong></span> <span class='ocrx_word' id='word_1_971' title='bbox 3545 5585 3621 5639; x_wconf 90' lang='lat' dir='ltr'><strong>sic</strong></span> <span class='ocrx_word' id='word_1_972' title='bbox 3652 5586 3789 5640; x_wconf 90' lang='lat' dir='ltr'><strong>enim</strong></span> 
     </span>
    </p>
   </div>
   <div class='ocr_carea' id='block_1_118' title="bbox 2206 5676 3789 5752">
    <p class='ocr_par' dir='ltr' id='par_1_118' title="bbox 2206 5676 3789 5752">
     <span class='ocr_line' id='line_1_118' title="bbox 2206 5676 3789 5752; baseline -0.005 -15"><span class='ocrx_word' id='word_1_973' title='bbox 2206 5679 2475 5752; x_wconf 88' lang='lat' dir='ltr'><strong>respondit</strong></span> <span class='ocrx_word' id='word_1_974' title='bbox 2505 5697 2516 5734; x_wconf 92' lang='lat'>:</span> <span class='ocrx_word' id='word_1_975' title='bbox 2549 5677 2761 5731; x_wconf 87' lang='lat' dir='ltr'><strong>Domine</strong></span> <span class='ocrx_word' id='word_1_976' title='bbox 2781 5717 2793 5739; x_wconf 87' lang='lat'><strong>,</strong></span> <span class='ocrx_word' id='word_1_977' title='bbox 2828 5691 2983 5745; x_wconf 86' lang='lat' dir='ltr'><strong>neque</strong></span> <span class='ocrx_word' id='word_1_978' title='bbox 3010 5676 3345 5728; x_wconf 88' lang='lat' dir='ltr'><strong>hauritorium</strong></span> <span class='ocrx_word' id='word_1_979' title='bbox 3391 5676 3571 5742; x_wconf 86' lang='lat' dir='ltr'><strong>habes,</strong></span> <span class='ocrx_word' id='word_1_980' title='bbox 3619 5687 3665 5729; x_wconf 86' lang='lat' dir='ltr'><strong>et</strong></span> <span class='ocrx_word' id='word_1_981' title='bbox 3696 5694 3789 5744; x_wconf 80' lang='lat' dir='ltr'><strong>pu-</strong></span> 
     </span>
    </p>
   </div>
   <div class='ocr_carea' id='block_1_119' title="bbox 2270 5828 3798 5894">
    <p class='ocr_par' dir='ltr' id='par_1_119' title="bbox 2270 5828 3798 5894">
     <span class='ocr_line' id='line_1_119' title="bbox 2270 5828 3798 5894; baseline 0.001 -17"><span class='ocrx_word' id='word_1_982' title='bbox 2270 5834 2284 5863; x_wconf 84' lang='grc'>¹</span> <span class='ocrx_word' id='word_1_983' title='bbox 2317 5840 2421 5879; x_wconf 67' lang='lat' dir='ltr'><strong>Mss.</strong></span> <span class='ocrx_word' id='word_1_984' title='bbox 2448 5829 2644 5891; x_wconf 83' lang='lat' dir='ltr'><strong>aliquot,</strong></span> <span class='ocrx_word' id='word_1_985' title='bbox 2671 5828 2735 5877; x_wconf 87' lang='lat' dir='ltr'><strong>ad</strong></span> <span class='ocrx_word' id='word_1_986' title='bbox 2756 5834 3123 5878; x_wconf 83' lang='lat' dir='ltr'><strong>monumentum.</strong></span> <span class='ocrx_word' id='word_1_987' title='bbox 3152 5836 3204 5879; x_wconf 77' lang='lat' dir='ltr'><strong>Et</strong></span> <span class='ocrx_word' id='word_1_988' title='bbox 3224 5830 3435 5894; x_wconf 89' lang='lat' dir='ltr'><strong>quidam,</strong></span> <span class='ocrx_word' id='word_1_989' title='bbox 3454 5829 3519 5878; x_wconf 79' lang='lat' dir='ltr'><strong>ad</strong></span> <span class='ocrx_word' id='word_1_990' title='bbox 3541 5841 3798 5880; x_wconf 66' lang='lat' dir='ltr'><strong>monimen-</strong></span> 
     </span>
    </p>
   </div>
   <div class='ocr_carea' id='block_1_120' title="bbox 2208 5902 2325 5944">
    <p class='ocr_par' dir='ltr' id='par_1_120' title="bbox 2208 5902 2325 5944">
     <span class='ocr_line' id='line_1_120' title="bbox 2208 5902 2325 5944; baseline -0.026 0"><span class='ocrx_word' id='word_1_991' title='bbox 2208 5902 2325 5944; x_wconf 84' lang='lat' dir='ltr'><strong>tum.</strong></span> 
     </span>
    </p>
   </div>
  </div>
