4136 6524
269 441 339 497 5-,
1694 426 1897 484 LIBER
1938 426 2140 486 unus.
3510 445 3579 501 ss

275 566 385 612 tents
423 551 567 609 altus
616 558 727 616 est;
774 547 910 605 unde
952 545 1074 601 mihi
1119 544 1270 599 habes
1304 544 1426 598 dare
1463 558 1647 611 aquam
1674 543 1876 597 vivam?
1967 546 2216 603 infantes
2245 557 2297 603 et
2323 552 2571 620 parvulos
2593 535 2819 623 pueros,
2855 557 2945 627 qui
2973 557 3207 613 nondum
3232 570 3456 629 possunt
3480 576 3577 618 ac-

277 645 551 712 Numquid
582 654 637 695 tu
663 641 829 711 major
852 656 903 693 es
932 646 1072 708 patre
1095 644 1266 690 nostro
1290 632 1452 687 Jacob
1472 676 1487 700 ,
1511 634 1596 703 qui
1622 632 1759 685 dedit
1784 648 1875 685 no-

276 737 350 789 bis
395 734 532 786 hunc
575 741 818 802 puteum,
849 738 894 783 et
922 730 1031 798 ipse
1054 743 1116 781 ex
1138 743 1197 781 eo
1226 725 1374 791 bibit,
1416 734 1462 778 et
1505 724 1602 793 ﬁlii
1639 724 1780 791 ejus,
1833 731 1879 776 et

278 842 461 895 pecora
493 824 641 893 ejus?
676 822 823 878 Nunc
863 836 991 875 vero
1034 819 1143 889 jam
1190 818 1451 872 Dominus
1490 817 1709 885 exponit
1752 815 1878 885 quid

276 916 499 971 dixerit.
526 914 739 980 Omnis,
772 913 975 983 inquit,
1003 913 1088 983 qui
1122 910 1294 964 biberit
1332 909 1396 964 de
1429 925 1562 978 aqua
1586 910 1682 962 ista
1701 951 1715 974 ,
1745 909 1879 962 sitiet

277 1010 462 1062 iterum
489 1023 507 1063 :
527 1009 610 1077 qui
639 1016 809 1061 autem
835 1005 1006 1060 biberit
1036 1006 1097 1057 de
1115 1019 1246 1071 aqua
1266 1019 1419 1071 quam
1442 1017 1534 1071 ego
1554 1000 1759 1066 dedero,
1778 1017 1880 1054 non

279 1104 417 1157 sitiet
438 1103 491 1155 in
511 1100 904 1170 sentpiternum;
928 1096 1017 1152 sed
1035 1113 1170 1165 aqua
1188 1094 1281 1149 illa
1302 1110 1453 1165 quam
1476 1093 1659 1146 dedero
1678 1134 1693 1158 ,
1722 1094 1807 1161 ﬁet
1827 1093 1879 1146 in

281 1211 346 1249 eo
385 1198 498 1265 fons
542 1208 686 1264 aqua:
731 1192 959 1246 salientis
999 1191 1054 1243 in
1084 1188 1237 1242 vitam
1263 1197 1527 1241 (sternam.
1573 1184 1681 1240 Sed
1705 1183 1880 1238 adhuc

282 1288 479 1342 mulier
508 1285 841 1356 prudentiam
866 1282 1043 1339 carnis
1072 1279 1428 1350 amplectitur.
1453 1277 1590 1345 Quid
1619 1277 1759 1332 enim
1789 1291 1879 1330 re-

281 1378 536 1450 spondit?
576 1377 825 1441 Domine,
857 1376 925 1429 da
966 1374 1089 1427 mihi
1113 1374 1244 1426 hanc
1269 1387 1453 1441 aquam
1474 1411 1489 1436 ,
1527 1378 1583 1422 ut
1621 1384 1779 1438 neque
1809 1367 1879 1420 si-

279 1471 440 1537 tiam,
463 1487 618 1541 neque
641 1470 837 1523 veniam
866 1469 963 1521 huc
987 1466 1211 1520 haurire.
1249 1463 1380 1517 Dicit
1407 1463 1452 1516 ei
1470 1461 1620 1516 Iesus
1649 1477 1667 1514 :
1702 1458 1843 1513 Vade
1860 1500 1875 1526 ,

278 1576 408 1616 uoca
436 1563 598 1615 virum
627 1569 803 1624 tuum,
832 1568 878 1613 et
914 1558 1023 1613 veni
1052 1557 1170 1610 huc.
1198 1555 1331 1610 Cum
1364 1553 1526 1608 sciret
1558 1567 1675 1607 eam
1707 1551 1875 1605 virum

278 1670 392 1708 non
425 1654 624 1708 habere
642 1692 657 1715 ,
683 1667 780 1707 cur
806 1650 907 1705 hoc
934 1648 1160 1713 dixerit,
1189 1645 1463 1717 quaeritur.
1494 1643 1733 1713 Namque
1753 1657 1878 1697 cum

280 1746 484 1803 mulier
510 1744 771 1811 dixisset,
821 1742 943 1796 Non
990 1740 1147 1794 habeo
1189 1739 1390 1802 uirum;
1429 1734 1557 1790 dicit
1599 1734 1647 1789 ei
1684 1733 1876 1800 Jesus,

278 1836 424 1893 Bene
450 1836 626 1890 dixisti
656 1851 758 1889 non
797 1833 979 1887 habere
1015 1840 1061 1884 te
1099 1830 1299 1885 virum:
1327 1828 1542 1899 quinque
1580 1827 1713 1880 enim
1750 1826 1881 1879 viros

281 1929 531 1995 habuisti,
554 1937 599 1982 et
625 1943 757 1981 nunc
775 1942 922 1996 quem
943 1924 1094 1977 habes
1115 1938 1214 1977 non
1235 1930 1306 1975 est
1329 1929 1444 1973 tuus
1465 1920 1571 1982 vir;
1594 1917 1686 1971 hoc
1712 1932 1882 1970 verum

280 2019 483 2075 dixisti.
513 2018 620 2073 Sed
659 2032 763 2072 non
807 2023 932 2070 sunt
974 2013 1089 2069 haec
1130 2011 1415 2068 carnaliter
1441 2007 1747 2078 accipienda
1768 2048 1782 2071 ,
1812 2021 1882 2061 ne

283 2110 417 2167 huic
456 2110 556 2180 ipsi
598 2108 773 2163 adhuc
801 2106 1011 2162 mulieri
1051 2103 1397 2180 Samaritana:
1426 2100 1627 2157 similes
1652 2113 1773 2154 esse
1800 2098 1881 2152 vi-

280 2202 529 2258 deamur.
558 2199 664 2255 Sed
694 2200 760 2254 de
786 2199 877 2253 illo
900 2198 1041 2253 dono
1073 2196 1162 2250 Dei
1189 2196 1233 2250 si
1262 2192 1461 2265 aliquid
1496 2192 1607 2263 jam
1645 2190 1881 2262 gustavi-

284 2308 409 2348 mus
429 2333 445 2358 ,
478 2291 827 2361 spiritualiter
858 2290 955 2343 ista
985 2297 1293 2343 tractemus.

359 2382 414 2438 6.
444 2382 690 2451 Quinque
725 2380 900 2446 viros,
942 2379 1175 2449 quinque
1211 2376 1375 2430 libros
1404 2373 1493 2445 qui
1533 2388 1630 2443 per
1668 2373 1885 2443 Moysen

286 2474 573 2530 ministrati
617 2484 776 2536 sunt,
819 2472 1059 2526 nonnulli
1088 2469 1371 2539 accipiunt.
1402 2466 1553 2535 Quod
1590 2474 1766 2519 autem
1800 2464 1885 2519 di-

284 2574 437 2620 ctum
479 2572 591 2629 est,
642 2562 709 2617 Et
754 2579 889 2616 nunc
932 2578 1082 2632 quem
1133 2560 1318 2625 habes,
1365 2574 1466 2611 non
1503 2568 1578 2611 est
1621 2564 1738 2609 tuus
1777 2556 1887 2619 vir;

288 2655 357 2711 (ιε
389 2671 450 2711 se
492 2656 605 2725 ipso
651 2654 931 2710 Dominum
975 2651 1176 2706 dixisse
1221 2649 1556 2719 intelligunt,
1603 2655 1662 2701 ut
1692 2647 1791 2700 iste
1820 2646 1890 2700 sit

290 2762 489 2804 sensus
520 2765 533 2799 :
561 2746 739 2801 Primo
778 2746 1011 2815 quinque
1055 2744 1205 2798 libris
1230 2743 1433 2814 Moysi,
1465 2741 1614 2811 quasi
1654 2740 1890 2810 quinque

290 2840 428 2894 viris
453 2838 696 2904 servisti;
726 2853 868 2892 nunc
891 2845 1067 2890 autem
1090 2849 1247 2905 quem
1277 2833 1442 2888 habes
1460 2873 1475 2897 ,
1508 2831 1559 2886 id
1585 2838 1698 2894 est,
1730 2844 1887 2898 quem

291 2930 448 2985 audis
470 2972 486 2995 ,
518 2930 606 3001 qui
648 2929 882 2999 loquitur
914 2938 1115 2991 tecum,
1149 2940 1253 2979 non
1284 2932 1368 2978 est
1396 2931 1518 2977 tuus
1564 2920 1644 2974 vir
1673 2920 1715 2985 ‘,
1762 2920 1884 2989 quia

289 3022 533 3079 nondum
563 3024 615 3077 in
635 3037 759 3077 eum
786 3020 1079 3075 credidisti.
1111 3018 1215 3074 Sed
1240 3016 1491 3088 quoniam
1518 3014 1754 3069 nondum
1780 3028 1891 3068 cre-

288 3114 430 3170 dens
453 3114 698 3182 Christo,
726 3114 902 3169 adhuc
922 3113 1102 3181 utique
1128 3112 1337 3165 illorum
1364 3110 1596 3180 quinque
1621 3109 1855 3162 virorum
1873 3148 1889 3173 ,

291 3205 350 3261 id
375 3213 463 3261 est
482 3207 716 3276 quinque
748 3205 1001 3259 librorum
1032 3202 1367 3271 copulatione
1388 3200 1688 3263 tenebatur,
1718 3205 1894 3267 potest

290 3311 515 3353 movere
543 3294 814 3366 quomodo
853 3293 954 3348 dici
1001 3294 1265 3363 potuerit,
1295 3291 1527 3363 Quinque
1555 3291 1685 3344 uiros
1714 3289 1896 3343 habui-

290 3386 394 3453 sti,
418 3387 571 3456 quasi
594 3401 737 3440 nunc
762 3400 858 3440 eos
883 3386 993 3454 jam
1025 3399 1131 3438 non
1164 3383 1419 3450 haberet,
1444 3398 1565 3437 cum
1592 3382 1765 3436 adhuc
1792 3381 1896 3435 uti-

292 3494 401 3549 que
431 3480 563 3549 ipsis
586 3478 796 3533 subdita
838 3479 1060 3532 viveret.
1096 3476 1297 3531 Deinde
1335 3491 1457 3531 cum
1495 3477 1729 3545 quinque
1772 3475 1892 3529 libri

292 3568 463 3641 Noysl
515 3569 643 3623 nihil
685 3568 829 3623 aliud
869 3583 1027 3639 quam
1063 3564 1336 3621 Christum
1389 3565 1712 3636 praedicent,
1758 3565 1896 3619 sicut

295 3662 417 3730 ipse
445 3662 548 3726 ait,
573 3662 633 3716 Si
651 3660 918 3715 crederetis
939 3660 1125 3729 Moysi,
1146 3658 1410 3713 crederetis
1433 3661 1647 3729 forsitan
1668 3667 1715 3713 et
1739 3659 1894 3722 mihi;

292 3753 385 3809 ille
403 3755 538 3808 enim
563 3753 626 3807 de
650 3770 727 3807 me
745 3753 947 3823 scripsit
973 3751 1152 3822 (Joan.
1184 3766 1234 3816 v,
1264 3749 1353 3821 46)
1383 3769 1397 3815 ;
1426 3750 1697 3820 quomodo
1722 3760 1898 3819 potest

296 3846 521 3916 intelligi
555 3861 584 3899 a
625 3846 858 3916 quinque
884 3844 989 3898 illis
1028 3843 1176 3897 libris
1206 3841 1458 3897 recedere
1494 3841 1765 3896 hominem
1791 3884 1807 3909 ,
1834 3852 1894 3897 ut

292 3938 365 3993 ad
395 3938 669 3994 Christum
715 3944 985 4000 transeat,
1016 3950 1138 3990 cum
1190 3935 1280 3990 ille
1326 3935 1415 4004 qui
1441 3935 1613 3990 credit
1654 3936 1707 3989 in
1738 3935 1896 3991 Chri-

293 4042 474 4098 stum,
523 4049 631 4086 non
680 4030 1060 4099 relinquendos
1106 4029 1343 4099 quinque
1386 4028 1507 4082 illos
1555 4028 1752 4093 libros,
1798 4029 1895 4084 sed

293 4124 646 4194 spiritualiter
711 4120 1122 4193 intelligendos,
1200 4120 1367 4174 multo
1418 4118 1626 4175 avidius
1690 4121 1895 4192 ample-

293 4216 513 4273 ctatur?

370 4310 424 4361 7.
459 4308 553 4363 Est
584 4322 713 4376 ergo
741 4306 877 4361 alius
906 4305 1236 4369 intellectus,
1273 4311 1330 4359 ut
1353 4304 1586 4373 quinque
1613 4304 1709 4358 viri
1742 4303 1897 4358 intel-

292 4400 531 4471 ligantur
559 4398 794 4468 quinque
818 4397 1059 4467 corporis
1088 4411 1278 4451 sensus
1305 4413 1318 4450 :
1350 4410 1487 4449 unus
1503 4396 1591 4464 qui
1617 4394 1683 4448 ad
1712 4395 1896 4449 oculos

294 4491 564 4560 pertinet,
593 4505 699 4559 quo
729 4488 903 4543 lucem
937 4489 1091 4542 istam
1138 4486 1401 4540 visibilem
1429 4495 1482 4539 et
1506 4485 1772 4555 quoslibet
1800 4500 1894 4538 co-

294 4578 438 4635 lores
472 4579 776 4649 formasque
812 4594 1097 4647 corporum
1144 4578 1449 4641 cernimus;
1486 4578 1620 4631 alter
1649 4578 1856 4631 aurium
1878 4617 1893 4644 ,

293 4687 404 4742 quo
429 4686 623 4727 vocum
662 4681 717 4726 et
744 4671 982 4725 omnium
1012 4684 1267 4724 sonorum
1296 4679 1564 4722 momenta
1595 4669 1893 4734 sentimus;

296 4763 490 4818 tertius
514 4762 720 4817 narium
742 4803 757 4827 ,
789 4777 896 4831 quo
924 4762 1068 4814 varia
1108 4759 1330 4813 odorum
1369 4760 1629 4813 suavitate
1658 4759 1895 4813 delecta-

294 4870 453 4919 mur;
486 4863 708 4924 quartus
736 4854 787 4907 in
818 4867 911 4907 ore
934 4861 1140 4923 gustus,
1171 4851 1261 4920 qui
1291 4850 1462 4905 dulcia
1483 4859 1537 4905 et
1563 4866 1741 4904 amara
1765 4866 1893 4905 sen-

298 4944 394 5009 tit,
423 4954 479 4999 et
503 4944 741 4998 omnium
794 4958 1045 5011 saporum
1073 4941 1235 4995 habet
1264 4957 1522 5005 examen;
1550 4942 1766 5011 quintus
1804 4957 1896 5010 per

294 5043 468 5088 totum
490 5048 685 5104 corpus
708 5033 972 5102 tangendo
992 5032 1246 5102 diiudicat
1272 5031 1441 5085 calida
1463 5040 1517 5084 et
1538 5030 1747 5102 frigida,
1764 5033 1898 5086 mol-

295 5125 365 5181 lia
406 5136 461 5181 et
497 5126 664 5193 dura,
699 5125 833 5179 levia
876 5133 930 5178 et
963 5138 1185 5193 aspera,
1230 5130 1286 5177 et
1325 5121 1581 5193 quidquid
1625 5122 1768 5178 aliud
1810 5133 1894 5177 est

293 5218 441 5289 quod
508 5215 779 5286 tangendo
836 5216 1115 5270 sentimus.
1177 5215 1294 5268 Istis
1346 5216 1525 5285 itaque
1592 5214 1896 5270 carnalibus

293 5314 529 5382 quinque
560 5310 811 5366 sensibus
842 5308 1010 5377 prima
1060 5307 1288 5362 hominis
1336 5316 1466 5361 tetas
1513 5307 1765 5359 imbuitur
1797 5323 1893 5360 ne-

296 5404 545 5459 cessitate
575 5410 783 5461 natura:
807 5398 1048 5453 mortalis
1072 5414 1173 5468 qua
1200 5398 1269 5449 ita
1294 5407 1412 5467 post
1440 5406 1712 5464 peceatum
1739 5397 1892 5465 primi

294 5497 526 5552 hominis
550 5497 659 5557 nati
690 5509 875 5549 sumus
896 5535 911 5559 ,
944 5501 1005 5548 ut
1033 5492 1268 5546 nondum
1299 5490 1504 5544 reddita
1534 5491 1649 5543 luce
1677 5491 1892 5555 mentis,

294 5589 598 5643 carnalibus
626 5586 877 5642 sensibus
904 5584 1136 5648 subditi,
1158 5582 1427 5638 carnalem
1456 5581 1617 5634 vitam
1644 5581 1759 5635 sine
1788 5582 1892 5635 ulla

295 5682 530 5747 veritatis
543 5677 894 5749 intelligentia
911 5673 1427 5731 transcamus.Talcs
1443 5688 1661 5727 necesse
1678 5682 1895 5727 estesse

352 5820 367 5879 ξ
392 5822 490 5879 ttat.
508 5822 563 5866 et
586 5812 765 5876 plures
785 5820 893 5865 Ilss.
919 5825 1062 5879 quem
1083 5811 1244 5874 audis,
1258 5824 1349 5862 non
1365 5814 1435 5861 est
1458 5815 1567 5860 tuus
1588 5821 1678 5869 νιν,
1693 5810 1891 5868 omisso,

287 5876 367 5939 qui
389 5876 561 5941 loquor
580 5884 763 5929 tecum.

1985 640 2163 709 cipere
2193 644 2474 697 rationem.
2522 645 2592 700 Et
2632 648 2754 716 quia
2787 650 3054 704 naturales
3080 662 3203 705 sunt
3230 652 3312 707 isti
3341 668 3533 709 sensus
3557 696 3574 721 ,

1984 739 2071 798 qui
2102 739 2327 800 primam
2355 742 2567 788 (etatem
2593 745 2813 805 regunt,
2848 746 2904 792 et
2932 739 3037 793 Deo
3058 741 3260 796 artiﬁce
3288 744 3440 797 nobis
3469 746 3569 798 tri-

1985 821 2097 876 buti
2120 831 2262 890 sunt,
2284 834 2428 880 recte
2442 825 2688 882 dicuntur
2706 828 2828 894 viri,
2849 830 2899 883 id
2923 840 3004 885 est
3025 834 3219 899 mariti,
3243 842 3486 906 tanquam
3506 839 3573 891 let

1984 913 2184 982 gitimi;
2213 918 2464 985 quoniam
2490 933 2592 973 non
2624 935 2718 975 eos
2746 936 2899 975 error
2927 923 3055 976 vitio
3085 926 3299 993 preprio
3319 967 3335 992 ,
3363 928 3456 982 sed
3480 929 3579 983 Dei

1984 1005 2209 1061 artificio
2240 1017 2425 1062 natura
2456 1011 2762 1067 contribuit.
2808 1012 2939 1068 Cum
2980 1024 3157 1071 autem
3204 1020 3430 1088 quisque
3474 1037 3571 1076 ve-

1985 1098 2125 1151 nerit
2152 1097 2217 1152 ad
2243 1114 2361 1155 eam
2392 1110 2626 1168 aetatem,
2656 1113 2714 1158 ut
2737 1104 2846 1174 jam
2878 1107 3046 1175 possit
3070 1122 3237 1176 capax
3266 1124 3386 1165 esse
3407 1113 3577 1166 ratio-

1986 1186 2109 1253 nis,
2154 1189 2201 1243 si
2248 1192 2527 1247 veritatem
2575 1195 2752 1249 statim
2796 1198 3259 1267 comprehendere
3307 1205 3573 1270 potuerit,

1986 1291 2092 1330 non
2118 1277 2229 1346 jam
2261 1279 2365 1335 illis
2399 1283 2644 1338 sensibus
2670 1287 2969 1341 rectoribus
2997 1296 3204 1355 utetur;
3238 1291 3330 1345 sed
3365 1293 3584 1349 habebit

1985 1367 2181 1434 virum,
2212 1371 2454 1439 spiritum
2486 1374 2820 1440 rationalem,
2851 1378 2934 1431 cui
2965 1393 3155 1433 sensus
3179 1380 3299 1434 illos
3328 1382 3380 1435 in
3409 1382 3582 1438 famu-

1985 1456 2148 1511 latum
2174 1460 2398 1531 redigat,
2434 1465 2671 1519 servituti
2700 1466 2987 1535 subjiciens
3019 1483 3212 1535 corpus
3236 1485 3389 1525 suum
3417 1490 3429 1524 :
3457 1488 3578 1528 cum

1985 1547 2160 1601 anima
2191 1565 2297 1605 non
2328 1550 2436 1620 jam
2459 1553 2691 1623 quinque
2711 1556 2857 1620 viris,
2891 1557 2941 1611 id
2964 1566 3063 1621 est,
3083 1559 3316 1629 quinque
3341 1563 3584 1631 corporis
3646 1552 3649 1553 ⁷

1986 1639 2231 1709 sensibus
2269 1641 2478 1696 subdita
2516 1650 2599 1697 est
2627 1685 2642 1709 ,
2696 1645 2790 1699 sed
2838 1646 3072 1701 Verbum
3125 1648 3361 1703 divinum
3416 1651 3580 1707 habet

1986 1727 2281 1798 legitimum
2306 1732 2478 1786 virum
2498 1775 2513 1799 ,
2544 1734 2629 1789 cui
2664 1736 2908 1804 copulata
2948 1746 3003 1792 et
3046 1737 3340 1804 inhzerens,
3371 1756 3493 1796 cum
3523 1752 3579 1798 et

1987 1817 2103 1886 ipse
2139 1820 2357 1889 spiritus
2396 1822 2626 1879 hominis
2684 1825 2900 1881 haeserit
2946 1826 3193 1895 Christo,
3249 1832 3371 1899 quia
3420 1843 3581 1901 caput

1987 1908 2086 1962 viri
2108 1908 2350 1966 Christus
2397 1922 2480 1967 est
2520 1913 2559 1984 (l
2591 1912 2709 1968 Cor.
2753 1932 2825 1982 ιι,
2878 1916 2913 1970 5
2939 1916 2981 1988 ),
3011 1920 3258 1986 amplexu
3310 1922 3573 1989 Spirituali

1987 2008 2188 2054 teterua
2228 2002 2332 2055 vita
2373 2004 2489 2058 sine
2519 2004 2627 2059 ullo
2656 2007 3007 2074 separationis
3042 2009 3232 2065 timore
3272 2011 3581 2079 perfruitur.

1988 2091 2119 2159 Quis
2166 2109 2265 2149 nos
2301 2098 2445 2150 enim
2483 2112 2734 2166 separare
2777 2100 2973 2168 poterit
3011 2115 3041 2154 a
3085 2101 3345 2159 charitate
3388 2104 3585 2161 Christi

1991 2182 2165 2256 (Rom.
2200 2202 2310 2254 vm,
2340 2187 2472 2259 55)?
2497 2189 2599 2245 Sed
2622 2190 2873 2260 quoniam
2904 2192 2987 2245 illa
3019 2194 3209 2249 mulier
3231 2210 3414 2251 errore
3444 2206 3584 2252 tene-

1991 2276 2146 2330 batur
2173 2278 2296 2347 qui'
2326 2278 2658 2348 significabat
2685 2282 3083 2337 multitudinem
3115 2285 3295 2339 saeculi
3324 2287 3474 2342 vanis
3502 2302 3586 2343 su-

1992 2370 2393 2437 perstitionibus
2437 2372 2720 2443 subjugati,
2772 2383 2891 2443 post
2935 2384 3175 2444 tempora
3221 2376 3310 2430 illa
3353 2378 3587 2449 quinque

1992 2462 2282 2515 carnalium
2325 2478 2595 2527 sensuum,
2628 2465 2819 2532 quibus
2860 2467 3029 2534 prima
3059 2476 3211 2531 artas,
3250 2476 3307 2522 ut
3332 2468 3582 2536 diximus,

1994 2553 2224 2621 regitur,
2277 2569 2382 2607 non
2413 2569 2530 2608 eam
2561 2554 2795 2610 Verbum
2839 2556 2930 2611 Dei
2974 2567 3255 2626 acceperat
3297 2559 3349 2612 in
3396 2561 3588 2630 conju-

1993 2642 2197 2712 gium’,
2246 2643 2339 2698 sed
2366 2645 2646 2713 complexu
2685 2645 2988 2699 adulterino
3014 2646 3256 2701 diabolus
3282 2648 3580 2703 obtinebat.

1997 2736 2179 2806 Itaque
2206 2736 2280 2791 illi
2312 2737 2569 2791 Dominus
2607 2737 2755 2802 dicit,
2786 2737 2971 2791 videns
3001 2753 3118 2791 eam
3146 2753 3265 2793 esse
3285 2740 3582 2805 earnalem,

1996 2827 2048 2883 id
2080 2837 2181 2894 est,
2213 2828 2497 2883 carnaliter
2535 2844 2760 2898 sapere:
2794 2828 2968 2894 Vade,
3000 2846 3121 2883 voca
3145 2831 3304 2883 virum
3331 2841 3506 2895 tuum,
3542 2840 3591 2886 et

1996 2921 2107 2976 veni
2137 2921 2271 2985 huc;
2297 2920 2347 2975 id
2371 2930 2483 2983 est,
2513 2936 2730 2976 remove
2771 2929 2824 2974 te
2852 2921 2920 2975 ab
2946 2920 3227 2977 aliectione
3256 2924 3490 2989 carnali,
3538 2926 3591 2980 in

1997 3028 2099 3082 qua
2138 3028 2280 3067 nunc
2322 3013 2609 3067 constituta
2657 3028 2746 3076 es,
2777 3011 2920 3068 unde
2960 3030 3063 3067 non
3106 3024 3257 3083 potes
3301 3015 3594 3086 intelligere

1998 3121 2116 3176 qua:
2143 3106 2364 3176 loquor:
2394 3115 2440 3160 et
2465 3122 2587 3160 voca
2610 3106 2773 3159 virum
2801 3115 2961 3170 tuum,
2994 3105 3159 3171 idest,
3190 3108 3376 3175 spiritu
3400 3108 3595 3163 intelli-

1997 3198 2190 3268 gentia:
2213 3196 2234 3227 ³
2263 3212 2499 3266 praesens
2520 3207 2655 3251 esto.
2691 3197 2785 3251 Est
2809 3198 2951 3250 enim
2981 3198 3171 3251 anima:
3196 3199 3345 3267 quasi
3372 3200 3597 3256 maritus

1999 3287 2229 3359 quodam
2272 3287 2432 3341 modo
2461 3286 2681 3357 spiritus
2724 3286 2956 3342 hominis
2976 3329 2989 3349 ,
3021 3288 3109 3357 qui
3140 3288 3424 3343 animalem
3457 3289 3592 3345 alie-

1999 3380 2230 3435 ctionem
2262 3386 2510 3448 tanquam
2541 3377 2821 3447 coniugem
2866 3378 3018 3447 regit.
3068 3376 3183 3431 Non
3233 3378 3321 3433 ille
3369 3378 3597 3447 Spiritus

2000 3482 2217 3528 sanctus
2236 3514 2249 3537 ,
2283 3472 2371 3541 qui
2412 3487 2532 3526 cum
2574 3471 2731 3525 Patre
2761 3478 2815 3524 et
2839 3469 2976 3524 Filio
3006 3470 3455 3526 incommutabilis
3483 3486 3596 3524 ma-

2001 3573 2126 3629 net,
2176 3573 2231 3618 et
2271 3562 2444 3633 dignis
2486 3561 2679 3615 animis
2723 3559 3223 3614 ineommntabiliter
3269 3560 3467 3615 datur:
3500 3561 3595 3616 sed

2000 3654 2217 3724 spiritus
2261 3653 2522 3718 hominis,
2551 3652 2618 3707 de
2651 3668 2756 3721 quo
2786 3651 3068 3719 Apostolus
3095 3651 3254 3716 dicit,
3294 3650 3458 3706 Nemo
3503 3654 3597 3706 scit

2001 3762 2113 3815 qua:
2139 3754 2256 3799 sunt
2284 3746 2338 3797 in
2375 3743 2608 3807 homine,
2653 3742 2750 3795 nisi
2788 3741 2992 3811 spiritus
3039 3740 3277 3795 hominis.
3324 3741 3455 3796 Nam
3506 3742 3596 3797 ille

2001 3835 2228 3904 Spiritus
2275 3842 2522 3899 sanctus,
2572 3832 2802 3901 Spiritus
2852 3831 2945 3885 Dei
2984 3839 3102 3897 est;
3144 3832 3211 3885 de
3254 3848 3359 3900 quo
3401 3833 3593 3887 iterum

2002 3927 2130 3982 dicit
2158 3927 2234 3981 sic
2264 3942 2276 3976 :
2307 3924 2376 3978 Et
2402 3940 2514 3995 qua:
2537 3923 2633 3977 Dei
2649 3932 2763 3977 sunt
2792 3938 2935 3975 nemo
2963 3922 3086 3987 scit,
3123 3922 3219 3974 nisi
3246 3922 3469 3991 Spiritus
3499 3922 3597 3977 Dei

2003 4018 2048 4089 (Ι
2079 4018 2195 4072 Cor.
2221 4034 2279 4082 ιι,
2310 4016 2419 4081 li).
2466 4016 2563 4069 llic
2605 4030 2735 4084 ergo
2785 4013 3005 4083 spiritus
3049 4011 3279 4067 hominis
3309 4028 3426 4067 cum
3461 4029 3597 4083 pra:-

2003 4125 2129 4165 seus
2153 4117 2267 4174 est,
2298 4108 2348 4162 id
2376 4115 2485 4172 est,
2522 4107 2754 4161 intentus
2775 4148 2789 4171 ,
2820 4113 2873 4158 et
2899 4120 2956 4158 se
2988 4105 3182 4174 pietate
3210 4105 3427 4174 subjicit
3454 4106 3592 4173 Deo,

2003 4202 2247 4271 intelligit
2274 4201 2436 4255 homo
2464 4215 2581 4269 qua:
2608 4197 2951 4267 Spiritualiter
2974 4196 3241 4251 dicuntur.
3261 4197 3394 4252 Cum
3417 4207 3594 4254 autem

2002 4295 2196 4350 diaboli
2227 4308 2398 4356 error,
2432 4302 2679 4361 tanquam
2722 4290 2942 4343 absente
2972 4289 3249 4343 intellectu
3274 4331 3287 4352 ,
3326 4290 3379 4343 in
3418 4290 3594 4344 anima

2002 4387 2338 4450 dominatur,
2388 4383 2596 4438 adulter
2641 4390 2743 4436 cst.
2796 4379 2932 4433 Voca
2978 4394 3129 4447 ergo,
3182 4380 3395 4449 inquit,
3435 4382 3596 4434 virum

2004 4488 2166 4543 tuum,
2198 4478 2248 4531 id
2279 4487 2382 4541 est,
2412 4476 2655 4545 spiritum
2687 4474 2775 4545 qui
2808 4474 2859 4527 in
2891 4482 2941 4528 te
2965 4482 3078 4536 est,
3106 4489 3210 4542 quo
3241 4483 3414 4542 potest
3438 4473 3598 4529 homo

2004 4571 2303 4640 intelligere
2343 4567 2640 4637 Spiritualia
2663 4608 2677 4631 ,
2709 4565 2753 4620 si
2784 4580 2903 4619 eum
2934 4566 3021 4618 lux
3056 4565 3293 4618 veritatis
3335 4566 3595 4631 illustrct;

2005 4663 2116 4732 ipse
2141 4662 2299 4725 adsit,
2331 4675 2451 4714 cum
2482 4660 2669 4729 loquor
2695 4658 2787 4713 tibi
2808 4699 2823 4719 ,
2856 4666 2913 4711 ut
2952 4656 3279 4725 spiritualem
3313 4657 3484 4725 possis
3510 4674 3599 4713 ac-

2002 4754 2183 4821 cipere
2210 4767 2421 4821 aquam.
2458 4750 2525 4803 Et
2550 4766 2671 4804 eum
2701 4748 2785 4802 illa
2816 4747 3038 4811 diceret,
3073 4745 3193 4800 Non
3223 4746 3378 4799 habeo
3399 4748 3599 4812 virum;

2002 4842 2157 4908 Bene,
2188 4843 2391 4912 inquit,
2424 4842 2595 4895 dixisti
2624 4857 2640 4893 :
2669 4840 2889 4910 quinque
2922 4838 3053 4891 enim
3092 4838 3225 4891 viros
3267 4837 3482 4889 habuisti
3499 4878 3513 4899 ,
3547 4836 3597 4890 id

2002 4946 2087 4991 est
2132 4937 2367 5006 quinque
2409 4949 2599 4989 sensus
2637 4932 2846 4995 carnis,
2893 4930 2979 4999 qui
3028 4938 3077 4983 te
3129 4930 3178 4982 in
3229 4927 3398 4997 prima
3442 4936 3599 4983 artato

2002 5036 2285 5092 texerunt;
2318 5036 2361 5081 et
2400 5042 2531 5080 nunc
2575 5041 2723 5095 quem
2768 5022 2946 5085 habes,
2982 5038 3079 5073 non
3109 5030 3178 5073 est
3210 5026 3325 5071 tuus
3350 5018 3445 5083 uir,
3476 5018 3598 5085 quia

2002 5139 2108 5179 non
2140 5122 2300 5177 estin
2333 5128 2385 5175 te
2411 5119 2631 5191 spiritus
2652 5160 2664 5181 ,
2694 5117 2782 5187 qui
2824 5114 3070 5183 intelligit
3109 5113 3308 5174 Deum,
3339 5126 3459 5164 cum
3492 5125 3600 5181 quo

2004 5219 2300 5289 legitimum
2345 5216 2516 5285 possis
2547 5213 2743 5266 habere
2770 5208 3124 5269 connubium;
3159 5204 3257 5259 sed
3288 5218 3443 5258 error
3480 5204 3598 5257 dia-

2004 5312 2108 5367 boli
2142 5312 2317 5381 potius
2346 5308 2669 5369 dominatur,
2695 5303 2781 5373 qui
2830 5310 2883 5355 te
2929 5299 3227 5355 adulterina
3271 5298 3599 5353 contamina-

2006 5407 2150 5462 tione
2176 5401 2491 5469 corrumpit.

2068 5564 2081 5593 ¹
2105 5566 2201 5609 nat.
2225 5564 2281 5626 _et
2306 5555 2686 5626 pleriquelttssz,
2707 5561 2832 5613 quis.
2859 5556 3077 5611 Tumque
3104 5560 3164 5596 ex
3183 5545 3264 5626 his
3282 5544 3433 5626 enim:
3476 5551 3601 5626 vati-

2002 5606 2430 5691 οιιηιιξξνδῇῃηίβειιι
2444 5606 2797 5664 multitudinem
2821 5606 3074 5677 pravorum
3096 5606 3279 5660 sa'culi.
3302 5607 3600 5665 Mvarricus,

2002 5684 2355 5736 nntltitttdim’m
2390 5689 2663 5747 puerorum.
2846 5743 2880 5747 __
2911 5743 2933 5747 _
2975 5742 2984 5747 _
3158 5745 3173 5747 ξ
3240 5729 3282 5747 Pu
3313 5726 3494 5747 “Nam:

2067 5750 2085 5776 τ
2122 5753 2193 5793 Er.
2224 5738 2419 5798 ettovl,
2454 5738 2503 5788 in
2538 5738 2803 5799 coniugem.
2838 5743 2887 5785 at
2911 5738 3285 5793 Rat.et.\lss.,in
3302 5738 3598 5792 confugium.

2003 5836 2062 5844 ι-
2092 5806 2233 5865 Lugd.
2266 5813 2316 5851 (ιι
2343 5800 2547 5865 \’en.,»in
2571 5800 2822 5865 conjugem
2887 5806 2938 5845 tl.

2070 5870 2089 5902 ⁸
2115 5861 2295 5926 Aliquo!
2326 5874 2448 5923 1:55.,
2480 5861 2787 5922 intelligente.
