4136 6576
466 12 1833 38 MM

563 472 636 532 59
1259 458 1349 513 DE
1389 451 1703 510 DIVERSIS
1740 442 2142 519 QUIESTIONII

2248 442 2259 498 ι
2296 443 2599 516 Lxxxut,
2631 446 2689 505 s.
2713 448 3082 507 AUGUSTINI

632 587 686 643 8.
718 585 789 641 Et
815 582 1040 638 fortasse
1064 588 1123 634 ut
1146 574 1564 646 intelligentibus
1592 571 1847 626 indicaret
1872 612 1887 637 ,
1917 565 2154 637 quinque

562 683 886 735 memoratos
928 670 1170 741 corporis
1202 682 1393 722 sensus
1416 665 1650 735 quinque
1675 661 1907 716 virorum
1937 658 2154 714 nomine

559 766 882 839 signiﬁcari,
927 772 1049 833 post
1086 761 1319 831 quinque
1356 756 1734 827 responsiones
1772 752 2011 808 carnales
2050 752 2152 806 ista

558 859 750 913 mulier
802 864 951 908 sexta
999 852 1353 923 responsione
1397 849 1634 902 nominat
1679 844 1968 899 Christum.
2016 842 2148 896 Nam

563 952 725 1020 prima
769 949 884 1018 ejus
924 946 1200 1014 responsio
1238 953 1351 1006 est,
1392 942 1473 995 Τιι
1501 957 1614 994 cum
1640 941 1708 994 sis
1732 939 1947 992 Judteus
1970 981 1985 1005 ,
2014 954 2143 1008 quo-

557 1043 707 1096 modo
758 1058 790 1094 a
841 1056 917 1093 me
948 1038 1109 1091 bibere
1162 1036 1328 1107 petis?
1377 1033 1650 1095 Secunda,
1700 1030 1945 1096 Domine,
1990 1045 2151 1095 neque

558 1133 888 1187 hautitorium
915 1130 1093 1193 habes,
1122 1138 1169 1181 et
1197 1138 1375 1199 puteus
1401 1128 1534 1179 altus
1558 1134 1649 1177 est.
1678 1123 1876 1185 Tertia,
1908 1122 2139 1183 Domine,

557 1226 626 1279 da
668 1225 793 1277 mihi
834 1223 964 1275 hanc
1004 1237 1219 1291 aquam,
1264 1228 1319 1271 ut
1360 1232 1517 1283 neque
1540 1215 1738 1279 sitiam,
1768 1230 1929 1285 neque
1952 1214 2147 1266 veniam

557 1317 656 1370 huc
686 1314 907 1367 haurire.
938 1312 1155 1378 Quarta,
1177 1308 1297 1363 Non
1327 1308 1483 1361 habeo
1511 1308 1687 1361 virum.
1716 1306 1908 1373 Quinta
1928 1347 1944 1371 ,
1988 1303 2144 1359 Video

553 1407 674 1476 quia
719 1403 963 1474 propheta
1002 1418 1054 1455 es
1085 1417 1104 1455 :
1133 1409 1299 1471 putres
1325 1400 1482 1452 nostri
1509 1398 1561 1452 in
1590 1406 1756 1450 monte
1778 1397 1873 1450 hoc
1898 1398 2142 1450 adoratae-

554 1506 694 1551 runt.
739 1494 869 1549 Nam
914 1502 968 1547 et
1010 1493 1106 1547 ista
1137 1491 1417 1561 responsio
1442 1490 1669 1544 carnalis
1696 1497 1797 1543 est.
1829 1487 2143 1541 Carnalibus

555 1586 698 1641 enim
741 1584 898 1638 datus
942 1581 1110 1637 fuerat
1140 1581 1285 1635 locus
1314 1588 1555 1633 terrenus
1578 1620 1592 1644 ,
1625 1579 1713 1633 ubi
1738 1589 1952 1632 orarent
1982 1595 1995 1631 :
2028 1578 2140 1646 spi-

555 1678 772 1732 rituales
804 1684 981 1729 autem
1010 1674 1062 1727 in
1092 1673 1278 1741 spiritu
1303 1681 1357 1726 et
1379 1672 1599 1726 veritate
1623 1679 1866 1725 oraturos
1889 1670 2143 1725 Dominus

555 1770 708 1823 dixit.
757 1766 907 1831 Quod
948 1775 1289 1833 posteaquam
1329 1763 1537 1817 locutus
1579 1770 1691 1827 est,
1724 1771 1871 1817 sexta
1904 1762 2143 1817 mulieris

556 1858 833 1927 responsio
859 1856 1123 1911 Christum
1155 1855 1350 1908 fatetur
1375 1854 1611 1907 omnium
1644 1854 1864 1908 istorum
1891 1868 2010 1907 esse
2039 1852 2141 1907 do-

554 1960 755 2005 ctorem
788 1967 801 2002 :
833 1948 959 2002 dicit
996 1949 1134 2003 enim
1158 1988 1172 2013 ,
1208 1947 1327 2001 Scio
1351 1948 1471 2016 quia
1501 1946 1713 2001 Messias
1739 1947 1924 2010 veniet,
1953 1948 2041 2017 qui
2064 1947 2144 1999 di-

554 2041 685 2093 citur
731 2039 959 2094 Christus
1006 2053 1025 2092 :
1062 2054 1175 2090 cum
1216 2038 1439 2100 uenerit,
1490 2038 1599 2108 ipse
1643 2038 1784 2091 nobis
1828 2037 2143 2091 annuntiabit

554 2134 743 2187 omnia.
792 2132 897 2186 Sed
941 2131 1113 2185 adhuc
1154 2140 1327 2196 errat,
1376 2132 1497 2201 quia
1528 2146 1649 2185 eum
1675 2146 1832 2199 quem
1861 2141 2141 2185 venturum

556 2233 758 2293 sperat,
786 2226 995 2279 venisse
1022 2240 1128 2278 non
1151 2224 1311 2278 videt.
1334 2223 1712 2278 Verumtamen
1741 2224 2099 2279 misericordia
2123 2225 2139 2256 ί

559 2315 768 2368 Domini
818 2330 957 2370 nunc
998 2330 1149 2369 error
1189 2314 1289 2368 iste
1328 2323 1577 2383 tanquam
1605 2315 1813 2369 adulter
1837 2315 2139 2384 expellitur.

556 2407 691 2461 Dicit
730 2406 871 2460 enim
913 2407 961 2460 ei
999 2407 1153 2460 Jesus
1184 2424 1197 2459 :
1232 2406 1342 2475 Ego
1370 2423 1481 2459 sum
1507 2409 1592 2475 qui
1617 2416 1775 2460 tecum
1801 2407 1994 2476 loquor.
2024 2406 2142 2473 Quo

551 2498 733 2552 audito
774 2498 861 2552 illa
902 2514 1005 2551 non
1049 2498 1350 2566 respondit,
1395 2497 1487 2551 sed
1523 2498 1699 2552 statim
1742 2499 1921 2553 relicta
1955 2498 2141 2569 hydria

552 2611 648 2649 sua
694 2594 823 2647 abiit
864 2609 915 2647 tn
959 2590 1224 2648 civitatem
1269 2590 1563 2657 festinans,
1610 2599 1668 2646 ut
1708 2590 2050 2662 Evangelium
2087 2596 2143 2645 et

554 2685 759 2740 Domini
808 2683 1088 2739 adventum
1109 2724 1125 2748 ,
1172 2699 1276 2737 non
1319 2691 1522 2737 tantum
1549 2682 1823 2749 crederet,
1856 2682 1949 2737 sed
1979 2682 2139 2736 etiam

551 2775 888 2845 prmdicaret.
937 2774 1046 2829 Nec
1094 2774 1195 2828 hoc
1231 2774 1371 2843 quod
1407 2775 1590 2828 relicta
1632 2773 1817 2845 hydria
1854 2773 2136 2838 discessit,

551 2869 882 2938 negligenter
928 2866 1351 2934 prmtereundum
1388 2875 1488 2918 est.
1518 2865 1712 2935 ilydria
1740 2864 1883 2919 enim
1910 2863 2141 2919 fortasse

550 2976 790 3014 amorem
818 2959 997 3013 smculi
1031 2958 1187 3027 hujus
1208 2958 1501 3027 signiﬁcat,
1534 2958 1584 3011 id
1614 2966 1725 3022 est,
1758 2957 2095 3027 cupiditatem
2123 2998 2137 3023 ,

548 3067 653 3122 qua
701 3052 799 3105 sibi
844 3049 1089 3104 homines
1130 3049 1196 3104 de
1244 3049 1519 3103 tenebrosa
1564 3049 1957 3118 profunditate,
1990 3048 2141 3117 cujus

553 3142 839 3210 imaginem
882 3152 1070 3210 puteus
1098 3141 1272 3210 gerit,
1302 3140 1402 3195 hoc
1431 3151 1511 3196 est
1536 3182 1551 3207 ,
1580 3140 1647 3194 de
1678 3150 1887 3195 terrena
1913 3154 2142 3194 conver—

548 3242 759 3286 satione
786 3232 1036 3285 hauriunt
1058 3231 1377 3299 voluptatem
1411 3249 1425 3284 :
1457 3246 1557 3300 qua
1591 3242 1835 3299 percepta
1868 3232 2058 3284 iterum
2087 3229 2139 3282 in

548 3324 672 3393 ejus
697 3323 986 3392 appetitum
1017 3322 1353 3376 inardescaut
1376 3362 1390 3385 ,
1422 3324 1557 3376 sicut
1587 3320 1650 3374 de
1678 3339 1809 3391 aqua
1834 3321 1925 3374 illa
1951 3320 2037 3389 qui
2060 3318 2140 3372 bi-

547 3415 704 3475 berit,
755 3414 959 3483 inquit,
1007 3414 1136 3466 sitiet
1178 3414 1357 3467 iterum
1387 3411 1562 3480 (Joan.
1592 3429 1646 3467 tv
1668 3457 1680 3478 ,
1712 3412 1887 3479 5-34).
1913 3412 2140 3480 Oporte-

550 3504 643 3558 bat
684 3513 858 3558 autem
907 3513 964 3556 ut
1003 3502 1214 3558 Christo
1252 3504 1509 3571 credens,
1546 3505 1744 3559 saeculo
1772 3504 2100 3558 renuntiaret
2125 3544 2139 3567 ,

549 3603 607 3648 et
645 3593 826 3647 relicta
860 3592 1044 3663 hydria
1074 3592 1416 3661 cupiditatem
1447 3596 1753 3648 saecularem
1782 3610 1840 3648 se
1866 3594 2143 3662 reliquisse

551 3691 879 3737 monstraret
906 3698 920 3747 ;
965 3698 1068 3736 non
1113 3683 1284 3737 solum
1315 3684 1476 3738 corde
1504 3685 1729 3739 credens
1755 3684 1818 3737 ad
1842 3684 2101 3754 justitiam
2124 3725 2140 3749 ,

554 3773 648 3826 sed
693 3774 849 3826 etiam
896 3772 961 3825 ad
1004 3774 1226 3828 salutem
1255 3790 1348 3828 ore
1373 3774 1681 3830 coufessura
1713 3784 1765 3829 et
1791 3774 2143 3844 pratdicatura

552 3863 693 3932 quod
725 3864 942 3918 credidit
974 3863 1145 3932 (Rom.
1179 3881 1209 3917 x
1230 3906 1243 3929 ,
1280 3866 1390 3935 10).

904 3954 1063 4007 LXV.
1094 3953 1169 4008 De
1192 3958 1549 4010 resurrectione
1573 3956 1778 4009 Lazari.

623 4048 931 4117 Quanquam
962 4049 1249 4102 secundum
1265 4050 1621 4117 evangelicam
1656 4050 1928 4104 historiam
1959 4062 2145 4104 resus-

552 4140 772 4194 citatum
816 4140 1075 4194 Lazarum
1144 4142 1297 4210 plena
1332 4142 1432 4196 ﬁde
1461 4152 1773 4205 teneamus;
1804 4152 1980 4197 tamen
2007 4151 2060 4196 et
2092 4142 2143 4196 in

553 4230 805 4297 allegoria
854 4230 1152 4299 signiﬁcare
1194 4231 1391 4300 aliquid
1435 4247 1541 4285 non
1581 4232 1784 4285 dubito.
1815 4232 1996 4301 Neque
2022 4247 2143 4285 cum

553 4335 642 4374 res
685 4321 833 4374 facta:
869 4322 1309 4391 allegorizantur,
1354 4332 1513 4389 gesta:
1554 4322 1630 4375 rei
1678 4323 1832 4377 ﬁdem
1872 4323 2143 4377 amittunt.

554 4410 703 4465 Sicut
727 4410 951 4464 duorum
980 4411 1204 4464 ﬁliorum
1236 4412 1464 4465 Abrahae
1495 4412 1802 4481 allegoriam
1833 4414 2025 4468 Paulus
2051 4430 2146 4468 ex-

553 4502 703 4571 ponit
744 4501 851 4553 duo
889 4515 1007 4555 esse
1038 4501 1373 4555 Testamenta
1407 4501 1597 4571 (Gatat.
1628 4503 1660 4555 4
1680 4543 1694 4566 ,
1722 4502 1911 4575 ΞΞ-Ξὶ)
1940 4520 1953 4565 ;
1986 4519 2146 4557 num-

555 4591 681 4659 quid
714 4592 831 4646 ideo
855 4631 870 4657 ,
903 4600 991 4644 aut
1017 4592 1281 4645 Abraham
1312 4609 1416 4645 non
1446 4591 1578 4659 fuit,
1609 4604 1699 4647 aut
1725 4594 1843 4647 illos
1872 4596 2009 4650 ﬁlios
2038 4611 2142 4649 non

560 4682 782 4735 habuit?
823 4683 964 4751 Ergo
1008 4691 1061 4736 et
1099 4683 1149 4735 in
1180 4684 1427 4753 allegoria
1454 4686 1775 4753 accipiamus
1806 4686 2062 4741 Lazarum
2092 4688 2143 4742 in

557 4785 933 4837 monumento,
985 4775 1215 4829 animam
1263 4778 1488 4830 terrenis
1526 4778 1758 4845 peccatis
1785 4779 2058 4843 obrutam,
2092 4778 2145 4834 id

553 4874 636 4918 est
655 4905 669 4927 ,
700 4880 859 4919 omne
886 4864 1173 4919 humanum
1203 4882 1407 4937 genus:
1436 4884 1593 4937 quam
1621 4870 1726 4922 alio
1749 4870 1867 4924 loco
1892 4872 2145 4925 Dominus

554 4973 650 5027 per
687 4974 839 5014 ovem
868 4960 1130 5029 perditam
1160 4961 1448 5031 signiﬁcat,
1482 4973 1699 5032 propter
1721 4980 1879 5034 quam
1910 4966 2144 5022 liberan-

554 5051 677 5105 dam
717 5054 914 5106 relictis
956 5055 1240 5123 nonaginta
1279 5071 1467 5109 novem
1507 5056 1557 5110 in
1588 5057 1888 5125 montibus,
1917 5058 2143 5114 descen-

552 5142 697 5196 disse
736 5160 794 5199 se
828 5145 955 5200 dicit
998 5146 1146 5217 (Luc.
1189 5163 1261 5201 xv
1286 5190 1300 5213 ,
1346 5148 1425 5217 4).
1467 5148 1618 5216 Quod
1651 5158 1827 5203 autem
1856 5150 2145 5220 interrogat

553 5232 738 5286 dicens
762 5273 775 5297 ,
825 5235 919 5288 Ubi
955 5254 1067 5289 eum
1098 5238 1378 5308 posuistis?
1404 5238 1732 5292 vocationem
1764 5247 1997 5292 nostram
2025 5256 2145 5311 qua:

555 5321 615 5375 ﬁt
669 5323 718 5375 in
766 5324 1013 5387 occulto,
1063 5328 1293 5381 arbitror
1345 5329 1664 5399 signiﬁcare.
1739 5329 2144 5385 Prmdestinatio

553 5413 697 5466 enim
738 5414 1031 5469 vocationis
1062 5427 1255 5471 nostra:
1281 5421 1487 5473 occulta
1516 5428 1599 5474 est
1626 5437 1639 5472 :
1667 5421 1818 5489 cujus
1849 5422 2042 5476 secreti
2073 5422 2145 5475 si-

552 5520 714 5574 gnum
760 5515 839 5558 est
879 5506 1218 5575 interrogatio
1257 5509 1461 5562 Domini
1503 5512 1651 5581 quasi
1678 5514 1992 5579 nescientis,
2020 5530 2142 5569 cum

555 5596 652 5665 ipsi
682 5597 1016 5662 nesciamus;
1042 5599 1177 5653 sicut
1206 5599 1333 5653 dicit
1360 5601 1645 5669 Apostolus
1668 5645 1682 5668 ,
1712 5605 1778 5659 Ut
1804 5622 2137 5674 cognoscam,

551 5688 683 5741 sicut
709 5698 754 5741 et
786 5688 1011 5758 cognitus
1036 5706 1147 5743 sum
1178 5689 1219 5757 (1
1252 5688 1367 5743 Cor.
1398 5707 1485 5744 xm
1507 5734 1523 5758 ,
1556 5693 1664 5762 12).
1700 5695 1793 5748 Vel
1818 5698 1955 5764 quod
1989 5696 2140 5766 igno-

619 5822 634 5850 ¹
658 5828 864 5889 Quatuor
896 5828 1022 5877 Mss,
1051 5834 1198 5889 quem
1222 5830 1503 5889 prirsentem
1528 5824 1710 5876 videbat
1731 5834 1977 5879 venturum
1997 5864 2009 5883 .
2039 5842 2138 5880 me-

494 5948 497 5951 ,
552 5880 785 5931 armabat.
808 5891 974 5933 tamen
996 5880 1341 5941 iriisericordia.
1372 5892 1461 5935 etc.

3786 469 3856 524 60

2259 577 2380 616 rare
2405 579 2463 619 se
2491 573 2797 633 peccatores
2819 566 2923 621 alio
2950 566 3068 622 loco
3088 567 3344 624 Dominus
3367 570 3599 627 ostendit
3627 571 3813 628 dicens
3831 613 3849 640 ,

2260 653 2382 711 Non
2410 656 2525 710 novi
2551 672 2638 710 vos
2662 655 2874 730 (Matth.
2906 673 3013 723 vn,
3044 657 3136 730 95)
3169 676 3185 712 :
3211 660 3350 728 quod
3378 660 3712 731 signiﬁcabat
3741 662 3848 717 La-

2257 764 2411 804 zarus
2453 748 2727 817 sepultus;
2770 750 2892 818 quia
2937 750 2988 803 in
3032 750 3308 819 disciplina
3338 762 3393 807 et
3421 754 3701 824 praeceptis
3730 754 3851 825 ejus

2258 854 2364 892 non
2394 830 2517 892 siml
2548 849 2781 908 peccata.
2818 840 2950 894 Huic
2980 841 3377 911 interrogationi
3406 844 3577 899 simile
3604 855 3686 899 est
3717 846 3845 901 illud

2256 929 2306 982 in
2345 928 2569 993 Genesi,
2612 930 2774 983 Adam
2805 931 2889 983 ubi
2918 949 2970 986 es
2998 930 3147 999 (Gen.
3179 949 3230 987 ιιι
3256 975 3270 997 ,
3302 934 3405 1003 9)?
3430 935 3691 1003 Quoniam
3721 954 3841 1005 pec-

2253 1031 2496 1081 eaverat.
2526 1030 2578 1075 et
2600 1036 2660 1077 se
2683 1022 3038 1077 absconderat
3065 1040 3091 1077 a
3121 1023 3253 1079 facie
3278 1026 3388 1080 Dei.
3413 1028 3581 1095 Quam
3604 1031 3838 1084 occulta-

2251 1112 2449 1168 tionem
2494 1112 2581 1167 hic
2622 1114 2892 1182 sepultura
2935 1114 3196 1179 signiﬁcat
3225 1134 3239 1170 :
3265 1127 3319 1170 ut
3348 1120 3618 1184 peccantis
3650 1120 3840 1175 habeat

2252 1204 2651 1258 similitudinem
2692 1204 2963 1269 moriens;
3004 1207 3275 1274 sepultus,
3316 1208 3613 1264 absconditi
3645 1225 3671 1261 a
3705 1209 3841 1266 facie

2256 1296 2369 1349 Dei.
2411 1295 2622 1365 Auferte
2644 1304 2824 1350 autem
2856 1296 3074 1366 lapidem
3099 1338 3112 1359 ,
3145 1298 3286 1366 quod
3317 1298 3422 1363 ait,
3456 1299 3575 1353 illos
3606 1311 3734 1368 puto
3761 1301 3837 1355 si-

2248 1387 2499 1456 gnificare
2522 1427 2536 1450 ,
2578 1387 2667 1457 qui
2707 1386 3041 1441 venientibus
3066 1387 3131 1441 ad
3165 1388 3457 1443 Ecclesiam
3487 1405 3552 1445 ex
3578 1390 3840 1446 Gentibus

2250 1492 2384 1532 onus
2417 1475 2837 1531 circumcisionis
2866 1478 3140 1546 imponere
3171 1479 3458 1543 volebant;
3491 1490 3675 1535 contra
3703 1497 3839 1552 quos

2250 1567 2613 1637 multipliciter
2634 1567 2817 1621 scribit
2843 1567 3130 1635 Apostolus
3152 1567 3345 1640 (Colat.
3375 1568 3437 1639 ιι)
3473 1588 3485 1623 :
3514 1571 3598 1624 vel
3628 1586 3722 1626 eos
3747 1571 3837 1641 qui

2246 1658 2298 1712 in
2325 1660 2556 1713 Ecclesia
2582 1668 2830 1729 corrupte
2855 1660 3070 1725 vivunt,
3096 1670 3150 1715 et
3176 1660 3454 1715 offensioni
3477 1672 3600 1716 sunt
3618 1664 3843 1719 credere

2247 1752 2570 1807 volentibus.
2618 1753 2755 1807 Dicit
2794 1753 2870 1807 illi
2914 1752 3117 1807 Martha
3166 1771 3180 1807 :
3225 1754 3471 1820 Domine,
3506 1756 3622 1824 jam
3656 1765 3840 1824 quarta

2247 1844 2353 1897 dies
2404 1852 2509 1909 est,
2562 1854 2608 1897 et
2658 1852 2815 1915 putet.
2874 1843 3127 1899 Ultimum
3173 1855 3398 1915 quatuor
3445 1847 3838 1902 elementorum

2249 1943 2387 1988 terra
2416 1944 2497 1989 est
2525 1953 2540 1989 :
2573 1934 2836 2005 signiﬁcat
2862 1951 2988 2005 ergo
3015 1946 3257 2005 putorem
3285 1946 3614 1992 terrenorum
3644 1952 3835 2007 pecca-

2247 2034 2454 2091 torum,
2501 2026 2555 2081 id
2590 2035 2672 2081 est
2707 2027 3055 2096 cupiditatum
3094 2029 3407 2083 carnalium.
3453 2028 3609 2082 Terra
3634 2046 3718 2093 es,
3750 2031 3836 2083 in-

2246 2116 2360 2185 quit
2400 2116 2529 2169 Adaa
2569 2116 2854 2177 Dominus,
2895 2132 3016 2171 cum
3054 2127 3352 2185 peccasset,
3379 2128 3427 2171 et
3451 2119 3502 2171 in
3529 2128 3715 2171 terram
3743 2120 3837 2173 ibis

2246 2207 2378 2275 (Id.
2426 2224 2514 2275 ιιι,
2566 2209 2678 2279 i9).
2713 2210 2777 2263 Et
2806 2210 3016 2263 sublato
3042 2209 3217 2279 lapide
3242 2211 3371 2264 exiit
3393 2210 3461 2265 de
3488 2220 3837 2266 monumento

2247 2300 2515 2356 involutus
2537 2302 2779 2356 manibus
2803 2311 2856 2356 et
2883 2302 3125 2371 pedibus,
3155 2312 3208 2356 et
3232 2300 3398 2357 facies
3424 2301 3540 2371 ejus
3563 2312 3699 2357 tecta
3720 2311 3837 2357 erat

2244 2392 2481 2446 sudario.
2527 2392 2679 2459 Quod
2717 2401 2893 2447 autem
2924 2394 3061 2448 exiit
3096 2393 3163 2448 de
3196 2405 3570 2461 monumento,
3599 2395 3835 2449 animam

2244 2484 2508 2553 signiﬁcat
2552 2483 2889 2539 recedentem
2934 2499 2965 2538 a
3006 2484 3309 2541 carnalibus
3336 2484 3495 2543 vitiis.
3524 2486 3676 2557 Quod
3706 2507 3835 2547 vero

2244 2576 2441 2632 institis
2483 2576 2765 2633 obvolutus
2784 2618 2799 2643 ,
2842 2576 2945 2633 hoc
2971 2588 3085 2641 est,
3116 2579 3257 2649 quod
3284 2580 3442 2634 etiam
3471 2596 3501 2634 a
3532 2583 3834 2637 carnalibus

2244 2670 2554 2725 recedentes
2577 2678 2632 2725 et
2658 2680 2835 2725 mente
2864 2673 3156 2726 servientes
3180 2673 3278 2742 legi
3305 2674 3429 2740 Dei,
3459 2675 3634 2729 adhuc
3655 2686 3832 2732 tamen

2245 2762 2296 2816 in
2328 2776 2556 2830 corpore
2584 2761 2855 2816 constituti
2885 2763 3041 2816 alieni
3063 2764 3369 2819 aimolesliis
3389 2766 3567 2819 carnis
3583 2782 3703 2821 esse
3725 2783 3832 2822 non

2245 2869 2547 2923 possumus,
2566 2853 2775 2908 dicente
2791 2854 3244 2923 Apostolo,Mente
3254 2857 3411 2910 servio
3433 2856 3529 2928 legi
3549 2858 3661 2925 Dei,
3679 2876 3833 2914 carne

2243 2954 2409 2997 autem
2429 2944 2526 3014 legi
2542 2945 2732 3014 peccati
2756 2943 2928 3017 (Rom.
2950 2961 3039 3011 vn,
3054 2945 3326 3014 25).Quod
3344 2957 3517 3003 autem
3537 2947 3700 3004 facies
3716 2950 3834 3019 ejus

2244 3033 2457 3088 sudario
2489 3044 2623 3089 tecta
2654 3044 2802 3103 erat,
2840 3035 2939 3090 hoc
2962 3044 3073 3101 est,
3105 3038 3246 3105 quod
3277 3038 3327 3090 in
3361 3038 3460 3093 hac
3486 3040 3590 3093 vita
3619 3041 3834 3109 plenam

2243 3127 2601 3194 cognitionem
2656 3127 2849 3182 habere
2900 3144 3003 3182 non
3035 3144 3315 3199 possumus
3343 3173 3357 3196 ,
3386 3132 3524 3186 sicut
3548 3134 3836 3201 Apostolus

2244 3217 2372 3273 dicit
2400 3238 2411 3272 :
2448 3218 2601 3272 Nunc
2623 3222 2842 3275 videmus
2867 3238 2955 3290 per
2974 3222 3232 3292 speculum
3256 3223 3309 3276 in
3333 3224 3599 3295 wnigmate
3617 3267 3631 3289 ,
3661 3235 3838 3295 postea

2250 3320 2416 3363 autem
2442 3311 2572 3382 facie
2592 3310 2661 3363 ad
2686 3314 2865 3380 faciem
2891 3312 2930 3381 (Ι
2962 3310 3079 3365 Cor.
3112 3328 3236 3379 xm,
3262 3313 3374 3384 12).
3402 3314 3468 3368 Et
3487 3315 3619 3369 dixit
3639 3315 3796 3371 Jesus
3820 3333 3834 3370 :

2248 3398 2443 3454 Solvite
2477 3418 2589 3453 eum
2613 3442 2628 3467 ,
2670 3411 2716 3454 et
2754 3402 2900 3455 sinite
2937 3402 3010 3455 ire
3039 3400 3219 3475 (Joan.
3252 3420 3335 3471 χι,
3366 3406 3516 3475 1-44)
3542 3424 3555 3467 ;
3586 3406 3687 3461 hoc
3717 3416 3835 3473 est,

2248 3489 2387 3558 quod
2430 3498 2548 3558 post
2590 3490 2727 3545 hanc
2764 3492 2927 3545 vitam
2969 3493 3275 3548 auferentur
3297 3497 3473 3550 omnia
3502 3498 3837 3566 velamenta,

2246 3590 2303 3634 ut
2333 3580 2464 3635 facie
2489 3580 2556 3634 ad
2584 3580 2770 3636 faciem
2801 3582 3093 3637 videamus.
3127 3583 3393 3651 Quantum
3420 3596 3595 3641 autem
3628 3588 3841 3644 intersit

2247 3672 2386 3727 inter
2433 3672 2701 3725 hominem
2755 3688 2912 3742 quem
2964 3674 3055 3728 Dei
3100 3674 3369 3745 Sapientia
3416 3678 3697 3747 gestabat,
3746 3696 3842 3749 per

2247 3778 2405 3831 quem
2437 3763 2641 3817 liberati
2667 3777 2850 3817 sumus
2870 3804 2886 3828 ,
2909 3774 2963 3819 et
2987 3775 3212 3821 czeteros
3238 3768 3479 3822 homines
3502 3812 3517 3835 ,
3542 3768 3663 3824 hinc
3686 3771 3845 3826 intel-

2248 3856 2425 3925 ligitur
2448 3897 2463 3921 ,
2493 3856 2634 3927 quod
2666 3857 2899 3911 Lazarus
2926 3859 3025 3912 nisi
3056 3861 3239 3915 exiens
3265 3862 3333 3917 de
3360 3876 3705 3919 monumento
3733 3882 3841 3921 non

2246 3950 2507 4013 solvitur;
2545 3950 2595 4003 id
2626 3959 2741 4015 est,
2770 3953 2927 4005 etiam
2955 3961 3138 4005 renata
3168 3954 3341 4008 anima
3372 3955 3474 4009 nisi
3505 3958 3835 4013 resolutione

2247 4040 2488 4108 Corporis
2535 4039 2700 4094 libera
2747 4041 2814 4094 ab
2855 4043 3000 4096 omni
3050 4052 3267 4111 peccato
3301 4053 3355 4098 et
3400 4046 3690 4115 ignorantia
3719 4064 3843 4104 esse

2249 4146 2354 4185 non
2401 4140 2607 4199 potest,
2657 4134 2907 4202 quamdiu
2954 4150 3049 4203 per
3084 4137 3357 4204 speculum
3398 4147 3454 4192 et
3480 4140 3529 4193 in
3556 4141 3844 4209 aenigmate

2249 4224 2392 4279 videt
2441 4224 2719 4279 Dominum
2763 4243 2776 4279 :
2820 4227 2959 4281 illius
2996 4236 3173 4282 autem
3205 4229 3221 4260 ¹
3263 4231 3566 4285 linteamina
3595 4242 3649 4288 et
3675 4234 3843 4288 suda-

2248 4318 2386 4372 rium
2408 4359 2422 4382 ,
2466 4319 2553 4388 qui
2597 4331 2869 4388 peccatum
2897 4336 3002 4374 non
3031 4321 3187 4389 fecit,
3218 4332 3271 4377 et
3301 4323 3430 4377 nihil
3461 4325 3717 4395 ignoravit
3746 4368 3760 4391 ,
3788 4327 3842 4382 in

2249 4419 2594 4464 monumento
2622 4412 2830 4465 inventa
2857 4424 2980 4467 sunt
3003 4412 3111 4485 (Id.
3141 4430 3206 4467 xx
3228 4456 3242 4479 ,
3275 4415 3350 4486 7).
3382 4416 3495 4485 Ipse
3525 4418 3667 4471 enim
3693 4418 3843 4472 solus

2253 4500 2305 4553 in
2334 4515 2497 4554 carne
2527 4516 2628 4555 non
2664 4510 2867 4556 tantum
2897 4514 3243 4558 monumento
3266 4520 3371 4560 non
3401 4515 3484 4561 est
3509 4522 3798 4576 oppressus
3824 4549 3840 4577 ,

2252 4599 2308 4645 ut
2336 4591 2547 4660 aliquod
2576 4602 2846 4660 peccatum
2878 4596 2929 4647 in
2955 4610 3021 4648 eo
3046 4595 3372 4651 inveniretur
3398 4596 3546 4665 (lsai.
3580 4614 3668 4652 LIII
3689 4640 3705 4663 ,
3738 4598 3838 4667 9),

2250 4681 2345 4735 sed
2372 4698 2469 4736 nec
2496 4682 2672 4737 linteis
2703 4684 3002 4751 implicatus
3024 4726 3039 4752 ,
3068 4694 3121 4738 ut
3148 4701 3270 4741 eum
3292 4686 3487 4757 aliquid
3517 4688 3724 4754 lateret,
3750 4697 3845 4743 aut

2248 4772 2316 4826 ab
2344 4772 2532 4827 itinere
2562 4773 2875 4829 retardaret.

2249 4862 2428 4919 LXVI.
2480 4862 2558 4917 De
2598 4881 2654 4917 eo
2682 4866 2818 4935 quod
2841 4866 3083 4937 scriptum
3101 4876 3204 4931 est,
3229 4868 3309 4921 An
3335 4869 3611 4935 ignoratis,
3649 4872 3843 4928 fratres

2325 4954 2633 5027 (scientibus
2658 4957 2797 5009 enim
2814 4956 3007 5026 Legem
3032 4956 3387 5031 loquor),quia
3407 4960 3517 5015 Lex
3537 4962 3845 5018 dominatur

2322 5044 2562 5109 homini,
2603 5045 2652 5097 in
2687 5055 2942 5114 quantum
2992 5055 3199 5116 tempus
3242 5049 3410 5102 vivit?
3440 5068 3594 5120 usque
3622 5052 3691 5105 ad
3716 5069 3834 5107 eum

2321 5138 2488 5191 locum
2536 5138 2588 5190 in
2628 5154 2726 5204 quo
2756 5140 2997 5210 scriptum
3040 5151 3148 5205 est,
3178 5141 3472 5197 Viviﬁcabit
3518 5152 3573 5198 et
3595 5148 3843 5203 mortalia

2321 5242 2543 5297 corpora
2589 5237 2764 5281 vestra
2813 5245 2906 5297 per
2948 5230 3327 5287 iuhabitantem
3356 5232 3608 5303 Spiritum
3637 5238 3754 5305 ejus
3789 5240 3842 5293 in

2318 5320 2467 5373 vobis
2494 5318 2669 5389 (Rom.
2696 5336 2919 5388 vn-vm,
2953 5322 3065 5394 Η).

2322 5410 2375 5464 1.
2405 5410 2691 5479 Apostolus
2721 5412 2773 5464 in
2803 5412 2901 5466 hac
2924 5412 3270 5468 similitudine
3294 5457 3308 5480 ,
3338 5416 3389 5469 in
3418 5432 3519 5487 qua
3549 5418 3616 5472 de
3642 5420 3761 5473 viro
3787 5431 3843 5475 et

2248 5500 2470 5556 muliere
2513 5503 2779 5571 loquitur,
2820 5504 3071 5573 quoniam
3107 5507 3298 5561 mulier
3325 5516 3534 5563 tenetur
3559 5510 3674 5579 lege
3702 5513 3839 5577 viri,

2248 5594 2346 5647 tria
2390 5594 2632 5663 quaedam
2676 5595 3057 5649 consideranda
3097 5599 3475 5664 commendat;
3518 5603 3839 5673 mulierem,

2248 5687 2417 5740 virum
2442 5728 2457 5752 ,
2500 5696 2554 5741 et
2583 5688 2752 5756 legem
2784 5706 2796 5741 :
2825 5689 3099 5745 mulierem
3127 5693 3331 5748 scilicet
3360 5694 3695 5766 subjugatam
3722 5702 3843 5753 viro

2250 5796 2343 5848 per
2366 5780 2632 5835 vinculum
2654 5782 2783 5850 legis
2807 5822 2822 5847 ,
2850 5798 2956 5850 quo
2979 5785 3190 5841 vinculo
3220 5796 3391 5842 morte
3416 5790 3514 5843 viri
3544 5791 3837 5861 liberatur,

2312 5895 2325 5923 ί
2351 5899 2445 5940 Ital.
2473 5899 2523 5941 et
2548 5898 2639 5951 En,
2657 5903 2706 5941 in
2726 5900 2977 5955 wnrgmutc
2994 5896 3137 5946 ridet.
3156 5898 3345 5949 Domini
3378 5908 3559 5951 autem.
