4136 6532
316 446 381 504 ει
1778 437 1981 496 LIBER
2021 436 2225 495 U‘NUS.
3556 450 3630 507 ea

318 583 379 631 ut
423 570 513 628 cui
555 568 677 624 vult
717 564 900 620 nubat.
945 560 1034 617 Sic
1070 557 1215 616 enim
1257 554 1387 611 dicit
1416 573 1430 611 :
1460 551 1652 609 Mulier
1677 551 1810 608 enim
1833 550 1928 606 sub

318 666 464 729 viro,
512 662 627 716 vivo
673 657 890 721 marito,
925 655 1109 720 juncta
1149 657 1222 704 est
1261 646 1359 718 legi
1391 660 1411 700 :
1439 646 1483 699 si
1507 654 1674 698 autem
1699 651 1927 697 mortuus

323 757 476 830 fuerit
524 754 603 807 vir
647 752 793 821 ejus,
839 753 1075 801 evacuata
1112 750 1185 795 est
1211 758 1241 794 ιι
1267 739 1373 809 lege
1397 737 1508 790 viri.
1542 734 1711 806 Igitur
1738 734 1928 787 vivente

322 825 427 902 uiro
456 843 718 898 vocabitur
737 838 966 892 adultera
986 876 1002 899 ,
1030 833 1074 888 si
1099 831 1245 903 fuerit
1273 846 1384 882 cum
1405 826 1505 879 alio
1528 826 1631 879 viro
1654 840 1672 879 :
1694 825 1737 877 si
1759 833 1925 877 autem

325 948 555 992 mortuus
598 932 752 1005 fuerit
794 930 869 984 vir
911 929 1021 998 ejus
1044 967 1058 987 ,
1093 924 1300 976 liberata
1327 929 1398 974 est
1427 936 1458 971 a
1484 918 1590 989 lege
1612 960 1626 983 ,
1654 926 1711 970 ut
1736 933 1835 969 non
1859 918 1924 970 sit

326 1030 559 1083 adultera
579 1069 595 1087 ,
622 1025 667 1077 si
693 1022 845 1094 fuerit
871 1036 984 1073 cum
1014 1018 1115 1070 alio
1141 1015 1267 1068 viro.
1301 1012 1414 1066 lluc
1440 1026 1604 1079 usque
1629 1008 1923 1065 similitudo

329 1131 435 1177 est.
484 1116 685 1173 Deinde
732 1112 917 1181 incipit
959 1124 1069 1163 rem
1116 1106 1289 1175 loqui,
1337 1102 1424 1158 cui
1467 1101 1815 1171 explanandua
1859 1115 1923 1156 ac

330 1210 618 1285 probanda:
644 1202 1045 1262 similitudinem
1076 1198 1297 1253 induxit.
1333 1195 1387 1248 In
1415 1210 1515 1265 qua
1542 1193 1701 1248 etiam
1732 1206 1791 1247 re
1822 1192 1921 1245 tria

330 1284 573 1361 similiter
620 1295 942 1355 attendeuda
988 1300 1157 1356 sunt;
1204 1288 1402 1347 homo.
1451 1294 1766 1355 peccatum,
1812 1284 1918 1338 lex.

328 1398 551 1456 Tamdiu
592 1395 735 1449 enim
775 1390 903 1445 dicit
931 1386 1030 1441 sub
1054 1385 1168 1453 lege
1194 1396 1313 1435 esse
1341 1377 1608 1433 hominem
1630 1419 1644 1442 ,
1669 1374 1921 1446 quamdiu

324 1493 452 1545 vivit
476 1496 733 1559 peccato;
767 1474 1215 1552 quemadmodum
1245 1470 1443 1525 tamdiu
1470 1468 1660 1522 mulier
1684 1466 1782 1520 sub
1805 1466 1921 1559 lege

322 1584 427 1637 viri
455 1555 541 1637 est
565 1622 579 1643 ,
608 1574 859 1647 quamdiu
885 1569 1014 1623 vivit
1036 1566 1115 1620 vir
1136 1567 1177 1619 ¹.
1207 1565 1314 1618 lloc
1339 1569 1515 1615 autem
1537 1566 1812 1630 peccatum
1836 1555 1922 1610 hic

323 1669 733 1742 intelligendum
753 1676 856 1724 est.
878 1661 1019 1734 quod
1041 1656 1268 1714 accessit
1288 1669 1381 1723 per
1404 1652 1595 1721 legem.
1620 1647 1770 1716 Quod
1794 1662 1921 1742 pec-

318 1738 526 1822 catum-
550 1763 679 1816 dicit
717 1773 878 1828 supra
920 1752 1137 1809 modum
1186 1762 1339 1811 esse;
1386 1743 1637 1815 quoniam
1664 1756 1785 1794 cum
1811 1738 1919 1808 jam

320 1864 583 1929 appareat
608 1868 728 1908 esse
754 1855 1029 1919 peccatum
1056 1885 1071 1907 ,
1101 1842 1159 1894 lit
1183 1850 1393 1899 tamen,
1423 1844 1477 1889 et
1504 1832 1750 1929 adjuncta
1779 1844 1918 1899 prae-

321 1924 652 2007 varicatione
697 1941 996 1998 cumulatur
1024 1937 1067 1987 ².
1113 1931 1209 1988 Ubi
1258 1930 1391 1983 enim
1432 1942 1531 1979 non
1569 1924 1783 1985 estlez,
1830 1936 1921 1973 nec

322 2033 715 2115 ρνανυατὶταιίο(
742 2034 891 2088 Rom.
922 2043 1006 2093 iv,
1028 2026 1140 2094 l5).
1162 2024 1227 2077 Et
1255 2022 1358 2075 hoc
1382 2026 1465 2073 est
1491 2014 1628 2115 quod
1657 2013 1815 2077 dicit,
1852 2010 1920 2066 Ut

320 2108 416 2207 jiat
457 2150 618 2201 supra
661 2127 866 2183 modum
905 2129 1167 2194 peccator,
1198 2123 1286 2169 aut
1319 2120 1576 2183 peccatum
1604 2108 1624 2140 ³
1653 2124 1744 2207 per
1770 2123 1918 2159 man-

323 2198 533 2283 datum.
567 2225 903 2293 Quapropter
930 2215 1101 2283 legem
1120 2253 1136 2277 ,
1168 2206 1408 2279 quamvis
1436 2219 1467 2258 a
1494 2198 1762 2271 peccando
1793 2212 1919 2267 pro-

327 2322 529 2384 hibeat,
546 2332 652 2372 non
685 2323 863 2368 tamen
894 2309 969 2362 sic
995 2304 1124 2359 dicit
1150 2302 1349 2363 datam,
1374 2304 1430 2349 ut
1455 2294 1708 2384 liberaret
1737 2304 1766 2343 a
1798 2303 1920 2358 pec-

321 2424 480 2476 cato;
516 2381 620 2463 sed
668 2414 729 2461 ut
769 2402 1161 2457 demonstraret
1203 2398 1512 2462 peccatum,
1559 2383 1643 2438 cui
1680 2381 1919 2437 serviens

322 2508 503 2561 anima
528 2502 687 2557 debet
711 2512 771 2552 se
796 2494 862 2549 ad
890 2490 1112 2563 gratiam
1138 2481 1463 2540 Liberatoris
1489 2484 1833 2533 convertere.
1862 2480 1919 2526 ut

318 2614 355 2652 ει
402 2604 620 2667 peccato
667 2590 941 2645 liberetur.
986 2580 1090 2635 Per
1129 2580 1287 2647 legem
1324 2573 1457 2667 enim
1486 2568 1704 2667 cognitio
1730 2564 1921 2636 peccati

326 2662 445 2763 (Id.
490 2702 584 2751 ιιι,
624 2682 741 2749 21).
793 2678 860 2732 Ει
896 2673 1000 2728 alio
1040 2672 1157 2725 loco
1198 2668 1365 2721 dicit:
1400 2662 1505 2718 Sed
1535 2668 1796 2763 peccatum
1820 2698 1835 2722 ,
1866 2664 1919 2708 ut

325 2751 575 2853 appareat
603 2783 862 2847 peccatum
886 2810 900 2835 ,
931 2784 1018 2839 per
1042 2764 1227 2819 bonum
1250 2765 1525 2853 operatum-
1538 2762 1609 2808 est
1634 2751 1759 2805 mihi
1784 2765 1921 2801 mor-

491 2868 587 2926 Ubi
628 2880 758 2936 ergo
793 2876 899 2916 non
932 2867 1012 2913 est
1035 2854 1200 2926 gratia
1233 2847 1589 2911 Liberatoris,
1618 2850 1775 2913 auget
1800 2856 1921 2911 pec-

325 2961 485 3019 candi
529 2933 855 3015 desiderium
899 2947 1186 3019 prohibitio
1219 2950 1580 3013 peccatorum.
1617 2934 1767 3002 Quod
1803 2933 1923 3003 qui-

329 3055 455 3110 dem
488 3050 554 3105 ad
585 3049 687 3103 hoc
713 3046 843 3101 utile
871 3052 986 3107 est,
1017 3048 1075 3094 ut
1103 3036 1296 3091 sentiat
1318 3031 1494 3087 anima
1524 3043 1581 3082 se
1614 3027 1781 3097 ipsam
1814 3039 1920 3078 non

320 3146 424 3201 sibi
469 3141 717 3199 sufﬁcere
755 3137 823 3192 ad
868 3129 1257 3189 extrahendum
1307 3142 1366 3181 se
1407 3123 1477 3179 de
1510 3122 1767 3178 servitute
1798 3133 1922 3188 pec-

320 3237 427 3293 cati
457 3254 472 3301 ;
518 3242 679 3303 atque
720 3231 824 3285 hoc
860 3225 1021 3282 modo
1054 3223 1450 3278 detmneseente
1476 3224 1634 3285 atque
1661 3212 1920 3268 exstincta

319 3333 469 3388 omni
511 3326 796 3397 superbia,
843 3322 1099 3381 subdatur
1126 3314 1418 3371 Liberatori
1450 3326 1550 3365 suo
1573 3352 1587 3374 ,
1619 3309 1924 3363 sinceriter-

319 3438 426 3494 que
474 3421 639 3475 homo
680 3416 852 3477 dicat,
898 3409 1126 3466 Adhazsit
1165 3406 1335 3459 anima
1376 3420 1486 3457 mea
1527 3411 1637 3468 post
1675 3410 1722 3453 te
1749 3398 1922 3470 (Psal.

320 3493 432 3573 1.er
456 3557 473 3581 ,
526 3513 583 3583 9)
632 3529 647 3564 :
695 3508 837 3580 quod
884 3517 965 3561 est
986 3504 1094 3573 jam
1124 3516 1229 3555 non
1259 3513 1377 3554 esse
1406 3497 1504 3551 sub
1536 3495 1651 3564 lege
1684 3493 1920 3562 peccati,

316 3611 414 3668 sed
461 3611 514 3663 in
556 3608 672 3676 lege
708 3601 948 3673 justititc.
977 3599 1087 3654 Lex
1118 3603 1294 3650 autem
1324 3591 1523 3661 peccati
1551 3590 1745 3644 dicitur
1768 3629 1783 3651 ,
1817 3603 1921 3641 non

314 3704 445 3773 quia
495 3701 584 3755 lex
633 3699 745 3765 ipsa
795 3700 1069 3763 peccatum
1114 3696 1234 3745 est.
1276 3684 1369 3740 sed
1401 3684 1520 3753 quia
1556 3680 1924 3749 peccatoribus

316 3772 637 3861 imponitur.
688 3785 811 3840 Ideo
860 3783 1020 3836 etiam
1067 3779 1153 3833 lex
1196 3776 1409 3837 mortis,
1462 3773 1583 3843 quia
1620 3772 1924 3841 stipendium

314 3882 517 3953 peccati
541 3920 557 3945 ,
601 3894 735 3932 mors
771 3874 948 3944 (Rom.
987 3888 1036 3926 γι
1062 3913 1076 3936 ,
1105 3869 1198 3941 2⁸5)
1227 3885 1245 3931 ;
1275 3865 1480 3919 aculeus
1509 3866 1684 3917 mortis
1707 3905 1721 3928 ,
1750 3880 1925 3933 pecca-

319 3986 473 4035 tum;
511 3972 670 4024 virtus
706 3977 876 4019 autem
918 3962 1140 4033 peccati,
1174 3962 1255 4013 lea:
1283 3956 1324 4027 (l
1355 3956 1472 4010 Cor.
1507 3971 1578 4009 xv
1599 3997 1613 4017 ,
1642 3953 1756 4025 56).
1791 3954 1924 4007 Pec-

319 4062 497 4120 cando
536 4061 679 4115 enim
720 4055 785 4111 ad
828 4064 1053 4109 mortem
1092 4051 1337 4106 labimur.
1371 4045 1752 4100 Vehementius
1780 4043 1922 4097 enim

318 4168 608 4226 peccamus
652 4150 768 4218 lege
817 4144 1165 4215 prohibente,
1204 4154 1361 4209 quam
1404 4137 1449 4191 si
1480 4135 1620 4189 nulla
1651 4136 1764 4205 lege
1796 4150 1916 4202 pro-

320 4249 658 4303 hiberemnr.
700 4237 999 4294 Accedenle
1045 4242 1222 4287 autem
1265 4231 1462 4300 gratia,
1510 4228 1738 4296 idipsum
1777 4226 1918 4295 quod

321 4343 407 4395 lex
447 4349 681 4391 onerose
718 4331 986 4401 jusserat,
1013 4326 1124 4395 jam
1155 4324 1268 4378 sine
1295 4337 1458 4377 onere
1483 4334 1547 4373 ac
1575 4318 1925 4373 libentissime

320 4429 630 4499 implemus.
678 4425 785 4479 Lex
823 4436 950 4490 ergo
987 4416 1186 4488 peccati
1228 4425 1281 4470 et
1323 4414 1546 4477 mortis,
1576 4412 1624 4466 id
1654 4420 1776 4475 est,
1806 4426 1925 4478 qua:

320 4520 574 4590 imposita
621 4526 703 4571 est
748 4511 1090 4584 peccantibus
1127 4518 1287 4578 atque
1326 4505 1714 4567 morientibus,
1768 4503 1921 4571 jubet

323 4624 533 4669 tantum
574 4627 644 4665 ne
682 4607 1151 4675 concupiscamus,
1192 4611 1244 4655 et
1274 4610 1447 4655 tamen
1477 4597 1922 4667 concupiscimus.

322 4705 435 4761 Lex
475 4713 659 4759 autem
702 4699 920 4769 spiritus
960 4696 1117 4757 vitae,
1161 4708 1279 4762 qua:
1313 4690 1541 4760 pertinet
1566 4688 1631 4743 ad
1657 4687 1881 4757 gratiam
1906 4727 1922 4749 ,

324 4807 381 4852 et
421 4796 617 4849 liberat
658 4808 685 4844 a
731 4791 846 4858 lege
875 4786 1072 4857 peccati
1101 4795 1152 4839 et
1181 4783 1401 4846 mortis,
1434 4780 1556 4836 facit
1580 4789 1638 4833 ut
1663 4795 1767 4833 non
1799 4792 1928 4833 con-

326 4891 705 4959 Cnpiscamus,
728 4894 783 4938 et
810 4883 1125 4951 impleamus
1144 4878 1289 4945 jussa
1320 4875 1451 4945 legis
1471 4915 1486 4939 ,
1517 4887 1621 4927 non
1648 4872 1757 4939 jam
1787 4873 1926 4926 servi

325 4982 462 5051 legis
510 4994 608 5049 per
654 4977 928 5038 timorem,
979 4970 1073 5026 sed
1124 4968 1278 5022 amici
1332 4983 1424 5036 per
1472 4965 1825 5024 charitatem,
1873 4972 1931 5018 et

322 5073 467 5129 servi
509 5069 728 5141 justitia:
778 5064 921 5119 unde
965 5064 1051 5117 illa
1099 5062 1179 5114 lex
1213 5059 1540 5128 promulgata
1568 5066 1670 5111 est.
1701 5056 1930 5111 iustitiae

320 5175 507 5221 autem
540 5177 644 5216 non
675 5156 941 5214 serviliter
961 5196 975 5219 ,
1006 5152 1102 5209 sed
1130 5150 1420 5205 liberaliter
1447 5147 1789 5203 serviendum
1815 5154 1927 5211 est,

325 5257 379 5311 id
426 5264 543 5317 est,
583 5252 846 5306 charitate
876 5248 1049 5317 potius
1075 5259 1231 5313 quam
1261 5244 1469 5297 timore.
1505 5241 1732 5310 Ideoque
1763 5241 1931 5294 veris-

326 5350 466 5401 sime
510 5345 707 5399 dictum
751 5348 833 5395 est
858 5381 872 5401 ,
908 5337 1089 5407 Legem
1128 5352 1246 5406 ergo
1285 5351 1589 5388 evacuamus
1620 5351 1708 5402 per
1732 5332 1931 5401 Iidem?

329 5440 471 5493 Absit
517 5453 536 5491 :
574 5435 664 5490 sed
689 5436 852 5504 legem
880 5430 1144 5484 statuimus
1172 5427 1347 5498 (Rom.
1378 5441 1431 5479 ιιι
1458 5467 1473 5491 ,
1504 5423 1615 5495 51).
1648 5425 1761 5479 Hoc
1787 5423 1929 5479 enim

327 5531 495 5585 efﬁcit
525 5527 657 5583 ﬁdes
677 5569 692 5592 ,
722 5523 867 5595 quod
891 5522 971 5575 lex
994 5520 1164 5590 jubet.
1198 5517 1460 5574 Statuitur
1481 5531 1608 5587 ergo
1624 5516 1717 5571 “lex
1744 5532 1838 5586 per
1869 5518 1932 5569 li-

392 5666 409 5697 ι
430 5671 528 5714 Rat.
557 5670 610 5711 ct
632 5668 844 5726 quatuor
864 5664 995 5715 Mss,
1013 5668 1132 5726 mo.

392 5730 412 5759 ³
432 5712 516 5776 Sic
547 5712 767 5788 tmtibres
804 5728 914 5769 Mss.
954 5712 1011 5767 At
1042 5718 1188 5777 editi,
1226 5713 1555 5776 cumulatum;
1588 5712 1669 5763 vel
1714 5712 1933 5765 cumula-

328 5788 573 5908 ακξᾌῃίιί,
616 5852 705 5897 aut
736 5856 942 5901 peccans
960 5846 1229 5908 peccatum.
1246 5842 1455 5892 Verbum
1474 5874 1488 5899 ,
1515 5852 1717 5900 peccans
1736 5877 1748 5899 ,
1776 5852 1803 5887 ι
1828 5846 1918 5887 MSS

326 5923 483 5976 sum,
506 5903 611 5966 et'a
638 5922 805 5972 manu:
831 5916 972 5954 textu
995 5913 1042 5965 Αι
1060 5903 1221 5953 Οὸιι-ιὶ.

2034 546 2157 603 dem
2188 565 2203 602 :
2230 563 2351 619 quae
2377 548 2510 606 ﬁdes
2538 549 2584 606 si
2611 565 2716 607 non
2746 552 2848 617 sit,
2872 553 3024 624 jubet
3049 562 3253 613 tantum
3282 556 3368 616 lex
3392 601 3409 627 ,
3441 570 3499 617 et
3524 578 3630 618 non
3712 596 3715 599 ›

2034 642 2319 712 implentes
2340 641 2489 714 jussa
2508 686 2522 710 ,
2546 660 2671 701 reos
2693 654 2840 702 tenet
2862 687 2877 713 ,
2905 656 2965 702 ut
2988 664 3082 703 eos
3110 663 3387 720 gementes
3410 654 3426 685 ί
3449 665 3500 708 et
3523 671 3630 711 non

2031 732 2273 788 valentes
2299 734 2523 804 implere
2549 751 2668 805 qua:
2693 735 2840 806 jussa
2868 746 3032 807 sunt,
3060 739 3126 795 ad
3151 742 3374 812 gratiam
3406 742 3630 800 Libera-

2033 824 2164 878 toris
2189 823 2477 894 aliquando
2500 836 2795 881 convertat.

2100 916 2154 970 2.
2185 918 2317 970 Cum
2361 933 2491 988 ergo
2530 921 2627 974 tria
2669 921 2908 990 quaidam
2950 921 3003 976 in
3042 922 3126 978 illa
3168 924 3511 981 similitudine
3542 928 3627 981 vi-

2030 1006 2284 1072 deamus,
2317 1011 2629 1079 mulierem,
2662 1014 2833 1067 virum
2856 1057 2871 1079 ,
2914 1026 2965 1068 et
2998 1016 3165 1086 legem
3193 1034 3207 1081 ;
3240 1026 3292 1071 et
3331 1036 3539 1073 rursum
3573 1021 3625 1076 in

2029 1096 2130 1153 hac
2156 1115 2211 1153 re
2239 1109 2456 1171 propter
2482 1117 2639 1169 quam
2667 1103 2959 1158 similitudo
2978 1105 3211 1160 adhibita
3234 1115 3335 1174 est,
3369 1110 3487 1173 tria,
3512 1112 3628 1164 ani-

2028 1204 2205 1255 mam,
2239 1201 2548 1260 peccatum,
2589 1204 2641 1248 et
2684 1195 2856 1264 legem
2903 1200 3102 1267 peccati
3137 1216 3149 1250 :
3185 1199 3285 1254 hoc
3326 1202 3496 1255 solum
3542 1201 3627 1258 hic

2029 1279 2296 1336 diversum
2342 1293 2459 1351 est,
2506 1285 2647 1355 quod
2692 1287 2741 1341 in
2780 1288 2864 1341 illa
2896 1289 3242 1346 similitudine
3272 1292 3352 1346 vir
3381 1296 3623 1361 moritur,

2028 1380 2088 1425 ut
2116 1375 2277 1428 nubat
2306 1377 2497 1431 mulier
2522 1378 2605 1432 cui
2635 1379 2797 1444 volet,
2830 1390 2880 1434 et
2910 1398 2940 1435 a
2971 1382 3085 1452 lege
3115 1385 3211 1437 viri
3241 1386 3508 1451 solvatur;
3542 1388 3628 1445 hic

2028 1472 2205 1517 autem
2240 1464 2350 1535 ipsa
2380 1467 2553 1520 anima
2582 1468 2806 1522 moritur
2832 1481 3071 1539 peccato,
3102 1482 3162 1527 ut
3189 1474 3351 1528 nubat
3375 1475 3623 1543 Christo;

2027 1567 2144 1607 cum
2177 1567 2353 1610 autem
2387 1558 2613 1613 moritur
2640 1569 2886 1628 peccato,
2916 1563 3144 1617 moritur
3169 1565 3330 1619 etiam
3372 1567 3471 1637 legi
3503 1584 3626 1635 pec-

2026 1646 2151 1700 cati.
2183 1646 2395 1719 Itaque,
2440 1652 2544 1718 ait,
2586 1655 2768 1723 fratres
2804 1654 2935 1721 mei,
2967 1665 3016 1708 et
3043 1672 3129 1709 vos
3156 1660 3339 1711 mortui
3368 1661 3487 1714 estis
3528 1659 3627 1732 legi

2028 1760 2117 1811 per
2140 1761 2324 1811 corpus
2351 1744 2557 1815 Christi,
2586 1760 2641 1803 ut
2665 1752 2774 1805 sitis
2796 1751 3004 1806 alterius
3029 1754 3115 1820 qui
3138 1770 3200 1807 ea:
3223 1756 3432 1808 mortuis
3457 1772 3626 1809 resur-

2025 1837 2173 1899 rexit,
2197 1846 2252 1890 ut
2279 1838 2639 1908 fructiﬁcemus
2664 1840 2790 1895 Deo.
2816 1841 2940 1897 Cum
2967 1845 3099 1898 enim
3127 1862 3345 1899 essemus
3373 1848 3427 1899 in
3451 1863 3622 1911 carne,

2028 1926 2232 1997 inquit,
2271 1929 2323 1983 id
2354 1939 2465 1996 est,
2497 1932 2799 1987 carnalibus
2829 1933 3107 1988 desideriis
3137 1936 3375 1990 obstricti
3409 1945 3623 1992 tenere-

2026 2033 2175 2082 mur,
2209 2021 2463 2089 passiones
2505 2033 2823 2092 peccatorum
2862 2041 2975 2095 qua:
3005 2042 3095 2095 per
3133 2026 3291 2096 legem
3320 2037 3465 2092 sunt,
3501 2044 3625 2097 ope-

2025 2108 2269 2163 rabantur
2298 2111 2349 2164 in
2376 2113 2607 2166 membris
2637 2114 2821 2167 nostris
2843 2157 2857 2181 ,
2890 2126 2945 2167 ut
2983 2121 3203 2186 fructum
3241 2117 3428 2186 ferrent
3453 2119 3622 2171 morti.

2026 2201 2193 2255 Aucta
2224 2203 2650 2270 concupiscentia
2671 2246 2685 2270 ,
2718 2221 2875 2273 quam
2921 2205 3004 2259 lex
3053 2206 3366 2275 prohibet’,
3398 2209 3483 2262 ubi
3517 2224 3623 2261 non

2025 2301 2139 2346 erat
2167 2292 2319 2357 fides,
2348 2304 2401 2348 et
2424 2294 2488 2347 ad
2514 2296 2783 2350 cumulum
2812 2306 3149 2366 peccatorum
3177 2299 3624 2366 prmvaricationis

2025 2384 2227 2438 crimen
2260 2394 2340 2439 est
2372 2386 2637 2455 adjectum
2671 2407 2683 2441 :
2713 2390 2835 2458 quia
2876 2391 2961 2443 ubi
2991 2407 3093 2443 non
3121 2400 3192 2445 est
3218 2391 3331 2457 lex,
3366 2407 3454 2444 nec
3495 2407 3626 2459 prte-

2025 2477 2285 2531 varicatio.
2318 2477 2424 2531 llas
2466 2478 2595 2533 dicit
2637 2481 2939 2548 passiones,
2974 2497 3092 2550 quae
3137 2497 3232 2551 per
3267 2483 3439 2551 legem
3477 2492 3623 2547 sont,

2026 2567 2319 2636 operatas’
2364 2568 2416 2622 in
2462 2569 2718 2623 membris
2765 2570 2994 2634 nostris,
3041 2580 3096 2624 ut
3143 2570 3374 2626 fructum
3425 2571 3628 2627 ferrent

2026 2657 2203 2711 morti.
2234 2657 2346 2712 Sub
2376 2657 2490 2712 istis
2519 2658 2877 2728 passionibus,
2909 2669 3157 2729 tanquam
3185 2661 3284 2715 sub
3309 2661 3423 2714 viro
3449 2660 3625 2715 domi-

2027 2759 2221 2813 nante,
2268 2750 2457 2819 agebat
2505 2750 2681 2804 anima
2728 2760 3013 2821 antequam
3061 2753 3267 2806 veniret
3312 2753 3483 2822 gratia
3532 2769 3627 2822 per

2029 2838 2209 2893 ﬁdem.
2244 2838 2339 2893 llis
2369 2855 2498 2910 ergo
2527 2840 2865 2909 passionibus
2893 2842 3151 2908 moritur,
3192 2842 3280 2911 qui
3318 2843 3426 2911 jam
3464 2846 3629 2898 servit

2028 2939 2208 2984 mente
2256 2930 2357 3000 legi
2410 2931 2538 2996 Dei;
2596 2932 2839 3002 quamvis
2886 2932 3014 3001 ipsrc
3068 2933 3343 3001 passiones
3391 2934 3628 2989 nondum

2028 3029 2253 3074 morture
2274 3021 2402 3086 sint,
2425 3021 2677 3090 quamdiu
2701 3036 2863 3076 carne
2883 3021 3049 3075 servit
3070 3022 3170 3092 legi
3195 3023 3419 3091 peccati.
3446 3023 3630 3078 Itestat

2028 3128 2156 3182 ergo
2198 3112 2373 3167 adhuc
2412 3111 2610 3183 aliquid
2650 3113 2697 3167 ei
2734 3113 2821 3183 qui
2858 3120 2941 3167 est
2974 3113 3072 3168 sub
3102 3114 3267 3184 gratia
3288 3155 3303 3177 ,
3336 3114 3475 3183 quod
3506 3132 3627 3170 eum

2029 3219 2135 3258 non
2173 3204 2379 3270 vincat,
2427 3220 2527 3259 nec
2566 3205 2832 3273 captivum
2859 3204 3050 3271 ducat,
3084 3205 3255 3260 donec
3280 3206 3632 3265 mortiﬁcetur

2028 3303 2196 3349 totum
2220 3295 2359 3364 quod
2382 3296 2769 3350 consuetudine
2793 3310 2950 3365 prava
2974 3295 3284 3351 roboratum
3309 3307 3391 3352 est
3414 3308 3466 3353 et
3488 3299 3630 3354 unde

2028 3401 2224 3456 corpus
2262 3388 2421 3442 etiam
2465 3403 2607 3442 nunc
2642 3397 2910 3442 mortuum
2954 3402 3075 3443 esse
3116 3388 3345 3454 dicitur,
3377 3390 3629 3457 quamdiu

2033 3493 2135 3531 non
2169 3477 2400 3546 perfecte
2436 3479 2599 3532 servit
2640 3477 2866 3549 spiritui.
2901 3478 3183 3548 Continget
3210 3489 3386 3533 autem
3419 3489 3474 3533 ut
3504 3496 3629 3549 pcr-

2031 3570 2168 3625 fecte
2205 3571 2437 3637 serviat,
2485 3586 2605 3626 cum
2652 3570 2812 3625 fuerit
2853 3578 2909 3625 et
2954 3570 3126 3641 ipsum
3172 3571 3397 3625 mortale
3435 3586 3630 3641 corpus

2030 3662 2374 3716 viviﬁcatum.

2102 3754 2155 3807 5.
2189 3753 2268 3807 Ex
2303 3769 2407 3822 quo
2436 3752 2938 3823 comprehendimus
2966 3763 3195 3823 quatuor
3222 3768 3343 3809 esse
3373 3753 3629 3810 dill'eren-

2030 3843 2132 3897 tias
2158 3845 2316 3897 ctiam
2348 3844 2399 3896 in
2429 3859 2533 3895 uno
2561 3844 2793 3905 homine,
2819 3842 3009 3911 quibus
3033 3842 3292 3912 gradatim
3323 3844 3549 3911 peractis
3575 3845 3628 3901 in

2029 3936 2136 3990 vita
2167 3944 2364 3988 (eterna
2394 3934 2712 3988 manebitur.
2742 3934 2873 3999 Quia
2905 3933 3047 3987 enim
3078 3932 3359 4001 oportebat
3389 3942 3546 4000 atque
3577 3933 3629 3988 id

2027 4028 2227 4098 justum
2274 4034 2423 4090 erat,
2453 4035 2507 4079 ut
2550 4034 2893 4096 posteaquam
2927 4035 3112 4079 natura
3150 4036 3326 4078 nostra
3366 4026 3627 4094 peccavit,

2032 4120 2224 4173 amissa
2274 4117 2597 4172 beatitudine
2644 4116 2922 4186 spirituali,
2965 4130 3083 4186 qua:
3138 4114 3367 4184 paradisi
3415 4117 3632 4171 nomine

2033 4214 2379 4286 signiﬁcatur,
2404 4212 2660 4266 animales
2680 4210 3032 4280 carnalesque
3060 4225 3430 4273 nasceremur;
3461 4210 3627 4278 prima

2033 4315 2114 4360 est
2149 4304 2289 4358 actio
2326 4312 2451 4357 ante
2476 4301 2671 4371 Legem
2694 4344 2709 4366 ,
2742 4299 2972 4355 secunda
3014 4301 3113 4353 sub
3142 4300 3279 4368 Lege
3299 4341 3314 4365 ,
3348 4300 3501 4352 tertia
3532 4300 3632 4354 sub

2032 4396 2220 4467 gratia,
2244 4406 2428 4464 quarta
2453 4394 2503 4447 in
2530 4408 2678 4463 pace.
2704 4392 2842 4446 Ante
2864 4391 3056 4462 Legem
3081 4392 3218 4445 actio
3241 4401 3343 4454 est,
3366 4407 3485 4446 cum
3510 4407 3633 4458 pec-

2033 4498 2206 4542 catum
2239 4487 2564 4556 ignoramus,
2594 4494 2647 4539 et
2678 4485 2950 4555 sequimur
2977 4484 3221 4537 carnales
3250 4483 3633 4553 concupisceno

2036 4582 2157 4636 tias.
2186 4579 2297 4635 Sub
2324 4579 2464 4649 Lege
2493 4587 2576 4632 est
2604 4578 2764 4643 actio,
2792 4592 2911 4632 cum
2939 4575 3047 4645 jam
3083 4574 3427 4644 prohibemur
3455 4590 3483 4627 a
3511 4591 3634 4645 pec-

2034 4681 2190 4738 cato,
2237 4680 2291 4726 et
2337 4679 2512 4723 tamen
2557 4667 2940 4723 consuetudine
2988 4666 3105 4734 ejus
3149 4666 3271 4720 victi
3323 4681 3629 4736 peccamus,

2035 4762 2285 4834 quoniam
2318 4776 2415 4815 nos
2446 4760 2679 4815 nondum
2711 4758 2923 4829 adjuvat
2959 4758 3110 4812 ﬁdes.
3141 4758 3319 4812 Tertia
3356 4758 3494 4812 actio
3529 4767 3630 4821 est,

2035 4855 2251 4926 quando
2289 4854 2398 4923 jam
2444 4853 2751 4923 plenissime
2789 4851 3057 4907 credimus
3096 4851 3391 4906 Liberatori
3425 4857 3629 4911 nostro,

2036 4963 2139 5004 nec
2161 4948 2364 5003 meritis
2389 4947 2586 5001 nostris
2611 4944 2807 5014 aliquid
2835 4945 3132 5007 tribuimus,
3164 4943 3257 4998 sed
3286 4943 3401 5009 ejus
3425 4943 3636 4995 miseri-

2037 5040 2274 5096 cordiam
2323 5038 2626 5110 diligendo,
2664 5038 2773 5108 jam
2822 5052 2927 5091 non
2975 5035 3238 5089 vincimur
3282 5032 3634 5088 delectatione

2038 5131 2434 5189 consuetudinis
2476 5129 2663 5193 malm,
2695 5143 2817 5182 cum
2864 5126 2929 5181 ad
2972 5133 3247 5195 peccatum
3299 5138 3393 5177 nos
3437 5123 3636 5178 ducere

2039 5228 2223 5281 nititur
2240 5224 2372 5287 :sed
2397 5233 2572 5277 tamen
2596 5221 2768 5274 adlmc
2789 5233 2905 5273 eam
2929 5216 3357 5285 interpellantem
3383 5216 3634 5285 patimur,

2039 5317 2282 5389 quamvis
2325 5315 2373 5369 ei
2425 5329 2533 5367 non
2581 5310 2869 5365 tradamur.
2915 5308 3113 5376 Quarta
3162 5316 3245 5362 est
3294 5308 3461 5370 actio,
3513 5322 3634 5360 cum

2041 5409 2259 5462 omnino
2286 5404 2411 5460 nihil
2439 5413 2521 5459 est
2546 5402 2599 5456 in
2627 5399 2841 5454 homine
2868 5398 3006 5469 quod
3032 5398 3243 5454 resistat
3270 5397 3512 5469 spiritui,
3542 5396 3634 5450 sed

2041 5498 2217 5555 omnia
2263 5496 2475 5551 sibimet
2520 5491 2859 5548 concorditer
2890 5491 3076 5562 juncta
3106 5502 3161 5546 et
3195 5505 3434 5546 connexa
3472 5505 3637 5543 unum

2109 5652 2124 5682 ι
2164 5649 2352 5711 Aliquot
2365 5653 2494 5705 Mss,
2517 5651 2845 5711 gemsscentes.

2107 5714 2127 5743 ²
2161 5702 2275 5775 octo
2297 5716 2424 5767 Mss,
2449 5702 2499 5775 ut
2517 5702 2748 5775 "fructum
2773 5709 2954 5775 ferrent
2995 5712 3138 5756 mort:
3176 5712 3371 5775 auctam
3407 5702 3637 5775 conrupi-

2045 5773 2302 5827 st'entitnn,
2330 5785 2437 5820 cum
2464 5767 2545 5820 leaf
2570 5767 2800 5833 prohibet.
2826 5769 3021 5826 Quidam
3048 5783 3184 5825 vero,
3217 5767 3505 5831 prohiberet.

2110 5836 2131 5867 ³
2164 5842 2237 5882 Er.
2276 5824 2327 5883 et
2360 5841 2501 5889 Inv.,
2530 5824 2758 5895 operata).
2786 5824 2954 5881 melius
2973 5836 3103 5891 Mss,
3129 5824 3351 5895 operata:
3392 5854 3449 5865 —
3489 5824 3641 5891 Lugd.

2049 5906 2098 5948 et
2133 5906 2271 5957 \cn.,
2297 5901 2536 5957 φρει-(τίω,
2564 5903 2617 5945 ιιι
2638 5902 2712 5943 lir.
2742 5900 2792 5943 et
2816 5901 2921 5943 Iov.
3022 5899 3077 5941 At.
