4084 6510
569 463 641 522 63
1266 454 1358 512 DE
1398 453 1708 512 DIVERSIS
1744 441 2264 521 QUAESTIONIBUS
2304 418 2566 505 LXXXIII
2595 491 2609 517 ,
2639 449 2697 506 S.
2739 450 3112 510 AUGUSTINI
3789 464 3859 523 ω

570 579 767 652 aliquid
795 579 944 634 tlrma
974 590 1104 648 pace
1132 574 1436 630 custodiunt
1463 592 1476 627 :
1505 573 1646 644 quod
1677 571 1765 627 (iet
1801 568 2013 625 mortali
2040 581 2163 621 cor-

569 686 698 742 pore
725 669 1008 733 vivificato,
1041 683 1162 723 cum
1193 665 1539 735 corruptibile
1582 663 1682 718 hoc
1720 661 1952 717 induerit
1991 661 2166 714 incor-

569 763 906 830 ruptionem,
947 768 1002 816 et
1039 759 1264 814 mortale
1303 757 1405 813 hoc
1439 756 1669 811 induerit
1710 753 2161 809 immortalitatem

570 854 610 923 (Ι
641 852 875 919 Cor.xv,
907 853 996 915 54,
1031 852 1144 919 55).
1185 942 1196 946 _
1405 940 1419 946 _
1748 936 1764 946 .
1887 936 1900 946 _
1941 945 1946 946 ί
2021 943 2030 946 Α
2103 934 2135 946 _,

641 945 696 998 4.
728 943 810 997 Ad
843 944 1066 1012 primam
1097 942 1356 996 actionem
1387 936 1854 994 demonstrandam
1886 936 1983 989 ista
2017 936 2166 989 testi-

569 1033 748 1089 monia
778 1034 988 1088 interim
1019 1043 1306 1090 occurrunt
1337 1051 1349 1086 :
1385 1032 1486 1085 Per
1515 1047 1670 1085 unum
1706 1030 1958 1083 hominem
1988 1043 2164 1097 pecca-

570 1135 676 1178 tum
705 1125 758 1178 in
795 1125 927 1180 hunc
965 1123 1209 1177 mundum
1235 1123 1472 1186 intravit,
1505 1131 1551 1175 et
1582 1138 1670 1191 per
1707 1130 1966 1190 peccatum
1993 1133 2162 1182 mors;

569 1224 614 1270 et
644 1218 717 1271 sic
747 1233 835 1287 per
861 1232 1032 1271 ontnes
1061 1215 1285 1269 homines
1314 1215 1634 1286 pertransiit,
1668 1214 1722 1267 in
1748 1230 1846 1282 quo
1873 1227 2042 1265 omnes
2071 1211 2162 1263 ho—

573 1307 730 1360 mines
761 1314 1103 1376 peccaverunt.
1145 1304 1314 1374 Usque
1350 1304 1418 1358 ad
1450 1305 1608 1374 legem
1645 1305 1775 1357 enim
1816 1313 2071 1371 peccatum
2109 1303 2162 1355 in

575 1400 670 1453 hoc
696 1400 885 1454 mundo
910 1400 1026 1468 fuit.
1060 1397 1326 1452 Peccatum
1352 1407 1520 1451 autem
1546 1414 1645 1451 non
1673 1395 2026 1467 deputabatur,
2050 1412 2162 1448 cum

575 1491 658 1544 lex
685 1507 783 1544 non
812 1500 934 1544 esset
977 1489 1150 1560 (Rom.
1182 1505 1233 1555 v,
1269 1488 1334 1542 I2
1355 1531 1368 1552 ,
1401 1487 1512 1559 15).
1543 1489 1608 1542 Et
1637 1488 1825 1542 iterum
1857 1507 1869 1541 :
1905 1487 2028 1541 Sine
2057 1487 2164 1556 lege

572 1581 703 1634 enim
741 1594 998 1652 peccatum
1039 1589 1290 1634 mortuum
1331 1590 1442 1644 est;
1481 1597 1570 1649 ego
1613 1589 1778 1633 autem
1815 1579 2033 1632 vivebam
2063 1580 2162 1632 ali-

570 1672 774 1740 quando
802 1673 910 1726 sine
939 1670 1064 1742 lege.
1093 1671 1244 1738 Quod
1274 1673 1416 1726 enim
1460 1671 1544 1726 hic
1584 1671 1739 1736 dicit,
1771 1680 2024 1723 mortuum
2053 1679 2160 1733 est;

573 1763 674 1817 hoc
701 1773 782 1818 cst
810 1763 948 1834 quod
980 1765 1223 1832 superius
1253 1763 1414 1830 dicit,
1443 1782 1543 1817 non
1570 1765 1939 1834 deputabatur,
1982 1765 2031 1818 id
2058 1773 2159 1831 est,

573 1855 790 1909 latebat.
834 1856 984 1923 Quod
1030 1855 1331 1912 manifestat
1372 1857 1423 1910 in
1467 1859 1912 1928 consequentibus
1958 1858 2159 1918 dicens.

573 1945 680 2001 Sed
709 1958 1000 2015 peccatum,
1030 1957 1083 2002 ut
1114 1959 1358 2020 appareat
1397 1962 1649 2019 peccatum
1671 1994 1685 2016 ,
1716 1968 1805 2022 per
1831 1952 2012 2005 bonum
2039 1968 2162 2020 ope-

569 2050 740 2093 ratum
766 2050 839 2094 est
867 2043 992 2094 mihi
1020 2053 1224 2096 mortem
1251 2059 1267 2096 :
1298 2043 1348 2097 id
1377 2053 1487 2107 est,
1521 2060 1615 2113 per
1640 2043 1845 2112 legem;
1874 2045 1991 2114 quia
2025 2044 2162 2100 bona

570 2139 657 2185 est
683 2131 786 2194 lex,
812 2131 854 2185 si
877 2133 996 2202 quis
1019 2148 1080 2187 ea
1103 2133 1336 2203 legitime
1357 2143 1535 2189 utatur
1560 2134 1602 2204 (I
1625 2133 1758 2187 Tim.
1787 2150 1824 2198 ι,
1850 2135 1926 2206 8).
1957 2135 2010 2189 Si
2034 2150 2162 2204 ergo

573 2220 661 2274 hic
689 2221 792 2286 ait,
825 2231 878 2274 ut
917 2233 1163 2292 appareat
1201 2235 1494 2294 peccatum;
1525 2225 1857 2279 manifestum
1900 2235 1982 2280 est
2020 2225 2162 2295 quod

571 2311 816 2379 superius
847 2311 967 2366 ideo
996 2312 1205 2368 dicebat
1229 2323 1494 2369 mortuum
1525 2325 1578 2370 et
1604 2331 1708 2369 non
1733 2316 2009 2385 deputari,
2039 2318 2161 2387 quia

569 2417 675 2456 non
694 2404 981 2472 apparebat
1001 2415 1282 2477 antequam
1302 2408 1417 2478 lege
1441 2408 1751 2478 prohibente
1769 2410 2158 2465 ostenderetur.

639 2493 693 2548 5.
729 2494 804 2548 Ad
851 2496 1136 2550 secundam
1178 2498 1442 2554 actionem
1483 2499 1581 2554 ista
1623 2501 1922 2555 testimonia
1961 2517 2158 2557 conve-

567 2583 720 2638 nittnt
749 2602 760 2638 :
791 2583 899 2639 Lex
940 2596 1107 2640 autem
1151 2589 1481 2658 subintravit,
1525 2600 1575 2644 ut
1605 2590 1882 2646 abundaret
1921 2593 2160 2648 delictum

569 2674 744 2746 (Rom.
769 2690 825 2742 v,
853 2675 967 2746 20).
997 2679 1230 2733 Accessit
1256 2681 1399 2734 enim
1427 2689 1480 2736 et
1499 2683 1884 2751 praevaricatio,
1912 2700 2030 2753 quae
2052 2700 2157 2740 non

562 2777 698 2823 erat.
737 2768 802 2822 Et
832 2769 958 2823 illud
1001 2771 1143 2840 quod
1183 2771 1292 2838 jam
1339 2783 1813 2828 commemoratum
1855 2783 1938 2829 est
1978 2794 1990 2829 :
2033 2775 2160 2830 Cum

565 2875 783 2913 essemus
811 2861 941 2913 enim
971 2861 1022 2914 in
1052 2878 1236 2929 carne,
1281 2865 1538 2930 passiones
1579 2875 1898 2934 peccatorum
1931 2885 2043 2937 quae
2070 2887 2160 2940 per

564 2950 722 3020 legem
748 2959 884 3014 sunt,
917 2951 1254 3018 operabantur
1279 2953 1330 3006 in
1358 2955 1591 3010 membris
1617 2957 1800 3012 nostris
1817 3000 1830 3022 ,
1863 2968 1916 3011 ut
1939 2964 2157 3029 fructum

564 3042 752 3111 ferrent
789 3042 954 3094 morti.
991 3040 1058 3094 Et
1089 3042 1212 3096 illud
1245 3061 1257 3098 :
1288 3043 1425 3110 Quid
1463 3061 1581 3116 ergo
1618 3047 1881 3104 dicemus?
1906 3049 2013 3104 Lex
2039 3069 2156 3120 pec-

562 3139 729 3183 catum
769 3131 884 3184 est?
925 3130 1062 3184 Absit
1098 3147 1117 3184 :
1155 3133 1245 3186 sed
1271 3145 1529 3203 peccatum
1558 3153 1658 3191 non
1699 3141 1904 3210 cognovi
1943 3142 2040 3195 nisi
2069 3160 2159 3210 per

562 3222 741 3291 legem.
770 3220 908 3274 Nunt
928 3224 1382 3294 concupiscentiam
1404 3229 1704 3296 nesciebam,
1729 3232 1827 3285 nisi
1847 3233 1930 3286 lex
1949 3233 2152 3302 diceret,

562 3313 685 3368 Non
715 3315 1054 3386 concupisces.
1095 3316 1374 3374 Occasione
1410 3331 1577 3375 autem
1616 3334 1854 3393 accepta,
1896 3336 2155 3395 peccatum

561 3421 651 3472 per
677 3405 972 3459 mandatum
1004 3417 1266 3476 apemtum
1293 3419 1363 3464 est
1393 3410 1446 3464 in
1472 3429 1550 3466 me
1573 3429 1771 3467 omnem
1796 3417 2156 3485 concupiscen-

562 3497 704 3549 tiam.
738 3496 805 3551 Et
832 3499 988 3566 paulo
1014 3509 1128 3567 post
1160 3518 1173 3553 ε
1205 3502 1523 3570 Adveniente,
1557 3505 1742 3575 inquit,
1770 3509 2010 3561 mandato
2034 3527 2149 3579 pec-

559 3600 728 3644 catum
756 3593 953 3646 revixit.
983 3592 1094 3664 Ego
1123 3605 1290 3650 autem
1316 3608 1542 3652 mortuus
1564 3616 1674 3653 sum
1691 3643 1705 3667 ,
1735 3611 1780 3654 et
1806 3603 2058 3656 inventum
2080 3614 2154 3658 est

511 3740 519 3749 ,
563 3683 689 3735 mihi
717 3684 1014 3738 mandatum
1050 3688 1184 3757 quod
1219 3700 1324 3742 erat
1356 3689 1424 3742 ad
1451 3691 1602 3744 vitam
1622 3732 1637 3758 ,
1668 3693 1761 3746 hoc
1787 3710 1891 3748 esse
1918 3696 1985 3747 ad
2012 3713 2153 3749 mor-

565 3781 675 3827 lem.
715 3774 985 3830 Peccatum
1023 3779 1155 3832 enim
1197 3783 1457 3836 occasione
1483 3793 1691 3854 accepta
1718 3803 1808 3856 per
1835 3788 2148 3852 mandatum,

557 3867 739 3938 fefellit
765 3887 859 3936 me,
893 3882 938 3926 et
966 3889 1055 3942 per
1078 3874 1208 3928 illud
1229 3876 1432 3929 occidit.
1456 3876 1606 3945 Quod
1639 3895 1765 3950 ergo
1789 3880 1882 3944 ait,
1917 3880 2152 3936 Mortuus

556 3977 702 4029 sum;
735 3963 846 4018 vult
877 3963 1133 4037 intelligi,
1164 3978 1428 4024 mortuum
1461 3987 1547 4026 me
1576 3986 1694 4027 esse
1728 3975 1950 4043 cognovi
1984 3993 1996 4028 :
2028 3979 2149 4046 quia

554 4051 664 4123 jam
693 4055 850 4109 etiam
877 4060 1310 4124 prtevaricatione
1338 4073 1537 4130 peccat,
1569 4065 1656 4133 qni
1687 4065 1833 4120 videt
1861 4083 1955 4136 per
1981 4067 2149 4137 legem

557 4145 680 4214 quid
713 4146 885 4201 facere
917 4165 1020 4202 non
1046 4149 1265 4215 debeat,
1305 4161 1360 4206 et
1400 4165 1575 4209 tamen
1617 4154 1760 4210 facit.
1790 4157 1940 4224 Quod
1972 4168 2148 4214 autem

556 4235 658 4300 ait,
690 4235 896 4306 Fefellit
933 4254 1012 4291 me
1041 4251 1337 4309 peccatum,
1366 4247 1626 4299 occasione
1649 4259 1852 4318 accepta
1889 4267 1977 4321 per
2001 4269 2151 4304 man-

557 4325 731 4380 datum
764 4343 782 4381 :
818 4330 935 4386 sive
976 4332 1098 4400 quia
1140 4336 1316 4388 suasio
1361 4336 1726 4394 delectationis
1766 4342 1831 4395 ad
1875 4353 2148 4411 peccatum

556 4418 926 4474 vehementior
940 4430 1039 4487 est,
1065 4439 1182 4478 cum
1205 4424 1355 4480 adest
1378 4428 1690 4496 prohibitio;
1713 4432 1826 4487 sive
1847 4433 1967 4502 quia
1990 4436 2148 4490 etiam

556 4506 601 4562 si
630 4507 752 4577 quid
781 4509 940 4562 homo
971 4512 1154 4568 fecerit
1191 4518 1483 4572 secundum
1519 4519 1666 4588 jussa
1711 4521 1869 4591 legis,
1901 4524 1946 4579 si
1975 4525 2150 4581 adhuc

555 4612 662 4652 non
691 4599 758 4653 sit
786 4599 937 4668 fides,
962 4621 1079 4673 qua:
1107 4607 1157 4660 in
1184 4607 1350 4677 gratia
1377 4619 1479 4676 est,
1505 4611 1618 4665 vult
1642 4613 1740 4667 sibi
1767 4614 1865 4669 hoc
1889 4616 2142 4688 tribuere,

554 4705 660 4744 non
690 4691 826 4756 Deo,
861 4703 915 4747 et
952 4699 1310 4765 superbiendo
1340 4701 1458 4770 plus
1489 4713 1688 4771 peccat.
1720 4705 1968 4778 Sequitur
1997 4725 2143 4780 ergo,

552 4791 606 4838 et
631 4783 759 4838 dicit
789 4802 801 4837 :
832 4783 1013 4856 Itaque
1053 4789 1134 4842 lex
1161 4793 1359 4860 quidem
1384 4804 1588 4861 sancta,
1619 4807 1664 4850 et
1699 4803 1994 4854 mandatum
2023 4819 2143 4855 san-

550 4886 684 4931 ctum
705 4919 718 4938 .
748 4886 795 4932 et
813 4879 1036 4949 justum,
1071 4892 1117 4934 et
1145 4882 1347 4937 bonum.
1377 4886 1526 4951 Quod
1547 4905 1667 4960 ergo
1692 4889 1876 4944 bonum
1903 4903 1993 4953 est,
2025 4895 2146 4948 mihi

548 4973 737 5039 factum
767 4981 836 5025 est
865 4974 1042 5026 mors?
1066 4973 1208 5029 Absit
1237 4992 1255 5029 :
1282 4977 1372 5030 sed
1401 4989 1656 5047 peccatum
1685 4992 1736 5035 ut
1765 4994 2008 5053 appareat
2033 5002 2148 5055 pec-

547 5071 749 5129 catum,
784 5080 872 5130 per
899 5063 1085 5119 bonum
1125 5077 1390 5138 operatum
1429 5079 1501 5123 est
1541 5073 1664 5124 mihi
1703 5084 1938 5142 mortem,
1969 5086 2024 5130 ut
2052 5079 2143 5146 ﬁat

546 5166 704 5216 supra
743 5156 946 5210 modum
989 5169 1254 5228 peccator,
1297 5169 1385 5214 aut
1422 5173 1683 5232 peccatum
1723 5166 2014 5236 delinquens
2056 5187 2147 5240 per

548 5241 862 5296 mandatum.
899 5248 1101 5303 Scimus
1140 5263 1305 5306 autem
1335 5254 1454 5322 quia
1483 5254 1565 5309 lex
1599 5259 1879 5326 spiritualis
1918 5270 2024 5326 est,
2055 5278 2145 5331 ego

547 5340 716 5383 autem
745 5335 964 5390 carnalis
991 5354 1133 5406 sum,
1165 5342 1215 5395 id
1241 5352 1356 5408 est,
1390 5346 1536 5400 carni
1567 5350 1876 5414 consentio,
1911 5351 2142 5406 nondum

549 5422 807 5490 Spirituali
838 5428 1006 5494 gratia
1036 5429 1288 5488 liberatus
1311 5435 1387 5506 (a)
1415 5456 1427 5490 :
1451 5440 1779 5496 venumdatus
1805 5442 1894 5496 sub
1918 5455 2140 5513 peccato,

548 5512 598 5566 id
625 5525 727 5582 est,
762 5531 990 5586 peccans
1019 5523 1188 5588 pretio
1219 5528 1591 5594 temporalium
1617 5512 1966 5600 voluptatum.
1996 5535 2146 5599 Quod

545 5609 682 5661 enim
706 5625 906 5680 operor,
935 5612 1114 5682 ignoro
1140 5631 1159 5667 :
1188 5616 1235 5670 id
1263 5627 1364 5679 est,
1395 5634 1497 5674 non
1526 5637 1754 5691 agnosco
1773 5643 1900 5697 esse
1932 5629 1980 5682 in
2012 5645 2147 5699 prte-

545 5701 717 5768 ccptis
741 5703 981 5756 veritatis
1001 5747 1014 5770 ,
1050 5705 1134 5759 ubi
1161 5716 1242 5760 est
1268 5724 1390 5762 vera
1419 5711 1658 5768 scientia.
1684 5717 1985 5774 Secundum
2011 5721 2148 5778 hanc

545 5785 870 5848 locutionem
897 5794 1027 5850 dicit
1053 5797 1309 5855 Dominus
1339 5807 1724 5874 peccatoribus,
1760 5809 1875 5865 Non
1901 5815 2015 5868 novi
2037 5829 2142 5870 vos.

605 5900 682 5966 (a)
718 5912 733 5954 ι
757 5913 963 5959 nctract.
983 5922 1086 5970 cap.
1116 5909 1192 5959 26.

2269 558 2384 614 Non
2414 563 2553 617 enim
2581 579 2700 619 eum
2727 565 2926 636 aliquid
2951 568 3098 636 latet,
3130 569 3223 626 sed
3250 571 3372 642 quia
3400 584 3612 644 peccata
3640 595 3745 636 non
3778 581 3858 636 in-

2267 653 2549 708 veniuntur
2571 655 2621 708 in
2643 657 2838 727 regulis
2862 669 3268 730 prreeeptorum,
3296 680 3426 735 quas
3454 668 3612 725 habet
3633 675 3854 741 veritas,

2267 744 2386 800 ideo
2431 747 2542 815 ipsa
2582 746 2790 808 Veritas
2827 753 3191 819 peccatoribus
3230 755 3388 825 dicit,
3432 758 3553 815 Non
3594 767 3710 818 novi
3749 782 3854 820 vos.

2265 835 2410 891 Sicut
2439 839 2581 892 enim
2625 842 2858 895 tenebrae
2897 845 3062 898 oculis
3102 862 3205 901 non
3249 851 3510 919 videndo,
3544 856 3612 909 ita
3643 870 3856 925 peccata

2266 937 2444 983 mente
2477 929 2767 999 ignorando
2792 934 3112 989 sentiuntur.
3137 938 3214 992 Ex
3245 941 3340 994 ista
3367 943 3631 1000 locutione
3656 948 3856 1002 dictum

2263 1017 2495 1072 arbitror
2526 1021 2576 1074 in
2607 1021 2853 1087 Psalmis,
2888 1025 3081 1080 Delicta
3109 1031 3218 1099 quis
3244 1033 3473 1105 intelligit
3505 1036 3675 1106 (Psal.
3703 1057 3854 1107 xvm,

2265 1110 2352 1180 I5)
2374 1111 2397 1164 ?
2432 1111 2550 1166 Non
2577 1115 2706 1168 enim
2730 1117 2865 1186 quod
2885 1120 3017 1188 volo,
3046 1122 3140 1175 hoc
3166 1141 3261 1194 ago
3284 1142 3302 1189 ;
3329 1128 3417 1181 sed
3438 1131 3574 1201 quod
3597 1134 3703 1196 odi,
3729 1135 3858 1188 illud

2265 1203 2416 1271 facio.
2451 1203 2511 1259 Si
2539 1216 2703 1259 autem
2730 1209 2867 1277 quod
2895 1211 3031 1277 nolo,
3065 1213 3159 1266 hoc
3188 1232 3303 1285 ago,
3333 1223 3585 1274 consentio
3610 1224 3710 1295 legi
3734 1243 3859 1296 quo-

2265 1294 2400 1346 niam
2444 1294 2573 1348 bona
2617 1305 2707 1350 est.
2740 1298 2892 1353 Nunc
2921 1311 3088 1356 autem
3109 1305 3222 1376 jam
3249 1325 3346 1362 non
3378 1327 3466 1380 ego
3496 1294 3676 1383 operor
3702 1317 3855 1382 illud,

2265 1386 2353 1438 sed
2375 1386 2430 1440 id
2454 1388 2590 1458 quod
2613 1390 2663 1442 in
2691 1407 2768 1443 me
2795 1391 2982 1445 habitat
3011 1407 3287 1464 peccatum.
3312 1399 3431 1456 Srio
3458 1405 3587 1457 enim
3612 1409 3730 1476 quia
3755 1426 3856 1464 non

2265 1475 2453 1528 habitat
2484 1478 2535 1530 in
2564 1495 2660 1545 me,
2693 1479 2786 1533 hoc
2812 1491 2882 1535 est
2911 1483 2961 1536 in
2985 1501 3135 1539 carne
3161 1505 3288 1552 mea,
3319 1490 3523 1546 bonum.
3563 1493 3702 1550 Velle
3724 1501 3858 1552 enim

2265 1566 2464 1637 adjacet
2496 1568 2647 1636 mihi,
2681 1572 2917 1639 perﬁcere
2945 1584 3111 1628 autem
3151 1579 3332 1632 bonum
3364 1597 3463 1635 non
3493 1584 3707 1640 invenio.
3734 1587 3857 1643 Non

2264 1660 2395 1711 enim
2436 1660 2571 1728 quod
2615 1663 2724 1716 volo
2744 1705 2759 1730 ,
2803 1669 2936 1735 facio
2967 1667 3149 1721 bonum
3167 1687 3186 1735 ;
3226 1673 3314 1725 sed
3338 1676 3473 1742 quod
3497 1679 3614 1732 nolo
3641 1682 3855 1745 malum,

2265 1749 2358 1801 hoc
2383 1767 2500 1820 ago.
2535 1750 2597 1805 Si
2623 1763 2786 1806 autem
2816 1755 2952 1825 quod
2980 1761 3126 1825 nolo,
3161 1760 3255 1814 hoc
3285 1765 3455 1833 facio;
3486 1768 3596 1838 jam
3636 1787 3736 1825 non
3764 1789 3859 1843 ego

2264 1854 2446 1905 operor
2471 1840 2613 1894 illud
2634 1883 2646 1905 ,
2683 1843 2771 1895 sed
2797 1845 2852 1897 id
2878 1848 3014 1916 quod
3043 1845 3232 1904 habitat
3260 1853 3312 1906 in
3343 1871 3421 1908 me
3445 1868 3722 1927 peccatum.
3760 1840 3852 1917 In-

2263 1931 2405 1982 venio
2435 1947 2552 2002 ergo
2583 1933 2740 2002 legem
2777 1936 2902 1989 mihi
2937 1939 3121 1993 volenti
3157 1945 3322 2011 facere
3361 1944 3578 2015 bonum,
3619 1954 3858 2020 quoniam

2264 2021 2453 2073 malum
2491 2023 2617 2076 mihi
2643 2025 2864 2093 adiacet.
2897 2027 3225 2085 Condelector
3258 2037 3388 2088 enim
3418 2036 3514 2108 legi
3548 2039 3643 2093 Dei
3674 2059 3859 2098 secun-

2265 2113 2387 2166 dum
2418 2115 2705 2170 interiorem
2735 2119 2987 2174 hominem
3015 2138 3033 2176 :
3057 2123 3199 2178 video
3227 2136 3393 2181 autem
3428 2131 3581 2185 aliam
3616 2134 3774 2204 legent
3804 2138 3858 2190 in

2264 2203 2498 2260 membris
2525 2207 2668 2272 meis,
2701 2222 3064 2280 repugnantem
3091 2214 3189 2285 legi
3227 2219 3404 2273 mentis
3432 2237 3554 2274 mea:
3572 2264 3586 2286 ,
3617 2203 3858 2297 eticapti-

2262 2301 2460 2349 vantem
2501 2313 2580 2350 me
2615 2297 2667 2350 in
2696 2297 2804 2370 lege
2843 2305 3064 2370 peccati,
3095 2322 3207 2377 qua
3240 2319 3312 2361 est
3351 2310 3405 2365 in
3441 2315 3674 2370 membris
3709 2319 3855 2374 meis.

2264 2382 2376 2437 Huc
2421 2400 2585 2455 usque
2629 2397 2752 2442 sunt
2793 2392 2955 2447 verba
3003 2393 3233 2452 hominis
3273 2400 3373 2454 sub
3412 2402 3526 2474 lege
3553 2409 3854 2480 constituti,

2262 2474 2496 2528 nondum
2544 2478 2644 2532 sub
2681 2480 2880 2549 gratia;
2912 2483 2999 2552 qui
3042 2485 3249 2542 etiamsi
3290 2492 3423 2546 nolit
3451 2509 3703 2563 peccare,
3731 2474 3858 2554 vin;

2260 2564 2399 2618 citur
2425 2580 2454 2619 a
2486 2577 2726 2635 peccato.
2759 2571 2983 2628 Invaluit
3011 2577 3152 2630 enim
3192 2585 3519 2640 consuetudo
3546 2591 3774 2646 carnalis
3802 2601 3860 2648 et

2261 2655 2501 2711 naturale
2523 2659 2539 2689 ¹
2571 2659 2834 2716 vinculum
2863 2667 3217 2736 mortalitatis,
3247 2688 3353 2743 quo
3376 2675 3442 2730 de
3467 2677 3633 2734 Adam
3662 2697 3860 2753 propa-

2259 2745 2365 2814 gati
2409 2763 2614 2803 sumus.
2647 2751 2899 2822 Imploret
2937 2771 3065 2827 ergo
3102 2762 3388 2832 auxilium,
3421 2769 3506 2836 qui
3543 2771 3620 2825 sic
3649 2775 3858 2842 positus

2260 2842 2375 2902 est,
2409 2847 2464 2892 ct
2494 2843 2699 2896 noverit
2730 2859 2882 2898 suum
2915 2847 3078 2904 fuisse
3120 2854 3261 2922 quod
3292 2858 3517 2926 cecidit,
3550 2877 3656 2917 non
3696 2881 3858 2922 suum

2260 2940 2379 2981 esse
2405 2931 2547 2998 quod
2577 2935 2763 3003 surgit.
2794 2935 2912 2990 Jam
2945 2940 3086 2996 enim
3117 2942 3371 3002 liberatus
3404 2965 3695 3019 agnoscens
3733 2971 3858 3025 gra—

2261 3017 2386 3072 tiam
2415 3018 2743 3096 Liberatoris
2771 3028 2852 3080 sui
2881 3029 3010 3084 dicit
3037 3050 3051 3087 :
3087 3031 3246 3088 Miser
3283 3053 3374 3106 ego
3404 3017 3583 3108 homo,
3625 3017 3761 3114 quis.
3775 3064 3861 3103 me

2257 3107 2484 3207 liberabit
2510 3114 2572 3168 de
2593 3133 2806 3186 corpore
2831 3125 3013 3177 mortis
3030 3125 3182 3196 hujus
3198 3128 3226 3181 l’
3249 3128 3425 3185 Gratia
3450 3133 3542 3188 Dei
3566 3107 3656 3207 per
3672 3137 3858 3196 Iesum

2256 3195 2510 3256 Christum
2534 3202 2808 3261 Dominum
2837 3221 3085 3266 nostrum.

2328 3291 2380 3346 6.
2416 3293 2480 3348 Et
2520 3295 2780 3366 incipiunt
2813 3301 2922 3369 jam
2955 3305 3113 3360 verba
3144 3307 3246 3363 dici
3291 3310 3521 3368 heminis
3558 3317 3657 3370 sub
3682 3322 3856 3388 gratia

2255 3385 2566 3454 constituti,
2596 3389 2647 3442 in
2677 3393 2887 3448 actione
2915 3411 3073 3465 quam
3104 3401 3312 3456 tertiam
3343 3385 3855 3481 demonstravimus,
3921 3470 3923 3472 ,

2254 3489 2374 3542 quae
2402 3475 2562 3531 habet
2598 3481 2809 3549 quidem
2850 3487 3198 3545 reluctantem
3241 3498 3614 3553 mortalitatem
3645 3475 3852 3571 carnis,

2258 3564 2352 3619 sed
2383 3582 2488 3621 non
2517 3569 2816 3628 vincentem
2849 3586 3006 3647 atque
3045 3583 3398 3651 captivantem
3436 3590 3503 3644 ad
3541 3597 3859 3650 consensio-

2256 3671 2380 3710 nem
2418 3661 2691 3728 peccandi.
2723 3664 2811 3720 Sic
2839 3669 2980 3722 enim
3011 3671 3138 3728 dicit
3181 3692 3195 3728 :
3239 3675 3409 3748 Igitur
3436 3682 3544 3751 ipse
3571 3702 3660 3755 ego
3689 3698 3859 3745 mente

2253 3749 2413 3802 servio
2452 3750 2551 3821 legi
2581 3751 2706 3821 Dei,
2749 3773 2900 3812 carne
2937 3771 3104 3842 autem
3144 3767 3243 3837 legi
3283 3749 3491 3840 peccati.
3528 3749 3692 3831 Nulla
3731 3797 3856 3852 ergo

2255 3841 2606 3897 condemnatio
2635 3855 2708 3900 est
2747 3863 2883 3902 nunc
2916 3852 2994 3906 his
3022 3855 3110 3923 qui
3131 3869 3248 3911 sunt
3271 3861 3322 3913 in
3345 3860 3545 3919 Christo
3569 3866 3714 3922 Jesu.
3742 3841 3860 3926 Lex

2253 3930 2385 3982 enim
2405 3933 2612 4002 spiritus
2633 3937 2747 3991 vita:
2765 3938 2816 3992 in
2839 3941 3036 3998 Christo
3050 3945 3195 4014 .Iesu,
3221 3949 3444 4007 liberavit
3463 3973 3541 4010 me
3559 3975 3590 4010 a
3610 3959 3716 4030 lege
3735 3979 3857 4032 pee-

2253 4025 2354 4077 cati
2374 4035 2420 4078 et
2443 4029 2636 4081 mortis.
2663 4032 2812 4096 Quod
2833 4037 2964 4089 enim
2985 4039 3290 4109 impossibile
3311 4059 3418 4098 erat
3438 4051 3555 4118 legi,
3578 4051 3630 4104 in
3770 4057 3860 4108 in-

2252 4116 2552 4184 ﬁrmabatur
2585 4139 2674 4190 per
2699 4139 2921 4190 carnem,
2953 4129 3003 4183 id
3034 4142 3134 4198 est,
3165 4151 3260 4203 per
3284 4137 3546 4194 desideria
3577 4146 3809 4200 carnalia
3837 4167 3852 4203 :

2255 4208 2374 4264 ideo
2394 4212 2534 4265 enim
2560 4230 2664 4269 non
2689 4217 3007 4288 implebatur
3029 4225 3132 4291 lex,
3157 4230 3275 4294 quia
3301 4231 3464 4300 ipsius
3485 4234 3702 4303 justitia:
3723 4255 3858 4294 non-

2251 4299 2375 4353 dum
2403 4313 2517 4356 erat
2545 4304 2797 4373 charitas,
2826 4326 2947 4380 qua:
2978 4315 3232 4373 interiore
3259 4299 3616 4383 delectatione
3644 4338 3856 4388 teneret

2254 4403 2484 4448 mentem
2508 4397 2549 4462 ⁸,
2581 4413 2647 4453 ne
2666 4399 2732 4452 ad
2753 4412 3027 4469 peccatum
3054 4407 3409 4468 delectatione
3434 4431 3608 4472 rerum
3639 4431 3853 4491 tempo-

2251 4482 2440 4537 ralium
2474 4488 2789 4546 traheretur.
2822 4494 2962 4565 Ergo
2989 4498 3355 4558 infirmabatur
3380 4507 3460 4562 lex
3489 4525 3583 4578 per
3605 4527 3850 4579 carnem,

2252 4571 2304 4626 id
2343 4584 2452 4638 est,
2497 4593 2602 4633 non
2635 4581 2897 4639 efﬁciebat
2923 4587 3096 4656 justos
3125 4591 3334 4648 deditos
3370 4571 3536 4652 carni.
3572 4600 3676 4656 Sed
3706 4571 3854 4660 Deus

2249 4663 2446 4721 Filium
2471 4686 2621 4724 suum
2648 4675 2782 4728 misit
2810 4677 2862 4730 in
2888 4680 3266 4740 similitudinem
3294 4692 3462 4744 carnis
3491 4696 3699 4761 peccati.
3727 4695 3851 4753 Non

2248 4760 2388 4814 enim
2426 4777 2552 4818 caro
2587 4769 2788 4835 peccati
2827 4781 2970 4836 erat,
3019 4791 3138 4845 qum
3187 4794 3290 4834 non
3337 4781 3404 4837 de
3447 4787 3649 4841 carnali
3693 4789 3852 4844 dele-

2247 4853 2480 4908 ctatione
2520 4866 2642 4911 nata
2684 4867 2832 4922 erat;
2877 4863 2968 4917 sed
3019 4876 3193 4923 tamen
3241 4871 3414 4928 inerat
3458 4876 3507 4930 ei
3554 4879 3852 4938 similitudo

2246 4946 2424 5001 carnis
2451 4951 2686 5019 peccati,
2718 4955 2841 5024 quia
2881 4961 3118 5015 mortalis
3139 4978 3263 5018 caro
3290 4976 3404 5021 erat
3434 4985 3448 5022 :
3479 4980 3707 5028 mortem
3739 4991 3848 5028 au-

2250 5047 2355 5093 tem
2385 5055 2490 5094 non
2518 5043 2713 5098 meruit
2735 5046 2902 5100 Adam
2935 5050 3033 5103 nisi
3065 5055 3334 5121 peccando
3361 5057 3401 5111 ³.
3436 5058 3540 5114 Sed
3569 5063 3693 5132 quid
3723 5064 3858 5122 fecit.

2249 5129 2546 5188 Dominus?
2599 5131 2676 5189 De
2705 5148 2908 5206 peccato
2958 5141 3215 5199 damnavit
3265 5161 3520 5216 peccatum
3565 5153 3618 5207 in
3657 5172 3810 5210 carne
3837 5177 3860 5213 :

2250 5222 2300 5276 id
2354 5233 2468 5289 est,
2501 5228 2840 5297 suscipiendo
2885 5247 3098 5289 carnem
3148 5236 3380 5295 hominis
3433 5247 3756 5312 peccatoris,
3797 5261 3858 5304 et

2247 5312 2490 5368 docendo
2552 5321 3000 5387 quemadmodum
3065 5328 3398 5397 viveremus,
3459 5346 3735 5403 peccatum
3795 5341 3855 5394 iu

2253 5407 2363 5475 ipsa
2392 5423 2552 5466 carne
2571 5410 2876 5484 damnavit,
2903 5426 2964 5472 ut
2992 5429 3314 5477 atternorum
3342 5425 3601 5484 eharitate
3628 5432 3856 5500 Spiritus

2251 5500 2478 5570 ﬂagrans
2523 5518 2626 5558 non
2657 5505 2945 5564 duceretur
2971 5514 3211 5581 captivus
3255 5516 3306 5569 in
3337 5521 3746 5576 consensionem
3780 5525 3855 5578 li-

2252 5594 2461 5650 bidinis.
2496 5597 2566 5652 Ut
2599 5599 2804 5667 justitia
2827 5645 2840 5666 ,
2875 5603 3078 5674 inquit,
3109 5606 3231 5678 legis
3259 5609 3555 5679 impleretur
3593 5613 3646 5667 in
3677 5619 3852 5684 nobis,

2313 5688 2327 5718 ί
2367 5689 2553 5751 Aliquot
2567 5697 2699 5751 Mss,
2712 5692 2887 5743 natale.

2311 5752 2330 5781 ²
2353 5752 2424 5824 sic
2449 5758 2520 5800 Er.
2545 5761 2597 5824 et
2617 5762 2822 5814 quatuor
2841 5765 2951 5824 Mss.
2965 5758 3053 5824 filii
3070 5774 3179 5824 cum
3199 5771 3317 5824 κει,
3341 5765 3567 5818 interiore
3589 5765 3856 5823 dilectione

2248 5818 2744 5937 ιριξειξέδόὰι
2767 5825 2896 5880 Lov.,
2920 5820 3174 5875 dilectione
3195 5818 3372 5878 teneret
3395 5826 3626 5880 interiora
3647 5818 3848 5885 metuis:

2364 5905 2368 5922 ι
2456 5911 2486 5934 .,
2619 5918 2621 5920 .
2713 5915 2724 5926 .

2364 5905 2465 5924 mao.
2475 5913 2486 5934 ,
2515 5905 2621 5934 μιικι-
2630 5905 2724 5926 ηιυο

2314 5937 2386 5997 (a)
2423 5943 2658 5987 litctt'at't.
2684 5956 2787 6002 cap.
2812 5945 2891 5995 26.
