4136 6538
332 398 400 452 65
1763 401 1929 458 ΗΒΕ]

2033 404 2206 462 nvos.
3564 429 3633 485 εδ

331 509 418 580 qui
443 525 545 563 non
582 509 862 563 secundum
905 524 1106 562 carnem
1135 506 1450 564 ambulamus
1471 551 1485 575 ,
1527 511 1616 564 sed
1658 514 1931 568 secundum

329 602 593 670 spiritum.
643 600 832 670 Itaque
875 609 1137 670 prmeepta
1177 601 1308 670 legis
1354 617 1445 670 per
1472 600 1783 656 cbaritatem
1833 604 1934 658 im-

332 696 475 764 pleta
505 701 664 759 sunt,
696 707 816 761 quae
838 706 933 760 per
963 691 1206 745 timorem
1239 707 1342 744 non
1371 700 1634 761 poterant.
1670 691 1770 757 Qui
1799 695 1934 746 enim

326 787 610 841 secundum
650 801 856 838 carnem
896 793 1045 849 sunt,
1075 798 1187 853 qua
1224 782 1390 836 carnis
1439 792 1553 836 sunt
1598 784 1802 854 sapiunt
1834 800 1851 838 :
1881 783 1934 838 id

329 889 453 942 est,
487 877 720 930 carnalia
767 874 905 928 bona
943 889 1039 943 pro
1084 872 1307 927 summis
1337 872 1491 927 bonis
1527 873 1930 944 concupiscunt.

336 967 440 1034 Qui
474 977 642 1020 autem
684 966 961 1020 secundum
999 964 1262 1034 spiritum,
1292 979 1403 1034 quae
1430 973 1544 1018 sunt
1581 965 1786 1034 spiritus
1819 980 1937 1016 sen-

331 1059 490 1111 tiunt.
516 1055 795 1110 Prudentia
839 1057 972 1108 enim
1011 1054 1179 1106 carnis
1205 1070 1338 1106 mors
1368 1062 1438 1106 est
1481 1070 1500 1107 :
1546 1053 1815 1124 prudentia
1839 1069 1936 1106 au-

333 1160 439 1202 tem
463 1150 667 1219 spiritus
692 1148 792 1201 vita
828 1155 874 1200 et
901 1161 1022 1216 pax.
1071 1145 1203 1211 Quia
1232 1144 1497 1213 prudentia
1527 1145 1692 1198 carnis
1729 1144 1935 1197 inimica

334 1251 415 1294 est
444 1241 496 1293 in
525 1237 706 1292 Deum.
759 1235 879 1306 Ipse
927 1235 1159 1290 ostendit
1178 1234 1304 1305 quid
1331 1234 1556 1301 dixerit,
1593 1235 1796 1288 inimica
1825 1251 1838 1288 :
1867 1250 1933 1290 ne

334 1332 459 1400 quis
513 1337 721 1400 putaret
770 1343 836 1383 ex
899 1326 1130 1381 adverso
1175 1327 1315 1380 aliud
1370 1326 1552 1380 venire
1589 1325 1930 1398 principium.

331 1423 618 1492 Subjungit
661 1421 837 1486 enim,
869 1429 921 1473 et
945 1419 1106 1485 dicit,
1153 1417 1276 1490 Legi
1299 1419 1432 1472 enim
1460 1417 1553 1471 Dei
1597 1436 1697 1472 non
1722 1427 1793 1472 est
1816 1417 1934 1473 sub-

319 1514 500 1583 jecta;
552 1531 642 1568 nec
693 1515 826 1568 enim
866 1522 1046 1583 potest.
1097 1512 1234 1580 Ergo
1272 1509 1447 1565 facere
1491 1520 1674 1564 contra
1722 1510 1930 1580 legem,

329 1606 442 1661 hoc
491 1619 574 1661 est
605 1605 877 1659 inimicum
909 1617 1030 1656 esse
1073 1602 1122 1655 iu
1156 1602 1323 1656 Deum
1358 1619 1371 1655 :
1401 1618 1504 1654 non
1544 1601 1665 1671 quia
1697 1601 1804 1654 Deo
1833 1601 1933 1653 ali-

328 1699 465 1770 quid
514 1713 710 1752 nocirre
740 1704 947 1766 potest,
993 1693 1086 1749 sed
1117 1694 1216 1747 sibi
1271 1702 1427 1747 nocet
1453 1693 1692 1762 quisquis
1732 1693 1932 1748 resistit

331 1789 597 1843 voluntati
630 1788 722 1842 Dei
758 1806 771 1842 :
804 1786 906 1840 hoc
942 1794 1024 1840 est
1067 1785 1208 1838 enim
1235 1784 1490 1838 adversus
1516 1784 1788 1838 stimulum
1820 1785 1932 1838 cal-

326 1897 423 1936 ces
454 1881 690 1943 mittere,
721 1890 775 1932 ut
802 1878 965 1932 Paulo
993 1875 1252 1947 apostolo,
1283 1891 1403 1929 cum
1434 1875 1606 1929 adhuc
1637 1875 1929 1928 Ecclesiam

327 1980 753 2042 persequeretur
774 2009 788 2033 ,
821 1967 1076 2022 divinitus
1103 1965 1302 2021 dictum
1332 1975 1412 2021 est
1440 1965 1574 2038 (Act.
1606 1983 1659 2020 ix
1680 2008 1695 2033 ,
1729 1965 1806 2037 5).
1840 1965 1930 2022 Sic

327 2073 416 2118 est
441 2073 623 2116 autem
670 2061 905 2125 dictmn,
937 2057 1058 2130 Legi
1095 2057 1228 2111 enim
1273 2057 1367 2110 Dei
1412 2074 1513 2110 non
1555 2065 1628 2111 est
1674 2057 1932 2130 subjecta;

329 2172 426 2208 nec
452 2154 588 2207 enim
616 2160 777 2222 potest
804 2168 822 2205 :
857 2160 1103 2220 tanquam
1129 2150 1172 2202 si
1200 2148 1468 2203 diceretur
1487 2190 1501 2214 ,
1531 2148 1631 2203 Nix
1657 2165 1762 2202 non
1785 2150 1927 2204 calc-

331 2225 494 2312 facit;
520 2261 620 2301 nec
651 2245 793 2300 enim
834 2251 1028 2313 potest.
1057 2241 1317 2310 Quamdiu
1346 2242 1488 2296 enim
1535 2241 1624 2295 nix
1669 2251 1787 2306 est,
1823 2257 1929 2295 non

327 2337 620 2394 calefacit:
650 2335 745 2390 sed
789 2332 984 2388 resolvi
1025 2341 1202 2403 potest
1248 2341 1301 2385 et
1348 2331 1585 2398 fervere,
1627 2339 1686 2386 ut
1731 2329 1931 2386 calefa-

326 2431 470 2493 ciat;
503 2428 598 2483 sed
622 2442 744 2481 cum
775 2425 877 2479 hoc
900 2424 1056 2489 facit,
1082 2423 1190 2493 jam
1221 2422 1307 2477 nix
1339 2437 1442 2475 non
1475 2430 1576 2476 est.
1605 2421 1692 2476 Sic
1721 2430 1777 2476 et
1804 2437 1930 2490 pru-

327 2522 511 2576 dentia
537 2518 716 2576 carnis
758 2516 990 2581 dicitur,
1036 2529 1158 2569 cum
1203 2514 1377 2568 anima
1409 2528 1503 2582 pro
1549 2513 1753 2581 magnis
1778 2511 1932 2565 bonis

328 2611 644 2681 temporalia
693 2608 831 2663 bona
876 2605 1223 2676 concupiscit.
1253 2603 1516 2673 Quamdiu
1547 2604 1689 2657 enim
1729 2603 1936 2672 appeti-

329 2714 424 2758 tus
465 2703 582 2757 talis
630 2702 770 2755 inest
812 2699 1043 2765 animae,
1094 2697 1195 2767 legi
1238 2697 1331 2751 Dei
1369 2697 1608 2765 subjecta
1655 2710 1775 2750 esse
1824 2711 1930 2750 non

331 2801 550 2866 potest;
596 2792 646 2846 id
692 2800 806 2856 est,
852 2805 957 2844 non
1004 2797 1179 2861 potest
1218 2788 1442 2857 implere
1480 2803 1598 2857 qua:
1642 2787 1726 2842 lex
1759 2787 1928 2856 jubet.

332 2887 446 2944 Sed
471 2902 588 2941 cum
612 2883 909 2954 Spiritualia
936 2882 1073 2936 bona
1094 2881 1400 2935 desiderare
1426 2879 1680 2948 coeperit,
1711 2887 1764 2933 et
1792 2888 1932 2933 tem-

331 2979 538 3050 poralia
568 2983 947 3040 contemnere,
988 2972 1198 3027 desinet
1249 2986 1368 3025 esse
1399 2970 1577 3025 carnis
1606 2968 1888 3040 prudentia
1912 3010 1928 3036 ,

328 3080 382 3126 et
414 3067 626 3141 spiritui
654 3081 758 3120 non
801 3064 1035 3120 resistet.
1077 3061 1275 3117 Eadem
1322 3077 1550 3131 namque
1591 3061 1766 3114 anima
1810 3075 1932 3114 cum

329 3161 586 3217 inferiora
630 3159 854 3228 appetit,
887 3155 1220 3226 prudentiam
1266 3153 1443 3208 carnis
1476 3151 1670 3205 habere
1695 3151 1929 3218 dicitur;

325 3269 452 3309 cum
479 3251 788 3320 superiora,
819 3246 1154 3316 prudentiam
1208 3245 1424 3315 spiritus
1458 3260 1470 3296 :
1505 3260 1609 3297 non
1635 3245 1757 3314 quia
1807 3259 1935 3313 pru-

326 3343 511 3400 dentia
539 3341 718 3396 carnis
761 3337 1057 3394 substantia
1085 3343 1200 3399 est,
1234 3351 1334 3403 qua
1383 3333 1618 3388 induitur
1649 3333 1825 3387 anima
1846 3332 1930 3390 vel

326 3436 579 3498 exuitur;
606 3430 704 3487 sed
737 3430 900 3500 ipsius
937 3427 1130 3481 animae
1171 3423 1382 3479 aﬂ‘ectio
1423 3433 1537 3488 est,
1567 3439 1685 3495 qua:
1711 3423 1930 3480 omnino

325 3541 452 3578 esse
481 3523 722 3585 desinet,
755 3535 879 3574 cum
923 3533 980 3572 se
1021 3526 1186 3571 totam
1233 3513 1300 3569 ad
1327 3530 1555 3584 superna
1581 3515 1926 3570 converterit.

329 3615 438 3682 Qui
462 3625 635 3666 autent
659 3611 712 3664 in
749 3625 902 3664 carne
924 3617 1041 3661 sunt
1059 3648 1073 3671 ,
1102 3606 1302 3675 inquit,
1336 3604 1440 3658 Deo
1469 3604 1664 3671 placere
1691 3621 1790 3658 non
1814 3621 1931 3674 pos-

323 3715 444 3760 sunt
473 3721 491 3759 :
521 3705 572 3758 id
620 3714 733 3769 est,
766 3701 856 3771 qui
891 3697 1248 3768 voluptatibus
1275 3697 1292 3728 ¹
1341 3695 1518 3750 carnis
1561 3696 1927 3765 acquiescunt.

321 3800 405 3855 Ne
436 3798 557 3868 quis
583 3795 724 3848 enim
755 3793 824 3847 de
856 3791 937 3846 bis
963 3789 1162 3845 dictum
1191 3796 1431 3858 putaret,
1477 3788 1567 3856 qui
1595 3787 1662 3841 de
1689 3786 1792 3840 hac
1823 3788 1928 3840 vita

327 3890 570 3946 nondum
595 3889 980 3948 excesserunt,
1005 3879 1458 3951 opportunissime
1480 3877 1751 3945 subjunxit
1778 3895 1790 3930 :
1833 3876 1929 3931 Vos

321 3994 499 4038 autem
528 3997 629 4033 non
656 3977 775 4032 estis
804 3977 856 4028 in
882 3990 1064 4040 carne,
1094 3973 1184 4026 sed
1209 3970 1264 4023 in
1304 3969 1506 4041 spiritu.
1537 3967 1727 4038 Utique
1755 3967 1930 4023 adhuc

326 4078 379 4130 in
405 4073 510 4128 hac
529 4072 636 4125 vita
661 4065 967 4124 constitutis
993 4062 1246 4134 loquitur.
1275 4059 1333 4115 In
1362 4059 1550 4130 spiritu
1575 4059 1719 4113 enim
1750 4068 1922 4125 erant,

321 4168 450 4239 quia
478 4167 532 4220 in
562 4163 665 4218 fide
691 4171 744 4217 et
769 4174 865 4230 spe
893 4167 948 4213 et
972 4157 1230 4211 charilate
1256 4151 1611 4224 Spiritualium
1639 4166 1816 4205 rerum
1840 4166 1930 4205 ac-

321 4258 676 4332 quiescebant
698 4255 740 4305 ³.
773 4251 835 4307 Si
865 4259 1059 4314 tamen,
1107 4245 1306 4316 inquit,
1341 4242 1567 4313 Spiritus
1601 4240 1698 4295 Dei
1736 4240 1928 4295 habitat

321 4356 376 4406 in
402 4350 563 4405 vobis.
591 4347 651 4402 Si
681 4345 791 4413 quis
811 4355 980 4396 autem
1012 4339 1263 4409 Spiritum
1290 4335 1479 4392 Christi
1504 4351 1605 4388 non
1636 4333 1813 4400 habet,
1845 4333 1927 4387 hic

320 4459 427 4498 non
451 4452 525 4495 est
547 4440 676 4512 ejus.
727 4435 788 4490 Si
824 4444 993 4486 autem
1021 4428 1252 4486 Christus
1292 4428 1344 4480 in
1374 4426 1540 4492 vobis,
1595 4441 1779 4494 corpus
1817 4426 1927 4495 qui-

321 4539 442 4592 dem
463 4543 718 4586 mortuum
738 4536 810 4582 est
838 4534 1040 4596 prapter
1065 4530 1355 4593 peccatum,
1387 4518 1595 4589 spiritus
1621 4527 1786 4571 autem
1825 4518 1927 4571 vita

320 4638 396 4682 est
429 4634 636 4696 propter
651 4619 931 4693 justitiam.
960 4615 1226 4670 Mortuum
1255 4625 1450 4680 corpus
1475 4609 1637 4675 dicit,
1672 4608 1925 4678 quamdiu

323 4722 431 4774 tale
461 4727 582 4784 est,
629 4723 689 4770 ut
730 4710 1017 4780 indigentia
1061 4721 1237 4762 rerum
1281 4702 1637 4772 corporalium
1681 4701 1927 4756 molestet

323 4815 562 4870 animam
595 4809 699 4880 (a),
731 4816 786 4862 et
812 4799 1130 4875 quibusdam
1163 4798 1396 4852 motibus
1420 4809 1486 4851 ex
1534 4794 1646 4863 ipsa
1681 4793 1924 4863 indigen-

324 4909 397 4960 tia
428 4900 765 4960 venientibus
785 4938 800 4964 ,
823 4895 890 4949 ad
919 4890 1216 4963 appetenda
1249 4895 1459 4942 terrena
1502 4884 1769 4939 sollicitet.
1798 4883 1927 4952 Qui-

325 4999 425 5052 bus
458 5005 636 5048 tamcn
665 4985 906 5060 quamvis
948 4979 1299 5038 existentibus
1327 4990 1478 5030 mens
1508 4972 1574 5027 ad
1621 4973 1799 5028 illicita
1843 4971 1924 5028 fa-

323 5086 516 5143 cienda
567 5101 671 5138 non
698 5077 1000 5142 consentit,
1034 5088 1154 5144 qute
1194 5073 1302 5137 jam
1356 5067 1523 5122 servit
1570 5065 1670 5135 legi
1702 5064 1830 5129 Dei,
1872 5073 1928 5120 et

332 5181 433 5237 sub
459 5181 626 5251 gratia
667 5173 956 5231 constituta
1011 5175 1112 5224 est.
1144 5163 1226 5219 Ad
1259 5163 1360 5217 hoc
1400 5160 1543 5251 enim
1597 5159 1737 5213 valet
1784 5157 1926 5228 quod

323 5250 485 5344 supra
516 5273 717 5325 dictum
747 5274 856 5328 est,
890 5261 1057 5315 Mente
1081 5256 1238 5312 servio
1279 5251 1378 5323 legi
1406 5250 1500 5344 Dei
1522 5291 1536 5313 ,
1581 5263 1732 5344 carne
1759 5259 1926 5302 autem

325 5339 424 5437 legi
489 5361 700 5434 peccati.
763 5357 830 5412 Et
889 5354 977 5408 ille
1030 5350 1191 5404 homo
1246 5358 1386 5400 nunc
1446 5339 1766 5437 describitur
1805 5353 1925 5396 esse

325 5433 426 5517 sub
470 5460 678 5530 gratia,
724 5450 816 5522 qui
861 5443 1097 5501 nondum
1151 5438 1314 5495 habet
1363 5433 1652 5506 perfectam
1705 5446 1922 5502 pacem,

391 5616 405 5644 ν
433 5619 525 5661 Sex
553 5615 650 5657 Mss
675 5640 691 5665 ,
717 5598 1092 5666 voluntattthS-,
1172 5657 1202 5666 ._
1242 5656 1272 5666 _.
1354 5655 1365 5666 .
1399 5654 1429 5666 .-
1473 5646 1530 5666 -.ε

384 5677 405 5707 ι
429 5647 532 5723 ῖιδδ
545 5647 964 5733 isiussi
986 5647 1031 5710 ει
1045 5656 1272 5731 statim
1291 5647 1926 5733 seiz'itttflfffft'.’:eftf.'!'_.£€:

324 5706 656 5788 Meﬁtis"?
664 5706 679 5728 ⁷
697 5706 843 5777 ti'ié'.’
856 5706 1276 5788 eguissem
1295 5706 1412 5784 “ﬁde
1429 5723 1474 5769 et
1506 5721 1590 5774 spe
1618 5714 1664 5760 et
1694 5706 1926 5762 charitate

321 5782 660 5866 syaruiiiitibus
684 5782 1241 5866 rebusacguiescebant.

381 5863 458 5924 ta)
490 5865 507 5910 t
532 5863 743 5909 Retracs.
774 5863 881 5914 αλιι.
909 5848 985 5896 26.

2043 534 2162 586 quae
2197 523 2438 592 corporis
2480 529 2870 586 resurrectione
2911 538 2966 586 et
3007 532 3372 594 immutatione
3419 548 3504 596 est
3544 542 3632 597 fu-

2045 617 2183 665 tura.

2113 701 2165 754 7.
2195 701 2382 758 Restat
2409 719 2538 776 ergo
2570 716 2625 762 ut
2651 708 2716 764 de
2745 710 2854 780 ipsa
2881 728 3012 782 pace
3040 715 3182 771 dicat
3225 723 3630 776 resurrectionis

2038 795 2299 862 corporis,
2332 812 2451 866 qua:
2493 809 2680 868 quarta
2711 812 2792 856 est
2818 805 2984 869 actio;
3034 807 3079 860 si
3113 820 3286 864 tamen
3314 825 3431 866 eam
3458 815 3630 868 actio-

2039 901 2160 939 nem
2198 885 2305 941 dici
2351 898 2590 956 Oportet,
2618 907 2736 961 qua:
2759 907 2966 948 summa
3005 899 3215 966 requies
3241 909 3340 954 est.
3374 902 3624 972 Sequitur

2037 978 2178 1031 enim
2198 1019 2213 1043 ,
2254 988 2307 1034 et
2335 980 2464 1035 dicit
2495 1000 2508 1034 :
2538 983 2599 1038 Si
2619 1000 2735 1054 ergo
2762 985 2986 1057 Spiritus
3007 991 3120 1058 ejus
3141 993 3223 1058 qui
3258 997 3510 1048 suscitavit
3533 995 3626 1050 leo

2037 1086 2149 1124 sum
2181 1090 2211 1125 a
2238 1075 2450 1129 mortuis
2468 1117 2483 1142 ,
2507 1077 2698 1130 habitat
2735 1078 2786 1131 in
2816 1079 2953 1134 vobis
2970 1095 2990 1144 ;
3009 1082 3094 1150 qui
3113 1083 3369 1137 suscitavit
3395 1084 3570 1140 Jesum
3592 1104 3625 1141 a

2037 1164 2283 1230 mortuis,
2333 1167 2600 1234 viviﬁcabit
2645 1177 2691 1222 et
2717 1171 2951 1224 mortalia
2983 1189 3197 1243 corpora
3235 1186 3395 1230 vestra
3431 1194 3519 1248 per
3545 1179 3626 1233 in-

2038 1252 2344 1308 habitantem
2370 1256 2620 1326 Spiritum
2638 1260 2747 1327 eius
2786 1261 2839 1314 in
2877 1262 3012 1315 vobis
3039 1263 3213 1334 (Rom.
3246 1281 3446 1321 vn-vm
3465 1309 3481 1333 ,
3509 1268 3622 1339 Η).

2039 1340 2134 1397 Hic
2163 1352 2218 1398 et
2243 1343 2308 1398 de
2334 1349 2725 1404 resurrectione
2763 1352 3004 1420 corporis
3030 1353 3485 1410 evidentissimum
3542 1367 3626 1412 te-

2036 1433 2346 1490 stimonium
2377 1447 2492 1506 est,
2533 1450 2586 1494 et
2612 1441 2743 1495 satis
2791 1453 3011 1512 apparet
3034 1447 3284 1515 quamdiu
3311 1449 3360 1502 in
3394 1449 3494 1505 hac
3519 1452 3624 1507 vita

2036 1540 2250 1594 sumus,
2283 1544 2386 1583 non
2413 1529 2600 1585 deesse
2626 1533 2898 1587 molestias
2929 1551 3023 1604 per
3047 1538 3326 1592 mortalem
3366 1555 3582 1595 carnem
3604 1581 3621 1607 ,

2037 1631 2210 1686 neque
2236 1619 2564 1676 titillationes
2591 1623 2847 1692 quasdam
2877 1625 3291 1682 delectationum
3308 1629 3622 1685 carnalium.

2035 1705 2288 1774 Quamvis
2325 1711 2468 1764 enim
2513 1728 2619 1766 non
2649 1714 2835 1780 cedat,
2863 1717 2952 1785 qui
2973 1717 3072 1771 sub
3112 1719 3280 1788 gratia
3307 1722 3625 1778 constitutus

2037 1807 2219 1852 mente
2274 1803 2438 1855 servit
2468 1802 2567 1872 legi
2598 1805 2725 1873 Dei,
2769 1814 2945 1861 tamen
2977 1823 3138 1864 carne
3178 1813 3341 1864 servit
3369 1812 3469 1882 legi
3502 1828 3627 1882 pec-

2036 1890 2161 1944 cati.
2192 1891 2283 1946 llis
2311 1894 2562 1964 gradibus
2601 1897 2817 1954 homine
2843 1901 3080 1969 perfecto
3099 1944 3115 1970 ,
3156 1903 3304 1958 nulla
3333 1905 3625 1962 substantia

2038 1981 2304 2039 invenitur
2333 1989 2531 2044 malum
2577 2008 2590 2043 :
2636 2007 2809 2062 neque
2835 1993 2946 2048 Lex
2985 1996 3122 2050 mala
3149 2006 3264 2064 est,
3297 2013 3414 2067 qua:
3440 2008 3625 2054 osten-

2037 2072 2114 2127 dit
2141 2073 2342 2130 homini
2380 2077 2432 2132 in
2460 2080 2649 2148 quibus
2688 2091 3029 2151 peccatorum
3074 2086 3298 2142 vinculis
3321 2087 3528 2157 jaceat,
3567 2098 3628 2145 ut

2035 2179 2131 2234 per
2160 2165 2318 2220 fidem
2350 2167 2631 2238 implorato
2673 2171 3000 2228 Liberatoris
3022 2177 3248 2241 auxilio,
3276 2187 3331 2232 et
3372 2179 3539 2245 solvi,
3571 2188 3625 2236 et

2035 2254 2834 2324 erigi,ettirmissimeconstitui
2877 2276 3164 2320 mereatur.
3195 2266 3255 2322 In
3299 2269 3467 2338 prima
3494 2285 3625 2340 ergo

2034 2346 2272 2414 actione,
2303 2365 2421 2420 qua:
2457 2361 2539 2405 est
2575 2363 2698 2408 ante
2730 2355 2959 2425 Legem,
2997 2358 3138 2412 nulla
3183 2376 3356 2430 pugna
3394 2370 3476 2416 est
3501 2376 3625 2419 cum

2035 2437 2397 2506 voluptatibus
2445 2440 2604 2510 hujus
2651 2446 2831 2500 saeculi
2887 2463 2900 2498 :
2954 2447 3007 2501 in
3054 2449 3317 2517 secunda,
3372 2467 3490 2521 quae
3520 2452 3621 2508 sub

2036 2525 2175 2596 Lege
2205 2537 2285 2582 est
2305 2569 2320 2594 ,
2350 2545 2644 2601 pugnamus
2664 2574 2679 2600 ,
2709 2535 2802 2588 sed
2828 2535 3090 2591 vincimur
3119 2554 3132 2590 :
3158 2538 3210 2593 in
3240 2541 3393 2595 tertia
3419 2557 3624 2612 pugna-

2036 2634 2156 2672 mus
2177 2631 2231 2673 et
2257 2619 2518 2676 vincimus
2548 2640 2562 2678 :
2593 2623 2644 2678 in
2670 2635 2857 2695 quarta
2889 2642 2992 2681 non
3022 2644 3320 2699 pugnamus
3339 2673 3352 2694 ,
3380 2632 3474 2686 sed
3503 2649 3625 2702 per-

2035 2710 2172 2766 fecta
2199 2721 2252 2766 et
2306 2721 2506 2768 aeterna
2551 2729 2679 2784 pace
2726 2718 3130 2786 requiescimus.
3160 2719 3414 2776 Subditur
3439 2723 3456 2754 ¹
3478 2725 3622 2781 enim

2035 2802 2188 2856 nobis
2213 2803 2352 2872 quod
2379 2803 2601 2860 inferius
2625 2815 2866 2862 nostrum
2899 2817 3011 2876 est,
3040 2810 3181 2880 quod
3209 2822 3486 2882 prepterca
3515 2830 3624 2872 non

2035 2893 2398 2961 subdebatur,
2451 2897 2574 2967 quia
2625 2899 2955 2968 superiorem
3009 2901 3165 2958 nobis
3217 2903 3625 2963 deserueramus

2037 2986 2228 3042 Deum.

2033 3077 2241 3134 LXVII.
2293 3080 2372 3135 De
2421 3098 2480 3136 eo
2526 3082 2662 3153 quod
2697 3085 2943 3154 scriptum
2987 3093 3091 3152 est,
3156 3085 3418 3144 Existimo
3480 3090 3624 3146 enim

2107 3172 2247 3241 quod
2271 3188 2376 3227 non
2393 3174 2500 3228 sint
2515 3174 2793 3246 condigna:
2817 3177 3091 3246 passiones
3111 3177 3268 3247 hujus
3285 3181 3538 3250 temporis
3555 3181 3621 3237 ad

2104 3261 2335 3317 futuram
2355 3264 2574 3334 gloriam
2593 3282 2710 3335 qua:
2737 3266 3058 3321 revelabitur
3087 3268 3139 3321 in
3168 3267 3355 3334 nobis;
3385 3287 3542 3341 usque
3555 3271 3624 3324 ad

2104 3354 2160 3408 id
2208 3355 2344 3426 quod
2397 3356 2585 3409 dictum
2611 3367 2713 3424 est,
2759 3357 2866 3427 Spe
2909 3358 3055 3412 enim
3098 3359 3232 3415 salvi
3277 3359 3403 3416 facti
3441 3378 3625 3418 sumus

2106 3448 2281 3518 (Rom.
2309 3464 2401 3504 vnt
2421 3488 2437 3515 ,
2470 3449 2667 3521 1824).

2106 3543 2158 3597 l.
2203 3542 2315 3597 Hoc
2353 3543 2640 3612 capitulum
2687 3543 2972 3598 obscurum
3013 3552 3128 3610 est,
3175 3545 3297 3615 quia
3341 3560 3447 3600 non
3494 3546 3624 3601 satis

2032 3633 2121 3688 hic
2149 3642 2369 3703 apparet
2392 3649 2550 3703 quam
2580 3649 2719 3688 nunc
2764 3641 2918 3688 vocet
2953 3643 3273 3689 creaturam.
3306 3636 3506 3690 Dicitur
3531 3653 3625 3690 au-

2033 3733 2140 3781 tem
2167 3724 2459 3780 secundum
2487 3725 2802 3780 catholicam
2828 3724 3161 3794 disciplinam
3182 3738 3443 3792 creatura,
3472 3729 3625 3798 quid-

2032 3815 2156 3887 quid
2190 3814 2314 3870 fecit
2362 3825 2418 3870 et
2462 3815 2702 3870 condidit
2727 3815 2866 3870 Deus
2906 3815 3096 3880 Pater,
3148 3832 3241 3885 per
3292 3819 3619 3888 unigenitum

2031 3907 2224 3963 Filium
2247 3948 2262 3975 ,
2305 3909 2358 3962 in
2386 3907 2585 3961 unitate
2625 3908 2852 3977 Spiritus
2879 3908 3067 3961 sancti.
3118 3907 3261 3978 Ergo
3309 3926 3413 3962 non
3445 3910 3617 3965 solum

2031 4013 2253 4067 corpora
2272 4039 2286 4061 ,
2309 3997 2403 4051 sed
2432 3998 2591 4052 etiam
2617 3997 2809 4051 anima:
2845 4007 3042 4051 nostrae
3070 4012 3134 4051 ac
3160 3999 3378 4066 Spiritus
3406 4010 3619 4054 creatu-

2029 4107 2106 4145 ra:
2148 4089 2360 4143 nomine
2397 4087 2759 4142 continentur.
2791 4087 2878 4142 Sic
2907 4096 3084 4141 autem
3113 4087 3310 4142 dictum
3342 4096 3458 4153 est,
3492 4087 3618 4158 Ipsa

2029 4193 2258 4236 creatura
2292 4179 2582 4234 liberabitur
2619 4196 2651 4231 a
2694 4180 2925 4232 servitute
2952 4179 3215 4245 interitus,
3251 4179 3303 4231 in
3343 4178 3618 4234 libertatem

2028 4273 2205 4345 gloriae
2243 4272 2462 4341 ﬁliorum
2509 4270 2602 4324 Dei
2629 4286 2649 4324 :
2682 4270 2832 4340 quasi
2876 4285 2972 4324 nos
3002 4286 3107 4324 non
3149 4271 3316 4326 simus
3335 4281 3574 4327 creatura
3599 4312 3618 4337 ,

2029 4365 2124 4420 sed
2153 4363 2244 4418 filii
2278 4363 2406 4430 Dei,
2437 4363 2486 4416 in
2515 4378 2740 4432 quorum
2771 4362 2953 4432 gloria:
2981 4361 3276 4416 libertatem
3309 4363 3620 4420 liberabitur

2029 4473 2059 4512 a
2103 4456 2358 4511 servitute
2401 4466 2665 4510 creatura.
2701 4452 2829 4508 Item
2877 4453 3038 4516 dicit,
3093 4453 3296 4508 Scimus
3334 4455 3465 4507 enim
3498 4458 3623 4525 quia

2029 4549 2190 4604 omnis
2228 4559 2458 4603 creatura
2494 4545 2812 4616 congemiscit
2842 4554 2885 4598 et
2924 4545 3056 4598 dolet
3096 4561 3250 4614 usque
3286 4545 3487 4611 adhuc;
3517 4563 3618 4601 non

2028 4642 2190 4697 solum
2223 4649 2388 4693 autem
2418 4637 2535 4702 illa,
2564 4637 2656 4692 sed
2683 4645 2728 4690 et
2772 4653 2861 4689 nos
2886 4635 2986 4704 ipsi
3010 4651 3028 4689 :
3060 4643 3307 4704 tanquam
3354 4636 3495 4689 aliud
3541 4637 3618 4691 si-

2029 4751 2148 4791 mus
2176 4750 2273 4789 nos
2294 4776 2309 4801 ,
2339 4731 2482 4788 aliud
2521 4731 2697 4786 omnis
2724 4738 2988 4785 creatura.
3029 4729 3220 4784 Totum
3249 4743 3376 4799 ergo
3411 4731 3619 4799 capitu-

2030 4829 2139 4883 lum
2169 4826 2520 4897 particulatim
2545 4821 2989 4879 eonsiderandum
3018 4830 3118 4876 est.

2100 4923 2155 4978 2.
2186 4922 2438 4976 Existimo
2474 4918 2642 4984 enim,
2687 4916 2891 4986 inquit,
2933 4915 3068 4984 quod
3110 4914 3333 4985 indignae
3359 4915 3457 4968 sint
3494 4931 3616 4984 pas-

2030 5015 2195 5070 siones
2219 5013 2375 5077 hujus
2400 5008 2636 5078 temporis
2666 5006 2733 5059 ad
2760 5008 2982 5078 futuram
3011 5005 3256 5074 gloriam,
3283 5019 3398 5074 qua:
3429 5005 3620 5058 revela-

2032 5108 2163 5162 bitur
2184 5106 2235 5159 in
2256 5104 2434 5159 nobis:
2464 5101 2567 5155 hoc
2594 5099 2934 5153 manifestum
2971 5107 3071 5149 est.
3107 5095 3318 5148 Dixerat
3347 5096 3486 5150 enim
3530 5111 3620 5150 su-

2033 5198 2242 5270 perius,
2275 5196 2336 5251 Si
2374 5203 2540 5248 autem
2567 5193 2750 5262 spiritu
2786 5190 2920 5258 facta
2951 5187 3116 5238 carnis
3161 5187 3578 5254 morti/icaveritis
3602 5230 3618 5254 ,

2030 5291 2219 5346 vivetis.
2275 5286 2426 5354 Quod
2456 5284 2569 5340 fieri
2613 5298 2719 5336 non
2750 5288 2922 5348 potest
2967 5278 3081 5332 sine
3109 5277 3350 5332 molestia
3373 5320 3386 5344 ,
3416 5280 3496 5333 cui
3532 5270 3622 5348 pa-

2034 5383 2216 5439 tientia
2243 5375 2543 5434 necessaria
2568 5382 2669 5428 est.
2693 5371 2810 5438 Quo
2833 5371 3061 5439 pertinet
3081 5377 3134 5422 et
3159 5369 3300 5439 quod
3321 5371 3473 5439 paulo
3498 5383 3623 5426 ante

2032 5474 2127 5538 ait,
2146 5472 2206 5528 Si
2220 5481 2385 5525 tamen
2400 5469 2754 5536 compatimur,
2767 5471 2820 5516 ut
2837 5473 2881 5515 et
2898 5461 3333 5532 conglori/icemur
3351 5461 3510 5533 (Ibid.
3535 5465 3621 5527 15.

2034 5567 2144 5638 17).
2175 5562 2326 5632 Quod
2355 5562 2530 5630 itaque
2555 5558 2648 5624 ait,
2671 5555 2810 5610 Nam
2831 5554 3133 5623 exspectatio
3161 5563 3404 5607 creatura:
3429 5554 3623 5607 revela-

2097 5705 2111 5736 ί
2141 5706 2239 5750 ttat.
2269 5705 2320 5748 et
2342 5696 2565 5762 plerique
2583 5701 2726 5762 μεθ,
2759 5688 3099 5762 Subjunqitur;
3136 5684 3620 5762 etinfra,‘nonslub-

2022 5745 2444 5876 ijgiibaturfAlii
2466 5745 2564 5807 duo
2582 5745 2724 5818 libri,
2757 5745 3045 5818 Subjugiitur
3059 5745 3090 5813 ;⁷
3102 5756 3155 5800 et
3173 5755 3308 5813 post,
3331 5758 3426 5799 non
3449 5745 3620 5810 subju-

2028 5842 2093 5890 αα
2127 5843 2154 5876 a
2177 5838 2252 5876 ur.
