4084 6510
562 420 629 474 67
1277 408 1361 462 DE
1404 404 1720 462 DIVERSIS
1758 397 2282 471 QUIESTIONIBUS
2320 397 2624 465 LXXXIII,
2666 399 2724 453 S.
2766 397 3127 454 AUGUSTiNl
3781 396 3850 454 68

561 538 748 587 tionem
774 531 998 601 ﬁliorum
1032 525 1130 580 Dei
1165 531 1454 592 exspectat;
1493 521 1597 575 hoc
1627 536 1748 575 eum
1779 526 1903 587 puto
1950 516 2147 570 dicere.

559 624 690 678 Nam
733 633 788 677 et
833 622 933 676 hoc
960 620 1132 688 ipsum
1162 616 1301 687 quod
1344 616 1396 668 in
1446 614 1601 668 nobis
1625 612 1802 676 dolet,
1851 625 1970 664 cum
2020 607 2153 662 facta

557 715 732 771 carnis
765 713 1180 773 mortificamus,
1229 709 1279 763 id
1307 717 1420 772 est,
1452 722 1574 760 cum
1606 705 1870 760 esurimus
1912 711 2001 756 aut
2038 702 2153 755 siti-

559 822 679 861 mus
708 821 804 874 per
828 803 1201 860 abstinentiam
1225 843 1240 867 ,
1275 801 1400 855 dum
1453 801 1722 854 frenamus
1748 796 2152 853 delectationem

554 899 871 956 concubitus
905 913 997 966 per
1020 897 1315 950 castitatem
1337 935 1350 955 ,
1375 893 1500 947 dum
1532 891 1841 960 injuriarum
1873 887 2151 942 laceratio-

557 1008 654 1047 nes
682 1000 736 1044 et
757 989 1198 1044 contumeliarum
1221 986 1432 1040 aculeos
1465 1000 1560 1052 per
1583 982 1886 1052 patientiam
1918 980 2148 1034 sustine-

557 1097 712 1147 mus,
743 1081 868 1134 dum
913 1079 1169 1148 neglectis
1198 1086 1358 1146 atque
1405 1076 1622 1144 rejectis
1670 1073 2026 1142 voluptatibus
2066 1086 2155 1124 no-

555 1173 683 1228 stris
711 1187 806 1238 pro
858 1171 1029 1225 fructu
1079 1171 1265 1223 matris
1313 1167 1565 1222 Ecclesia:
1607 1166 1947 1227 laboramus;
1992 1160 2148 1230 quid-

556 1265 682 1334 quid
713 1264 766 1318 in
796 1264 947 1318 nobis
977 1264 1026 1316 in
1051 1261 1150 1316 hac
1178 1272 1336 1332 atque
1364 1258 1664 1327 hujusmndi
1691 1257 1961 1311 attritione
1983 1255 2147 1320 dolet,

556 1365 801 1411 creatura
821 1363 921 1409 est.
958 1356 1104 1408 Dolet
1122 1355 1262 1408 enim
1289 1368 1484 1422 corpus
1513 1363 1564 1406 et
1582 1352 1756 1406 anima
1781 1393 1794 1412 ,
1821 1366 1940 1420 qum
1969 1349 2150 1419 utique

479 1461 483 1464 '
557 1458 800 1501 creatum
827 1458 928 1508 est,
959 1453 1012 1498 et
1031 1454 1305 1514 exspectat
1335 1443 1714 1498 revelationem
1763 1442 1986 1496 filiorum
2022 1440 2145 1504 Dei;

558 1538 612 1590 id
641 1547 716 1590 est
741 1580 753 1596 .
778 1543 1052 1603 exsttectat
1079 1535 1291 1604 quando
1315 1542 1566 1604 appareat
1591 1531 1730 1602 quod
1760 1541 2001 1586 vocatum
2033 1538 2146 1592 est,

559 1627 613 1680 in
642 1642 701 1682 ea
731 1628 894 1696 gloria
942 1625 1006 1680 ad
1037 1641 1195 1696 quam
1227 1635 1469 1678 vocatum
1501 1631 1600 1678 est.
1645 1623 1776 1691 Quia
1808 1622 1951 1676 enim
1983 1619 2150 1676 Filius

560 1718 651 1772 Dei
682 1718 981 1786 tmigenitus
1008 1734 1112 1770 non
1156 1727 1329 1786 potest
1370 1714 1630 1784 appellari
1676 1722 1951 1777 creatura,
1983 1726 2149 1781 quan-

556 1808 842 1879 doquidem
875 1824 968 1877 per
1007 1809 1177 1878 ipsum
1229 1806 1362 1860 facta
1407 1817 1531 1860 sunt
1575 1805 1751 1858 omnia
1798 1817 2148 1874 qtuecumque

561 1900 699 1955 Dens
725 1898 871 1965 fecit,
902 1900 1149 1954 distincte
1173 1899 1335 1952 etiam
1357 1913 1451 1950 nos
1477 1912 1726 1951 vocamur
1753 1903 1994 1949 creatura
2023 1905 2147 1948 ante

557 1989 700 2045 Illam
750 1991 1069 2044 evidentiam
1112 1989 1334 2060 gloriae,
1377 1996 1432 2043 et
1473 1988 1718 2042 distincte
1747 2002 1999 2040 vocamur
2053 1985 2143 2040 lilii

558 2081 685 2144 Dei,
716 2083 956 2152 quamvis
1005 2081 1106 2134 hoc
1146 2079 1431 2148 adoptione
1478 2093 1776 2132 mereamur
1823 2093 1838 2128 :
1885 2092 2003 2129 nam
2059 2077 2146 2130 ille

555 2177 858 2244 unigenitus
902 2184 1089 2229 natura
1135 2173 1303 2228 Filius
1333 2182 1433 2227 est.
1481 2173 1618 2241 Ergo
1649 2171 1956 2238 exspectatio
1999 2186 2145 2222 crea-

556 2274 716 2329 tum,
766 2264 816 2318 id
857 2274 970 2328 est,
1002 2263 1328 2332 exspectatio
1355 2270 1534 2314 nostra
1573 2301 1588 2324 ,
1619 2261 1967 2313 reuelationem
2012 2259 2148 2326 ﬁlio-

553 2371 667 2408 rum
701 2354 793 2408 Dei
829 2362 1126 2424 exspectat;
1173 2352 1223 2406 id
1272 2360 1386 2416 est,
1437 2358 1711 2418 exspectat
1750 2350 1960 2418 quando
1984 2364 2147 2418 appa-

555 2458 667 2501 real
689 2445 830 2515 quod
863 2445 1178 2514 promissum
1207 2453 1307 2506 est,
1341 2441 1554 2511 quando
1581 2457 1637 2494 re
1665 2441 1772 2509 ipsa
1805 2438 2141 2494 manifestum

553 2537 779 2606 sitquod
818 2549 956 2588 nunc
995 2549 1091 2603 spe
1143 2549 1345 2586 sumus.
1396 2530 1523 2585 Filii
1551 2532 1692 2584 enim
1722 2529 1820 2584 Dei
1848 2547 2054 2595 sumus,
2096 2540 2143 2583 et

552 2627 776 2680 nondum
816 2629 1053 2694 apparuit
1091 2623 1213 2693 quid
1240 2623 1444 2676 erimus.
1476 2621 1677 2676 Scimus
1704 2632 1869 2673 autent
1904 2622 2142 2691 quoniam

552 2733 666 2770 cum
689 2717 1011 2787 apparuerit,
1044 2713 1231 2769 similes
1271 2715 1316 2767 ei
1342 2713 1527 2767 erimus
1548 2753 1561 2777 ,
1601 2713 1840 2782 quoniam
1869 2712 2143 2765 videbimus

551 2823 663 2861 eum
691 2809 837 2860 sicuti
862 2816 930 2859 est
959 2807 1001 2874 (Ι
1031 2804 1188 2858 Joan.
1216 2820 1270 2858 Ill
1292 2844 1306 2865 ,
1343 2801 1422 2872 2).
1453 2803 1567 2870 Ipsa
1597 2809 1684 2856 est.
1721 2803 1974 2856 revelatio
2011 2802 2144 2856 lilio-

551 2915 668 2953 rum
701 2899 810 2962 Dei,
840 2913 997 2965 quam
1027 2910 1167 2948 nunc
1193 2902 1469 2961 exspectat
1493 2893 1818 2960 exspectatio
1845 2901 2137 2948 creaturas:

552 3004 659 3043 non
709 2986 850 3057 quod
881 2995 1126 3040 creatura
1175 2982 1556 3037 revelatiouem
1602 2991 1875 3050 exapectet
1924 2983 2142 3038 alterius

553 3093 755 3135 natura:
781 3121 795 3143 ,
824 3095 942 3148 (ιυεε
973 3092 1078 3131 ιιοη
1109 3077 1176 3130 sit
1203 3083 1481 3138 creatura;
1513 3073 1607 3127 sed
1645 3074 1755 3142 ipsa
1800 3075 1970 3143 qualis
2001 3091 2142 3130 nunc

552 3181 635 3225 est
661 3213 676 3235 ,
705 3177 985 3238 exSpcctat
1005 3167 1217 3236 quando
1237 3167 1308 3220 sit
1333 3165 1503 3234 qualis
1531 3163 1704 3218 futura
1731 3175 1812 3218 est
1842 3182 1855 3216 :
1891 3177 2137 3235 tanquam

551 3262 596 3317 si
626 3261 926 3322 diceretur,
955 3257 1222 3328 Operaute
1248 3257 1448 3326 pictore
1469 3254 1724 3324 subjectis
1747 3254 1847 3310 sibi
1873 3256 2142 3311 coloribus

551 3359 605 3407 et
631 3351 696 3406 ad
718 3367 850 3419 opus
880 3351 995 3418 ejus
1026 3347 1223 3418 paratis
1243 3389 1258 3413 ,
1315 3347 1615 3415 expectatio
1641 3346 1882 3400 culorum
1913 3347 2140 3402 manife-

550 3449 834 3500 stationem
862 3443 1104 3512 imaginis
1118 3447 1417 3510 exspectat:
1435 3455 1538 3493 non
1567 3439 1686 3509 quia
1717 3448 1843 3493 tunc
1867 3449 1988 3493 sunt
2012 3439 2138 3506 alii,

549 3549 604 3593 et
628 3539 716 3592 alii
743 3548 920 3602 erunt,
949 3544 1039 3588 aut
1069 3549 1173 3587 non
1203 3532 1409 3586 colores
1424 3541 1610 3597 erunt;
1639 3530 1734 3585 sed
1766 3539 1968 3585 tantum
1995 3532 2139 3602 quod

549 3629 706 3683 aliam
737 3628 1044 3697 dignitatem
1073 3625 1362 3679 habebunt.

619 3721 674 3776 5.
747 3720 968 3773 Vanitati
1022 3718 1183 3782 enim,
1246 3715 1448 3786 inquit,
1507 3723 1737 3768 creatura
1778 3714 2002 3785 subjecta
2041 3726 2137 3774 est.

549 3813 660 3868 lloc
689 3822 772 3868 est
813 3811 939 3867 illttd
970 3827 984 3863 :
1029 3809 1236 3862 Vanitas
1275 3807 1606 3862 vanitantium
1639 3809 1678 3870 ⁸,
1707 3815 1753 3859 et
1791 3805 1958 3860 omnia
1991 3809 2137 3862 vani-

549 3917 641 3959 tas.
680 3904 807 3972 Qute
833 3902 1144 3956 abundantia
1187 3909 1258 3954 est
1311 3897 1502 3951 homini
1544 3897 1596 3950 in
1621 3897 1758 3950 οηιηὶ
1801 3897 1971 3952 labore
2005 3915 2133 3966 suo,

546 4013 691 4066 quem
719 3996 828 4064 ipse
854 3992 1047 4046 laborat
1085 3991 1176 4045 sub
1219 3988 1326 4043 sole
1379 3987 1572 4059 (Eccle.
1603 4004 1655 4055 ι,
1703 3987 1771 4051 2,
1795 3987 1892 4058 3)?
1920 3989 2015 4043 Cui
2057 3989 2139 4043 di-

547 4101 687 4141 ctum
705 4100 804 4150 est,
837 4085 901 4138 In
932 4086 1101 4138 labore
1124 4082 1450 4136 manducabis
1476 4099 1659 4152 panem
1693 4092 1830 4135 luunt
1859 4080 2009 4153 (Gen.
2042 4098 2131 4147 ιιι,

548 4179 662 4246 19).
701 4175 921 4229 Vanitati
947 4189 1075 4243 ergo
1123 4183 1356 4226 creatura
1401 4173 1626 4242 subjecta
1655 4180 1761 4234 est,
1807 4188 1907 4225 non
1936 4182 2132 4240 sponte.

549 4267 691 4324 Bene
735 4267 968 4320 additum
998 4275 1113 4330 est,
1142 4279 1242 4316 non
1281 4274 1478 4333 sponte.
1515 4263 1683 4317 llomo
1711 4263 1906 4333 quippe
1947 4272 2136 4331 sponte

549 4361 815 4432 peceavit,
859 4358 952 4413 sed
989 4373 1093 4411 non
1140 4366 1332 4426 sponte
1388 4355 1670 4409 damnatus
1722 4364 1820 4409 est.
1857 4355 2134 4409 Peccatum

547 4452 725 4522 itaque
773 4451 868 4503 fuit
919 4459 1304 4518 Spoutaneum,
1361 4457 1546 4500 contra
1599 4457 1917 4515 praaceptum
1961 4447 2136 4504 facere

548 4545 785 4600 veritatis
816 4561 827 4594 :
860 4539 1062 4612 peccati
1097 4548 1272 4594 autem
1301 4553 1456 4608 poena
1479 4580 1493 4603 ,
1526 4537 1715 4607 subjici
1744 4537 1986 4591 fallacize.
2016 4537 2133 4593 Non

546 4653 673 4706 ergo
698 4645 884 4703 spente
905 4641 1148 4686 creatura
1179 4631 1412 4698 subjecta
1438 4640 1519 4684 est
1542 4631 1756 4683 vanitati
1783 4648 1795 4683 :
1823 4630 1912 4684 sed
1932 4641 2136 4701 propter

546 4744 657 4780 eum
677 4726 763 4796 qui
787 4723 994 4793 subjecit
1021 4738 1130 4774 eam
1151 4723 1204 4774 in
1230 4737 1359 4789 spe;
1396 4719 1447 4774 id
1507 4729 1592 4775 est
1609 4761 1625 4786 ,
1655 4732 1874 4791 prOpter
1903 4721 2017 4791 ejus
2043 4724 2132 4792 ju-

545 4821 741 4874 stitiam
771 4829 931 4887 atque
958 4814 1292 4870 clementiam
1317 4854 1331 4879 ,
1359 4813 1446 4883 qui
1471 4828 1643 4882 neque
1667 4812 1978 4882 impunitum
2002 4815 2132 4869 reli-

543 4913 657 4979 quit
682 4919 979 4982 peccatum,
1005 4920 1178 4976 nequc
1211 4905 1561 4959 insanabilem
1587 4905 1748 4959 voluit
1769 4921 1888 4960 esse
1909 4921 2133 4975 peccan-

545 5012 668 5057 tem.

613 5095 665 5150 Δ.
702 5094 833 5158 Quia
873 5102 918 5147 et
947 5092 1059 5162 ipsa
1097 5097 1358 5153 creatura,
1406 5086 1456 5140 id
1484 5095 1603 5152 est,
1633 5087 1747 5157 ipse
1775 5087 1962 5155 homo,
2008 5103 2128 5143 cum

539 5187 647 5253 jam
691 5185 960 5254 signaculo
986 5184 1229 5254 imaginis
1256 5191 1474 5250 propter
1504 5190 1780 5250 peccatum
1806 5182 2003 5236 amisso
2045 5199 2133 5238 re-

545 5277 737 5330 mansit
765 5276 1126 5328 tantummodo
1145 5285 1389 5329 creatura
1415 5272 1495 5346 (a)
1529 5291 1541 5326 :
1570 5284 1618 5326 et
1646 5276 1758 5343 ipsa
1786 5275 1964 5343 itaque
1988 5292 2131 5328 crea-

543 5376 689 5431 tura,
725 5365 774 5419 id
827 5372 943 5430 est,
986 5375 1039 5419 et
1065 5364 1176 5432 ipsa
1205 5380 1324 5434 qure
1368 5365 1603 5420 nondum
1641 5376 1865 5420 vocatur
1897 5366 2128 5421 ﬁliorum

544 5460 708 5511 turma
743 5453 1006 5524 perfecta,
1038 5453 1131 5507 sed
1155 5461 1359 5507 tantum
1382 5463 1603 5509 vocatur
1630 5466 1872 5510 creatura
1890 5498 1902 5518 ,
1944 5456 2131 5510 libera-

543 5549 675 5600 bitur
699 5563 729 5598 a
757 5544 992 5599 servitute
1031 5543 1279 5596 interitus.
1310 5543 1462 5610 Quod
1507 5547 1684 5615 itaque
1711 5548 1818 5615 ait,
1847 5557 1893 5601 et
1921 5547 2039 5619 ipsa
2063 5546 2129 5600 li~

605 5682 622 5744 Ξ
645 5678 762 5744 Editi
776 5673 1090 5744 ,__t_tmt.'tqtum.
1110 5683 1164 5725 At.
1196 5681 1328 5732 uss,
1349 5673 1680 5744 vanitantimn.
1703 5679 1781 5744 sic,
1791 5679 2049 5744 aliquando
2071 5694 2129 5732 se

539 5745 588 5792 lu
612 5742 772 5818 latinis
794 5738 931 5787 libris
954 5736 1135 5800 legisse
1165 5744 1372 5788 testatur
1398 5741 1706 5801 Augustinus,
1733 5739 1818 5792 lib.
1850 5736 2127 5804 {detractu

539 5819 642 5866 Cap.
677 5819 718 5850 Ι.

601 5858 675 5920 ζα)
708 5870 722 5910 ι
747 5867 952 5909 neti-act.
975 5871 1076 5913 cap.
1105 5858 1180 5910 es.

2265 513 2549 579 berabitur,
2592 514 2716 570 facit
2763 515 3014 585 intelligi,
3047 524 3094 569 et
3122 516 3266 584 ipsa,
3297 517 3748 587 quemadmodum
3795 535 3850 580 et

2260 618 2388 668 nos,
2435 603 2488 658 id
2517 613 2628 670 est,
2676 613 2730 659 ct
2757 604 2824 659 de
2854 606 2982 674 ipsis
3019 614 3233 660 nonest
3276 605 3708 675 desperandum,
3756 612 3845 683 qui

2260 697 2495 751 nondum
2541 705 2796 753 vocantur
2843 697 2934 751 lilii
2981 698 3108 764 Dei,
3141 699 3260 768 quia
3313 701 3546 754 nondum
3594 703 3841 759 credide-

2258 797 2416 850 runt,
2449 788 2540 843 sed
2591 797 2792 843 tantum
2841 799 3084 845 creatura
3128 791 3292 862 :quia
3344 801 3398 846 et
3440 793 3540 862 ipsi
3591 795 3842 852 credituri

2259 887 2412 945 sunt,
2452 886 2506 933 et
2535 879 2900 935 liberabuntur
2923 896 2953 934 a
2990 882 3244 936 servitute
3273 883 3547 949 interitus,
3590 887 3844 955 quemad-

2259 969 2474 1023 modum
2521 985 2618 1024 nos
2643 971 2730 1039 qui
2764 971 2873 1040 jam
2917 971 3008 1025 lilii
3039 971 3134 1026 Dei
3173 989 3389 1034 sunms,
3423 977 3665 1044 quamvis
3709 992 3844 1028 non-

2257 1059 2382 1114 dum
2413 1063 2718 1130 apparuerit
2761 1062 2886 1131 quid
2939 1063 3158 1118 erimus.
3204 1064 3601 1120 Liberabuntnr
3649 1084 3776 1136 ergo
3813 1083 3841 1121 a

2256 1152 2513 1207 servitute
2554 1153 2797 1207 interitus
2816 1194 2832 1220 ,
2863 1153 2914 1207 in
2954 1154 3230 1210 libertatem
3260 1157 3435 1226 gloritz
3460 1159 3682 1226 ﬁliorum
3713 1159 3843 1224 Dei;

2257 1241 2307 1295 id
2347 1252 2464 1306 est,
2516 1252 2571 1297 et
2609 1244 2725 1314 ipsi-
2755 1254 2912 1299 erunt
2939 1262 3005 1300 ex
3032 1248 3200 1300 servis
3241 1248 3423 1313 liberi,
3469 1260 3518 1302 et
3589 1267 3653 1304 ex
3703 1266 3843 1303 tuor-

2257 1332 2361 1386 tuis
2414 1333 2632 1402 gloriosi
2678 1334 2730 1390 in
2779 1335 2886 1389 vita
2926 1335 3159 1406 perlecta
3185 1377 3200 1403 ,
3233 1353 3392 1407 quam
3438 1337 3709 1394 habebunt
3749 1339 3839 1394 lilii

2257 1423 2374 1478 Dei.

2326 1516 2380 1570 5.
2409 1515 2614 1571 Scimus
2639 1518 2768 1571 enim
2808 1519 2928 1590 quia
2970 1521 3132 1574 omnis
3171 1530 3400 1575 creatura
3442 1522 3760 1594 congemiscit
3796 1532 3842 1579 et

2253 1607 2388 1661 dolet
2411 1625 2564 1678 usque
2589 1611 2776 1663 adhuc.
2795 1611 2979 1665 Omnis
3006 1621 3246 1667 creatura
3269 1613 3321 1667 in
3350 1613 3562 1667 homine
3590 1629 3838 1668 numera-

2256 1707 2359 1763 tur,
2401 1716 2504 1754 non
2526 1701 2665 1771 quod
2696 1703 2748 1756 in
2777 1719 2842 1757 eo
2868 1703 2973 1757 sint
3002 1719 3190 1760 omnes
3213 1706 3397 1776 Angeli
3420 1749 3433 1767 .
3463 1715 3516 1761 et
3543 1706 3839 1776 superemi-

2254 1798 2440 1846 nentes
2470 1790 2702 1847 Virtutes
2739 1808 2802 1848 ac
2825 1793 3122 1850 Potestatcs
3142 1839 3156 1861 ,
3185 1807 3276 1850 aut
3311 1798 3502 1852 caelum
3540 1807 3592 1852 et
3625 1806 3761 1852 terra
3787 1807 3840 1852 et

2253 1895 2398 1933 mare
2427 1888 2480 1935 et
2509 1883 2684 1935 ontuia
2715 1900 2831 1953 qua:
2871 1885 2922 1937 in
2949 1885 3026 1939 eis
3048 1896 3200 1952 sunt;
3225 1886 3319 1941 sed
3341 1889 3460 1957 quia
3487 1889 3658 1941 omnis
3686 1903 3837 1942 crea-

2253 1977 2369 2023 tura
2399 1972 2588 2039 partim
2622 1973 2907 2041 spiritualis
2949 1985 3064 2042 est,
3096 1977 3284 2045 partim
3325 1977 3600 2044 animalis,
3648 1979 3835 2046 partim

2250 2063 2726 2130 corporalis.Quod
2749 2074 2802 2116 ut
2822 2065 2889 2119 ab
2915 2065 3253 2121 inferioribus
3274 2067 3692 2133 consideremus,
3717 2082 3839 2121 cor-

2253 2153 2444 2220 puralis
2460 2164 2701 2208 creatura
2731 2171 2824 2224 per
2850 2157 2966 2212 loca
2997 2159 3257 2222 tenditur;
3282 2159 3525 2214 animalis
3551 2171 3726 2214 autem
3752 2159 3834 2214 vi-

2248 2243 2425 2298 vilicat
2449 2247 2808 2314 corporalem;
2832 2248 3122 2318 spiritualis
3149 2251 3432 2306 animalem
3461 2252 3614 2321 regit,
3637 2258 3691 2306 et
3712 2261 3836 2306 tunc

2250 2335 2384 2391 bene
2410 2337 2575 2407 regit,
2599 2353 2719 2393 eum
2751 2341 2859 2408 ipsa
2887 2342 3167 2410 regendam
3200 2358 3256 2396 se
3290 2343 3495 2414 subjicit
3524 2345 3630 2399 Deo
3661 2363 3674 2399 :
3712 2359 3831 2398 cum

2247 2435 2422 2481 autem
2488 2430 2874 2499 transgreditur
2927 2442 3188 2503 praecepta
3243 2435 3392 2503 ejus,
3453 2435 3718 2489 laboribus
3779 2444 3834 2490 et

2247 2519 2499 2574 :erumnis
2538 2537 2633 2590 per
2657 2522 2841 2576 eadem
2871 2525 2980 2594 ipsa
3005 2541 3123 2594 qum
3152 2541 3336 2597 regere
3361 2537 3563 2595 poterat
3594 2527 3832 2596 implica-

2249 2619 2351 2663 tur.
2395 2610 2493 2676 Qui
2541 2627 2666 2682 ergo
2709 2614 2838 2668 vivit
2880 2630 2944 2669 ex
2975 2631 3235 2686 corpore,
3275 2617 3505 2672 carnalis
3544 2618 3701 2672 homo
3748 2617 3831 2672 vel

2247 2701 2490 2757 animalis
2535 2713 2756 2760 vocatur
2786 2725 2798 2760 :
2830 2709 3059 2762 carnalis
3083 2751 3097 2773 ,
3139 2710 3258 2778 quia
3287 2712 3513 2764 carnalia
3560 2720 3828 2777 sectatur;

2245 2793 2490 2848 animalis
2515 2809 2690 2850 autem
2713 2838 2728 2862 ,
2761 2799 2881 2868 quia
2912 2799 3077 2854 fertur
3103 2801 3355 2856 dissoluta
3390 2803 3598 2860 lascivia
3641 2805 3832 2859 anima

2245 2899 2354 2937 sua:
2380 2925 2393 2946 ,
2423 2901 2579 2955 quam
2613 2904 2715 2941 non
2747 2890 2882 2959 regit
2927 2891 3176 2960 spiritus,
3226 2909 3394 2962 neque
3436 2906 3644 2947 coercet
3696 2895 3828 2948 intra

2246 2987 2414 3031 metas
2451 2981 2707 3034 naturalis
2752 2982 2989 3047 ordinis;
3031 2985 3152 3054 quia
3199 2994 3250 3040 et
3294 2985 3406 3056 ipse
3435 3002 3493 3042 se
3523 3003 3625 3041 non
3657 2987 3832 3042 subdit

2246 3068 2533 3138 regendum
2566 3071 2691 3127 Deo.
2725 3071 2824 3139 Qui
2866 3084 3043 3130 autem
3077 3075 3264 3145 spiritu
3303 3078 3532 3132 animam
3579 3078 3742 3149 regit,
3774 3086 3832 3133 ει

2245 3174 2342 3227 per
2386 3161 2616 3215 animum
2663 3179 2855 3232 corpus
2889 3163 3051 3237 (quod
3097 3166 3272 3221 facere
3316 3183 3420 3222 non
3472 3177 3680 3237 potest,
3729 3168 3828 3222 nisi

2248 3250 2412 3306 Deum
2439 3251 2629 3308 habeat
2658 3264 2710 3309 et
2736 3255 2848 3326 ipse
2875 3266 3136 3310 rectorem
3158 3299 3172 3320 ,
3209 3258 3458 3327 quoniam
3502 3260 3634 3313 sicut
3673 3268 3834 3327 caput

2245 3343 2483 3400 mulieris
2510 3345 2610 3412 vir,
2643 3345 2712 3400 ita
2736 3358 2893 3418 caput
2920 3347 3018 3402 viri
3041 3349 3284 3404 Christus
3307 3359 3389 3404 est
3417 3348 3457 3422 [Ι
3488 3349 3603 3406 Cor.
3626 3367 3694 3409 ιι,
3725 3349 3827 3424 3]).

2244 3443 2460 3489 vocatur
2512 3437 2821 3504 spiritualis.
2869 3438 2998 3506 Quae
3050 3440 3155 3494 vita
3196 3456 3314 3495 cum
3362 3443 3533 3510 aliqua
3587 3442 3829 3496 molestia

2245 3541 2384 3580 nunc
2408 3527 2600 3597 agitur,
2629 3537 2748 3597 post
2772 3538 2945 3583 autem
2973 3530 3171 3584 nullam
3215 3531 3458 3600 patietur.
3490 3531 3556 3586 Et
3579 3532 3828 3602 quoniam

2243 3620 2435 3672 summi
2462 3621 2647 3690 Angeli
2681 3621 3031 3690 spiritualiter
3058 3623 3274 3690 vivunt,
3304 3623 3467 3677 intimi
3504 3635 3676 3678 autem
3707 3623 3828 3677 ani-

2243 3709 2451 3765 maliter
2473 3712 2549 3782 (a)
2576 3753 2589 3770 .
2619 3712 2801 3767 bestia:
2827 3728 2954 3767 vero
2982 3723 3035 3768 et
3069 3715 3243 3769 omnia
3282 3730 3470 3784 pecora
3510 3716 3825 3783 carnaliter,

2241 3813 2435 3870 Corpus
2461 3811 2638 3856 autem
2664 3818 2768 3856 non
2798 3803 2958 3867 vivit,
2989 3805 3081 3858 sed
3111 3806 3440 3870 vivilicatur;
3472 3808 3641 3860 etnuis
3669 3823 3827 3862 crea-

2244 3898 2356 3943 tura
2383 3887 2438 3941 in
2465 3890 2679 3945 homine
2704 3902 2818 3955 est,
2848 3894 2970 3964 quia
3000 3904 3052 3948 et
3078 3895 3320 3965 intelligit
3348 3897 3567 3965 spiritu,
3610 3907 3662 3951 et
3698 3913 3827 3951 sen-

2244 3983 2302 4038 tit
2330 3984 2524 4049 anima,
2557 3995 2610 4039 et
2640 3985 2878 4040 localiter
2903 4002 3127 4057 corpore
3148 3999 3409 4043 movetur.
3436 3986 3621 4043 Omnis
3648 3989 3827 4060 itaque

2239 4087 2479 4130 creatura
2525 4094 2576 4132 tn
2606 4078 2820 4134 homine
2844 4081 3187 4150 congcmiscit
3231 4089 3286 4136 et
3319 4080 3482 4136 dolet.
3522 4081 3633 4136 Non
3681 4083 3822 4136 enim

2242 4175 2426 4234 totam,
2456 4168 2548 4223 sed
2578 4184 2790 4223 onlnem
2815 4169 2982 4224 dixit:
3011 4181 3260 4242 tanquam
3284 4173 3327 4226 si
3355 4174 3473 4243 quis
3498 4172 3654 4236 dicat,
3681 4173 3822 4243 quod

2239 4259 2406 4312 solem
2432 4274 2618 4313 omnes
2648 4259 2889 4315 homines
2918 4261 3096 4316 vident
3124 4263 3213 4331 qui
3244 4272 3366 4316 sunt
3392 4264 3693 4323 incolumes,
3725 4263 3822 4318 sed

2241 4365 2346 4403 non
2377 4351 2470 4403 toti
2497 4350 2710 4415 vident,
2733 4353 2853 4422 quia
2887 4361 3087 4406 tantutn
3109 4354 3277 4408 oculis
3300 4354 3475 4408 vident
3501 4373 3512 4406 :
3539 4355 3603 4408 ita
3631 4355 3686 4408 in
3717 4354 3824 4409 ho-

2240 4440 2380 4494 mine
2414 4442 2587 4495 onmis
2614 4451 2854 4496 creatura
2885 4451 2998 4508 est,
3029 4443 3148 4513 quia
3175 4454 3227 4498 et
3265 4444 3503 4513 intelligit
3541 4454 3594 4500 et
3620 4445 3743 4498 vivit
3767 4455 3826 4498 ct

2238 4546 2432 4600 corpus
2461 4531 2639 4597 habet;
2669 4532 2761 4587 sed
2790 4549 2892 4585 non
2928 4543 3032 4587 tota
3059 4546 3299 4588 creatura
3333 4535 3382 4588 in
3412 4536 3524 4603 ipso
3553 4543 3660 4599 est,
3698 4536 3822 4604 quia

2238 4635 2360 4677 sunt
2384 4635 2579 4694 printer
2605 4625 2772 4691 ipsum
2803 4636 2856 4680 et
2885 4627 3071 4696 Augeli
3093 4669 3108 4692 ,
3139 4629 3225 4696 qui
3254 4629 3542 4696 intelligant
3569 4640 3617 4683 et
3639 4630 3824 4684 vivant

2236 4723 2291 4768 et
2318 4714 2442 4778 sint,
2474 4722 2526 4767 ct
2556 4729 2744 4782 pecora
2775 4732 2892 4783 qua:
2921 4717 3100 4769 vivant
3128 4728 3179 4771 et
3206 4718 3341 4783 sint,
3369 4729 3418 4771 et
3448 4734 3668 4788 cerpora
3699 4735 3822 4788 qua:

2237 4805 2601 4860 tantummodo
2630 4808 2760 4864 sint:
2792 4822 2910 4861 cum
2941 4809 3108 4880 ipsum
3141 4811 3316 4865 vivere
3350 4813 3516 4880 magis
3537 4813 3631 4877 sit,
3658 4827 3817 4881 quam

2236 4912 2340 4950 non
2369 4897 2573 4963 vivere,
2604 4909 2658 4952 et
2683 4900 2854 4967 ipsum
2882 4901 3173 4971 intelligere
3201 4903 3366 4972 magis
3388 4904 3483 4970 sit,
3516 4922 3669 4974 quam
3701 4906 3820 4961 sine

2236 4989 2508 5044 intellectu
2533 4989 2730 5044 vivere.
2757 4993 2886 5045 Cum
2925 5008 3051 5062 ergo
3096 4995 3255 5048 miser
3285 4994 3444 5049 homo
3473 4999 3818 5064 COtlgCnliSCil

2234 5090 2288 5136 et
2314 5081 2459 5135 dolet
2480 5123 2492 5142 ,
2535 5084 2708 5135 omnis
2735 5093 2978 5138 creatura
3017 5087 3361 5156 congenitiscit
3383 5098 3436 5142 et
3478 5088 3618 5142 dolet
3650 5105 3818 5158 usqtte

2233 5173 2427 5227 adhuc.
2457 5172 2624 5242 Usque
2644 5175 2810 5228 adhuc
2841 5189 3016 5230 autem
3058 5187 3197 5231 recte
3219 5179 3350 5233 dixit
3385 5197 3398 5233 :
3429 5179 3546 5248 quia
3578 5181 3733 5233 etiam
3769 5183 3816 5234 si

2235 5263 2341 5316 sint
2376 5263 2534 5332 aliqui
2556 5264 2663 5332 jam
2691 5266 2741 5319 in
2773 5265 2890 5320 sinu
2928 5267 3155 5322 Abrahae
3179 5267 3327 5340 (Luc.
3352 5286 3438 5324 xw
3459 5312 3472 5330 ,
3495 5270 3586 5342 9.3)
3607 5313 3622 5334 ,
3655 5281 3704 5324 et
3736 5273 3812 5324 la-

2236 5360 2320 5407 tro
2367 5352 2455 5406 ille
2499 5368 2620 5408 cum
2677 5354 2906 5410 Domino
2953 5357 3002 5411 in
3052 5359 3299 5427 paradiso
3342 5362 3659 5415 constitutus
3701 5358 3813 5430 (Id.

2235 5458 2372 5498 xxtn
2389 5485 2403 5506 ,
2434 5443 2548 5514 45),
2578 5445 2670 5499 illo
2693 5445 2781 5502 die
2805 5461 2910 5516 quo
2935 5449 3191 5515 credidit,
3221 5449 3404 5505 dolere
3423 5450 3702 5514 destiterit;
3735 5461 3816 5504 ta—

2234 5549 2354 5587 men
2386 5550 2553 5604 usqae
2579 5535 2751 5590 adhuc
2774 5539 2948 5593 omnis
2977 5549 3215 5594 creatura
3243 5542 3590 5611 congemiscit
3621 5550 3676 5597 et
3714 5541 3815 5596 do-

2233 5623 2307 5680 let
2331 5666 2348 5692 ,
2374 5627 2496 5696 quia
2523 5626 2573 5679 in
2601 5627 2662 5680 iis
2682 5627 2773 5697 qui
2808 5628 3040 5683 nondum
3071 5629 3279 5686 liberati
3308 5641 3464 5701 sunt,
3493 5632 3671 5688 omnis
3694 5646 3781 5688 ess
3799 5673 3815 5701 ,

2232 5726 2452 5787 propter
2475 5717 2716 5786 spiritum
2744 5727 2798 5772 et
2820 5719 3048 5775 animam
3079 5731 3132 5778 et
3151 5737 3362 5794 corpus.

2295 5864 2367 5924 (al
2394 5873 2408 5913 ι
2433 5871 2658 5918 Ιιειτςιειη
2675 5876 2780 5925 cap.
2805 5865 2881 5916 36,
