4136 6534
279 425 354 479 σε]
1720 412 1870 469 UBE

1977 412 2165 473 UNUS.
3522 435 3596 497 τυ

352 542 410 597 6.
443 535 567 594 Non
587 535 758 592 solum
774 541 969 599 autent,
1000 531 1192 603 inquit,
1222 531 1400 587 omnis
1422 539 1664 589 creatura
1693 544 1891 601 conge-

279 634 461 690 miscit
483 641 538 687 et
563 631 745 695 dolet,
775 629 867 684 sed
889 637 941 683 et
977 645 1067 683 nos
1090 628 1194 698 ipsi
1218 643 1238 681 :
1271 627 1323 683 id
1348 637 1467 691 est,
1500 643 1607 683 non
1632 628 1804 683 solum
1832 628 1887 683 in

278 726 504 780 homine
531 736 728 794 corpus
755 729 813 775 et
836 720 1011 774 anima
1055 726 1111 774 et
1152 719 1371 789 spiritus
1411 718 1571 773 simul
1598 718 1784 775 dolent
1819 734 1887 774 ex

276 815 688 872 difﬁcultatibus
710 814 952 881 corporis
972 855 986 876 ,
1016 811 1111 868 sed
1140 821 1194 866 et
1222 826 1321 864 nos
1342 811 1439 881 ipsi
1460 853 1475 877 ,
1504 812 1741 881 exceptis
1768 826 1891 866 cor-

278 911 525 979 poribus,
551 909 605 962 in
626 906 771 961 nobis
804 905 927 976 ipsis
943 904 1358 975 congemiscimus
1377 944 1393 969 ,
1422 904 1671 973 primitias
1699 903 1886 958 haben-

274 1014 351 1055 tes
389 1000 618 1065 spiritus.
650 997 720 1053 Et
746 996 881 1053 bene
903 996 1070 1061 dixit,
1100 997 1351 1066 primitias
1372 995 1606 1051 habentes
1629 997 1838 1065 spiritus
1865 1013 1886 1052 :

277 1093 332 1146 id
363 1102 466 1151 est.
486 1105 710 1161 quorum
727 1088 839 1157 jam
868 1088 1085 1157 Spiritus
1111 1096 1361 1158 tanquam
1382 1087 1702 1142 sacrificium
1720 1088 1883 1143 oblati

278 1192 412 1237 Sunt
443 1183 547 1237 Deo
570 1224 585 1247 ,
608 1191 661 1235 et
684 1179 869 1235 divino
893 1179 1165 1234 cbaritatis
1193 1180 1314 1249 igne
1339 1179 1713 1249 comprehensi
1735 1187 1878 1235 sunt.

278 1274 382 1329 liae
410 1282 530 1328 sunt
557 1270 804 1341 primitize
828 1270 1092 1335 hominis;
1133 1271 1253 1340 quia
1284 1271 1483 1325 veritas
1518 1272 1745 1340 primum
1780 1272 1885 1340 spi-

278 1366 447 1421 ritum
483 1375 721 1418 nostrum
757 1361 1000 1427 obtinet,
1031 1370 1089 1415 ut
1126 1376 1223 1430 per
1247 1359 1390 1416 hunc
1414 1369 1606 1416 cietera
1636 1378 1881 1432 compre-

279 1457 603 1512 heudantur.
632 1454 752 1509 Jam
781 1468 909 1524 ergo
935 1453 1093 1508 habet
1115 1454 1374 1522 primitias
1394 1454 1598 1509 oblatas
1624 1455 1758 1521 Deo,
1788 1456 1878 1525 qui

275 1548 408 1603 dicit
438 1566 452 1601 :
486 1544 656 1600 Mente
681 1545 843 1599 servio
880 1543 977 1614 legi
1004 1543 1129 1612 Dei,
1159 1561 1311 1599 carne
1345 1555 1513 1600 autem
1551 1547 1648 1617 legi
1688 1549 1880 1617 peccati

279 1639 463 1709 (Rom.
493 1654 603 1702 vn,
635 1635 753 1706 25).
791 1635 855 1689 Et
880 1637 967 1705 qui
993 1635 1121 1690 dicit
1151 1654 1164 1689 :
1199 1635 1337 1690 Deus
1361 1638 1442 1690 cui
1483 1639 1641 1692 seruio
1677 1639 1732 1693 in
1772 1640 1878 1709 spi-

275 1732 381 1784 ritu
416 1745 525 1782 meo
565 1726 674 1797 (Id.
709 1743 759 1790 ι,
788 1726 863 1797 9).
898 1726 963 1780 Et
1004 1726 1072 1781 de
1114 1742 1221 1796 quo
1249 1727 1443 1781 dicitur
1472 1746 1486 1782 :
1516 1730 1740 1796 Spiritus
1763 1731 1879 1800 qui-

271 1824 388 1876 dem
419 1831 686 1891 promptus
716 1829 823 1882 est,
850 1835 968 1872 caro
1004 1827 1173 1872 autem
1206 1820 1412 1888 inﬁrma
1448 1818 1660 1893 (Matth.
1708 1838 1831 1877 XXVI
1856 1866 1871 1889 ,

272 1917 390 1983 ιι).
414 1913 519 1970 Sed
549 1914 800 1981 quoniam
828 1910 1001 1965 adhuc
1024 1910 1153 1966 dicit
1171 1952 1185 1971 .
1214 1909 1411 1978 Infelix
1436 1929 1528 1982 ego
1551 1913 1701 1966 homo
1719 1955 1733 1977 ,
1764 1915 1876 1983 quis

272 2025 354 2061 me
382 2003 613 2059 liberabit
634 2003 698 2056 de
718 2019 928 2071 corpore
955 2003 1130 2056 mortis
1157 2002 1309 2072 hujus
1337 2002 1511 2072 (Rom.
1538 2018 1607 2058 vn
1625 2043 1640 2069 ,
1663 2003 1796 2074 24)?
1822 2013 1875 2059 et

271 2101 449 2155 adhuc
474 2099 669 2154 talibus
702 2097 929 2163 dicitur,
980 2095 1262 2166 Viviﬁcabit
1298 2106 1348 2150 et
1388 2097 1625 2151 mortalia
1661 2114 1875 2167 corpora

271 2204 437 2247 uestra
459 2200 667 2261 propter
682 2190 934 2259 Spiritum
954 2199 1239 2243 manentem
1264 2189 1315 2243 in
1339 2189 1472 2244 vobis
1490 2189 1602 2260 (Id.
1628 2207 1736 2255 \‘lll,
1760 2191 1870 2262 ll);

272 2282 512 2337 nondum
535 2289 619 2336 est
651 2281 1020 2336 holocaustum
1053 2296 1066 2331 :
1094 2279 1195 2333 erit
1221 2293 1397 2334 autem
1419 2320 1434 2345 ,
1471 2297 1592 2336 cum
1613 2283 1870 2337 absorbe-

273 2374 414 2429 bitur
444 2387 591 2426 mors
630 2372 683 2426 in
731 2370 1046 2436 victoriam;
1079 2384 1199 2424 cum
1239 2371 1288 2425 ei
1327 2370 1575 2437 dicetur,
1620 2372 1717 2427 Ubi
1757 2382 1869 2440 est,

272 2483 429 2530 mors,
451 2465 703 2518 contentio
733 2472 821 2516 tua
838 2464 863 2516 ?
886 2462 972 2516 ubi
999 2471 1105 2528 est,
1133 2479 1287 2529 mors,
1310 2464 1513 2516 aculeus
1534 2474 1649 2517 tuus
1677 2464 1717 2537 (Ι
1747 2463 1867 2519 Cor.

271 2575 362 2621 xv,
380 2558 473 2619 δι.
500 2556 618 2625 55)?
644 2554 792 2609 Nunc
818 2569 965 2623 ergo,
990 2552 1178 2623 inquit,
1202 2568 1307 2607 non
1330 2554 1505 2608 solum
1524 2555 1697 2608 omnis
1717 2569 1870 2608 crea-

271 2658 390 2703 tura
416 2691 431 2713 ,
459 2647 512 2700 id
541 2656 643 2713 est,
672 2662 794 2699 cum
814 2660 1060 2714 corpore,
1092 2644 1181 2699 sed
1201 2645 1354 2697 etiam
1382 2661 1474 2700 nos
1495 2644 1595 2714 ipsi
1624 2646 1871 2714 primitias

271 2742 514 2795 habentes
543 2740 744 2808 spiritus
774 2756 785 2790 :
814 2738 865 2790 id
891 2748 992 2800 est,
1027 2752 1124 2790 nos
1150 2737 1377 2803 animae,
1412 2754 1532 2805 qua:
1554 2739 1664 2805 jam
1699 2737 1871 2807 primi-

271 2834 376 2886 tias
397 2841 603 2885 mentes
623 2840 832 2883 nostras
852 2828 1145 2883 obtulimus
1178 2828 1315 2894 Deo,
1347 2829 1401 2881 in
1428 2829 1570 2883 nobis
1597 2830 1722 2897 ipsis
1750 2846 1870 2884 cen-

269 2924 593 2994 gemiscimus
610 2962 625 2985 ,
652 2919 702 2974 id
729 2928 813 2975 est
831 2960 845 2982 ,
872 2929 1066 2988 prieter
1090 2934 1282 2987 corpus
1310 2936 1324 2973 :
1352 2921 1675 2989 adoptionem
1694 2937 1873 2991 etspo-

268 3026 499 3081 dantes,
546 3014 938 3084 redemptionem
977 3014 1203 3085 corporis
1242 3014 1436 3079 nostri,
1474 3014 1523 3067 id
1570 3025 1683 3079 est,
1714 3024 1768 3068 ut
1816 3025 1871 3071 et

266 3110 445 3180 ipsum
489 3123 683 3175 corpus
721 3108 988 3175 accipiens
1041 3106 1354 3161 beneficium
1395 3107 1698 3177 adoptionis
1740 3108 1871 3163 tilio-

264 3218 386 3257 rum
409 3241 424 3265 ,
461 3215 565 3270 qua
605 3198 777 3253 vocati
804 3214 1025 3264 sumus,
1054 3206 1194 3252 totos
1235 3212 1334 3252 nos
1361 3198 1647 3264 liberatos,
1690 3209 1870 3253 trans-

265 3293 403 3347 actis
428 3291 675 3345 omnibus
702 3290 962 3344 molestiis
981 3330 995 3350 ,
1028 3305 1089 3343 ex
1115 3290 1257 3342 omni
1293 3300 1440 3357 parte
1468 3290 1555 3344 Dei
1586 3290 1725 3344 lilios
1749 3306 1869 3346 esse

265 3383 601 3439 manifestat.
631 3381 737 3451 Spe
759 3382 891 3435 enim
914 3382 1040 3434 salvi
1056 3380 1177 3449 [acti
1195 3397 1369 3434 sumus
1394 3396 1414 3435 :
1434 3397 1549 3451 spes
1569 3390 1733 3435 autem
1757 3397 1872 3451 qua:

262 3476 465 3530 videtur
482 3515 500 3541 ,
521 3491 622 3528 non
638 3484 709 3528 est
728 3490 859 3541 spes.
882 3472 1028 3526 'l‘unc
1049 3488 1177 3542 ergo
1198 3473 1300 3526 erit
1322 3487 1407 3527 res
1435 3489 1555 3542 quae
1577 3489 1718 3527 nunc
1743 3489 1868 3542 spes

264 3578 351 3624 est
370 3609 385 3631 ,
410 3585 528 3622 cum
554 3567 845 3638 apparuerit
874 3565 996 3637 quid
1018 3568 1249 3630 erimus;
1290 3564 1342 3621 id
1371 3574 1452 3620 est
1474 3606 1490 3632 ,
1520 3566 1711 3621 similes
1749 3567 1864 3634 illi,

264 3661 511 3733 quoniam
540 3659 815 3713 vidi-bimus
841 3674 953 3710 eum
979 3656 1131 3710 sicuti
1151 3665 1243 3711 est.

341 3751 397 3805 7.
432 3750 545 3803 lloc
569 3748 858 3817 capitulum
898 3747 940 3801 si
970 3746 1071 3802 hoc
1098 3746 1290 3813 modo,
1323 3756 1381 3801 ut
1425 3755 1705 3801 tractatum
1744 3757 1824 3802 est
1848 3789 1864 3815 ,

265 3843 574 3911 aperiatur,
625 3856 729 3894 non
773 3838 1056 3893 incidimus
1098 3837 1150 3891 in
1196 3839 1314 3892 illas
1340 3838 1646 3903 molestias,
1674 3839 1867 3907 quibus

268 3936 516 4006 plerique
559 3933 806 3988 homines
847 3930 1027 3986 dicere
1071 3939 1368 4000 coguntur,
1400 3945 1587 3985 omnes
1632 3931 1868 4000 Angelos

268 4031 636 4097 sublimesth
667 4026 903 4080 Virtutes
932 4026 982 4079 in
1010 4024 1195 4079 dolore
1219 4034 1268 4077 et
1297 4024 1580 4095 gemitibus
1599 4038 1738 4083 esse.
1768 4040 1867 4078 an-

270 4132 485 4190 thnam
517 4132 615 4173 nos
641 4116 848 4185 penitus
880 4114 1197 4177 liberemur,
1226 4112 1477 4183 quoniam
1507 4112 1706 4168 dictum
1744 4122 1863 4181 est,

272 4212 455 4267 Omnis
470 4219 706 4262 creatura
725 4206 1047 4277 congemiscit
1071 4214 1119 4259 et
1145 4204 1299 4259 dolet.
1323 4204 1577 4270 Quamvis
1602 4206 1742 4260 enim
1769 4204 1868 4259 ad-

264 4305 451 4376 juvent
497 4316 598 4356 nos
638 4315 736 4371 pro
770 4314 867 4353 sua
909 4298 1235 4354 sublimitate
1264 4299 1302 4361 ί,
1340 4298 1465 4352 dum
1498 4298 1869 4368 obtemperant

270 4396 403 4458 Deo,
431 4394 521 4463 qui
546 4409 642 4462 pro
665 4392 819 4446 nobis
847 4391 1004 4444 etiam
1028 4390 1239 4444 unicum
1272 4389 1462 4444 Filium
1502 4405 1656 4445 suum
1678 4389 1866 4459 digna-

271 4500 353 4543 tus
374 4496 460 4543 est
487 4487 733 4545 mittere;
765 4493 939 4537 tamen
968 4482 1083 4536 sine
1109 4482 1308 4552 gemitu
1332 4491 1387 4537 et
1406 4481 1681 4536 doloribus
1708 4482 1757 4535 id
1786 4482 1864 4536 fa-

266 4597 393 4635 cere
411 4576 667 4633 credendi
689 4584 831 4640 sunt,
857 4590 923 4629 ne
950 4575 1127 4627 miseri
1150 4574 1533 4639 existimentur,
1562 4573 1867 4645 feliciorque

267 4674 337 4725 sit
368 4670 437 4725 de
461 4684 686 4723 numero
717 4677 900 4721 nostro
927 4665 1160 4720 Lazarus
1188 4665 1275 4720 ille
1304 4666 1390 4735 qui
1412 4664 1523 4736 jam
1556 4666 1607 4719 in
1640 4666 1867 4721 Abrahae

270 4765 389 4816 sinu
419 4758 728 4829 requiescit.
754 4758 1055 4812 Pnesertim
1090 4754 1211 4825 quia
1238 4756 1401 4821 dixit,
1446 4755 1689 4812 eamdem
1720 4771 1869 4811 crea-

270 4866 443 4908 turam
468 4868 592 4920 qua:
618 4848 965 4920 congemiscit
990 4858 1043 4903 et
1072 4848 1251 4911 dolet,
1279 4848 1497 4902 vanitati
1536 4863 1656 4903 esse
1690 4849 1871 4919 subje-

268 4958 432 5010 ctam;
464 4944 609 5014 quod
638 4942 708 4998 de
732 4941 957 4995 summis
979 4948 1034 4995 et
1057 4940 1441 4996 excellentibus
1468 4941 1730 4995 Virtutum
1760 4942 1866 4995 Po-

280 5043 641 5098 tesiatumque
664 5038 931 5084 creaturis
950 5032 1101 5082 uetas
1122 5034 1208 5082 est
1234 5028 1475 5083 credere.
1501 5026 1705 5084 Deinde
1725 5028 1867 5085 libe-

278 5124 503 5177 randam
541 5135 665 5176 eam
700 5119 837 5174 dixit
880 5135 911 5173 a
952 5118 1212 5173 servitute
1252 5118 1539 5184 interitus;
1584 5133 1693 5187 quo
1739 5118 1863 5174 illus

274 5214 555 5276 cecidisse,
570 5212 664 5279 qui
690 5211 743 5263 in
771 5208 923 5263 ctelis
948 5216 1113 5277 agunt
1144 5208 1308 5262 vitam
1338 5210 1729 5273 beatissimam,
1751 5224 1859 5265 non

272 5316 561 5370 possumus
572 5300 816 5354 credere.
842 5297 1042 5351 Tamen
1068 5298 1201 5352 nihil
1215 5306 1416 5352 temere
1428 5299 1861 5353 conﬁrmandum

272 5401 376 5453 cst.
406 5390 501 5446 sed
530 5392 618 5461 pia
644 5388 924 5457 diligentia
950 5389 1115 5442 etiam
1153 5396 1315 5457 atque
1344 5388 1512 5443 etiam
1558 5390 1726 5445 verba
1774 5389 1857 5444 di-

271 5485 391 5537 vina
416 5482 697 5537 tractanda
724 5487 885 5545 sunt;
917 5494 983 5534 ne
1014 5478 1154 5535 forte
1171 5494 1292 5548 quae
1316 5480 1664 5549 congemiscit
1683 5488 1738 5534 et
1759 5480 1854 5534 do-

271 5576 341 5629 let
381 5586 435 5632 et
465 5574 692 5631 vanitati
735 5574 973 5642 subjecta
1003 5582 1106 5637 est,
1135 5573 1306 5643 possit
1331 5572 1510 5643 aliquo
1562 5573 1721 5627 modo
1747 5575 1855 5629 alio

272 5666 511 5740 intelligi,
556 5673 618 5721 ut
646 5665 717 5719 de
746 5664 971 5718 summis
997 5663 1221 5735 angelis,
1254 5665 1512 5734 quamdiu
1542 5672 1741 5719 nostra:
1770 5666 1853 5719 in-

323 5808 337 5837 ι
364 5806 443 5855 Sic
469 5805 580 5855 Rat.
610 5801 695 5852 Er.
728 5805 779 5850 et
805 5798 1027 5849 undecim
1049 5798 1166 5849 Mss.
1194 5798 1259 5850 At
1285 5797 1422 5862 Lov.,
1446 5811 1668 5863 persnas
1689 5798 1843 5850 subli-

259 5875 437 5919 natales
444 5906 457 5920 .

1995 530 2231 590 firmitati
2263 534 2417 605 jussu
2445 540 2653 597 Domini
2688 546 2857 601 nostri
2883 549 3245 620 opitulantur,
3275 570 3382 612 non
3424 557 3591 625 impio

1994 624 2163 693 possit
2187 626 2501 684 existimari.
2530 632 2638 688 Sed
2667 635 2781 691 sive
2806 637 2895 692 illa
2923 656 3081 710 quam
3109 650 3345 702 exsecuti
3374 624 3584 715 sumus,

1994 714 2107 771 sive
2131 716 2235 771 alia
2261 719 2435 790 aliqua
2467 722 2625 792 hujus
2652 727 2866 794 capituli
2889 733 3152 800 expositio
3179 737 3498 805 proferatur;
3538 714 3585 796 id

1992 813 2197 862 tantum
2227 812 2521 867 cavendum
2552 826 2633 870 est
2654 858 2669 883 ,
2696 833 2762 871 ne
2786 820 2945 875 violet
2969 831 3062 877 aut
3090 825 3331 881 vulneret
3358 831 3586 884 catholi-

1990 911 2106 953 cam
2139 899 2319 955 lidem.
2346 901 2471 959 Scio
2498 907 2639 960 enim
2668 923 2833 965 vanos
2863 911 2878 942 ¹
2917 912 3199 970 haereticos
3227 918 3294 973 de
3312 919 3413 976 hoc
3442 925 3589 991 capi-

1991 988 2103 1042 tulo
2132 991 2293 1045 multa
2320 993 2478 1062 impia
2507 1005 2561 1050 et
2583 998 2756 1067 inepta
2780 999 3031 1069 iactasse.

1988 1079 2218 1137 LXVIII.
2249 1082 2328 1139 De
2348 1101 2407 1140 eo
2438 1090 2574 1158 quod
2606 1092 2849 1162 scriptum
2885 1106 2958 1150 est
2990 1113 3008 1151 :
3036 1098 3081 1153 Ο
3120 1099 3312 1169 homo,
3363 1112 3420 1160 tu
3463 1108 3586 1177 quis

2178 1190 2292 1252 es,
2321 1178 2408 1247 qui
2440 1182 2763 1249 respondeas
2791 1185 2899 1241 Deo
2926 1188 3103 1253 (Rom.
3134 1207 3212 1258 ix,
3239 1192 3368 1267 20)?

2060 1266 2110 1320 1.
2139 1266 2273 1323 Cum
2313 1272 2557 1327 videatur
2600 1277 2889 1344 Apostolus
2935 1284 3254 1354 corripuisse
3296 1289 3537 1344 curioso:
3562 1333 3577 1357 ,

1985 1357 2244 1427 dicendo,
2272 1359 2317 1415 0
2344 1362 2522 1427 homo,
2556 1376 2609 1419 tu
2632 1368 2746 1437 quis
2765 1385 2847 1435 es,
2889 1372 2978 1440 qui
3005 1376 3308 1444 respondeas
3341 1377 3446 1433 Deo
3464 1381 3489 1433 Ρ
3511 1381 3580 1435 de

1985 1444 2087 1499 hoc
2117 1445 2231 1514 ipso
2271 1446 2343 1501 illi
2380 1451 2730 1518 quzestionem
2764 1465 2979 1510 moveut
3003 1499 3018 1523 ,
3045 1469 3101 1512 et
3130 1462 3180 1513 in
3212 1477 3272 1515 ea
3315 1466 3579 1519 sententia

1983 1551 2087 1590 non
2114 1536 2366 1593 desinunt
2389 1554 2511 1596 esse
2535 1543 2766 1611 curiosi,
2797 1561 2900 1616 qua
2927 1548 3198 1619 objurgata
3227 1562 3311 1607 est
3336 1554 3450 1625 ipsa
3476 1573 3576 1611 cu-

1980 1627 2195 1682 riositas
2228 1639 2322 1684 :et
2344 1630 2491 1701 impii
2513 1634 2725 1703 quidem
2753 1651 2874 1691 cum
2905 1643 3264 1711 contumelia,
3302 1655 3361 1700 ut
3394 1647 3578 1704 dicant

1980 1718 2294 1786 Apostolum
2322 1721 2375 1775 in
2397 1723 2649 1780 solvenda
2674 1730 2967 1796 quaestione
2988 1732 3279 1802 defecisse,
3306 1747 3359 1793 et
3384 1740 3576 1809 objur-

1978 1822 2132 1877 gasse
2165 1821 2497 1880 quaerentes,
2537 1816 2661 1885 quia
2687 1834 2794 1873 non
2836 1829 3045 1888 poterat
3068 1825 3208 1894 quod
3234 1831 3576 1897 qumrebatur

1985 1916 2274 1970 exponere.
2305 1904 2551 1962 Nonnulli
2581 1920 2756 1964 autem
2790 1909 2863 1984 (a)
2896 1914 3129 1971 haeretici
3148 1920 3267 1987 quia
3294 1936 3397 1976 non
3425 1921 3574 1979 deci-

1979 1992 2160 2063 piunt,
2204 1996 2307 2050 nisi
2334 2014 2457 2053 cum
2496 2001 2773 2056 scientiam
2804 2019 2961 2074 quam
3002 2023 3106 2062 non
3143 2010 3395 2067 exhibent
3421 2016 3576 2084 polli-

1978 2096 2185 2154 centur,
2214 2098 2268 2144 et
2296 2090 2641 2148 adversantes
2665 2094 2789 2165 Legi
2817 2109 2870 2151 et
2900 2098 3202 2167 Prophetis,
3222 2118 3575 2178 qurecumque

1976 2177 2045 2233 de
2091 2179 2196 2233 illis
2222 2182 2511 2250 Apostolus
2552 2188 2787 2240 sermoni
2831 2202 2929 2241 suo
2969 2189 3228 2257 inseruit,
3274 2193 3407 2250 falsa
3446 2177 3502 2252 et
3541 2214 3571 2253 a

1975 2275 2377 2342 corruptoribus
2403 2276 2639 2332 immissa
2670 2294 2792 2335 esse
2833 2283 3189 2339 criminantur
3211 2327 3226 2352 ,
3275 2289 3436 2342 etiam
3471 2291 3573 2348 hoc

1976 2365 2116 2422 inter
2144 2368 2255 2437 ipsa
2280 2386 2406 2439 quae
2451 2372 2769 2442 interpolata
2799 2375 3016 2443 dicunt,
3052 2397 3333 2438 numerare
3378 2387 3573 2443 malue-

1975 2468 2127 2524 runt,
2157 2469 2214 2514 et
2242 2477 2436 2530 negare
2460 2464 2682 2520 Paulum
2712 2466 2944 2534 dixisse,
2977 2470 3023 2525 0
3045 2473 3193 2525 homo
3214 2517 3227 2539 ,
3257 2484 3309 2528 tu
3334 2482 3445 2546 quis
3475 2496 3529 2533 es
3550 2522 3568 2546 ,

1972 2550 2059 2619 qui
2082 2552 2383 2620 respondeas
2417 2554 2564 2609 Deo?
2589 2557 2845 2623 Quoniam
2872 2562 2915 2613 si
2945 2562 3070 2630 ipsis
3094 2564 3303 2621 dicatur
3329 2570 3393 2622 ad
3424 2571 3571 2625 deci-

1975 2643 2198 2709 piendos
2228 2644 2470 2699 homines
2491 2648 2940 2705 calumniantibus
2961 2696 2974 2718 ,
3016 2658 3199 2722 procul
3226 2658 3387 2713 dubio
3429 2672 3568 2717 tace-

1976 2732 2107 2787 bunt
2127 2776 2142 2798 ,
2183 2750 2281 2789 nec
2302 2737 2577 2793 audebunt
2598 2740 2755 2794 ullam
2782 2742 2848 2797 de
2892 2745 3163 2802 voluntate
3189 2751 3570 2821 omnipotentis

1974 2826 2066 2881 Dei
2102 2828 2361 2895 imperitis
2386 2846 2521 2899 quos
2547 2832 2794 2903 decipere
2822 2836 3074 2905 cupiunt,
3110 2842 3384 2897 scientiam
3415 2848 3569 2914 polli-

1972 2920 2101 2972 ceri.
2137 2919 2361 2987 Quidam
2393 2934 2571 2977 autem
2624 2924 2762 2980 bona
2809 2936 2862 2981 et
2913 2929 2994 2996 pia
3043 2942 3221 2986 mente
3266 2934 3571 3005 Scripturas

1970 3010 2207 3081 legentes
2245 3026 2494 3083 quaerunt
2539 3017 2662 3087 quid
2690 3017 2775 3073 hic
2820 3022 2987 3087 possit
3014 3025 3094 3078 vel
3127 3027 3568 3088 maledicentibus

1972 3104 2052 3156 vel
2091 3105 2534 3161 calumniantilms
2558 3111 2895 3178 responderi.
2930 3112 3033 3168 Sed
3066 3131 3162 3171 nos
3186 3126 3241 3172 et
3264 3123 3568 3179 auctoritati

1972 3194 2280 3263 apostolica;
2308 3197 2596 3254 salubriter
2640 3201 2962 3259 inhaerentes
2987 3246 3000 3267 ,
3030 3215 3084 3259 et
3111 3208 3273 3263 libros
3317 3226 3452 3281 quos
3479 3229 3570 3268 ca-

1974 3283 2165 3339 tholim
2197 3287 2472 3357 disciplina
2513 3292 2746 3346 custodit
2776 3293 2993 3350 falsatos
3021 3298 3042 3329 ³
3086 3313 3204 3353 esse
3233 3317 3568 3374 nequaquam

1972 3376 2367 3442 existimantes,
2399 3382 2692 3437 sentiamus
2712 3386 2850 3454 quod
2879 3402 3059 3441 verum
3093 3398 3210 3458 est,
3241 3392 3484 3463 indignos
3513 3410 3566 3453 et

1972 3466 2213 3523 inlirmos
2246 3484 2367 3525 esse
2396 3470 2419 3503 ⁸
2443 3473 2508 3525 ad
2546 3474 2887 3545 intelligenda
2920 3479 3097 3534 divina
3128 3494 3331 3539 secreta
3375 3489 3567 3557 quibus

1973 3557 2070 3611 ista
2097 3559 2415 3615 clauduntur
2442 3581 2454 3616 :
2488 3573 2542 3618 ct
2567 3566 2645 3620 eis
2674 3572 3125 3627 murmurantlbus
3161 3584 3213 3629 et
3241 3577 3564 3648 indignanti-

1972 3648 2073 3703 bus
2098 3651 2238 3720 quod
2280 3653 2499 3707 consilia
2545 3656 2636 3709 Dei
2669 3673 2773 3712 non
2800 3659 3011 3715 discunt
3031 3703 3047 3729 ,
3093 3679 3212 3719 cum
3241 3666 3421 3723 dicere
3456 3687 3565 3725 cos-

1974 3743 2166 3809 pcrint,
2198 3742 2335 3815 Ergo
2352 3747 2497 3814 cujus
2520 3749 2624 3801 vult
2649 3750 2931 3816 miseretur,
2960 3765 3007 3808 et
3034 3772 3176 3825 quem
3196 3761 3300 3814 vult
3325 3761 3561 3818 obdurat.

1975 3832 2111 3897 Quid
2137 3834 2307 3887 adhuc
2332 3839 2653 3906 conqueritur
2672 3840 2699 3893 !
2727 3858 2844 3894 nam
2871 3845 3115 3900 voluntati
3150 3849 3258 3916 ejus
3299 3854 3409 3920 quis
3434 3857 3562 3908 resi-

1973 3926 2057 3979 stit
2081 3924 2242 3993 (Ibid.
2274 3928 2361 3992 18,
2388 3928 2503 4000 l9)?
2525 3946 2644 3984 cum
2668 3933 2758 3985 his
2784 3949 2911 4003 ergo
2939 3938 3115 3992 verbis
3134 3950 3224 3993 aut
3248 3942 3565 4000 calumniari

1971 4015 2274 4085 Scripturas
2298 4060 2313 4083 ,
2346 4028 2435 4072 aut
2485 4020 2741 4076 latebram
2788 4035 3125 4093 peccatorum
3174 4046 3389 4089 suorum
3418 4050 3565 4105 qure-

1972 4122 2092 4162 rere
2120 4110 2380 4177 cceperint
2403 4153 2415 4173 ,
2465 4122 2515 4164 ut
2568 4123 2829 4182 prrecepta
2864 4128 3244 4187 contemnant,
3277 4127 3466 4193 quibus
3494 4129 3570 4184 ad

1970 4200 2133 4253 vitam
2179 4202 2372 4255 bonam
2421 4206 2731 4272 pervcnitur
2773 4205 2827 4274 ⁸,
2876 4213 3294 4279 respondeamus
3326 4219 3565 4275 lidentis-

1972 4291 2142 4358 sime,
2178 4291 2225 4347 0
2255 4294 2403 4348 homo
2423 4336 2437 4357 ,
2471 4306 2523 4348 tu
2557 4296 2669 4365 quis
2691 4313 2775 4365 es,
2816 4302 2901 4369 qui
2929 4305 3232 4370 respondeas
3266 4307 3416 4363 Deo?
3452 4311 3572 4367 Nec

1972 4399 2066 4440 eos
2092 4386 2303 4439 reveriti
2339 4396 2579 4441 sanctum
2603 4389 2822 4443 canibus
2848 4391 3064 4455 demus,
3102 4406 3189 4448 aut
3220 4400 3563 4467 proﬁciamus

1973 4479 2289 4549 margaritas
2332 4488 2542 4534 nostras
2583 4491 2709 4537 ante
2754 4498 2942 4551 parcns
2973 4484 3189 4552 (Matth.
3231 4506 3301 4543 vu
3326 4533 3338 4555 ,
3383 4492 3436 4563 6)
3468 4513 3480 4547 :
3516 4497 3569 4551 si

1974 4581 2149 4626 tamen
2172 4573 2280 4640 jam
2310 4573 2407 4641 ipsi
2435 4588 2597 4628 canes
2626 4584 2680 4630 et
2706 4577 2851 4644 porci
2884 4593 2988 4631 non
3015 4597 3226 4646 sumius,
3270 4593 3321 4637 et
3346 4585 3412 4639 de
3448 4605 3562 4642 me-

1973 4662 2089 4715 ritis
2122 4663 2418 4715 animarum
2451 4664 2722 4720 revelante
2749 4665 2948 4734 Spiritu
2975 4681 3161 4725 S‘HICIO
3181 4713 3195 4727 .
3228 4676 3453 4730 sublime
3474 4679 3569 4732 ali~

1972 4751 2097 4821 quid
2124 4762 2179 4807 et
2222 4770 2250 4805 a
2287 4754 2489 4824 vulgari
2512 4757 2832 4824 conjectura
2878 4764 3288 4819 remotimbuum
3317 4808 3331 4832 ,
3384 4770 3464 4823 vel
3495 4786 3565 4825 ex

1973 4852 2121 4914 parte
2144 4852 2302 4914 atque
2330 4844 2381 4898 in
2409 4846 2688 4916 mnigmate
2714 4850 3066 4917 suSpicemnr.

2044 4934 2098 4988 '2.
2127 4935 2242 4991 Non
2271 4937 2413 4992 enim
2442 4939 2732 5007 Apostolus
2759 4942 2858 4996 hoc
2887 4943 3001 4997 loco
3039 4955 3251 5001 sanctos
3294 4949 3563 5017 prohibuit

1972 5042 2002 5081 a
2031 5028 2320 5097 qumrendo
2342 5070 2356 5093 ,
2386 5030 2479 5082 sed
2529 5044 2623 5084 eos
2647 5032 2736 5099 qui
2785 5034 3019 5088 nondum
3050 5045 3171 5090 sunt
3211 5038 3261 5089 in
3303 5038 3570 5097 charitate

1974 5119 2194 5173 radicati
2241 5129 2293 5174 et
2341 5120 2576 5185 fundati,
2629 5131 2686 5176 ut
2714 5125 2918 5191 possint
2951 5128 3404 5194 comprehendere
3439 5148 3569 5189 cum

1973 5210 2222 5264 omnibus
2251 5211 2450 5265 sanctis
2478 5211 2812 5267 latitudinem
2833 5256 2848 5277 ,
2879 5214 3259 5281 longitudinem
3282 5262 3295 5285 ,
3324 5222 3565 5279 altitudi-

1979 5316 2101 5355 nem
2150 5309 2205 5356 et
2253 5300 2609 5370 profundum,
2640 5312 2696 5356 et
2741 5314 2933 5359 extera
2961 5322 3080 5375 qure
3126 5309 3176 5362 in
3209 5311 3397 5367 eodem
3448 5314 3574 5369 loro

1975 5393 2281 5463 exsequitur
2310 5393 2525 5464 (Ephes.
2552 5409 2636 5453 Ill,
2663 5394 2729 5450 18
2749 5436 2764 5460 ,
2800 5396 2910 5468 19).
2940 5398 3053 5454 Non
3079 5417 3210 5474 ergo
3240 5406 3509 5474 prohibuit
3539 5426 3566 5462 a

2040 5505 2055 5568 ε
2081 5500 2327 5568 Floruset
2347 5503 2502 5568 codex
2528 5505 2721 5568 Regius,
2740 5507 2913 5559 varios.

2040 5567 2061 5597 ²
2086 5574 2189 5614 Mss.
2208 5599 2223 5621 ,
2248 5564 2512 5626 infatsatos.

2038 5627 2060 5659 ³
2084 5633 2156 5674 Er.
2177 5635 2236 5703 et
2257 5624 2394 5703 Lov.,
2414 5624 2748 5703 uidimtosnM
2769 5637 2819 5703 et
2835 5629 3051 5703 inﬁrmos
3070 5650 3188 5688 esse.
3214 5640 3361 5691 Abest
3375 5677 3388 5700 ,
3409 5655 3494 5693 nos
3509 5679 3525 5703 ,
3546 5657 3573 5694 s

1976 5696 2072 5737 nat.
2102 5696 2153 5737 et
2177 5696 2360 5737 Mss.-—-
2383 5690 2530 5747 Lugd.
2558 5698 2609 5739 et
2632 5698 2748 5741 νυιι.
2777 5702 2829 5742 ut
2852 5690 2924 5743 ei.
2950 5705 2999 5746 et
3023 5703 3129 5747 Lov.
3200 5709 3254 5750 .u.

2038 5750 2059 5781 δ
2085 5757 2184 5817 nat.
2204 5762 2256 5799 et
2276 5751 2607 5817 dstercieiisis
2629 5754 2783 5804 codex
2807 5758 3049 5817 omittunt,
3066 5759 3253 5813 bonum.
3273 5768 3441 5815 thtcri
3464 5767 3509 5817 le
3518 5784 3568 5815 re

1975 5818 2103 5876 Mss,
2116 5809 2238 5868 loco,
2258 5813 2527 5876 pervenitur
2540 5849 2554 5876 ,
2573 5815 2783 5876 habent,
2800 5809 3075 5872 imitamur.

2039 5874 2113 5934 (a)
2136 5874 2395 5926 namcbmi.
