4084 6550
571 425 634 482 ’11
1327 421 1414 474 DE
1455 417 1762 474 DIVERSIS
1797 414 2164 484 QUIESTION

2275 413 2313 470 S
2352 413 2610 472 LXXXIII
2635 459 2650 482 ,
2689 417 2747 474 S.
2788 418 3153 476 AUGUSTINI
3784 425 3855 485 ἠ

571 539 857 611 (ιατειοιιᾶο
877 579 891 603 ,
918 537 1007 607 qui
1033 535 1160 591 dicit
1176 577 1190 601 ,
1205 597 1212 602 _
1227 535 1522 606 Spiritualis
1543 543 1712 588 autem
1735 533 1904 587 omnia
1913 529 2148 601 judicat;

571 632 680 699 ipse
706 637 871 680 autem
899 644 931 679 a
953 627 1148 680 nemine
1163 625 1431 696 judicdtur
1454 640 1472 678 :
1493 635 1544 678 et
1573 623 1699 677 illud
1732 623 2012 692 pra-cipue,
2045 619 2155 674 Nos

572 727 738 781 autem
772 733 872 770 non
899 717 1134 787 spiritum
1161 719 1312 787 hujus
1340 716 1515 768 mundi
1539 716 1849 786 accepimus,
1885 712 1971 766 sed
2006 712 2156 782 spiri-

574 821 621 863 tu
633 828 677 862 m
700 811 784 878 qui
808 825 870 862 ea:
897 809 1004 863 Deo
1029 816 1130 871 est,
1151 818 1208 861 ut
1235 809 1452 860 sciamus
1485 822 1598 876 quae
1623 823 1654 858 a
1692 805 1800 860 Deo
1827 805 2012 858 donata
2039 813 2156 857 sunt

573 903 713 954 nobis
749 899 789 971 (l
817 899 932 954 Cor.
968 916 1036 960 ιι,
1071 900 1168 966 15,
1210 898 1318 969 I2).
1355 898 1500 965 Quos
1537 911 1664 966 ergo
1707 895 2008 965 prohibuit,
2055 892 2154 947 nisi

571 992 743 1048 luteos
772 1001 931 1061 atque
975 999 1216 1044 terrenos
1235 1032 1249 1054 ,
1279 990 1366 1058 qui
1401 988 1632 1042 nondum
1662 987 1982 1041 intrinsecus
2007 1000 2158 1054 rege-

573 1084 740 1137 nerati
767 1092 929 1151 atque
948 1081 1161 1144 nutriti,
1193 1079 1475 1148 imaginem
1499 1079 1640 1132 illius
1671 1079 1900 1132 hominis
1925 1085 2152 1146 portant,

574 1175 661 1243 qui
684 1174 890 1243 primus
921 1173 1090 1228 factus
1114 1181 1198 1228 est
1215 1172 1283 1227 de
1310 1183 1449 1225 terra
1499 1179 1740 1225 terrenus
1785 1169 1806 1242 (
1837 1168 1923 1223 Id.
1949 1185 2034 1232 xv,
2065 1170 2156 1235 47,

575 1265 709 1333 49)?
739 1266 805 1319 Et
831 1265 952 1333 quia
974 1266 1020 1318 ei
1052 1280 1081 1316 a
1113 1279 1218 1332 quo
1245 1263 1412 1317 factus
1438 1273 1549 1327 est,
1575 1262 1741 1316 noluit
1765 1262 2156 1330 obtemperare,

577 1353 630 1410 in
664 1355 712 1410 id
742 1357 924 1425 lapsus
947 1364 1030 1409 est
1065 1355 1203 1408 unde
1229 1353 1398 1408 factus
1419 1362 1529 1418 est,
1560 1354 1858 1421 meruitque
1883 1361 2000 1422 post
2030 1367 2159 1422 pec-

576 1456 750 1503 catum
778 1448 980 1511 audire,
1010 1445 1169 1500 Terra
1193 1464 1264 1510 es,
1294 1457 1338 1499 et
1363 1448 1414 1499 in
1442 1455 1624 1499 terram
1649 1446 1742 1498 ibis
1763 1442 1914 1512 (Gen.
1939 1461 2014 1510 ιιι,
2043 1443 2154 1513 19).

579 1539 796 1594 Talibus
823 1539 980 1608 igitur
1022 1537 1323 1592 hominibus
1352 1537 1479 1591 dicit
1514 1535 1802 1605 Apostolus
1835 1553 1847 1588 :
1893 1533 1937 1588 Ο
1971 1536 2119 1588 homo
2141 1576 2157 1602 ,

578 1637 632 1683 tu
655 1631 764 1699 quis
783 1647 835 1684 es
857 1672 870 1693 ,
903 1631 986 1698 qui
1010 1630 1312 1699 respondeas
1337 1627 1481 1680 Deo?
1509 1625 1771 1694 Numquid
1799 1625 1918 1678 dicit
1946 1626 2159 1696 figmen-

579 1731 684 1774 tum
724 1721 772 1774 ei
814 1721 900 1790 qui
939 1736 991 1774 se
1032 1721 1214 1788 finxit,
1264 1719 1434 1783 Quare
1459 1719 1530 1771 sic
1561 1734 1638 1770 me
1667 1717 1858 1787 fecisti?
1901 1715 2160 1784 Quamdiu

575 1826 704 1881 ergo
752 1812 1058 1881 figmentum
1103 1825 1201 1875 es,
1250 1809 1484 1863 nondum
1528 1806 1795 1877 perfectus
1837 1807 2008 1871 filius,
2039 1807 2159 1876 quia

579 1903 814 1956 nondum
843 1902 1062 1956 hausisti
1101 1900 1463 1970 plenissimam
1487 1898 1709 1968 gratiam
1737 1911 1837 1967 qua
1867 1897 2018 1950 nobis
2039 1895 2161 1950 data

578 2003 660 2048 est
689 2003 922 2063 potestas
949 1993 1089 2046 filios
1128 1991 1217 2045 Dei
1246 1989 1360 2044 fieri
1397 1989 1576 2058 (Joan.
1605 2005 1655 2054 ι,
1698 1987 1786 2059 I2)
1814 2030 1826 2051 ,
1857 2003 1962 2057 quo
1991 1987 2163 2056 possis

579 2087 762 2140 audire
783 2126 796 2149 ,
826 2084 948 2137 Jam
973 2101 1073 2138 non
1101 2083 1266 2136 dicam
1287 2098 1370 2136 vos
1392 2097 1558 2135 servos
1577 2122 1590 2145 ,
1615 2080 1702 2134 sed
1725 2079 1913 2132 amicos
1939 2076 2046 2147 (Id.
2070 2093 2157 2142 xv,

582 2177 695 2244 I5};
717 2184 770 2228 tu
797 2176 909 2245 quis
929 2191 1010 2241 es,
1041 2175 1128 2244 qui
1147 2171 1452 2242 respondeas
1483 2170 1588 2224 Deo
1607 2213 1622 2236 ,
1647 2178 1700 2224 et
1733 2170 1863 2224 velis
1887 2168 1976 2223 Dei
2007 2181 2165 2221 nosse

579 2269 899 2325 consilium?
924 2267 1013 2337 qui
1040 2267 1083 2321 si
1123 2265 1354 2320 hominis
1395 2254 1487 2318 tibi
1527 2261 1744 2332 :cqnalis
1781 2275 1943 2314 nosse
1971 2258 2166 2313 voluis-

581 2373 695 2424 ses,
731 2359 1065 2427 impudenter
1086 2355 1289 2413 faceres
1317 2356 1334 2386 ¹
1355 2396 1369 2419 ,
1401 2354 1501 2408 nisi
1529 2355 1676 2424 prius
1698 2354 1747 2406 in
1768 2351 2053 2406 amicitiam
2082 2365 2164 2405 reo

579 2451 854 2521 cipereris.
884 2451 1197 2519 Sicut.ergo
1242 2447 1567 2518 portavimus
1611 2445 1892 2515 imaginem
1932 2443 2160 2506 terreni,

580 2553 854 2612 portemus
909 2550 963 2595 et
1007 2540 1289 2610 imaginem
1337 2538 1572 2593 caelestis
1623 2535 1678 2607 (l
1727 2535 1846 2589 Cor.
1903 2552 2006 2603 xv,
2047 2535 2164 2603 49),

579 2644 836 2690 exuentcs
867 2648 962 2687 nos
990 2641 1223 2687 veterem
1261 2629 1531 2684 hominem
1567 2637 1621 2682 et
1650 2628 1933 2682 induentes
1970 2641 2164 2682 novum

580 2727 801 2802 (Coloss.
835 2743 919 2792 ιιι,
953 2726 1016 2792 9,
1042 2724 1162 2796 10),
1189 2733 1245 2778 ιιι
1279 2739 1382 2778 non
1413 2723 1620 2776 dicatur
1645 2720 1797 2775 nobis
1833 2720 1983 2790 quasi
2020 2718 2167 2773 luteo

582 2821 830 2892 figmento
861 2837 874 2872 :
908 2815 1172 2886 Numquid
1201 2815 1320 2869 dicit
1356 2813 1649 2884 ﬁgmentum
1687 2810 1733 2865 ei
1771 2811 1857 2882 qui
1897 2825 1950 2863 se
1975 2808 2163 2879 ﬁnxit,

584 2909 753 2978 Quare
775 2925 853 2962 me
879 2909 950 2961 sic
971 2903 1171 2978 fecisti?

651 3003 706 3056 3.
743 3000 814 3055 Et
832 3007 891 3054 ut
917 2997 1252 3052 manifestum
1283 2995 1386 3061 sit,
1414 3008 1520 3048 non
1563 2992 1896 3048 sanctificato
1925 2992 2164 3063 spiritui,

582 3092 678 3148 sed
721 3090 918 3146 carnali
961 3090 1072 3142 luto
1113 3089 1211 3141 ista
1255 3086 1396 3151 dici,
1439 3083 1560 3138 vide
1598 3083 1726 3154 quid
1765 3083 2038 3152 sequitur:
2067 3083 2168 3138 Aut

583 3203 684 3240 non
712 3184 856 3238 habet
887 3190 1174 3253 potestatem
1192 3177 1379 3249 ﬁgulus
1405 3177 1500 3231 luti
1533 3174 1777 3230 excudent
1817 3176 2170 3245 conspersione

584 3278 749 3346 facere
773 3274 916 3328 aliud
944 3272 1143 3343 quidem
1171 3287 1258 3324 uas
1285 3271 1336 3323 in
1363 3269 1631 3330 honorem,
1662 3265 1804 3318 aliud
1831 3265 1884 3318 in
1911 3274 2171 3320 contume-

583 3368 703 3422 liam
730 3367 906 3438 (Rom.
942 3380 1014 3429 ιχ,
1043 3363 1172 3432 2i)?
1203 3362 1276 3416 Ex
1305 3377 1411 3430 quo
1437 3375 1564 3428 ergo
1603 3358 1655 3412 in
1695 3357 1940 3427 paradiso
1982 3367 2168 3411 natura

583 3471 764 3512 nostra
793 3455 1060 3526 peccavit,
1110 3455 1178 3508 ab
1224 3452 1411 3507 eadem
1447 3450 1624 3504 divina
1673 3447 2168 3517 providentia,non

575 3549 874 3618 secundum
900 3545 1115 3609 caelum,
1140 3544 1234 3600 sed
1261 3541 1552 3598 secundum
1580 3551 1776 3595 terram
1797 3580 1812 3604 ,
1845 3539 1897 3593 id
1920 3549 2033 3606 est,
2063 3555 2168 3593 non

583 3641 871 3696 secundum
909 3636 1182 3708 spiritum,
1221 3635 1315 3691 sed
1363 3634 1656 3690 secundum
1699 3647 1914 3687 carnem
1959 3633 2168 3687 mortali

581 3732 923 3803 generatione
953 3729 1265 3790 formamur,
1291 3734 1347 3782 et
1370 3740 1559 3780 omnes
1585 3739 1686 3777 una
1715 3738 1890 3779 massa
1916 3723 2011 3777 luti
2045 3721 2168 3776 facti

582 3839 786 3889 sumus,
817 3821 956 3892 quod
983 3829 1065 3875 est
1097 3833 1270 3873 massa
1304 3816 1527 3886 peccati.
1572 3815 1704 3868 Cum
1749 3829 1877 3884 ergo
1921 3814 2168 3867 meritum

582 3917 851 3987 peccando
867 3913 1222 3977 amiserimus,
1241 3919 1294 3964 et
1315 3907 1678 3964 misericordia
1707 3907 1796 3960 Dci
1816 3916 2015 3961 remota
2035 3906 2168 3959 nihil

580 4010 722 4066 aliud
769 4008 1110 4080 peccantibus
1157 4004 1258 4060 nisi
1308 4013 1506 4057 mterna
1557 4000 1828 4055 damnatio
1875 3999 2167 4064 debeatur,

582 4103 707 4171 quid
751 4101 850 4155 sibi
895 4099 1007 4153 vult
1050 4101 1208 4151 homo
1249 4094 1318 4150 de
1358 4095 1457 4149 hac
1485 4107 1682 4155 massa,
1713 4100 1769 4145 ut
1803 4091 1914 4145 Deo
1943 4104 2169 4158 respon-

585 4195 709 4250 deat
737 4203 790 4248 et
829 4194 986 4253 dicat,
1019 4190 1187 4256 Quare
1209 4204 1287 4241 me
1312 4188 1384 4241 sic
1407 4185 1612 4256 fecisti?
1647 4183 1705 4239 Si
1735 4183 1815 4236 vis
1845 4183 1942 4236 ista
1973 4196 2173 4250 cogno-

585 4302 755 4353 scere,
779 4286 887 4340 noli
913 4298 1030 4338 esse
1059 4283 1252 4345 lutum,
1276 4280 1368 4333 sed
1387 4278 1603 4333 efficere
1631 4276 1773 4328 filius
1801 4275 1891 4329 Dei
1916 4291 2011 4344 per
2031 4275 2172 4328 illius

586 4377 1039 4440 misericordiam,
1081 4375 1168 4444 qui
1214 4372 1362 4427 dedit
1405 4378 1716 4440 potestatem
1755 4368 1893 4423 filios
1921 4367 2012 4421 Dei
2057 4367 2172 4422 fieri

585 4471 922 4528 credentibus
949 4471 999 4522 in
1032 4468 1247 4522 nomine
1273 4465 1421 4534 eius;
1451 4478 1556 4516 non
1583 4469 1758 4516 autem
1782 4502 1796 4526 ,
1826 4461 1968 4530 quod
1999 4471 2051 4514 tu
2081 4476 2173 4516 cu-

585 4565 700 4632 pis,
743 4572 1026 4630 antequam
1071 4557 1323 4623 credant,
1364 4555 1540 4608 divina
1586 4569 1744 4607 nosse
1765 4553 2100 4620 cupientibus
2127 4555 2168 4606 ³.

584 4654 786 4710 Merces
815 4653 956 4708 enim
995 4649 1312 4720 cognitionis
1349 4647 1552 4702 meritis
1591 4645 1865 4711 redditur;
1903 4645 2171 4702 credendo

581 4760 759 4808 autem
781 4748 1026 4802 meritum
1040 4750 1398 4812 comparatur.
1418 4739 1534 4808 Ipsa
1552 4748 1726 4792 autem
1741 4739 1907 4808 gratia
1920 4755 2037 4809 qua:
2049 4739 2169 4794 data

582 4854 664 4899 est
690 4859 784 4914 per
803 4842 979 4904 Iidem,
998 4836 1156 4892 nullis
1175 4833 1372 4889 nostris
1393 4832 1596 4886 meritis
1613 4831 2035 4901 praecedentibus
2049 4833 2168 4887 data

581 4947 682 4990 est.
703 4932 855 5001 Quod
884 4939 966 4986 est
993 4927 1134 4983 enim
1159 4925 1406 4980 meritum
1433 4925 1729 4993 peccatoris
1749 4933 1804 4978 et
1826 4924 2004 4994 impii?
2024 4925 2171 4980 Chri-

581 5039 696 5084 stus
734 5035 909 5082 autem
951 5037 1048 5094 pro
1089 5020 1265 5089 impiis
1306 5026 1361 5072 et
1399 5017 1768 5088 peccatoribus
1804 5031 2044 5075 mortuus
2087 5031 2169 5075 est

583 5118 692 5191 (Id.
721 5137 772 5186 v,
801 5121 880 5188 6),
913 5126 969 5173 ut
994 5114 1060 5170 ad
1088 5110 1412 5168 credendum
1449 5125 1552 5164 non
1594 5111 1819 5175 merito,
1863 5111 1954 5166 sed
2001 5113 2168 5181 gratia

584 5223 912 5273 vocaremur,
943 5204 1217 5262 credendo
1245 5211 1420 5258 autem
1450 5201 1612 5256 etiam
1656 5201 1902 5255 meritum
1936 5203 2168 5258 colloca-

586 5313 764 5353 rcmus
784 5299 823 5350 ³.
847 5300 1159 5354 Peccatores
1189 5295 1346 5365 igitur
1365 5293 1586 5348 credere
1607 5292 1880 5362 jubentur,
1902 5303 1962 5347 ut
1985 5310 2012 5346 a
2042 5310 2168 5363 pec-

584 5390 716 5444 catis
745 5389 1012 5445 credendo
1035 5397 1324 5457 purgentur
1349 5385 1390 5439 ".
1421 5385 1674 5440 Nesciunt
1700 5384 1843 5439 enim
1874 5385 1998 5455 quid
2023 5393 2169 5440 recte

649 5539 664 5569 ¹
694 5544 790 5586 ttat.
820 5544 870 5586 et
892 5545 998 5585 Mss.
1018 5534 1240 5598 plerique
1265 5571 1278 5591 ,
1305 5533 1630 5598 imprudenter
1654 5536 1856 5598 faceres.

648 5600 668 5628 ⁸
695 5607 863 5647 Locum
896 5599 1038 5646 istum
1060 5597 1119 5645 ad
1273 5597 1581 5658 corrigimus,
1605 5596 1753 5658 quem
1769 5596 1887 5644 suis
1910 5598 1957 5644 in
1979 5599 2172 5648 excusis

589 5660 796 5708 vidimus
818 5667 1094 5720 corruptum
1120 5658 1269 5720 hocce
1293 5657 1433 5720 modo
1457 5670 1468 5703 :
1499 5666 1599 5705 .Von
1615 5657 1758 5720 enim,
1779 5657 1906 5720 quod
1930 5663 1981 5708 tu
2005 5658 2168 5720 cupis,

585 5729 832 5781 antequam
855 5716 1076 5779 credant,
1097 5716 1260 5768 divina
1287 5716 1429 5765 datur
1451 5729 1584 5767 nosse
1610 5716 1922 5781 cupientibus.

671 5781 879 5844 aAliquot
904 5791 1028 5841 ιῖδςη
1048 5790 1456 5846 compararemus.

649 5843 669 5871 δ
692 5837 867 5893 novem
893 5837 1023 5901 uss,
1040 5849 1086 5894 et
1107 5856 1136 5892 a
1155 5837 1368 5903 peccatis
1390 5837 1635 5894 credendo
1665 5847 1949 5905 purgantur.

2263 533 2488 588 vivendo
2507 535 2670 588 visuri
2700 535 2826 590 sint.
2857 536 3192 608 Quapropter
3214 551 3336 592 cum
3369 536 3554 592 videre
3587 553 3697 593 non
3727 554 3853 608 pos-

2260 623 2398 688 sint,
2427 623 2526 678 nisi
2551 635 2697 680 recte
2726 624 2934 692 vivant,
2965 643 3064 683 nec
3089 641 3233 704 recte
3259 644 3440 684 Vivere
3467 629 3718 695 valeant,
3753 632 3854 686 nisi

2260 715 2510 779 credant;
2540 716 2876 771 manifestum
2909 727 2992 772 est
3019 735 3048 772 a
3077 719 3180 775 fide
3207 720 3594 790 incipiendum,
3622 732 3683 777 ut
3710 739 3854 792 pra:-

2261 812 2410 872 cepta
2449 805 2636 873 quibus
2665 807 2942 863 credentes
2967 825 2997 862 a
3025 811 3220 864 saeculo
3246 810 3349 865 hoc
3376 820 3715 878 avertuntur,
3750 829 3848 868 cor

2263 896 2516 950 tnundum
2549 897 2772 960 faciant,
2799 899 2886 952 ubi
2930 900 3098 954 videri
3134 901 3277 956 Deus
3318 911 3508 970 possit.
3535 901 3682 957 Beati
3708 905 3854 960 enim

2263 989 2450 1040 mundo
2476 989 2653 1054 corde,
2682 991 2800 1058 quia
2833 992 2931 1062 ipsi
2964 991 3128 1046 Deum
3157 994 3390 1048 videbunt
3417 993 3640 1063 (Matth.
3667 1012 3724 1061 v,
3749 998 3804 1067 8)
3836 1014 3851 1051 :

2263 1087 2317 1132 et
2341 1095 2431 1146 per
2456 1081 2781 1150 prophetiam
2809 1084 2824 1114 ¹
2851 1085 3079 1152 canitur,
3105 1083 3172 1139 In
3194 1086 3516 1156 simplicitate
3531 1089 3700 1143 cordis
3719 1105 3856 1160 φαε-

2262 1170 2358 1222 rite
2379 1169 2524 1223 illum
2551 1172 2703 1242 (Sap.
2735 1189 2772 1236 ι,
2806 1173 2881 1244 1).
2911 1175 3248 1245 Quapropter
3278 1188 3424 1233 recte
3452 1179 3651 1233 dicitur
3681 1181 3856 1235 homi-

2265 1261 2419 1314 nibus
2444 1262 2494 1314 in
2525 1272 2786 1317 vetustate
2814 1265 2936 1318 vitae
2975 1267 3312 1320 manentibus
3332 1309 3345 1330 ,
3381 1279 3433 1323 et
3461 1279 3744 1337 propterea
3777 1281 3857 1326 te-

2267 1355 2554 1408 nebrosum
2597 1355 2809 1408 oculum
2858 1357 3048 1411 animae
3093 1360 3442 1425 gerentibus:
3477 1361 3522 1415 Ο
3568 1362 3753 1428 Ιιοηιο,
3803 1373 3857 1417 ιιι

2265 1446 2375 1514 quis
2394 1463 2463 1509 es,
2490 1447 2575 1516 qui
2602 1448 2903 1516 respondeas
2932 1448 3080 1504 Deo?
3107 1449 3374 1520 Numquid
3403 1453 3526 1506 dicit
3552 1454 3852 1524 ﬁgmentum

2267 1539 2311 1589 ei
2335 1538 2420 1604 qui
2443 1555 2495 1591 se
2522 1539 2689 1606 ﬁnxit,
2721 1539 2891 1606 Quare
2916 1557 2994 1593 me
3016 1542 3087 1595 sic
3110 1543 3304 1613 fecisti?
3331 1545 3430 1596 Aut
3461 1561 3561 1598 non
3589 1548 3734 1600 habet
3763 1565 3857 1617 po-

2266 1635 2486 1680 testatent
2516 1628 2704 1698 figulus
2728 1631 2823 1684 lttti
2847 1647 2908 1684 ea:
2939 1631 3113 1685 eadem
3137 1636 3488 1705 conspersione
3513 1639 3680 1707 facere
3713 1639 3858 1693 aliud

2266 1717 2463 1784 quidem
2480 1731 2566 1770 vas
2587 1718 2642 1770 in
2667 1719 2922 1785 honorem,
2951 1720 3095 1775 aliud
3118 1724 3168 1775 in
3190 1726 3585 1780 contumeliam?
3604 1727 3857 1799 Expurga

2267 1818 2416 1864 vetus
2444 1811 2780 1878 fermentum,
2805 1824 2861 1866 ut
2889 1816 2962 1868 sis
2993 1829 3125 1868 nova
3152 1819 3464 1886 conspersio
3483 1819 3524 1891 (I
3547 1819 3666 1876 Cor.
3696 1838 3750 1887 ν,
3775 1822 3854 1891 7),

2268 1906 2323 1952 et
2350 1900 2400 1952 in
2433 1915 2494 1953 ea
2535 1901 2645 1970 ipsa
2679 1917 2782 1956 non
2829 1903 3004 1959 adhuc
3043 1907 3294 1976 parvulus
3320 1909 3372 1962 in
3402 1909 3614 1966 Christo
3638 1920 3698 1965 ut
3721 1912 3859 1968 lacte

2270 1990 2531 2058 potandus
2560 1991 2634 2046 sis
2665 1992 2772 2060 (Id.
2797 2010 2873 2059 ιιι,
2905 1994 2959 2065 2)
2983 2011 2998 2060 ;
3027 1998 3120 2050 sed
3149 1999 3365 2066 perveni
3394 1999 3459 2053 ad
3483 2001 3654 2055 virum
3683 2003 3854 2071 perfe-

2268 2090 2432 2147 ctum,
2455 2090 2516 2136 ut
2540 2083 2616 2137 sis
2643 2084 2782 2138 inter
2812 2085 2933 2140 illos
2969 2087 3037 2141 de
3075 2088 3268 2157 quibus
3290 2089 3506 2157 dicitur,
3539 2091 3860 2163 Sapientiam

2269 2172 2522 2242 loquimur
2540 2175 2671 2228 inter
2695 2178 2941 2247 perfectos
2967 2176 3074 2248 (Id.
3101 2195 3169 2241 ιι,
3197 2179 3274 2250 6).
3302 2179 3438 2235 Τιιιιι
3463 2181 3681 2238 demum
3712 2197 3862 2242 recte

2269 2271 2453 2317 etnon
2495 2275 2816 2335 praepostere
2857 2267 3073 2336 audies,
3102 2269 3146 2322 si
3172 2285 3273 2340 qua
3304 2280 3428 2326 sunt
3455 2273 3522 2327 de
3559 2275 3861 2332 animarum

2270 2354 2643 2410 occultissimis
2669 2357 2898 2423 meritis,
2931 2359 3072 2415 etde
3091 2361 3258 2430 gratia
3285 2363 3368 2418 vel
3383 2364 3587 2434 justitia
3604 2409 3619 2433 ,
3655 2381 3862 2425 secreta

2272 2446 2652 2515 omnipotentis
2681 2448 2792 2501 Dei.

2342 2539 2396 2590 4.
2436 2537 2567 2592 Nam
2597 2539 2665 2594 de
2695 2540 2971 2597 Pharaone
3000 2541 3154 2599 facile
3180 2547 3554 2616 respondetur,
3587 2551 3861 2620 prioribus

2274 2632 2480 2685 meritis
2517 2633 2709 2701 quibus
2745 2633 2940 2689 afﬂixit
2969 2635 3021 2689 in
3050 2653 3214 2708 regno
3260 2653 3359 2695 suo
3403 2644 3754 2712 peregrinos,
3782 2644 3866 2699 di-

2272 2736 2429 2791 gnum
2457 2723 2706 2778 effectum
2735 2727 2820 2780 cui
2850 2727 3206 2785 obduraretur
3250 2747 3363 2798 cor,
3396 2743 3456 2788 ut
3492 2750 3594 2790 nec
3636 2738 3865 2792 manife-

2271 2811 2525 2867 stissimis
2545 2814 2709 2884 signis
2729 2815 2964 2885 iubentis
2985 2819 3077 2873 Dei
3094 2821 3340 2877 crederet
3361 2824 3404 2877 ³.
3427 2823 3503 2878 Ex
3526 2826 3714 2880 eadem
3737 2843 3868 2899 ergo

2271 2915 2472 2970 massa,
2505 2904 2557 2958 id
2585 2914 2686 2972 est,
2718 2919 3074 2978 peccatorum,
3106 2919 3164 2966 et
3192 2928 3315 2969 vasa
3346 2916 3725 2973 misericordia
3753 2935 3871 2989 pro-

2271 2995 2418 3061 tulit,
2447 2995 2640 3066 quibus
2665 2999 2998 3065 subveniret,
3030 3017 3150 3057 cum
3177 3019 3298 3059 cum
3329 3005 3749 3075 deprecarentur
3772 3010 3868 3066 (illi

2270 3086 2471 3154 Israel;
2499 3097 2554 3140 et
2579 3101 2702 3140 vasa
2732 3087 2854 3156 irae,
2887 3105 3112 3160 quorum
3139 3094 3400 3163 supplicio
3436 3097 3554 3152 illos
3589 3101 3866 3169 erudiret,

2272 3179 2326 3234 id
2375 3189 2492 3245 est,
2538 3178 2869 3234 Pharaonem
2910 3190 2962 3236 et
3006 3184 3256 3261 popu_lum
3289 3187 3442 3256 ejus:
3469 3189 3588 3259 quia
3621 3194 3872 3261 quamvis

2273 3279 2456 3325 essent
2487 3269 2695 3340 utrique
2720 3282 3047 3341 peccatores,
3068 3254 3426 3347 et‘propterea
3450 3254 3514 3334 ad
3540 3254 3704 3336 unam
3729 3298 3874 3338 mas-

2274 3377 2389 3416 sam
2431 3363 2778 3432 pertinerent,
2801 3365 2958 3418 aliter
2985 3375 3158 3421 tamen
3188 3371 3445 3425 tractandi
3476 3382 3630 3426 erant
3653 3374 3746 3444 qui
3777 3377 3869 3430 uni

2275 3452 2385 3507 Deo
2442 3452 2810 3522 iugenuerant.
2866 3453 3085 3510 Pertulit
3133 3473 3262 3528 ergo
3306 3461 3360 3514 in
3412 3464 3574 3517 multa
3623 3468 3873 3535 patientia

2273 3561 2394 3599 vasa
2429 3546 2550 3609 iraz,
2589 3561 2701 3615 quae
2733 3550 2950 3618 perfecta
2991 3558 3108 3602 sunt
3161 3551 3214 3604 in
3267 3553 3613 3621 perditionem.
3680 3557 3750 3613 Et
3802 3575 3872 3614 eo

2274 3636 2392 3705 ipso
2441 3651 2547 3705 quo
2584 3636 2694 3703 ait,
2747 3638 2799 3690 in
2836 3639 2994 3692 multa
3052 3642 3324 3710 patientia,
3372 3647 3500 3700 satis
3543 3649 3874 3718 significavit

2275 3725 2450 3796 priora
2477 3741 2662 3780 eorum
2688 3738 2902 3798 peccata
2922 3771 2938 3795 ,
2969 3730 3020 3784 in
3061 3732 3254 3801 quibus
3283 3751 3377 3790 eos
3404 3740 3655 3807 pertulit;
3685 3751 3742 3794 ut
3766 3758 3870 3812 op-

2274 3825 2499 3887 portune
2537 3825 2663 3872 tunc
2703 3818 3022 3884 vindicaret,
3053 3824 3266 3892 quando
3289 3826 3354 3880 de
3383 3828 3592 3883 illorum
3634 3831 3870 3888 vindicta

2274 3908 2690 3963 subveniendum
2727 3919 2841 3964 erat
2877 3909 2959 3966 his
2991 3915 3079 3983 qui
3129 3915 3506 3974 liberabantur.
3536 3921 3602 3974 Et
3629 3933 3683 3976 ut
3721 3935 3872 3981 notas

2275 4003 2456 4074 faceret
2498 4002 2697 4056 divitias
2738 4003 2914 4074 glorite
2950 4022 3057 4060 suae
3091 4007 3144 4061 in
3183 4024 3302 4064 vasa
3341 4013 3722 4083 misericordia,
3752 4035 3874 4090 qua:

2275 4095 2576 4163 prwparauit
2619 4093 2671 4146 in
2713 4094 2948 4164 gloriam.
3000 4097 3095 4151 llic
3138 4096 3366 4158 fortasse
3407 4106 3755 4164 conturbatus
3800 4111 3870 4165 ad

2275 4185 2420 4238 illam
2451 4186 2798 4253 qumstionem
2832 4187 3003 4252 redis,
3028 4187 3188 4258 Cujus
3212 4193 3316 4244 vult
3345 4195 3624 4262 miseretur,
3650 4209 3697 4252 et
3721 4217 3873 4270 quem

2275 4275 2379 4328 vult
2419 4273 2654 4328 obdurat.
2690 4274 2825 4339 Quid
2864 4277 3031 4330 adhuc
3073 4283 3432 4349 conqueritur?
3460 4286 3704 4342 voluntati
3730 4293 3872 4347 enim

2274 4368 2384 4438 ejus
2405 4367 2516 4432 quis
2539 4367 2721 4420 resistit
2748 4366 2922 4439 (Rom.
2951 4384 3004 4423 ιιι
3025 4411 3040 4435 ,
3067 4370 3286 4444 I8-25)?
3316 4374 3543 4432 Prorsus
3569 4381 3720 4449 cujus
3753 4385 3874 4438 vult

2277 4459 2582 4523 miseretur,
2614 4468 2670 4513 et
2707 4475 2864 4528 quem
2894 4462 3008 4514 vult
3047 4462 3302 4529 obdurat;
3343 4468 3436 4521 sed
3480 4469 3594 4524 hmc
3621 4474 3873 4533 voluntas

2277 4553 2370 4607 Dei
2402 4553 2594 4621 iujusta
2622 4566 2741 4606 esse
2777 4569 2882 4607 non
2913 4562 3104 4622 potest.
3133 4556 3290 4612 Venit
3313 4562 3454 4614 enim
3481 4562 3549 4618 de
3569 4567 3875 4625 occultissi-

2277 4642 2378 4698 mis
2422 4641 2667 4706 meritis;
2723 4643 2843 4712 quia
2887 4654 2941 4698 et
2984 4645 3080 4713 ipsi
3122 4657 3426 4715 peccatores
3471 4666 3590 4707 cum
3649 4671 3874 4726 pr0pter

2275 4735 2524 4807 generale
2551 4747 2824 4806 peccatum
2850 4753 3007 4791 unam
3030 4754 3256 4794 massam
3287 4741 3528 4812 fecerint,
3558 4763 3664 4803 non
3686 4759 3873 4809 tamen

2275 4828 2420 4883 nulla
2449 4839 2531 4883 cst
2569 4829 2708 4883 inter
2731 4829 2850 4882 illos
2875 4828 3174 4886 diversitas.
3204 4832 3460 4890 Prtecedit
3503 4854 3630 4909 ergo
3665 4842 3873 4914 aliquid

2278 4923 2330 4976 in
2359 4921 2746 4991 peccatoribus,
2775 4938 2880 4991 quo
2905 4925 3144 4991 quamvis
3167 4926 3400 4980 nondum
3430 4929 3535 4984 sint
3555 4932 3832 5000 juSIificati
3852 4979 3871 5004 ,

2274 5015 2417 5084 digni
2465 5012 2764 5066 efficiantur
2799 5013 3200 5082 justifieatione;
3249 5028 3303 5072 et
3341 5020 3464 5074 item
3509 5026 3763 5091 praecedit
3813 5029 3871 5082 in

2276 5106 2396 5160 aliis
2424 5106 2786 5175 peccatoribus
2829 5122 2936 5176 quo
2978 5107 3120 5178 digni
3167 5111 3276 5164 sint
3316 5112 3596 5169 obtusioue
3621 5116 3662 5170 ³.
3690 5118 3875 5176 Habes

2275 5195 2520 5251 eumdem
2543 5196 2837 5262 apostolum
2865 5197 2987 5250 alibi
3011 5197 3296 5264 dicentem,
3328 5201 3578 5268 Quoniam
3609 5222 3710 5259 non
3742 5226 3874 5278 pro-

2277 5291 2511 5341 baverunt
2537 5285 2700 5339 Deum
2729 5287 2909 5342 habere
2931 5289 2982 5342 in
3013 5291 3207 5356 notitia,
3231 5292 3368 5346 dedit
3398 5295 3515 5350 illos
3541 5295 3680 5351 Deus
3702 5300 3754 5353 in
3781 5319 3870 5356 re-
3893 5289 3902 5294 ’

2278 5376 2487 5448 probum
2501 5393 2698 5430 sensum
2713 5377 2882 5446 (Rom.
2902 5393 2938 5445 ι,
2954 5379 3068 5448 28).
3088 5381 3237 5446 Quod
3251 5397 3344 5438 eos
3355 5384 3498 5439 dedit
3511 5387 3561 5440 in
3576 5389 3870 5458 reprobutn

2277 5483 2512 5532 sensum,
2536 5467 2636 5521 hoc
2666 5478 2764 5530 est,
2788 5470 2927 5541 quod
2956 5471 3218 5527 induravit
3243 5490 3336 5530 cor
3357 5475 3646 5533 Pharaonis
3668 5479 3869 5550 (Exod.

2279 5622 2281 5624 -
2343 5602 2358 5668 ξ
2385 5607 2493 5648 Mss.
2519 5598 2760 5668 plerique,
2787 5608 2837 5668 Et
2854 5615 2938 5668 p_er
2958 5603 3253 5668 prophetam.

2278 5722 2312 5772 ά
2342 5664 2362 5693 ³
2388 5669 2488 5774 ptio
2646 5662 2722 5712 hic
2740 5672 2790 5712 et
2817 5662 2971 5726 intra,
2996 5662 3113 5727 n.'5,
3144 5682 3230 5730 pro
3250 5705 3263 5729 ,
3287 5669 3534 5732 crederet,
3558 5672 3762 5735 habent,
3785 5689 3869 5727 ce.-

2313 5736 2394 5774 ere
2420 5760 2432 5771 .

2313 5736 2432 5774 etet.

2291 5787 2505 5898 "Luat:
2521 5791 2572 5834 et
2593 5790 2721 5843 tuas,
2747 5786 3035 5840 obtunsione.
3055 5795 3109 5841 Et
3139 5791 3278 5856 infra,
3303 5792 3616 5860 obtunsionis,
3635 5811 3754 5860 pro.
3776 5800 3865 5852 ob-

2359 5861 2444 5896 ·ιωι
2478 5862 2485 5870 ·

2359 5861 2485 5896 manu
