4136 6530
292 514 363 571 73
1736 506 1910 562 LIBEI

2019 505 2175 563 'NUS.
3529 519 3598 575 Ἠ

295 647 369 697 iv,
395 625 527 700 2|):
560 625 707 698 quod
736 633 914 680 autem
961 623 1032 678 illi
1070 636 1174 677 non
1220 620 1576 691 probaverunt
1604 618 1768 673 Deum
1799 618 1895 672 ha-

296 723 428 777 bere
452 720 504 774 in
536 718 747 782 notitia,
778 716 877 771 hoc
894 723 995 781 est,
1030 714 1171 785 quod
1189 712 1331 783 digni
1354 711 1677 766 exstiterunt
1700 709 1788 779 qui
1808 708 1899 761 da-

296 822 487 869 rentur
512 811 565 865 in
596 808 884 879 reprobum
911 819 1149 861 sensum.

373 906 427 960 5.
468 902 672 958 Tamen
700 915 886 954 verum
924 907 1008 954 est
1035 897 1157 967 quia
1201 911 1304 949 non
1348 894 1559 948 volentis
1594 908 1749 962 neque
1781 907 1899 945 eur-

298 994 492 1060 rentis,
539 991 629 1045 sed
675 990 957 1044 miserantis
1002 998 1075 1042 est
1119 986 1214 1040 Dei
1264 984 1437 1057 (Rom.
1488 998 1561 1047 ιι,
1612 982 1722 1052 16).
1767 981 1901 1049 Quia

301 1085 513 1141 etiamsi
538 1083 829 1139 levioribus
848 1081 1076 1152 quisque
1104 1078 1356 1150 peccatis,
1375 1085 1466 1131 aut
1489 1084 1635 1131 certe
1660 1074 1903 1145 quamvis

302 1178 639 1251 gravioribus
661 1185 717 1231 et
743 1176 925 1230 multis
941 1215 956 1240 ,
989 1183 1168 1229 tamen
1199 1185 1393 1241 magno
1416 1169 1614 1239 gemitu
1640 1176 1694 1222 et
1719 1167 1903 1221 dolore

307 1269 630 1341 paenitendi,
654 1264 1019 1323 misericordia
1045 1263 1142 1321 Dei
1170 1263 1361 1333 dignus
1388 1259 1567 1326 fuerit,
1600 1275 1705 1314 non
1737 1258 1905 1327 ipsius

303 1370 417 1428 est,
438 1361 527 1432 qui
546 1361 590 1414 si
616 1358 1029 1427 relinqueretur,
1061 1354 1322 1414 interiret,
1345 1351 1440 1406 sed
1468 1349 1769 1405 miserenlis
1789 1349 1901 1413 Dei,

302 1454 395 1524 qui
425 1454 541 1522 ejus
578 1450 828 1523 precibus
865 1447 1248 1516 doloribusque
1291 1444 1555 1499 subvenit.
1596 1442 1787 1497 Parum
1821 1449 1906 1497 est

299 1546 451 1601 enim
505 1544 646 1599 velle
675 1583 692 1609 ,
740 1541 843 1597 nisi
884 1541 1049 1597 Deus
1080 1540 1398 1593 misereatur
1426 1553 1440 1589 :
1469 1535 1563 1591 sed
1608 1535 1747 1590 Deus
1791 1549 1898 1589 non

298 1637 613 1701 miseretur,
640 1633 732 1704 qui
755 1632 822 1687 ad
859 1647 1041 1702 pacem
1068 1638 1255 1695 vocat,
1282 1628 1382 1683 nisi
1412 1628 1657 1682 voluntas
1678 1640 1905 1694 prmces-

298 1729 435 1784 serit
461 1725 572 1800 (a);
605 1726 726 1795 quia
754 1724 806 1779 in
834 1734 973 1778 terra
994 1737 1094 1793 pax
1116 1720 1421 1776 hominibus
1442 1720 1597 1774 bonae
1618 1717 1904 1772 voluntatis

300 1818 456 1894 (Luc.
489 1837 558 1884 ιι,
610 1819 721 1891 14).
752 1818 822 1873 Ει
862 1817 1111 1888 quoniam
1154 1830 1254 1870 nec
1293 1813 1431 1869 velle
1479 1812 1760 1883 quisquam
1812 1825 1905 1879 po-

298 1920 439 1975 test,
481 1912 586 1965 nisi
635 1909 941 1965 admonitus
986 1915 1043 1963 et
1083 1914 1340 1968 vocatus,
1384 1904 1497 1959 sive
1548 1903 1902 1968 intrinsecus,

298 2002 393 2057 ubi
424 2002 602 2055 nullus
624 1999 899 2056 hominum
931 1997 1110 2061 videt,
1154 1997 1269 2052 sive
1311 1994 1643 2050 extrinsecus
1668 2008 1763 2062 per
1786 2006 1905 2047 ser-

297 2108 520 2149 monent
566 2101 847 2147 sonantem
873 2132 888 2156 ,
938 2098 1030 2145 aut
1072 2103 1167 2157 per
1213 2087 1389 2157 aliqua
1443 2087 1593 2157 signa
1639 2084 1902 2150 visibilia;

298 2183 536 2239 efﬁcitur
560 2193 619 2238 ut
649 2184 811 2238 etiam
847 2183 1018 2251 ipsum
1062 2180 1198 2236 velle
1230 2180 1369 2234 Deus
1393 2187 1647 2248 operetur
1668 2179 1719 2231 in
1752 2176 1906 2232 nobis

300 2273 571 2347 (Philipp.
590 2290 647 2339 ιι,
675 2273 788 2343 15).
808 2273 889 2327 Ad
915 2272 1057 2326 illam
1080 2272 1225 2325 enim
1255 2284 1494 2337 ctenam,
1525 2284 1684 2340 quam
1722 2267 1906 2323 Domi-

301 2382 404 2422 nus
436 2366 565 2421 dicit
603 2366 659 2419 in
694 2364 983 2435 Evangelio
1018 2370 1404 2433 prteparatam,
1444 2376 1545 2416 nec
1584 2374 1773 2415 omnes
1817 2359 1907 2429 qui

302 2458 477 2513 vocati
502 2466 667 2523 sunt,
699 2456 885 2511 venire
928 2455 1245 2520 voluerunt;
1292 2467 1468 2523 neque
1506 2452 1579 2507 illi
1617 2452 1708 2522 qui
1741 2465 1904 2506 vene-

304 2560 450 2615 runt,
482 2549 671 2604 venire
702 2556 943 2619 possent,
971 2546 1072 2600 nisi
1113 2554 1436 2601 vocarentur
1473 2543 1626 2614 (Luc.
1655 2558 1745 2597 xiv
1770 2583 1785 2609 ,
1815 2541 1909 2597 I6-

303 2640 422 2714 26).
456 2640 637 2710 Itaque
677 2653 780 2694 nec
826 2638 899 2692 illi
936 2636 1135 2692 debent
1180 2636 1284 2691 sibi
1330 2635 1565 2691 tribuere
1609 2634 1700 2704 qui
1741 2647 1907 2688 vene-

306 2741 479 2800 runt;
505 2732 628 2803 quia
672 2731 847 2786 vocati
887 2737 1155 2785 venerunt
1186 2746 1200 2783 :
1229 2743 1331 2784 nec
1366 2728 1443 2783 illi
1488 2727 1578 2798 qui
1621 2725 1909 2782 noluerunt

308 2826 514 2891 venire,
542 2824 739 2880 debent
767 2822 924 2877 alteri
955 2821 1190 2877 tribuere
1208 2863 1224 2888 ,
1254 2820 1350 2876 sed
1376 2829 1578 2875 tantum
1609 2816 1748 2887 sibi;
1771 2836 1906 2891 quo-

309 2917 453 2973 niam
475 2926 533 2972 ut
561 2917 838 2983 venirent,
886 2914 1059 2969 vocati
1108 2922 1262 2969 erant
1307 2913 1361 2967 in
1404 2913 1570 2969 libera
1610 2910 1906 2970 voluntate.

312 3010 533 3066 Vocatio
558 3024 687 3081 ergo
708 3016 834 3063 ante
861 3006 1109 3062 meritum
1132 3006 1463 3060 voluntatem
1481 3014 1754 3075 operatur.
1781 3000 1909 3059 Pro—

308 3115 493 3177 pterea
515 3113 571 3159 et
593 3104 640 3159 si
663 3103 946 3174 quisquam
972 3100 1074 3155 sibi
1103 3098 1291 3154 tribuit
1318 3097 1463 3169 quod
1485 3099 1627 3153 venit
1653 3108 1873 3152 vocatus
1892 3137 1907 3162 ,

305 3213 416 3255 non
446 3196 551 3252 sibi
576 3202 756 3268 potest
788 3193 1024 3249 tribuere
1058 3189 1204 3261 quod
1223 3199 1445 3247 vocatus
1471 3200 1573 3245 est.
1602 3187 1704 3255 Qui
1729 3198 1910 3243 autem

305 3297 531 3346 vocatus
560 3302 667 3342 non
698 3285 881 3349 venit,
907 3282 1046 3338 sicut
1074 3296 1181 3336 non
1211 3280 1397 3336 habuit
1426 3280 1672 3334 meritum
1703 3278 1912 3351 praemii

307 3390 366 3433 nt
393 3385 701 3443 vocaretur,
730 3376 808 3430 sie
846 3372 1066 3428 inchoat
1105 3372 1355 3427 meritum
1384 3370 1630 3440 supplicii
1666 3383 1786 3425 cum
1812 3384 1910 3426 vo-

304 3479 461 3524 catus
482 3467 667 3523 venire
692 3463 1006 3535 neglexerit.
1039 3461 1114 3517 Ita
1141 3470 1298 3517 erunt
1321 3461 1428 3516 duo
1458 3462 1548 3515 illa
1573 3478 1586 3515 :
1615 3458 1911 3515 Misericor-

305 3562 450 3615 diam
488 3569 536 3614 et
568 3558 824 3629 judicium
863 3553 1076 3610 cantabo
1117 3552 1240 3619 tibi,
1276 3552 1497 3607 Domine
1529 3550 1703 3622 (Psal.
1744 3567 1806 3618 c,
1842 3550 1908 3623 I).

305 3652 391 3709 Ad
423 3648 848 3707 misericordiam
880 3646 1113 3717 pertinet
1133 3646 1345 3702 vocatio
1371 3661 1386 3699 :
1418 3644 1485 3700 ad
1506 3644 1764 3715 judicium
1788 3659 1911 3713 per-

311 3746 448 3799 tinet
474 3740 749 3797 beatitudo
774 3754 961 3795 eorum
987 3738 1081 3810 qui
1106 3746 1372 3793 venerunt
1397 3736 1596 3803 vocati,
1621 3744 1676 3791 et
1705 3736 1913 3806 suppli-

306 3850 455 3891 cium
498 3849 685 3888 eorum
721 3832 812 3903 qui
839 3833 1024 3887 venire
1058 3831 1365 3887 uoluerunt.
1393 3827 1659 3897 Numquid
1685 3842 1813 3898 ergo
1842 3828 1917 3880 la-

312 3928 460 3982 tebat
514 3925 847 3979 Pharaonem
892 3931 1148 3992 quantum
1194 3919 1323 3976 boni
1369 3926 1673 3975 consecutae
1718 3918 1917 3972 fuerint

310 4030 473 4074 teme
522 4017 627 4071 illm
666 4031 762 4085 per
801 4014 1087 4068 adventum
1127 4010 1327 4082 Joseph
1372 4009 1532 4081 (Gen.
1578 4006 1727 4082 xm)?
1771 4009 1918 4063 Illius

311 4127 444 4182 ergo
475 4110 550 4164 rei
575 4117 742 4179 gesta:
765 4107 1020 4178 cognitio,
1047 4104 1257 4161 vacatio
1282 4104 1397 4173 ejus
1421 4102 1554 4168 fuit,
1579 4112 1636 4157 ut
1664 4102 1913 4172 populum

311 4204 480 4260 Israel
498 4200 918 4257 misericorditer
936 4208 1167 4254 tractans
1192 4212 1300 4252 non
1320 4205 1465 4253 esset
1489 4195 1745 4265 ingratus.
1764 4192 1917 4262 Quod

310 4306 497 4352 autem
531 4294 653 4350 huic
681 4292 954 4349 vocationi
991 4291 1367 4361 obtemperare
1407 4287 1576 4343 noluit
1595 4327 1610 4351 ,
1638 4284 1735 4342 sed
1759 4300 1918 4341 exer-

311 4388 430 4445 cuit
460 4386 833 4442 crudelitatem
863 4384 915 4438 in
946 4383 1025 4439 eis
1053 4382 1247 4454 quibus
1274 4380 1579 4449 humanitas
1616 4392 1671 4435 et
1705 4379 1916 4434 miseri-

311 4478 503 4536 cordia
529 4476 845 4540 debebatur,
880 4474 1076 4530 meruit
1110 4488 1356 4544 poenam,
1386 4482 1445 4528 ut
1477 4470 1815 4526 induraretur
1843 4469 1919 4524 illi

310 4587 432 4636 cor,
464 4578 523 4626 et
564 4578 766 4625 tantam
809 4567 1102 4623 caecitatem
1156 4566 1351 4621 mentis
1402 4573 1691 4635 pateretur,
1745 4570 1804 4618 ut
1842 4570 1921 4618 tot

313 4674 373 4721 et
400 4663 565 4719 tantis
601 4671 821 4731 tamque
859 4658 1159 4714 manifestis
1185 4658 1283 4713 Dei
1309 4658 1476 4727 signis
1504 4672 1611 4712 non
1636 4655 1915 4719 crederet;

313 4772 428 4827 quo
455 4760 639 4826 posset
663 4752 781 4821 ejus
807 4750 1090 4821 supplicio,
1123 4750 1238 4804 sive
1266 4746 1635 4804 obdurationis
1654 4786 1670 4812 ,
1697 4745 1811 4801 sive
1838 4744 1921 4799 ul-

316 4848 465 4901 tima:
510 4843 739 4899 visibilis
784 4839 1431 4905 submersionis,erudiri
1473 4839 1729 4909 populus,
1767 4836 1919 4907 cujus

315 4937 609 4993 amictione
655 4935 781 5001 ille,
808 4943 861 4989 et
904 4934 1129 4989 occultae
1172 4932 1502 4996 obtusionis,
1534 4939 1589 4986 et
1624 4930 1919 4986 manifestae

314 5029 708 5085 snhmersionis
737 5028 984 5083 meritum
1010 5026 1111 5081 sibi
1139 5034 1476 5095 compararet
1505 5023 1698 5095 (Exod.
1723 5041 1753 5077 ν
1785 5023 1915 5093 xw).

389 5121 444 5176 6.
490 5120 617 5174 Ilznc
640 5127 818 5173 autem
848 5116 1076 5179 vocatio,
1109 5131 1229 5186 qua:
1256 5116 1370 5170 sive
1405 5115 1458 5169 in
1488 5115 1717 5186 singulis
1743 5114 1918 5168 homi-

316 5214 510 5278 nibus,
542 5212 657 5267 sive
690 5211 743 5265 in
768 5209 982 5280 populis
1002 5250 1017 5275 ,
1049 5216 1211 5278 atque
1236 5208 1289 5262 in
1319 5208 1436 5277 ipso
1463 5222 1661 5278 genere
1686 5206 1922 5261 humano

314 5322 415 5379 per
444 5317 746 5376 temporum
775 5302 1203 5373 opportunitates
1238 5309 1509 5372 operatur,
1540 5300 1661 5354 altae
1698 5309 1754 5355 et
1791 5314 1919 5369 pro-

316 5400 499 5455 fundm
529 5397 885 5453 ordinationis
923 5405 1024 5451 est.
1055 5394 1174 5461 Quo
1214 5394 1443 5463 pertinet
1471 5394 1633 5448 etiam
1664 5392 1791 5447 illud
1810 5434 1824 5455 ,
1856 5391 1922 5447 In

313 5501 459 5545 utero
485 5489 800 5558 sanctiﬁcavi
824 5498 870 5540 te
897 5485 1111 5558 (larem.
1143 5502 1191 5551 ι,
1220 5484 1275 5554 5)
1299 5502 1313 5549 ;
1344 5493 1421 5551 et,
1444 5484 1571 5540 Cum
1597 5500 1730 5538 esses
1762 5485 1815 5537 in
1838 5500 1920 5539 re-

314 5584 462 5638 nibus
482 5582 645 5653 patris
673 5582 767 5646 tui,
790 5578 892 5633 vidi
916 5587 964 5632 te
995 5577 1067 5649 (b)
1091 5596 1106 5643 ;
1134 5586 1222 5642 et,
1251 5576 1415 5630 Iacob
1440 5576 1625 5639 dilexi,
1658 5574 1797 5630 Esau
1826 5592 1922 5629 an-

315 5688 414 5731 tem
442 5674 565 5729 odio
594 5672 749 5726 habui
776 5667 1030 5742 (Maiaclt.
1064 5685 1101 5735 t,
1129 5668 1165 5723 Ξ
1183 5709 1198 5735 ,
1232 5667 1289 5739 5)
1318 5684 1333 5723 :
1360 5683 1482 5723 cum
1512 5666 1710 5722 dictum
1737 5668 1807 5721 sit
1829 5682 1925 5720 an-

316 5774 529 5838 tequam
578 5768 954 5821 nascerentur.
1003 5759 1114 5815 Nec
1156 5757 1539 5831 comprehendi
1584 5764 1790 5828 potest,
1821 5757 1923 5812 nisi

373 5904 444 5959 (a)
470 5907 485 5949 1
512 5903 722 5949 Retract.
745 5907 851 5956 cap.
876 5892 940 5942 26

370 5904 444 6029 zz;
470 5906 593 6013 ιβιδ·

718 6022 984 6084 ΡΑτιιοι..
1036 6027 1163 6098 XL,

2013 620 2147 675 forte
2189 620 2257 675 ab
2299 621 2378 676 eis
2418 622 2507 691 qui
2549 622 2773 693 diligunt
2812 626 2975 681 Deum
3020 645 3081 683 ex
3124 639 3234 686 toto
3263 633 3424 690 corde
3452 645 3503 691 et
3529 651 3599 691 ex

2012 720 2117 766 tota
2142 713 2316 767 anima
2343 720 2400 768 et
2418 728 2484 767 ex
2513 723 2620 770 tota
2643 725 2820 771 mente
2847 732 2940 772 sua
2961 762 2974 786 ,
3006 735 3057 774 et
3079 723 3304 793 diligunt
3328 730 3603 797 proxinios

2008 817 2135 858 suos
2173 814 2421 874 tanquam
2463 821 2523 861 se
2558 807 2701 878 ipsos
2742 807 2955 879 (Matth.
2991 830 3100 868 xxu
3123 857 3138 883 ,
3165 818 3252 882 57,
3282 819 3395 891 59).
3434 821 3599 876 Tanta

2009 894 2153 948 enim
2176 896 2434 951 charitate
2458 896 2686 966 fundati,
2717 913 2937 968 possunt
2958 903 3068 972 jam
3092 905 3315 965 fortasse
3336 926 3456 965 cum
3480 928 3602 966 san-

2010 988 2110 1042 etis
2132 989 2588 1059 comprehendere
2618 991 3021 1064 longitudinem,
3047 997 3397 1071 latitudinem,
3422 1006 3603 1060 altitu-

2008 1078 2191 1135 dinem
2238 1090 2292 1135 et
2331 1082 2652 1152 profundum
2701 1084 2931 1157 (Ephes.
2966 1104 3051 1156 ιιι,
3098 1093 3209 1163 18).
3248 1095 3381 1151 Illud
3425 1109 3601 1156 tamen

2010 1173 2446 1262 constantissime
2488 1173 2593 1230 ﬁde
2642 1177 2978 1234 retinendum
3010 1223 3023 1245 ,
3084 1199 3258 1255 neque
3313 1190 3601 1262 quidquam

2011 1261 2180 1317 Deum
2208 1264 2402 1334 injuste
2432 1265 2611 1322 facere
2630 1309 2646 1335 ,
2676 1283 2850 1340 neque
2879 1272 3039 1327 ullam
3069 1290 3189 1333 esse
3219 1261 3606 1355 naturamqure

2011 1369 2117 1409 non
2142 1355 2253 1411 Deo
2278 1356 2472 1412 debeat
2495 1357 2547 1412 id
2577 1360 2718 1429 quod
2749 1370 2831 1416 est
2863 1382 2876 1417 :
2908 1366 3028 1434 quia
3060 1368 3169 1424 Deo
3196 1371 3424 1429 debetur
3449 1392 3609 1433 omne

2010 1445 2175 1501 decus
2198 1457 2251 1502 et
2272 1448 2607 1518 pulchritudo
2632 1462 2687 1506 et
2710 1458 3053 1525 congruentia
3084 1461 3347 1531 partium;
3377 1483 3533 1537 quam
3563 1470 3609 1524 si

2011 1536 2226 1606 penitus
2256 1550 2567 1607 persecutus
2599 1540 2766 1599 fueris
2796 1547 2811 1577 ⁸
2838 1587 2853 1613 ,
2883 1558 2935 1602 et
2966 1565 3133 1621 usque
3169 1552 3236 1609 ad
3264 1536 3454 1615 omnes
3480 1562 3608 1616 reli-

2011 1630 2164 1698 quias
2192 1629 2259 1685 de
2284 1633 2443 1687 rebus
2469 1632 2782 1700 detraxeris,
2812 1653 3055 1697 remanet
3085 1645 3237 1702 nihil.

2010 1717 2198 1810 LXIX.
2253 1720 2328 1775 De
2370 1738 2429 1775 eo
2460 1724 2597 1793 quod
2633 1728 2873 1798 scriptum
2924 1742 3041 1787 est:
3071 1735 3219 1792 Tunc
3264 1748 3319 1794 et
3353 1741 3467 1810 ipse
3517 1744 3609 1800 Fi-

2083 1808 2186 1864 Iius
2207 1811 2478 1902 subjectus
2506 1815 2609 1869 erit
2634 1816 2680 1870 ei
2699 1818 2788 1887 qui
2821 1819 2894 1873 illi
2935 1823 3159 1893 subjecit
3204 1808 3385 1884 omnia
3414 1832 3458 1902 (Ι
3485 1836 3606 1890 Cor.

2084 1916 2177 1967 xv,
2199 1901 2316 1972 28).

2087 1992 2139 2046 I.
2170 1991 2268 2060 Qui
2312 1994 2502 2050 Filium
2549 1997 2646 2053 Dei
2682 1999 2825 2054 Patri
2868 2003 3126 2072 azqualem
3175 2023 3280 2064 non
3332 2026 3453 2068 esse
3482 2028 3608 2069 con-

2014 2083 2254 2149 tendunt,
2309 2088 2485 2142 solent
2533 2104 2791 2159 usurpare
2847 2091 3159 2153 familiarius
3207 2100 3310 2157 hoc
3371 2107 3612 2161 testimo-

2013 2175 2181 2268 nium,
2213 2176 2302 2231 ubi
2330 2178 2404 2232 ait
2435 2180 2743 2249 Apostolus,
2774 2181 2900 2237 Cum
2926 2196 3097 2241 autem
3120 2191 3165 2243 ei
3189 2195 3360 2248 omnia
3387 2197 3611 2268 subjecta

2012 2266 2221 2360 fuerint,
2242 2277 2361 2322 tunc
2381 2278 2428 2323 et
2456 2271 2562 2340 ipse
2587 2270 2758 2327 Filius
2782 2277 3034 2345 subjectus
3061 2281 3153 2334 erit
3169 2284 3213 2336 ei
3236 2286 3325 2350 qui
3344 2285 3422 2339 illi
3435 2266 3605 2360 subje-

2015 2358 2080 2410 cit
2126 2360 2332 2425 omnia,
2374 2370 2429 2414 ut
2482 2363 2549 2416 sit
2588 2362 2727 2418 Deus
2762 2367 2932 2421 omnia
2953 2368 3007 2422 in
3035 2373 3284 2429 erunibus.
3323 2375 3440 2432 Non
3468 2358 3609 2435 enim

2013 2460 2197 2519 posset
2234 2452 2312 2506 eis
2340 2467 2495 2509 error
2522 2455 2723 2509 oboriri
2763 2458 3011 2526 palliatus
3040 2466 3257 2520 nomine
3281 2467 3576 2526 christiano
3594 2514 3609 2539 ,

2014 2541 2115 2595 nisi
2169 2541 2237 2596 de
2286 2543 2577 2613 Scripturis
2618 2562 2726 2601 non
2769 2549 3072 2606 intellectis.
3107 2555 3296 2612 Dicunt
3343 2562 3508 2627 enim,
3555 2563 3611 2620 Si

2013 2632 2235 2723 aequalis
2263 2642 2345 2688 est
2365 2676 2380 2701 ,
2417 2636 2686 2705 quomodo
2711 2639 2983 2709 subjectus
3010 2646 3112 2700 erit
3140 2646 3230 2701 ei?
3250 2648 3403 2718 Quod
3431 2654 3612 2723 utique

2016 2721 2192 2778 simile
2219 2733 2302 2815 est
2341 2725 2417 2780 illi
2446 2729 2767 2798 evangelica:
2793 2735 3110 2803 quaestioni,
3143 2735 3199 2793 Si
3230 2744 3450 2811 aequalis
3493 2721 3575 2801 est
3594 2790 3610 2815 ,

2018 2814 2290 2905 quomodo
2316 2817 2507 2905 imajor
2545 2828 2627 2873 est
2667 2820 2862 2877 I‘ater‘!
2890 2823 3007 2893 Ipse
3047 2829 3188 2883 enim
3220 2832 3477 2891 Dominus
3505 2814 3612 2905 ait,

2019 2903 2273 2971 Quoniam
2302 2904 2460 2962 Pater
2499 2910 2666 2979 nmjor
2690 2929 2768 2964 me
2795 2923 2867 2968 est
2899 2914 3080 2986 (Joan.
3115 2935 3226 2985 xw,
3256 2923 3373 2997 28).
3413 2903 3618 2998 Regula

2014 3005 2196 3089 autem
2223 2998 2501 3089 catholicae
2543 3000 2667 3057 ﬁdei
2705 3004 2787 3059 sic
2827 3020 2887 3061 se
2927 3006 3105 3075 habet,
3135 3020 3191 3066 ut
3215 3028 3335 3068 cum
3363 3017 3537 3089 aliqua
3563 3022 3614 3076 ir.

2016 3085 2311 3159 Scripturis
2342 3089 2596 3147 dicuntur
2637 3092 2705 3149 de
2747 3093 2901 3163 Filio,
2933 3100 3072 3169 quod
3114 3103 3186 3157 sit
3222 3106 3397 3161 minor
3425 3085 3577 3167 Patre
3598 3156 3612 3179 ,

2017 3180 2319 3237 secundum
2362 3185 2759 3254 susceptionem
2806 3188 3036 3245 hominis
3070 3193 3467 3267 intelligantur:
3495 3217 3616 3257 cum

2016 3286 2148 3328 vero
2186 3286 2249 3327 ea
2293 3272 2546 3329 dicuntur
2585 3276 2781 3346 quibus
2826 3279 3227 3341 demonstratur
3261 3291 3499 3360 aequalis,
3533 3310 3620 3351 se-

2018 3360 2252 3457 cundum
2282 3364 2336 3419 id
2360 3366 2501 3436 quod
2528 3367 2673 3457 Deus
2710 3379 2793 3425 est
2821 3372 3165 3442 accipiantur.
3214 3381 3448 3450 Apparet
3490 3401 3619 3457 ergo

2018 3454 2467 3545 quemadmodum
2505 3456 2706 3515 dictum
2746 3461 2851 3526 sit,
2892 3464 3051 3520 Pater
3076 3470 3244 3540 major
3266 3489 3346 3528 me
3381 3486 3490 3541 est;
3527 3454 3612 3545 ei,

2020 3544 2135 3616 Ego
2159 3554 2207 3600 et
2249 3544 2409 3602 Pater
2435 3565 2592 3603 unum
2621 3568 2794 3607 sumus
2821 3552 2931 3627 (Id.
2963 3572 2999 3611 ι
3017 3597 3033 3623 ,
3062 3558 3153 3631 50)
3183 3579 3197 3615 :
3229 3571 3316 3629 et,
3341 3563 3483 3622 Deus
3510 3544 3620 3625 mi

2033 3634 2282 3734 Verbum;
2311 3648 2400 3734 et,
2443 3637 2654 3734 Verbum
2691 3659 2811 3698 caro
2855 3649 3045 3717 factum
3068 3661 3140 3705 est
3164 3651 3273 3723 (Id.
3301 3672 3351 3721 ι,
3382 3659 3447 3725 1,
3482 3660 3573 3734 Ii)
3604 3681 3615 3715 :

2021 3738 2109 3796 et,
2138 3728 2262 3785 Non
2286 3732 2524 3803 rapinam
2562 3732 2833 3791 arbitratus
2871 3747 2946 3792 est
2986 3756 3093 3796 esse
3126 3746 3336 3814 a’qualis
3360 3748 3503 3818 Deo,
3531 3728 3621 3806 sed

2021 3823 2340 3914 semetipsum
2367 3824 2643 3914 ominaniait
2673 3831 2891 3896 formam
2918 3833 3045 3885 servi
3073 3837 3328 3906 accipiens
3359 3840 3617 3914 (Philipp.

2022 3928 2081 3978 ιι,
2112 3912 2166 3977 6,
2193 3911 2272 3983 7).
2304 3911 2412 3969 Sed
2436 3916 2687 3983 quoniam
2736 3919 2901 3975 multa
2945 3923 3105 3977 etiam
3153 3911 3447 3986 secundum
3490 3911 3620 4003 pro-

2023 4003 2303 4072 prietatem
2346 4018 2617 4074 peracute,
2646 4020 2870 4078 excepto
2914 4012 3056 4081 quod
3095 4017 3286 4073 attinet
3321 4021 3388 4075 ad
3437 4036 3623 4079 susce-

2026 4096 2259 4165 ptionem
2283 4094 2536 4163 hominis,
2568 4096 2637 4154 de
2668 4098 2757 4153 illo
2792 4101 2862 4155 ita
2890 4102 3159 4173 dicuntur,
3186 4117 3244 4163 ut
3270 4110 3480 4166 Patrem
3513 4130 3623 4170 non

2023 4186 2166 4241 aliud
2195 4201 2354 4258 quam
2386 4187 2620 4254 Patrem,
2651 4198 2706 4244 et
2733 4189 2925 4247 Filium
2950 4210 3057 4249 non
3077 4197 3218 4253 aliud
3246 4215 3406 4271 quam
3429 4202 3619 4259 Filium

2024 4277 2245 4349 intelligi
2271 4287 2535 4349 oporteat,
2561 4291 2751 4351 putant
2769 4282 3005 4341 haeretici
3031 4288 3084 4342 in
3107 4289 3174 4346 iis
3198 4306 3318 4361 qua:
3337 4294 3409 4349 ita
3434 4296 3623 4353 dicun-

2027 4378 2111 4423 tur
2136 4377 2297 4439 atque
2334 4370 2727 4442 intelliguntur,
2758 4376 3118 4445 aequalitatem
3146 4396 3267 4438 esse
3291 4400 3399 4441 non
3441 4401 3619 4456 posse.

2026 4462 2294 4531 Scriptum
2317 4472 2403 4518 est
2421 4464 2587 4531 enim,
2621 4463 2808 4520 Omnia
2837 4484 2928 4537 per
2949 4470 3119 4540 ipsum
3144 4473 3283 4544 facta
3301 4489 3417 4532 sunt
3439 4478 3621 4553 (Joan.

2026 4569 2064 4620 ι,
2095 4554 2185 4625 ὅ),
2227 4554 2411 4625 utique
2452 4570 2548 4626 per
2589 4556 2805 4623 Filium,
2834 4560 2936 4617 hoc
2963 4572 3063 4631 est,
3099 4580 3196 4635 per
3221 4566 3456 4626 Verbum
3484 4573 3577 4627 Dei
3605 4593 3616 4626 :

2024 4661 2054 4699 a
2096 4660 2224 4715 quo,
2254 4644 2356 4700 nisi
2398 4660 2428 4700 a
2466 4647 2665 4703 Patre?
2701 4648 2972 4722 Nusquam
3024 4664 3201 4712 autem
3249 4662 3503 4731 scriptum
3538 4676 3617 4719 est

2013 4738 2168 4807 quod
2207 4738 2375 4794 Filius
2413 4754 2509 4808 per
2547 4741 2758 4797 Patrem
2781 4743 3013 4815 aliquam
3039 4759 3339 4806 creaturam
3367 4764 3622 4824 operatus

2026 4828 2115 4884 sit.
2144 4829 2277 4886 Item
2320 4831 2576 4901 scriptum
2607 4842 2691 4887 est
2720 4835 2863 4904 quod
2903 4836 3080 4909 imago
3120 4839 3291 4897 Patris
3340 4844 3411 4898 sit
3454 4845 3621 4898 Filius

2029 4921 2246 4990 (Coloss.
2282 4938 2333 4989 ι,
2376 4923 2502 4996 15);
2532 4940 2794 4995 nusquam
2833 4938 3011 4985 autem
3054 4932 3310 5003 scriptum
3353 4946 3438 4990 est
3478 4939 3625 5007 quod

2029 5014 2204 5084 imago
2245 5014 2366 5069 Filii
2410 5016 2479 5070 sit
2521 5016 2699 5073 Pater.
2744 5019 2945 5076 Deinde
2982 5023 3123 5093 quod
3160 5025 3247 5079 ille
3273 5028 3504 5095 genitor,
3541 5031 3627 5083 illo.

2028 5109 2270 5178 genitus;
2302 5119 2357 5165 et
2380 5121 2573 5166 cietera
2620 5112 3024 5182 hujuscemodi,
3056 5132 3175 5186 quae
3217 5134 3322 5174 non
3348 5121 3415 5175 ad
3443 5139 3622 5193 aequa-

2032 5200 2234 5255 Iitatem
2279 5202 2627 5269 substantiae,
2671 5204 2765 5259 sed
2812 5204 2879 5258 ad
2930 5206 3306 5276 proprietatem
3358 5212 3625 5280 pertinent

2031 5305 2418 5363 personarum:
2450 5294 2501 5348 in
2528 5294 2721 5364 quibus
2767 5295 2839 5349 illi
2882 5298 3239 5366 aequalitatem
3280 5317 3401 5356 cum
3446 5304 3627 5360 dicunt

2030 5400 2277 5441 essenon
2309 5399 2464 5454 posse
2484 5427 2498 5451 ,
2526 5388 2777 5455 quoniam
2808 5386 2873 5441 ad
2903 5388 3017 5444 haec
3041 5394 3369 5461 penetranda
3397 5399 3627 5452 crassio-

2031 5493 2118 5533 res
2146 5479 2166 5509 ³
2198 5483 2407 5531 mentes
2445 5476 2736 5543 adhibent,
2766 5479 3003 5548 pondere
3046 5485 3376 5540 auctoritatis
3404 5490 3627 5559 urgendi

2031 5577 2178 5622 sunt.
2221 5566 2279 5621 Si
2321 5567 2464 5621 enim
2511 5567 2564 5622 in
2606 5566 2689 5622 his
2736 5585 2842 5624 non
2891 5582 3075 5641 posset
3102 5573 3322 5646 intelligi
3352 5580 3629 5647 aequalitas

2031 5660 2148 5730 ejus
2192 5674 2287 5729 per
2327 5675 2484 5729 quem
2532 5659 2668 5716 facta
2713 5672 2839 5719 sunt
2883 5666 3061 5720 omnia
3086 5667 3331 5737 etejusa
3357 5685 3462 5740 quo
3490 5671 3629 5728 facta

2032 5759 2177 5819 sunt,
2201 5749 2446 5820 imaginis
2470 5761 2525 5806 et
2546 5752 2662 5822 ejus
2696 5755 2849 5825 cujus
2878 5758 3051 5828 imago
3078 5768 3181 5825 est,
3211 5761 3374 5829 geniti
3404 5770 3458 5817 et
3480 5765 3629 5829 geni-

2109 5888 2220 5955 {sic
2243 5896 2350 5938 Mss.
2373 5888 2489 5939 Editi
2515 5898 2698 5950 autem,
2718 5900 2999 5955 prosecutus
3017 5893 3183 5955 fueris.

2107 5951 2131 5983 ³
2152 5957 2250 6002 ttat.
2266 5959 2338 6001 tr.
2361 5960 2412 6004 et
2426 5959 2552 6015 uss,
2572 5954 2912 6020 grossiares.--
2924 5957 2995 6003 sic
3014 5951 3158 6004 etiam
3177 5955 3322 6015 Lugd.
3345 5963 3395 6005 et
3416 5962 3535 6006 \‘ca.
3569 5964 3611 6006 at

3022 6042 3055 6120 {
3058 6040 3303 6133 Trois.)
