4084 6508
534 492 620 557 75
1285 486 1372 541 ns
1416 482 1726 540 nlvsusis
1764 477 2140 551 opusnest

2248 475 2281 534 S
2317 478 2600 547 LXXXIII,
2639 481 2697 538 S.
2730 480 3093 539 AUCUSTINI
3767 484 3833 540 76

553 619 717 682 torls;
753 612 899 668 nullo
942 607 1102 665 modo
1141 604 1424 676 Apostolus
1468 601 1919 657 contentiosorum
1959 594 2133 651 homi-

557 725 683 766 num
708 721 802 762 ora
830 701 1155 761 concludens
1185 699 1355 769 ipsum
1386 695 1545 751 etiam
1582 693 1800 751 verbum
1845 687 2129 759 poneret‘,

552 802 739 857 dicens
784 816 798 852 :
831 796 952 852 Non
979 794 1211 865 rapinam
1239 789 1510 844 arbitratus
1539 795 1609 840 est
1636 801 1741 839 esse
1767 780 1975 853 arqualis
2006 778 2134 833 Deo.

619 894 677 946 9..
719 892 853 946 Cum
904 902 1032 958 ergo
1057 901 1118 941 ea
1157 898 1276 954 qua:
1323 880 1389 935 ad
1442 877 1837 933 distinctionem
1885 872 2057 928 Patris
2083 879 2139 925 et

556 983 673 1038 Filii
712 980 910 1049 scripta
955 986 1100 1043 sunt,
1131 974 1321 1045 partim
1362 978 1580 1041 proiitcr
1620 980 1966 1038 personarum
2012 977 2135 1033 pro-

554 1073 830 1142 prietates,
882 1068 1072 1139 partim
1118 1074 1333 1136 propter
1357 1060 1725 1129 suceptionem
1771 1056 2035 1120 hominis,
2067 1054 2138 1106 ita

550 1163 746 1232 scripta
777 1160 920 1225 sint;
967 1157 1092 1212 dum
1120 1164 1295 1209 tamen
1324 1152 1517 1207 divina:
1544 1147 1856 1204 substantia:
1884 1145 2057 1199 Patris
2085 1153 2138 1197 et

555 1254 673 1308 Filii
697 1252 870 1307 deitas
897 1258 951 1303 et
977 1247 1152 1303 unitas
1177 1253 1229 1299 et
1248 1242 1522 1313 aequalitas
1545 1246 1761 1295 maneat
1787 1254 1801 1292 :
1823 1243 1970 1292 recte
1990 1248 2137 1304 quae-

552 1345 687 1398 ritur
718 1343 770 1397 in
802 1342 904 1396 hoc
935 1341 1071 1405 loco,
1100 1346 1276 1391 utrum
1316 1331 1609 1389 secundum
1639 1340 1985 1399 personarum
2017 1339 2139 1395 pro-

555 1435 825 1503 prietates,
859 1447 925 1486 an
970 1427 1258 1485 secundum
1293 1422 1525 1479 hominis
1551 1420 1944 1489 susceptionem
1993 1417 2139 1486 Apo-

552 1526 724 1580 stolus
750 1523 965 1588 dixerit,
998 1520 1137 1575 Tunc
1162 1529 1210 1573 et
1237 1518 1345 1587 ipse
1382 1513 1549 1569 Filius
1572 1511 1825 1582 subjectus
1866 1509 1958 1563 erit
1983 1509 2027 1561 ei
2053 1508 2141 1577 qui

552 1619 625 1670 illi
662 1615 869 1685 subjecit
900 1612 1087 1668 omnia.
1119 1609 1266 1665 Solet
1294 1604 1690 1661 circumstantia
1709 1601 1996 1670 Scriptura:
2017 1598 2139 1652 illu-

547 1710 759 1761 minare
790 1704 1129 1766 sententiam,
1177 1715 1297 1753 cum
1328 1714 1389 1752 ea
1436 1711 1555 1767 quae
1583 1692 1723 1748 circa
1770 1691 1963 1758 scripta
1993 1698 2136 1754 sunt,

548 1804 874 1866 praesentem
916 1792 1263 1864 qumstioneni
1316 1784 1709 1857 contingentia,
1761 1781 1999 1852 diligenti
2027 1779 2138 1834 dis-

554 1890 804 1945 cussione
856 1893 1164 1940 tractantur.
1229 1880 1531 1935 Invenimus
1576 1878 1753 1945 itaque
1811 1874 1879 1926 ita
1924 1878 2139 1927 ventum

554 1995 676 2036 esse
701 1978 769 2034 ad
796 1977 936 2031 hunc
982 1976 1179 2039 locum,
1224 1982 1286 2027 ut
1336 1984 1495 2039 supra
1523 1967 1746 2033 diceret,
1776 1963 1926 2018 Nunc
1974 1972 2141 2016 autem

555 2074 785 2130 Christus
840 2069 1058 2125 surrexit
1107 2083 1139 2119 a
1186 2064 1397 2119 mortuis
1421 2103 1436 2129 ,
1479 2059 1716 2130 primitiae
1765 2056 2138 2111 dormientium.

555 2165 761 2237 Agebat
808 2162 951 2217 enim
995 2159 1063 2215 de
1108 2155 1499 2212 resurrectione
1525 2160 1883 2215 mortuorum,
1914 2146 2056 2217 quod
2087 2148 2140 2200 in

555 2255 783 2312 Domino
811 2250 1104 2308 secundum
1125 2246 1518 2318 susceptionem
1544 2242 1777 2297 hominis
1804 2239 1996 2294 factum
2021 2246 2138 2303 est;

552 2362 855 2419 quanquam
900 2343 1236 2414 apertissime
1284 2346 1539 2409 sequatur
1583 2345 1639 2391 et
1665 2334 1849 2390 dicat:
1889 2332 2141 2399 Quoniam

551 2438 759 2510 quidem
797 2452 885 2508 per
910 2435 1162 2489 hominem
1189 2447 1341 2495 mors,
1373 2440 1419 2483 et
1449 2444 1537 2499 per
1566 2426 1818 2480 hominem
1844 2423 2141 2479 resurrectio

555 2543 891 2588 mortuorum.
922 2530 1068 2585 Sicut
1096 2529 1236 2582 enim
1269 2526 1323 2579 in
1353 2523 1518 2577 Adam
1542 2537 1713 2577 omnes
1736 2520 2041 2582 moriuntur,
2069 2518 2141 2572 sic

542 2634 601 2679 et
642 2625 696 2679 in
722 2622 923 2677 Christo
956 2636 1126 2674 omnes
1153 2615 1555 2686 viviﬁcabuntur.
1583 2610 1939 2682 Unusquisque
1974 2618 2141 2663 autem

554 2718 609 2769 in
631 2730 722 2769 suo
746 2713 921 2768 ordine
946 2726 962 2766 :
982 2710 1181 2764 initium
1204 2705 1471 2770 Christus;
1491 2700 1673 2757 deinde
1691 2702 1728 2755 ii
1748 2700 1834 2772 qui
1853 2710 1968 2754 sunt
1989 2699 2139 2753 Chri-

554 2807 639 2872 sti,
670 2804 723 2858 iu
750 2802 1014 2873 prazseutia
1035 2794 1459 2871 (mpowlqt)eju8,'
1478 2792 1659 2848 deinde
1684 2791 1823 2859 ﬁnis,
1850 2806 1963 2845 cum
1984 2790 2142 2843 tradi-

543 2896 685 2951 derit
704 2909 917 2965 regnum
938 2893 1044 2945 Deo
1065 2900 1111 2943 et
1134 2886 1300 2953 Patri,
1320 2901 1433 2939 cum
1450 2882 1762 2939 evacuaverit
1782 2898 1979 2937 onmem
2000 2883 2141 2955 prin-

555 2988 780 3057 cipatum
814 2994 857 3039 et
884 2998 1083 3037 omnem
1108 2986 1397 3052 potestatem
1416 2986 1461 3031 et
1488 2977 1737 3031 virtutem.
1773 2972 1981 3047 Oportet
2010 2976 2142 3030 enim

552 3078 700 3132 illum
726 3091 954 3147 regnare,
977 3074 1135 3127 donec
1160 3080 1315 3143 ponat
1341 3085 1510 3123 omnes
1539 3068 1766 3123 inimicos
1789 3084 1905 3122 suos
1929 3068 2020 3122 sub
2049 3085 2141 3139 pe-

541 3169 701 3223 dibus
735 3169 859 3223 suis.
907 3163 1232 3219 Nouissima’
1258 3160 1464 3215 inimica
1492 3160 1778 3214 destruetur
1817 3175 1972 3214 mors.
2013 3158 2139 3213 Om-

546 3264 639 3317 nia
676 3262 809 3316 enim
832 3258 1042 3331 subjecit
1080 3257 1172 3311 sub
1199 3255 1407 3327 pedibus
1438 3255 1565 3325 ejus.
1594 3252 1721 3308 Cum
1752 3262 1919 3307 autent
1959 3254 2142 3309 dixerit

549 3355 689 3426 quod
718 3354 888 3410 omnia
930 3352 1154 3422 subjecta
1182 3359 1319 3417 sunt,
1347 3348 1669 3420 manifestum
1693 3356 1769 3403 est
1808 3349 1925 3420 quia
1958 3358 2141 3420 prwter

553 3464 667 3501 eum
704 3446 792 3516 qui
816 3444 1024 3515 subjecit
1048 3442 1128 3497 illi
1151 3442 1341 3497 omnia.
1376 3440 1505 3495 Cum
1536 3448 1707 3493 autem
1740 3441 1785 3493 ei
1810 3441 1981 3494 omnia
2019 3440 2140 3494 sub-

468 3568 483 3577 ν
545 3541 684 3612 jecta
722 3537 934 3609 fuerint,
968 3546 1084 3589 tunc
1116 3544 1163 3589 et
1201 3535 1309 3603 ipse
1354 3530 1519 3586 Filius
1560 3531 1812 3601 subjectus
1846 3532 1937 3583 erit
1972 3531 2017 3584 ei
2057 3533 2143 3602 qui

553 3631 631 3685 illi
682 3628 891 3700 subjecit
941 3626 1131 3692 omnia,
1189 3634 1243 3678 ut
1287 3624 1349 3677 sit
1404 3622 1541 3676 Deus
1593 3622 1763 3675 omnia
1812 3621 1863 3673 in
1912 3620 2142 3675 omnibus

558 3722 599 3795 (I
630 3720 748 3777 Cor.
781 3735 875 3785 xv,
907 3717 1120 3787 20-28).
1152 3714 1484 3770 Manifestum
1535 3721 1617 3768 est
1655 3726 1783 3782 ergo
1814 3711 1916 3765 hoc
1952 3726 2145 3765 secun-

556 3814 685 3869 dum
714 3810 1109 3882 susceptionem
1136 3806 1374 3861 hominis
1402 3804 1619 3859 dictum.

626 3905 678 3958 3.
722 3903 828 3959 Sed
864 3902 968 3956 alia
1001 3902 1053 3954 in
1086 3899 1187 3954 hoc
1233 3897 1485 3966 capitulo,
1516 3895 1682 3966 cujus
1729 3904 1894 3950 totum
1928 3904 2141 3950 textum

557 3992 997 4055 commemoravi,
1014 3987 1398 4045 solentehabere
1409 3987 1757 4057 qumstionem
1776 4001 1788 4037 :
1810 3984 1981 4055 primo
2000 3982 2141 4054 quod

542 4089 752 4144 dictum
794 4093 917 4151 est,
952 4083 1095 4139 'Cum
1149 4080 1414 4135 tradiderit
1455 4096 1666 4150 regnum
1713 4078 1821 4133 Deo
1867 4088 1913 4132 et
1966 4077 2143 4141 Patri;

553 4179 706 4249 quasi
735 4190 874 4231 nunc
911 4189 1015 4229 non
1061 4180 1240 4228 teneat
1287 4185 1507 4241 regnum
1555 4170 1728 4224 Pater.
1764 4168 1967 4225 Deinde
2000 4170 2140 4239 quod

547 4271 754 4325 dictum
801 4275 903 4332 cst,
938 4263 1144 4335 Oportet
1172 4263 1305 4317 enim
1332 4262 1481 4315 illum
1518 4276 1749 4331 regnare,
1783 4259 1944 4313 donec
1990 4269 2143 4329 ponat

551 4378 726 4416 omnes
750 4359 979 4414 inimicos
1025 4372 1145 4411 suos
1193 4353 1284 4409 sub
1334 4352 1543 4424 pedibus
1566 4352 1707 4418 suis;
1756 4352 1907 4423 quasi
1956 4361 2139 4422 postea

558 4471 663 4508 non
692 4453 761 4508 sit
802 4459 1139 4522 regnaturus,
1185 4456 1240 4502 et
1266 4445 1331 4500 ad
1365 4446 1465 4499 hoc
1492 4443 1668 4498 valeat
1695 4443 1837 4514 quod
1868 4457 2025 4513 supra
2055 4442 2138 4497 di-

556 4553 831 4608 ctuinest,
883 4540 1080 4595 Deinde
1126 4539 1262 4607 linis.
1292 4535 1455 4606 Quod
1497 4535 1753 4607 sacrilega
1788 4535 2039 4605 opinione
2068 4536 2144 4590 sic

556 4638 846 4710 accipiunt,
866 4634 1015 4706 quasi
1047 4634 1205 4686 linem
1232 4630 1428 4686 dixerit
1451 4627 1967 4683 consummationem
1995 4630 2142 4699 regni

556 4733 705 4804 ejus;
737 4744 857 4784 cum
904 4726 1162 4795 scriptum
1204 4724 1279 4778 sit
1331 4722 1381 4776 in
1417 4721 1725 4791 Evangelia,
1758 4720 1827 4774 Et
1855 4721 1999 4792 regni
2036 4724 2144 4792 ejus

558 4841 656 4879 non
683 4822 774 4878 erit
803 4819 919 4888 linis
941 4815 1090 4891 (Luc.
1122 4831 1159 4882 ι,
1189 4816 1300 4884 53).
1334 4814 1612 4868 Postremo
1638 4813 1779 4883 quod
1808 4813 2007 4869 dictum
2038 4826 2140 4880 est,

557 4915 682 4970 Cum
721 4922 889 4969 autem
927 4910 975 4964 ei
1012 4908 1181 4962 omnia
1236 4906 1461 4975 subjecta
1511 4905 1732 4977 fuerint,
1785 4914 1903 4960 tunc
1946 4916 1991 4960 et
2035 4908 2143 4978 ipse

564 5009 727 5061 Filius
750 5005 1002 5076 subjectus
1032 5001 1125 5055 erit
1154 5000 1201 5054 ei
1241 4998 1326 5069 qui
1355 4997 1434 5051 illi
1461 4996 1672 5067 subjecit
1702 4998 1905 5064 omnia;
1940 4998 2018 5054 sic
2054 5016 2144 5053 vo-

558 5091 1111 5164 luntinlelligi,quasi
1163 5104 1304 5145 nunc
1353 5098 1443 5142 aut
1490 5087 1690 5159 aliquid
1740 5087 1876 5143 Filio
1921 5105 2025 5144 non
2075 5092 2143 5146 sit

556 5190 872 5257 subjectum,
904 5203 994 5240 aut
1020 5183 1162 5239 Patri
1196 5198 1302 5239 non
1330 5182 1398 5237 sit
1428 5183 1542 5252 ipse
1569 5182 1860 5253 subjectus.

630 5280 683 5333 4.
725 5277 933 5332 Genere
974 5276 1129 5345 igitur
1166 5274 1448 5331 locutionis
1491 5273 1717 5329 solvitur
1762 5277 2007 5345 quaestio.
2055 5279 2141 5335 Sic

559 5368 700 5423 enim
733 5367 1044 5436 plorataque
1075 5365 1346 5435 Scriptura
1378 5366 1632 5436 loquitur,
1674 5375 1731 5421 ut
1759 5367 1901 5437 quod
1930 5383 2144 5440 semper

562 5473 643 5519 est
663 5480 680 5521 :
702 5470 832 5517 tunc
850 5454 963 5513 ﬁeri
989 5455 1197 5510 dicatur
1227 5457 1278 5509 in
1303 5457 1499 5526 aliquo,
1530 5473 1652 5511 cum
1676 5457 1726 5512 in
1757 5474 1824 5514 eo
1845 5460 1866 5492 ³
1894 5465 2144 5532 cognosri

566 5551 924 5610 debueritJta
951 5548 1092 5603 enim
1121 5546 1350 5602 dicimus
1381 5550 1430 5601 in
1475 5550 1717 5605 oratione
1738 5592 1753 5617 ,
1784 5550 2148 5623 Sancti/iretur

610 5756 633 5822 ξ
660 5751 952 5822 genarrious
974 5750 1131 5802 codex
1408 5747 1698 5816 ωιτυαιὶιιιιίε
1719 5761 1929 5822 Meret-

588 5820 638 5886 ,²
661 5816 787 5866 Editi
817 5822 1122 5874 constanter,
1170 5815 1429 5862 Novissime
1462 5827 1479 5863 :
1504 5815 1891 5873 repugnantibus
1912 5824 2016 5869 διεδ,
2042 5820 2149 5883 με-

557 5886 739 5941 risque.

554 5981 563 5987 .
628 5943 649 5976 ³
667 5949 797 6000 Mss,
831 5941 887 5991 ab
912 5953 980 5991 ω.

2245 610 2426 648 nomen
2452 606 2593 648 tuum
2624 596 2832 666 (Matth.
2864 613 2933 664 γι,
2963 597 3050 670 9);
3092 600 3240 668 quasi
3271 598 3555 669 aliquando
3581 610 3829 656 sanctum

2244 700 2349 739 non
2396 687 2483 741 sit.
2532 687 2672 757 Ergo
2717 689 2855 743 sicut
2902 690 3268 757 sanctiﬁcetur,
3301 699 3385 745 est
3414 699 3661 745 sanctum
3704 706 3829 747 esse

2244 775 2568 841 innotescat;
2624 778 2698 832 ita
2727 794 2958 849 quoque,
3005 778 3131 835 Cum
3177 780 3442 835 tradiderit
3468 798 3680 853 regnum
3719 780 3830 837 Deo

2242 878 2289 922 et
2318 867 2485 936 Patri,
2532 871 2588 925 id
2617 880 2721 938 est,
2747 887 2867 926 cum
2900 873 3108 927 Patrem
3152 887 3379 943 regnare
3427 876 3829 935 monstraverit.

2245 969 2300 1013 ut
2334 976 2429 1030 per
2464 962 2694 1031 speciem
2739 962 3323 1033 manilestalionemque
3370 965 3661 1031 clarescat,
3689 965 3829 1034 quod

2245 1068 2384 1108 nunc
2409 1070 2439 1108 a
2463 1054 2707 1110 ﬁdelibus
2732 1056 2972 1111 creditur
3007 1065 3059 1110 et
3087 1057 3155 1111 ab
3189 1055 3491 1111 inlidelibus
3530 1072 3637 1111 non
3681 1065 3833 1126 puta-

2245 1154 2347 1199 tur.
2381 1146 2668 1203 Evacuabit
2694 1157 2869 1203 autem
2899 1163 3111 1203 omnem
3142 1148 3495 1218 principatum
3516 1159 3570 1205 et
3597 1158 3833 1219 potesta-

2244 1242 2373 1302 tem,
2401 1238 2788 1293 manifestando
2819 1240 2998 1309 utique
3024 1255 3246 1310 regnum
3274 1240 3465 1304 Patris,
3494 1249 3553 1295 ut
3577 1241 3833 1297 omnibus

2246 1333 2428 1380 notum
2460 1327 2548 1394 sit,
2574 1328 2773 1383 nullum
2796 1329 3093 1400 principum
3124 1338 3178 1384 et
3204 1336 3545 1400 potestatum,
3569 1330 3683 1387 sive
3712 1346 3828 1389 etB-

2247 1417 2483 1484 lestium,
2516 1420 2628 1475 sive
2676 1420 3031 1486 terrestrium,
3086 1435 3182 1490 per
3225 1435 3284 1475 se
3329 1421 3578 1478 habuisse
3630 1423 3832 1495 aliquid

2247 1510 2573 1581 principatus
2611 1520 2665 1567 et
2695 1514 2990 1582 potestatis,
3018 1515 3112 1569 sed
3138 1515 3206 1571 ab
3231 1515 3321 1569 illo
3348 1530 3415 1571 ex
3441 1531 3547 1586 quo
3569 1527 3694 1572 sunt
3714 1532 3835 1573 om-

2248 1601 2355 1664 nia,
2385 1618 2489 1656 non
2521 1603 2691 1658 solum
2722 1612 2781 1659 ut
2808 1604 2933 1669 sint,
2954 1621 3138 1661 verum
3167 1606 3328 1662 etiam
3358 1616 3415 1662 ut
3440 1609 3683 1664 ordinata
3704 1610 3832 1665 sint.

2246 1689 2302 1744 In
2332 1692 2419 1745 illa
2440 1694 2581 1747 enim
2608 1694 3033 1751 manifestatioue
3064 1696 3192 1750 nnlli
3222 1712 3347 1767 spes
3373 1698 3549 1769 aliqua
3582 1716 3833 1757 remane-

2246 1789 2322 1845 bit
2363 1792 2413 1845 in
2454 1806 2717 1862 quoquam
2747 1793 3005 1862 principe,
3037 1802 3128 1848 aut
3171 1795 3221 1847 in
3273 1810 3540 1865 quoquam
3595 1797 3832 1853 homine.

2244 1882 2397 1950 Quod
2444 1883 2605 1939 etiam
2662 1899 2803 1939 nunc
2859 1886 3165 1954 prophetice
3214 1888 3423 1941 canitur
3471 1905 3484 1941 :
3532 1887 3731 1942 Bonum
3761 1900 3835 1945 est

2244 1990 2447 2042 sperare
2489 1975 2543 2028 in
2582 1974 2819 2039 Domino,
2851 1993 3002 2045 quam
3050 1994 3255 2044 sperare
3297 1980 3350 2032 in
3390 1980 3620 2044 homine;
3649 1980 3836 2035 bonum

2245 2076 2318 2121 est
2355 2083 2558 2138 sperare
2584 2068 2638 2121 in
2690 2067 2929 2135 Domino,
2960 2085 3113 2138 quam
3166 2086 3373 2139 sperare
3420 2072 3473 2125 in
3522 2074 3837 2143 principibus

2246 2157 2420 2233 (Psal.
2449 2174 2611 2226 cxvii,
2635 2160 2690 2227 8,
2729 2160 2785 2232 9)
2816 2178 2830 2216 :
2858 2169 2917 2215 ut
2950 2161 3050 2217 ista
3077 2163 3421 2218 meditatione
3448 2164 3621 2218 anima
3646 2165 3757 2233 jam
3782 2166 3835 2221 in

2247 2266 2468 2321 regnum
2509 2252 2683 2308 Patris
2711 2262 2988 2323 assurgat,
3035 2270 3135 2310 nec
3162 2256 3473 2326 cujusquam
3514 2266 3835 2326 potestatem

2248 2352 2442 2413 przeter
2469 2343 2617 2397 illum
2644 2343 2820 2414 magni
2858 2343 3076 2411 faciens,
3119 2360 3218 2400 nec
3251 2361 3349 2401 sua
3384 2348 3483 2402 sibi
3526 2347 3625 2418 ipsi
3655 2349 3837 2418 perni-

2244 2433 2542 2488 ciosissima
2580 2434 2915 2491 blandiens‘.
2951 2436 3151 2491 Tradet
3196 2451 3326 2507 ergo
3372 2452 3591 2508 regnum
3625 2440 3737 2494 Deo
3782 2451 3838 2495 et

2249 2524 2413 2591 Patri,
2444 2540 2565 2580 cum
2588 2541 2682 2596 per
2701 2527 2846 2581 illum
2876 2543 2970 2598 per
3007 2528 3242 2598 speciem
3270 2539 3623 2599 cognoscatur
3654 2531 3834 2586 Pater.

2251 2618 2493 2690 ltegnum
2523 2619 2667 2674 enim
2704 2619 2820 2689 ejus
2858 2628 2982 2675 sunt
3018 2621 3067 2675 in
3105 2621 3298 2691 quibus
3327 2636 3469 2676 nunc
3511 2630 3701 2693 regnat
3740 2639 3839 2694 per

2246 2707 2427 2765 ﬁdem.
2469 2709 2637 2765 Aliter
2667 2711 2811 2766 enim
2840 2709 3033 2767 dicitur
3060 2726 3281 2782 regnum
3308 2712 3503 2769 Christi
3539 2714 3836 2769 secundum

2248 2809 2561 2870 pOtestatem
2608 2801 2935 2868 divinitatis,
2985 2802 3279 2859 secundum
3328 2805 3469 2875 quod
3530 2806 3580 2860 ei
3643 2815 3837 2860 cuncta

2246 2906 2489 2949 creatura
2518 2892 2756 2963 subjecta
2783 2902 2903 2961 est;
2934 2903 2989 2950 et
3027 2895 3183 2951 aliter
3220 2911 3440 2967 regnum
3483 2897 3601 2967 ejus
3637 2897 3839 2953 dicitur

2252 2982 2510 3049 Ecclesia,
2561 2985 2856 3041 secundum
2902 2988 3280 3057 proprietatem
3325 2988 3445 3044 ﬁdei
3483 3005 3601 3060 qua;
3650 2991 3702 3046 in
3743 2991 3840 3046 illo

2246 3084 2350 3143 est,
2376 3078 2668 3133 secundum
2700 3079 2841 3149 quod
2868 3089 2984 3135 orat
3009 3080 3100 3151 qui
3126 3080 3274 3149 dicit,
3308 3079 3524 3136 Posside
3566 3099 3656 3137 nos
3677 3081 3836 3156 (lsai.

2247 3183 2394 3233 xxvi,
2430 3169 2517 3235 I5,
2543 3186 2643 3223 sec.
2687 3169 2875 3241 LXX).
2904 3169 3088 3242 Neque
3125 3172 3269 3227 enim
3302 3187 3407 3227 non
3445 3173 3559 3243 ipse
3598 3174 3839 3244 possidet

2246 3259 2447 3314 omnia.
2488 3259 2789 3316 Secundum
2832 3261 2974 3331 quod
3024 3262 3218 3317 dicitur
3254 3264 3414 3319 etiam
3462 3265 3593 3321 illud
3642 3283 3655 3321 :
3703 3266 3837 3321 Cum

2246 3350 2377 3404 servi
2395 3351 2564 3406 essetis
2588 3352 2795 3422 peccati,
2821 3351 2964 3407 liberi
2996 3354 3149 3408 eratis
3160 3354 3379 3425 justitiaz
3407 3355 3582 3427 (Rom.
3609 3373 3683 3423 vt,
3710 3357 3833 3428 20).

2250 3439 2540 3495 Evacuabit
2559 3456 2688 3510 ergo
2715 3457 2930 3497 omnem
2972 3444 3324 3513 principatum
3360 3453 3415 3500 et
3440 3460 3652 3501 omnem
3682 3457 3838 3517 pote-

2247 3542 2436 3588 statem
2465 3542 2518 3587 et
2546 3533 2809 3599 virtutem,
2841 3543 2898 3588 ut
2937 3535 3065 3589 nulli
3096 3536 3307 3590 Patrem
3352 3536 3579 3592 intuenti
3619 3553 3716 3608 per
3744 3537 3839 3592 Fi-

2249 3622 2375 3676 lium
2404 3638 2538 3693 opus
2565 3624 2632 3678 sit
2658 3632 2750 3679 aut
2779 3625 2938 3681 libeat
2966 3626 3018 3680 in
3045 3627 3357 3699 cujusquam
3386 3637 3645 3684 creatura:
3675 3630 3755 3685 vel
3778 3630 3835 3684 iu

2248 3728 2341 3767 sua
2364 3716 2742 3784 conquiescere
2769 3726 3051 3785 potestate.

2320 3804 2375 3859 5.
2418 3802 2628 3875 Oportet
2669 3806 2803 3860 enim
2838 3822 2953 3860 eum
2998 3824 3230 3877 regnare,
3269 3810 3425 3863 donec
3471 3820 3623 3879 ponat
3662 3827 3839 3867 omnes

2248 3892 2478 3949 inimicos
2504 3912 2621 3951 suos
2645 3897 2737 3951 sub
2764 3896 2971 3968 pedibus
2999 3900 3104 3952 suis
3127 3914 3146 3952 :
3174 3900 3222 3954 id
3246 3910 3345 3965 est,
3375 3910 3585 3970 Oportet
3612 3916 3835 3972 regnum

2249 3988 2367 4058 ejus
2396 3989 2447 4043 in
2479 3997 2681 4044 tantum
2707 3991 3055 4055 manifestari,
3081 3990 3253 4047 donec
3278 4008 3467 4050 omnes
3491 3994 3688 4050 inimici
3714 3996 3835 4065 ejus

2251 4079 2422 4149 ipsum
2451 4096 2673 4150 regnare
2714 4081 2996 4137 fateantur.
3032 4083 3141 4137 lloc
3168 4085 3311 4138 enim
3353 4085 3701 4155 intelligitur,
3730 4088 3838 4142 sub

2252 4170 2476 4240 pedibus
2505 4170 2621 4241 ejus
2649 4170 2852 4227 futuros
2878 4172 3143 4228 inimicos.
3171 4174 3323 4239 Quod
3371 4175 3415 4228 si
3445 4174 3513 4230 de
3551 4175 3710 4245 justis
3737 4193 3837 4231 ac-

2251 4263 2572 4332 ceperimus,
2620 4263 2739 4319 ideo
2775 4263 2974 4318 dictum
3003 4273 3106 4329 est,
3151 4265 3400 4332 inimicos,
3436 4266 3558 4336 quia
3600 4282 3665 4322 ex
3697 4268 3840 4337 inju-

2251 4352 2348 4407 stis
2376 4351 2753 4421 justiﬁcanlur,
2782 4363 2836 4408 et
2860 4355 2909 4408 ei
2937 4354 3207 4409 credendo
3231 4355 3550 4410 subduntur.
3576 4357 3652 4411 De
3686 4358 3837 4427 inju-

2241 4442 2347 4497 stis
2390 4452 2566 4498 autem
2605 4443 2696 4514 qui
2752 4443 2819 4498 ad
2861 4445 3129 4514 justorum
3168 4445 3548 4501 beatitudinem
3600 4446 3838 4504 futuram

2253 4549 2356 4590 non
2390 4534 2681 4604 pertinent,
2724 4534 2805 4590 sic
2826 4536 3191 4606 accipiendum
3216 4546 3318 4601 est,
3363 4538 3613 4608 quoniam
3641 4548 3694 4593 et
3733 4540 3840 4609 ipsi

2252 4642 2372 4681 eum
2402 4641 2628 4695 regnare
2651 4627 2765 4697 ipsa
2801 4629 2950 4698 regni
2990 4629 3107 4698 ejus
3160 4629 3591 4686 manifestatione
3626 4632 3840 4687 confusi

2252 4717 2577 4773 fatebuntur.
2616 4719 2777 4789 Ergo,
2819 4716 3027 4790 Oportet
3064 4737 3176 4774 eum
3218 4737 3448 4791 regnare,
3494 4720 3653 4775 donec
3676 4733 3840 4793 ponat

2240 4827 2424 4866 omnes
2458 4812 2687 4866 inimicos
2720 4812 2811 4866 sub
2837 4814 3045 4883 pedibus
3077 4813 3202 4872 suis.
3242 4828 3346 4868 non
3394 4814 3464 4867 ita
3491 4814 3689 4869 dictum
3728 4824 3839 4881 est,

2238 4904 2401 4974 quasi
2428 4918 2548 4956 cum
2584 4904 2818 4972 posuerit
2865 4903 3113 4959 inimicos
3150 4919 3276 4960 suos
3313 4906 3413 4960 sub
3445 4906 3671 4976 pedibus
3699 4908 3837 4972 suis,

2256 5012 2360 5049 non
2407 4995 2475 5049 sit
2522 5002 2705 5063 postea
2735 5006 3053 5065 regnaturus
3104 5013 3117 5049 :
3160 4996 3274 5060 sed,
3337 4996 3547 5068 Oportet
3595 5015 3707 5053 eum
3751 5016 3842 5054 re—

2239 5090 2429 5156 gnare,
2450 5085 2620 5137 donec
2658 5095 2813 5155 ponat
2854 5101 3026 5140 omnes
3070 5087 3301 5141 inimicos
3337 5105 3456 5143 suos
3495 5088 3586 5143 sub
3627 5090 3845 5160 pedibus

2252 5177 2396 5240 suis;
2450 5186 2663 5245 oportet
2707 5192 2852 5244 eum,
2903 5177 3097 5248 inquit,
3152 5178 3218 5232 ad
3266 5188 3464 5234 tantam
3516 5180 3847 5237 evidentiam

2257 5283 2476 5339 regnum
2528 5282 2684 5322 suum
2714 5268 3030 5338 perducere,
3083 5268 3255 5325 donec
3286 5271 3483 5326 inimici
3527 5271 3644 5342 ejus
3690 5275 3847 5331 nullo

2256 5360 2414 5416 modo
2440 5358 2669 5415 audeant
2714 5375 2912 5431 negare
2952 5363 3093 5430 quod
3143 5373 3349 5431 regnet.
3400 5363 3531 5417 Nam
3581 5366 3845 5436 scriptum

2256 5461 2357 5519 est,
2386 5450 2470 5506 Ita
2501 5453 2637 5507 oculi
2660 5454 2817 5509 nostri
2842 5452 2910 5507 ad
2938 5453 3213 5508 Dominum
3243 5454 3407 5509 Deum
3449 5466 3699 5524 nostrum,
3740 5459 3845 5513 do—

2258 5562 2346 5599 nec
2386 5546 2682 5600 misereatur
2729 5545 2890 5600 nostri
2921 5544 3087 5617 (Psal.
3111 5560 3276 5613 cxxn,
3306 5545 3363 5619 2)
3404 5564 3417 5600 :
3462 5562 3563 5603 nec
3600 5549 3720 5602 ideo
3762 5560 3847 5606 ta-

2257 5652 2402 5704 men,
2432 5653 2553 5693 cum
2581 5638 2830 5692 misertus
2860 5636 3026 5691 nostri
3050 5636 3228 5705 fuerit,
3257 5639 3440 5694 oculos
3468 5638 3537 5693 ab
3562 5654 3629 5694 eo
3666 5642 3839 5698 debe-

2259 5744 2376 5783 mus
2402 5741 2665 5787 avertere.
2701 5729 2756 5783 In
2797 5738 3001 5784 tantum
3030 5728 3172 5785 enim
3200 5738 3286 5785 est
3328 5729 3601 5786 beatitudo
3632 5743 3843 5802 nostra,

2326 5887 2339 5915 ι
2370 5893 2466 5935 nat.
2508 5893 2580 5935 Er.
2617 5893 2669 5937 et
2691 5882 2860 5949 plures
2880 5882 3126 5949 ψει,δίὑὶ
3160 5882 3265 5949 ipsa
3282 5880 3682 5947 perniciosissime
3707 5887 3846 5940 blan-

2265 5946 2414 5996 diens.
2433 5974 2493 5984 -—
2524 5950 2593 5999 sic
2619 5946 2764 6000 etiam
2788 5946 2933 6012 Lugd.
2970 5955 3023 5998 et
3041 5946 3186 5997 νεα(
3225 5953 3283 5996 ιι.
