4136 6532
305 506 370 560 τι
1276 508 1297 525 σ
1746 492 1924 547 LIBEl

2035 490 2191 548 NUS.
3537 497 3609 554 18

310 624 364 676 in
412 627 674 690 quantum
744 632 863 688 ejus
912 614 1363 684 contemplatione
1423 612 1762 682 perfruitnur.
1810 608 1899 662 Sic

311 728 442 783 ergo
468 722 523 767 et
555 710 659 765 hoc
681 710 883 765 dictum
912 721 1012 763 est.
1036 707 1321 763 Oculorum
1353 715 1655 760 nostrorum
1678 702 1905 758 intentio

311 806 379 859 ad
414 804 698 858 Dominum
737 818 844 856 non
888 800 1196 871 porrigitur,
1228 797 1330 853 nisi
1360 811 1528 866 usque
1553 794 1620 850 ad
1650 794 1903 863 impetro.

310 897 514 948 tionem
566 892 949 947 misericordia:
998 891 1207 960 ipsius,
1263 904 1368 943 non
1416 896 1481 943 ut
1540 898 1723 957 postea
1784 880 1947 939 inde'

305 994 604 1050 avertatur,
655 984 750 1039 sed
781 995 838 1038 nt
863 983 994 1037 nihil
1026 982 1149 1037 inde
1186 981 1416 1051 amplius
1450 979 1704 1049 requirat.
1734 977 1908 1031 Donec

313 1092 445 1147 ergo
473 1092 569 1145 pro
607 1091 673 1130 eo
705 1076 937 1146 positum
982 1083 1085 1140 est,
1112 1081 1171 1128 ut
1213 1089 1317 1127 non
1350 1072 1599 1142 amplius,
1619 1069 1904 1139 intelligas.

311 1168 433 1234 Quo
455 1168 592 1221 enim
610 1167 858 1235 amplius,
875 1166 926 1220 id
947 1174 1049 1232 est,
1069 1180 1237 1236 usque
1255 1164 1322 1219 ad
1338 1179 1497 1235 quam
1521 1164 1776 1233 majorem
1797 1175 1910 1215 ma-

316 1258 710 1313 nifestationem
758 1256 1187 1312 manifestabitur
1237 1252 1461 1326 regnum
1523 1253 1764 1321 Christi,
1806 1252 1908 1307 nisi

312 1364 593 1418 quousque
613 1364 801 1403 omnes
826 1348 1025 1402 inimici
1042 1363 1164 1403 eum
1191 1362 1413 1417 regnare
1436 1344 1734 1400 fateantur?
1750 1343 1909 1399 Aliud

311 1450 399 1493 est
425 1456 551 1509 ergo
591 1455 694 1494 non
740 1440 966 1510 amplius
996 1438 1347 1504 manifestari,
1375 1439 1517 1492 aliud
1548 1454 1653 1491 non
1681 1437 1910 1506 amplius

312 1545 651 1599 permanere.
667 1529 781 1583 Non
802 1530 1029 1599 amplius
1051 1529 1400 1595 manifestari,
1426 1539 1509 1583 est
1530 1545 1634 1584 non
1658 1529 1769 1583 ﬁeri
1794 1545 1907 1582 nta-

314 1623 565 1678 nifestius
588 1641 600 1676 :
620 1638 723 1676 non
758 1622 983 1693 amplius
1010 1637 1348 1694 permanere,
1382 1639 1487 1676 non
1516 1622 1628 1677 ﬁeri
1659 1637 1907 1691 perseve-

312 1716 543 1769 rantius.
564 1714 789 1781 Quando
818 1724 995 1769 autem
1027 1714 1359 1770 manifestius
1383 1714 1486 1768 erit
1511 1730 1731 1785 regnum
1754 1712 1910 1768 Chri-

312 1806 406 1870 sti,
441 1820 601 1875 quam
624 1821 743 1859 cum
768 1806 1015 1861 omnibus
1039 1804 1289 1860 claruerit
1328 1804 1594 1859 inimicis?

388 1895 444 1949 6.
489 1895 783 1951 Novissima
829 1896 1036 1949 inimica
1081 1894 1366 1951 destruetur
1413 1911 1568 1949 mors.
1610 1893 1726 1949 Non
1767 1894 1911 1950 enim

311 1988 420 2043 erit
448 1988 599 2043 aliud
638 1987 779 2058 quod
806 1987 1135 2055 destruatur,
1166 1999 1511 2058 posteaquam
1540 1987 1765 2043 mortale
1812 1987 1915 2043 hoc

315 2081 555 2135 induerit
584 2081 1058 2137 immortalitatem.
1091 2080 1276 2135 Omnia
1303 2082 1438 2135 enim
1461 2080 1674 2151 subjecit
1703 2080 1794 2135 sub
1825 2097 1913 2151 pe-

314 2172 466 2226 dibus
502 2175 611 2244 ejus
641 2188 660 2226 :
688 2174 789 2227 hoc
817 2182 920 2239 est,
960 2184 1015 2227 ιιι
1041 2174 1199 2227 etiam
1228 2183 1454 2229 mortem
1484 2173 1742 2229 destruat.
1788 2172 1917 2228 Cum

316 2275 487 2318 autem
536 2266 721 2319 dixerit
754 2266 874 2336 quia
921 2268 1093 2320 omnia
1137 2266 1362 2339 subjecta
1388 2277 1507 2321 sunt
1539 2267 1695 2340 (dixit
1736 2268 1917 2339 utique

316 2355 586 2429 prapbeta
634 2357 685 2410 in
730 2358 961 2413 Psalmis
998 2356 1173 2424 (Psal.
1199 2374 1317 2425 VIII,
1348 2358 1427 2431 8),
1478 2359 1804 2429 manifestum
1845 2370 1919 2414 est

316 2451 444 2519 quia
479 2460 664 2521 praeter
689 2466 803 2505 eum
835 2452 921 2520 qui
960 2451 1167 2522 subjecit
1193 2452 1270 2506 illi
1297 2453 1469 2506 omnia
1505 2468 1523 2506 :
1562 2452 1775 2507 Patrem
1808 2452 1920 2507 vult

319 2541 544 2611 intelligi
589 2542 769 2595 omnia
817 2541 953 2596 Filio
1000 2542 1316 2612 subjecisse,
1368 2543 1506 2597 sicut
1551 2543 1738 2598 multis
1786 2543 1921 2600 locis

318 2633 465 2689 idem
524 2633 782 2688 Dominus
820 2634 872 2687 in
914 2634 1204 2705 Evangelia
1254 2634 1595 2691 commendat
1634 2643 1689 2692 et
1728 2635 1922 2705 praedi-

325 2725 495 2791 dicat,
541 2742 644 2781 non
693 2726 866 2781 solum
899 2737 1118 2798 propter
1145 2726 1374 2782 formam
1413 2727 1577 2795 servi,
1623 2727 1719 2783 sed
1759 2728 1922 2784 etiam

330 2830 549 2889 prepter
574 2819 896 2890 principium
936 2818 1005 2875 de
1050 2835 1157 2891 quo
1203 2828 1305 2882 est.
1353 2829 1408 2875 et
1440 2835 1549 2891 quo
1583 2820 1806 2891 aqualis
1840 2829 1924 2875 est

323 2910 378 2965 ei
407 2910 474 2965 de
500 2926 604 2980 quo
630 2918 732 2965 est.
775 2913 936 2965 Amat
967 2911 1110 2966 enim
1154 2911 1221 2966 ad
1266 2927 1430 2966 unum
1468 2910 1787 2981 principium
1833 2928 1923 2966 re-

330 3002 476 3057 ferre
504 3003 703 3069 omnia,
738 3010 989 3072 tanquam
1018 3003 1195 3072 imago
1221 3001 1360 3071 ejus,
1407 3000 1502 3056 sed
1542 3000 1596 3056 in
1636 3015 1745 3071 quo
1772 2999 1925 3056 inha-

328 3095 467 3148 bitat
498 3096 676 3149 omnis
703 3093 977 3165 plenitudo
1002 3094 1300 3150 divinitatis
1326 3092 1545 3165 (Coloss.
1572 3110 1628 3162 n,
1666 3092 1743 3167 9).

399 3189 453 3241 7.
488 3186 613 3240 Cum
642 3197 809 3241 autem
837 3188 883 3241 ei
903 3188 1073 3242 omnia
1115 3187 1338 3259 subjecta
1367 3188 1575 3255 fuerint,
1598 3196 1718 3242 tunc
1746 3197 1793 3242 et
1815 3188 1925 3257 ipse

333 3278 510 3333 Filius
554 3278 805 3349 subjectus
849 3279 943 3333 erit
970 3279 1019 3333 ei
1061 3279 1149 3350 qui
1190 3280 1271 3333 illi
1311 3278 1521 3352 subjecit
1567 3279 1758 3333 omnia.
1810 3280 1925 3334 Non

322 3372 482 3440 quasi
512 3371 673 3424 modo
702 3385 808 3424 non
837 3371 908 3423 ita
938 3371 1026 3434 sit,
1058 3369 1152 3425 sed
1175 3376 1301 3425 tunc
1325 3369 1664 3425 manifestum
1693 3370 1814 3436 erit,
1844 3384 1928 3425 se-

324 3461 568 3516 cundum
612 3460 935 3516 locutionem
978 3461 1223 3531 superius
1269 3468 1565 3515 tractatam.
1606 3459 1671 3515 Ut
1698 3462 1761 3513 sit
1792 3458 1930 3514 Deus

326 3553 504 3605 omnia
527 3552 582 3605 in
602 3550 852 3606 omnibus.
882 3551 999 3621 Ipse
1026 3560 1111 3607 est
1139 3551 1278 3618 linis,
1312 3566 1470 3623 quem
1501 3552 1747 3621 superius
1774 3568 1927 3606 eont-

328 3642 677 3710 memoravit,
706 3657 827 3698 cum
855 3650 1021 3697 totum
1051 3643 1224 3713 primo
1250 3642 1483 3698 breviter
1501 3643 1663 3698 vellet
1708 3644 1929 3698 conclu-

326 3736 486 3801 dere,
514 3734 708 3791 deinde
732 3735 886 3806 quasi
918 3736 1254 3791 membratim
1274 3736 1542 3806 explicare
1562 3745 1616 3791 et
1640 3750 1929 3805 exponere.

331 3827 677 3897 Loquebatur
700 3827 842 3882 enim
870 3826 939 3882 de
982 3829 1397 3894 resurrectione,
1443 3827 1531 3882 ubi
1577 3827 1670 3894 ait,
1718 3825 1933 3880 Initium

330 3916 567 3972 Christus
592 3934 612 3983 ;
639 3918 822 3971 deinde
840 3919 875 3971 ii
896 3919 982 3989 qui
1009 3928 1127 3973 sunt
1147 3917 1337 3974 Christi
1379 3918 1435 3971 in
1475 3918 1741 3988 pratsentia
1781 3919 1890 3991 ejus
1912 3933 1932 3981 ;

329 4010 520 4063 deinde
552 4009 690 4077 ﬁnis.
723 4009 842 4079 Ipse
869 4010 1074 4065 scilicet
1116 4010 1236 4065 linis
1278 4018 1384 4076 est,
1416 4018 1471 4063 ut
1496 4010 1561 4065 sit
1598 4009 1737 4064 Deus
1762 4011 1933 4064 omnia

329 4100 384 4152 in
432 4100 687 4153 omnibus.
730 4100 901 4155 Aliter
928 4102 1069 4155 enim
1096 4101 1290 4157 dicitur
1334 4101 1454 4157 ﬁnis
1482 4102 1573 4173 qui
1603 4103 1830 4171 pertinet
1857 4102 1925 4156 ad

329 4192 872 4259 consummationem,
893 4193 1047 4248 aliter
1082 4194 1171 4265 qui
1200 4195 1429 4265 pertinet
1467 4195 1532 4250 ad
1565 4198 1931 4265 consumptio-

332 4300 481 4339 nem.
507 4284 678 4338 Aliter
725 4285 869 4339 enim
899 4285 1078 4340 [initur
1107 4288 1280 4341 tunica
1320 4286 1571 4354 texendo,
1602 4288 1759 4343 aliter
1783 4289 1934 4342 cibus

331 4374 692 4430 comedenda.
741 4375 885 4431 Deus
910 4388 1085 4431 autem
1118 4378 1299 4433 omnia
1346 4380 1398 4433 in
1429 4380 1677 4434 omnibus
1711 4379 1927 4445 dicitur,

332 4478 393 4523 ut
423 4484 588 4524 nemo
620 4484 806 4525 eorum
829 4471 917 4540 qui
949 4471 997 4525 ei
1032 4471 1328 4538 cohaerent,
1355 4482 1499 4528 amet
1523 4472 1782 4529 adversus
1809 4490 1932 4529 eum

331 4578 488 4616 suam
520 4562 791 4633 propriam
822 4563 1631 4637 voluntatem,manifestumque
1662 4568 1731 4621 sit
1755 4571 1932 4623 omni-

332 4657 435 4709 bus
454 4654 600 4725 quod
630 4654 770 4711 idem
822 4656 1108 4726 Apostolus
1144 4658 1251 4712 alio
1276 4658 1393 4713 loco
1423 4658 1570 4726 dicit,
1607 4658 1743 4728 Quid
1767 4670 1935 4713 autem

332 4748 489 4803 habes
514 4749 652 4816 quod
674 4766 776 4804 non
794 4752 1033 4819 accepisti
1062 4750 1079 4823 (
1105 4751 1120 4803 I
1150 4751 1269 4806 Cor.
1294 4768 1367 4818 tv,
1403 4753 1434 4805 7
1464 4752 1483 4823 )
1514 4752 1538 4806 ?

406 4842 460 4896 8.
488 4840 626 4895 Sunt
647 4842 773 4896 item
803 4843 894 4911 qui
924 4842 1001 4898 sic
1032 4843 1328 4913 intelligant
1367 4843 1510 4899 hunc
1536 4827 1733 4911 locum,
1766 4842 1936 4916 Opor-

332 4943 398 4986 tet
431 4949 545 4985 eum
572 4949 804 5004 regnare,
857 4932 1014 4988 donec
1041 4944 1195 5004 ponat
1224 4951 1394 4991 omnes
1430 4936 1662 4991 inimicos
1696 4954 1816 4992 suos
1844 4938 1937 4992 sub

333 5023 551 5092 pedibus
601 5025 727 5089 suis,
770 5033 829 5080 ut
858 5024 958 5080 sub
1003 5027 1103 5080 alia
1160 5028 1547 5098 signiﬁcatione
1588 5029 1818 5100 positum
1850 5029 1936 5084 hic

331 5118 519 5169 dimttt
540 5133 792 5187 regnare;
820 5133 924 5172 non
955 5119 1054 5173 sub
1075 5134 1137 5174 ea
1159 5135 1260 5190 qua
1305 5121 1535 5189 positum
1558 5130 1660 5188 est,
1700 5139 1934 5194 regnum,

331 5209 400 5261 de
432 5224 541 5276 qno
577 5210 671 5273 ait,
714 5206 842 5264 Cum
868 5211 1133 5265 tradiderit
1179 5229 1390 5284 regnum
1431 5213 1538 5268 Deo
1582 5225 1629 5269 et
1654 5214 1802 5269 Patri
1833 5231 1852 5270 :
1883 5225 1939 5270 ut

332 5298 466 5352 illud
509 5299 588 5353 sic
609 5300 976 5370 appellaverit,
1005 5319 1244 5375 regnum,
1275 5320 1382 5375 quo
1404 5306 1704 5361 universam
1730 5316 1938 5362 creatu-

335 5408 452 5443 ram
482 5392 625 5446 Dens
652 5393 828 5463 regit;
862 5393 963 5450 hoc
992 5404 1174 5450 autem
1206 5398 1283 5451 sic
1306 5398 1675 5466 appellaverit,
1704 5416 1935 5470 regnare,

334 5493 394 5536 ut
418 5483 749 5555 intelligatur
793 5493 1043 5556 tanquam
1089 5487 1348 5543 adversus
1397 5488 1605 5543 hostem
1644 5494 1938 5545 exercitum

334 5575 575 5641 ducere,
611 5576 695 5632 vel
734 5576 1024 5633 defendere
1070 5579 1339 5634 civitatem
1383 5590 1487 5635 :ut
1547 5580 1668 5635 ideo
1721 5581 1937 5648 dixerit,

337 5670 550 5740 Oportet
572 5687 686 5724 eum
726 5688 960 5742 regnare,
983 5676 1144 5728 donec
1174 5683 1329 5745 ponat
1358 5691 1531 5730 omnes
1569 5675 1802 5730 inimicos
1825 5694 1943 5731 suos

334 5766 425 5819 sub
464 5765 684 5835 pedibus
713 5766 819 5819 suis
847 5781 865 5829 ,°
904 5767 1025 5837 quia
1050 5769 1170 5823 talis
1199 5770 1368 5839 regni,
1392 5769 1549 5839 quale
1578 5768 1774 5824 habent
1800 5770 1943 5839 prin-

333 5856 481 5927 cipes
504 5867 864 5925 armatorum,
893 5859 1034 5913 nulla
1075 5863 1175 5915 erit
1206 5876 1386 5929 causa,
1423 5864 1575 5918 hoste
1605 5862 1671 5917 ita
1704 5863 1945 5933 subjecto

337 5961 389 6011 ut
413 5952 683 6010 rebellare
734 5969 841 6007 non
893 5954 1081 6025 possit.
1130 5954 1260 6013 Nam
1293 5958 1475 6029 utique
1523 5957 1721 6014 dictum
1771 5966 1853 6015 est
1892 5959 1943 6014 in

2021 606 2325 678 Evangelio,
2351 606 2413 660 Et
2436 610 2577 679 regni
2598 628 2705 680 ejus
2732 628 2830 664 non
2872 614 2961 665 erit
2984 615 3120 679 ﬁnis,
3149 616 3437 673 SCi‘lllldllm
3463 622 3605 690 quod

2018 709 2201 767 regnat
2249 698 2299 752 in
2347 711 2651 755 mternum:
2690 703 2980 759 secundum
3026 708 3280 764 autemid
3312 711 3452 780 quod
3508 715 3603 767 ad-

2019 802 2202 843 versus
2227 788 2493 844 diabolum
2522 790 2622 846 sub
2647 806 2711 848 eo
2747 793 3039 861 militatur;
3074 798 3271 853 tamdiu
3299 802 3395 856 crit
3424 804 3607 872 utique

2016 881 2116 935 ista
2147 882 2351 949 militia,
2376 882 2547 937 donec
2569 893 2731 953 ponat
2756 900 2943 941 omnes
2967 886 3213 948 inimicos
3234 907 3359 947 suos
3380 895 3480 950 sub
3510 912 3603 965 pe-

2016 972 2173 1027 dibus
2199 974 2341 1039 suis;
2371 984 2557 1043 postea
2584 990 2710 1031 vero
2739 992 2842 1033 non
2888 980 3009 1048 erit,
3040 994 3160 1035 cum
3188 998 3318 1053 pace
3344 998 3598 1057 perpetua

2017 1062 2373 1133 perfruemur.

2089 1156 2144 1211 9.
2179 1156 2305 1212 [late
2330 1167 2508 1213 autem
2534 1160 2605 1215 ita
2626 1160 2767 1216 dicta
2794 1162 2921 1229 sint,
2951 1172 3008 1218 ut
3035 1166 3346 1223 noverimus
3367 1168 3597 1240 diligen-

2018 1245 2122 1300 tius
2139 1248 2300 1302 etiam
2324 1249 2452 1303 illud
2473 1250 2803 1307 considerari
2849 1262 3118 1323 oportere,
3166 1259 3459 1315 secundum
3481 1263 3609 1332 quid

2017 1350 2202 1410 regnet
2251 1358 2391 1397 nunc
2431 1344 2683 1400 Dominus
2721 1346 3118 1417 dispensatione
3162 1358 3482 1411 sacramenti
3527 1362 3607 1413 Siti

2019 1447 2114 1500 per
2137 1432 2555 1490 incarnationem
2599 1445 2755 1507 atque
2784 1439 3107 1509 passionem.
3133 1441 3266 1498 Nam
3313 1449 3608 1502 secundum

2019 1522 2069 1576 id
2109 1522 2252 1593 quod
2304 1524 2538 1581 Verbum
2585 1527 2678 1583 Dei
2727 1538 2828 1595 est,
2863 1540 2969 1585 tam
3000 1532 3116 1588 sine
3156 1534 3261 1592 line
3288 1553 3446 1607 quam
3495 1541 3613 1595 sine

2020 1614 2170 1668 initio
2206 1624 2260 1669 et
2288 1616 2405 1671 sine
2434 1618 2827 1676 intermissione
2853 1632 2935 1677 est
2962 1638 3182 1695 regnum
3224 1628 3360 1697 ejus.
3403 1628 3609 1686 Secun-

2017 1704 2141 1757 dum
2168 1704 2221 1759 id
2238 1714 2414 1761 autem
2442 1710 2582 1778 quod
2625 1709 2861 1766 Verbum
2910 1728 3037 1770 caro
3064 1715 3263 1772 factum
3289 1719 3408 1792 est(
3439 1720 3597 1776 Joan.

2020 1811 2058 1863 t,
2087 1796 2153 1850 14
2178 1798 2217 1867 ),
2250 1799 2414 1868 coepit
2440 1815 2663 1871 regnare
2694 1803 2744 1856 in
2766 1803 3107 1861 credentibus
3124 1824 3219 1878 per
3245 1808 3404 1866 ﬁdem
3430 1812 3611 1868 incaro

2019 1889 2248 1943 nationis
2274 1904 2404 1945 sum.
2449 1891 2599 1947 Unde
2626 1903 2707 1948 est
2737 1896 2899 1950 etiam
2926 1896 3053 1952 illud
3083 1915 3096 1951 :
3132 1898 3380 1956 Dominus
3425 1920 3613 1975 regna-

2018 1981 2143 2033 vita
2175 1980 2521 2054 ligno(Psal.
2574 2000 2677 2039 xcv
2704 2027 2719 2052 ,
2769 1985 2893 2059 10).
2940 1988 3074 2045 llinc
3115 2002 3294 2049 autem
3336 1998 3614 2051 evacuavit

2019 2087 2233 2127 omnem
2254 2075 2604 2144 principatum
2622 2084 2677 2131 et
2694 2092 2905 2133 omnem
2925 2089 3243 2150 potestatem
3264 2095 3317 2141 et
3341 2087 3611 2155 virtutem,

2020 2164 2145 2220 dum
2174 2181 2281 2220 non
2317 2182 2414 2237 per
2456 2168 2753 2225 claritatem
2794 2171 2931 2241 ejus,
2976 2174 3070 2230 sed
3118 2192 3210 2245 per
3262 2178 3613 2236 humilitatem

2022 2259 2153 2314 salvi
2184 2258 2316 2314 ﬁunt
2346 2261 2628 2318 credentes
2660 2264 2710 2317 in
2736 2279 2882 2319 eum.
2916 2265 3029 2322 lloc
3071 2280 3154 2323 est
3181 2269 3552 2329 absconditum
3580 2291 3612 2330 a

2024 2352 2356 2421 sapientibus
2393 2362 2447 2408 et
2481 2353 2833 2423 prudentibus
2855 2396 2873 2424 ,
2913 2365 2967 2413 et
3040 2360 3331 2417 revelatum
3383 2366 3617 2433 parvulis

2024 2441 2044 2511 (
2066 2440 2255 2496 Matth.
2289 2443 2451 2511 x135
2480 2442 2498 2509 )
2526 2459 2540 2510 ;
2574 2446 2822 2516 Quoniam
2855 2447 3055 2517 placuit
3081 2451 3194 2507 Deo
3221 2468 3315 2522 per
3334 2456 3615 2511 stultitiam

2027 2532 2420 2602 prardicationis
2446 2536 2624 2592 salvos
2654 2536 2827 2593 facere
2852 2539 3180 2614 credentes(
3222 2543 3238 2596 1
3271 2542 3390 2599 Cor.
3432 2563 3469 2610 ι,
3496 2547 3615 2619 21).

2024 2624 2208 2696 Neque
2232 2624 2517 2698 quidquam
2545 2643 2602 2683 se
2629 2628 2766 2683 inter
2788 2629 3038 2698 parvulos
3067 2633 3205 2688 scire
3230 2633 3358 2689 dicit
3384 2637 3618 2705 Aposto-

2027 2718 2130 2784 lus,
2165 2720 2267 2775 nisi
2319 2719 2500 2775 Jesum
2543 2719 2909 2788 Christum,et
2960 2723 3101 2781 hunc
3148 2727 3503 2800 cruciﬁxum(
3530 2728 3617 2783 Id.

2028 2826 2087 2877 ιι,
2125 2810 2162 2865 2
2187 2810 2226 2881 ).
2255 2811 2367 2879 Qua
2400 2812 2777 2882 przedieatione
2803 2815 3000 2870 tamdiu
3030 2832 3165 2887 Opus
3185 2828 3284 2885 est,
3310 2819 3482 2877 donec
3525 2837 3623 2892 po-

2031 2914 2225 2958 nantur
2253 2918 2443 2959 omnes
2479 2905 2680 2960 inimici
2734 2906 2834 2960 sub
2871 2908 3094 2977 pedibus
3115 2911 3271 2980 ejus:
3300 2912 3352 2966 id
3384 2924 3486 2979 est,
3518 2914 3622 2984 ipsi

2031 2992 2312 3049 humilitati
2336 2994 2473 3064 ejus,
2495 3011 2655 3065 quam
2687 2997 2879 3067 pedum
2913 3000 3128 3056 nomine
3170 3002 3453 3072 signiﬁcari
3480 3006 3623 3061 arbi-

2032 3095 2163 3155 tror,
2191 3087 2345 3143 cedat
2374 3097 2533 3158 atque
2557 3090 2814 3145 subdatur
2837 3091 3012 3147 omnis
3040 3095 3286 3163 superbia
3306 3098 3577 3154 saecularis
3605 3117 3621 3166 ;

2032 3180 2169 3235 sicut
2204 3196 2271 3235 ex
2315 3180 2544 3235 maxima
2574 3190 2725 3251 parte
2768 3185 2877 3251 jam
2917 3183 3111 3240 factum
3145 3196 3250 3251 est,
3282 3197 3338 3243 et
3379 3192 3620 3261 quotidie

2034 3270 2151 3327 fieri
2176 3272 2437 3327 videmus.
2464 3272 2567 3328 Sed
2613 3289 2719 3343 quo
2748 3274 2852 3330 ﬁne
2897 3277 2994 3332 ista
3039 3278 3214 3334 ﬁunt?
3241 3281 3311 3337 Ut
3338 3284 3512 3340 tradat
3538 3300 3628 3342 re-

2033 3379 2195 3433 gnum
2224 3364 2332 3420 Deo
2361 3374 2415 3419 et
2432 3365 2607 3433 Patri,
2641 3366 2692 3421 id
2729 3377 2833 3435 est,
2878 3378 2936 3423 ut
2984 3372 3214 3426 nutritos
3242 3373 3345 3429 ﬁde
3374 3375 3624 3432 incarna-

2036 3457 2195 3511 tionis
2219 3472 2349 3524 snae,
2380 3457 2633 3526 perducat
2662 3460 2730 3513 ad
2756 3462 2988 3529 speciem
3021 3478 3125 3533 qua
3152 3467 3371 3535 aequalis
3400 3478 3484 3523 est
3518 3469 3623 3524 Pa-

2036 3549 2120 3603 tri.
2154 3548 2271 3603 Jam
2299 3549 2441 3604 enim
2476 3549 2554 3604 eis
2605 3550 2694 3620 qui
2720 3552 3082 3620 crediderant,
3112 3555 3447 3625 loquebatur,
3495 3576 3618 3616 cum

2033 3639 2240 3696 diceret
2266 3660 2278 3694 :
2312 3640 2374 3697 Si
2390 3643 2672 3697 manseritis
2717 3643 2771 3696 in
2800 3643 2944 3697 verba
2970 3663 3099 3713 meo,
3124 3664 3235 3701 vere
3261 3649 3497 3720 discipuli
3522 3655 3621 3705 mei

2036 3734 2151 3786 estis
2180 3734 2195 3764 ¹
2217 3750 2232 3799 ;
2258 3742 2305 3788 et
2329 3735 2635 3805 cognoscetis
2678 3736 2954 3802 veritatem,
2975 3747 3020 3791 et
3065 3741 3246 3794 veritas
3288 3742 3515 3797 liberabit
3542 3761 3629 3798 vos

2037 3825 2055 3891 (
2082 3822 2240 3878 Joan.
2292 3840 2407 3890 vni,
2462 3826 2550 3890 5|,
2604 3826 2732 3897 52).
2768 3827 3009 3897 Regnum
3039 3829 3182 3883 enim
3233 3832 3407 3887 tradet
3455 3834 3621 3897 Patri.

2037 3932 2156 3971 cum
2191 3932 2284 3987 per
2326 3918 2378 3972 id
2412 3919 2654 3988 regnabit
2705 3920 2757 3974 in
2804 3921 3291 3990 contemplantibus
3321 3916 3628 3991 veritatem,

2036 4023 2143 4078 quo
2175 4009 2393 4078 aequalis
2422 4019 2505 4064 est
2529 4010 2688 4076 Patri,
2723 4021 2778 4066 et
2805 4028 2900 4081 per
2923 4027 2981 4067 se
3012 4013 3341 4083 unigenitum
3385 4032 3481 4087 per
3505 4032 3629 4088 spe-

2036 4102 2172 4155 ciem
2206 4099 2362 4155 faciet
2390 4100 2557 4157 videri
2586 4102 2816 4158 Patrem.
2847 4102 3000 4160 Nunc
3022 4106 3163 4159 enim
3193 4122 3286 4175 per
3308 4106 3411 4163 hoc
3440 4119 3629 4179 regnat

2038 4190 2091 4244 in
2114 4190 2475 4257 credentibus,
2494 4207 2601 4262 quo
2631 4207 2691 4247 se
2724 4194 2899 4262 ipsum
2923 4194 3238 4263 exinauivit,
3272 4195 3497 4253 formam
3513 4214 3631 4256 ser-

2036 4284 2089 4337 vi
2117 4283 2422 4353 accipiens(
2450 4283 2684 4356 Philipp.
2708 4301 2766 4351 n,
2790 4286 2822 4340 7
2848 4285 2884 4358 ).
2932 4286 3084 4343 Tunc
3100 4297 3279 4344 autem
3320 4291 3493 4346 tradet
3539 4308 3635 4349 τοο

2037 4392 2198 4447 gnum
2218 4377 2329 4433 Deo
2363 4386 2416 4433 et
2448 4378 2612 4446 Patri,
2667 4394 2787 4436 cum
2824 4382 3164 4436 evacuaverit
3218 4398 3431 4439 omnem
3478 4387 3630 4455 prin-

2038 4468 2293 4539 cipatum,
2315 4477 2369 4524 et
2391 4478 2729 4539 potestatem,
2746 4479 2801 4525 et
2821 4472 3091 4528 virtutem.
3114 4472 3267 4530 Unde
3286 4477 3634 4542 evacuabit’,

2040 4561 2141 4615 nisi
2200 4561 2517 4627 humilitate,
2569 4570 2625 4616 et
2680 4563 2955 4631 patientia,
3003 4571 3059 4619 et
3114 4564 3626 4637 inﬁrmitate?Quis

2039 4656 2180 4710 enim
2213 4655 2543 4726 principatus
2590 4671 2695 4709 non
2745 4667 3052 4725 evacuetur,
3099 4673 3223 4713 cum
3277 4659 3443 4715 Filius
3495 4661 3636 4717 Dei’

2043 4758 2321 4819 propterea
2353 4756 2539 4819 regnat
2564 4748 2617 4803 in
2644 4748 3009 4813 credentibus,
3042 4754 3165 4819 quia
3194 4766 3316 4804 eum
3364 4753 3634 4821 principes

2040 4843 2220 4897 smeuli
2264 4840 2839 4912 judicaverunt?Qu:e
2894 4852 3132 4912 potestas
3188 4859 3293 4898 non
3324 4854 3634 4909 evacuetur,

2042 4951 2161 4989 cum
2185 4935 2298 5004 ipse
2329 4950 2426 5004 per
2472 4950 2630 5002 quem
2679 4932 2817 4988 facta
2847 4942 2973 4988 sunt
3004 4934 3203 4997 omnia,
3238 4943 3515 5003 prepterea
3545 4950 3633 4989 re—

2040 5039 2169 5098 gnat
2199 5029 2249 5081 in
2276 5027 2641 5091 credentibus,
2675 5026 2794 5095 quia
2828 5026 2898 5080 ita
2926 5026 3199 5094 subjectus
3226 5034 3308 5079 est
3355 5028 3636 5093 potestati-

2045 5121 2161 5188 bus,
2182 5128 2239 5173 ut
2268 5120 2471 5174 diceret
2499 5118 2723 5183 homini,
2752 5116 2873 5171 Non
2894 5117 3100 5171 haberes
3127 5117 3183 5170 in
3202 5133 3281 5169 me
3319 5126 3635 5187 potestatem,

2044 5214 2141 5268 nisi
2161 5214 2281 5266 data
2308 5212 2396 5266 tibi
2433 5219 2559 5265 esset
2597 5208 2851 5280 desuper(
2877 5207 3037 5266 Joan.
3062 5223 3176 5271 XIX,
3207 5210 3265 5263 ll
3298 5206 3354 5281 )?
3378 5210 3507 5277 Qua:
3534 5214 3640 5266 vir.

2047 5315 2132 5360 tus
2158 5319 2262 5359 non
2293 5311 2598 5365 evacuetur,
2626 5315 2747 5354 cum
2788 5300 2903 5368 ipse
2937 5314 3033 5369 per
3061 5315 3219 5370 quem
3264 5300 3390 5355 ραδΙί
3421 5301 3638 5358 solidati

2046 5410 2187 5461 sunt,
2219 5397 2341 5452 ideo
2372 5404 2558 5465 regnat
2582 5391 2634 5447 in
2664 5391 3026 5456 credentibus,
3071 5394 3195 5463 quia
3221 5408 3391 5463 usque
3419 5393 3484 5448 ad
3516 5410 3642 5449 cm-

2046 5506 2165 5545 eem
2187 5496 2519 5557 mortemque
2541 5484 2837 5540 inﬁrmatus
2863 5494 2944 5539 est
2969 5483 2994 5538 Y
3019 5484 3130 5540 Hoc
3154 5494 3331 5541 autem
3365 5486 3524 5540 modo
3562 5486 3646 5542 Fi-

2050 5582 2151 5636 lius
2176 5579 2389 5650 proprie
2415 5586 2603 5647 regnat
2628 5576 2680 5630 in
2708 5573 2812 5632 ﬁde
2839 5574 3194 5631 credentium.
3226 5574 3343 5630 Non
3368 5577 3508 5631 enim
3536 5576 3641 5631 Pa-

2113 5720 2129 5749 ι
2155 5722 2255 5765 ttat.
2282 5721 2336 5765 et
2355 5711 2582 5777 plerique
2599 5719 2729 5771 nam,
2750 5708 2904 5762 erilis.
3246 5768 3275 5779 ,_
3406 5772 3438 5779 Α.
3531 5774 3557 5779 -.

2114 5779 2134 5809 ²
2158 5780 2230 5827 sic
2252 5774 2424 5827 Habet
2443 5774 2552 5825 uss.
2587 5784 2644 5825 At
2674 5779 2749 5823 Er.
2782 5782 2837 5826 et
2865 5780 2998 5831 Lov.,
3032 5774 3291 5822 emam.
3316 5796 3377 5805 —
3399 5774 3471 5818 Sic
3494 5774 3649 5821 etiam

2050 5839 2198 5901 Lugd.
2235 5847 2287 5889 et
2320 5847 2439 5888 Ven.
2497 5844 2553 5901 bl.

2116 5894 2307 5977 “aliti,
2347 5902 2497 5952 Films
2535 5897 2736 5950 hominis
2766 5910 2781 5950 :
2806 5897 2985 5961 quibus
3013 5904 3106 5946 atas
3145 5905 3298 5957 prope
3335 5894 3644 5945 mdis-

2052 5975 2291 6017 sentiunt.
