4084 6518
3323 424 3358 444 ’τι

533 511 611 567 Ἶ9
1231 506 1318 562 DE
1359 504 1669 564 DIVERSIS
1707 497 2228 572 QUIESTIONIBUS
2265 499 2559 569 LXXXIII,
2599 502 2656 558 S.
2697 504 3062 564 AUGUSTINI
3762 511 3826 565 80

542 640 622 684 ter
639 627 740 681 dici
771 634 860 679 aut
882 622 1023 678 credi
1059 632 1228 692 potest
1263 623 1346 676 vel
1372 622 1697 685 incarnatus,
1731 619 1805 672 vel
1839 616 2121 686 judicatus,

545 714 947 771 velcruciiixns.
1000 714 1102 768 Per
1151 712 1387 784 speciem
1430 721 1628 775 autem,
1662 725 1762 779 qua
1801 708 2018 778 atqualis
2047 716 2129 760 est

541 806 703 872 Patri,
730 819 850 859 cum
881 804 1038 859 Patre
1083 812 1268 874 regnat
1315 803 1368 856 in
1418 799 1899 869 contemplantibus
1929 796 2126 852 verita-

540 911 668 955 tem.
701 898 853 968 Quod
883 907 1061 954 autem
1093 897 1266 952 tradet
1291 910 1515 966 regnum
1546 895 1654 948 Deo
1682 903 1735 948 et
1758 891 1923 958 Patri,
1957 905 1985 942 a
2024 889 2128 944 ﬁde

539 990 926 1045 incarnationis
954 1003 1064 1044 suae
1094 987 1161 1042 ad
1192 987 1428 1056 speciem
1457 984 1672 1040 deitatis
1705 981 2002 1052 perducens
2034 992 2129 1034 eos

539 1085 630 1154 qui
675 1084 775 1139 sibi
807 1097 948 1138 nunc
967 1081 1212 1146 credunt,
1242 1096 1348 1134 non
1379 1078 1492 1149 ipse
1529 1075 1744 1141 amittit,
1788 1073 1883 1129 sed
1911 1080 2131 1140 uterque

538 1192 598 1230 se
670 1191 833 1230 unum
887 1175 952 1228 ad
1008 1171 1289 1228 fruendum
1358 1165 1839 1236 contemplantibus
1905 1162 2127 1234 praebet.

539 1268 766 1324 Tamdiu
797 1277 975 1323 autem
1003 1282 1134 1336 opus
1157 1275 1239 1320 est
1265 1272 1324 1319 ut
1348 1263 1400 1318 in
1435 1261 1738 1317 hominibus
1765 1257 2000 1314 nondum
2038 1271 2131 1310 va-

549 1363 782 1418 lentibus
809 1362 1165 1432 aequalitatem
1219 1360 1389 1415 Patris
1418 1366 1474 1413 et
1518 1355 1636 1410 Filii
1667 1353 1942 1425 perspicua
1975 1366 2129 1405 men-

546 1456 615 1510 tis
643 1456 759 1510 lnce
795 1453 1058 1517 contueri,
1107 1467 1201 1522 per
1237 1450 1339 1504 hoc
1361 1457 1546 1517 regnet
1570 1445 1832 1510 Christus,
1875 1441 2015 1513 quod
2050 1451 2129 1495 ta-

544 1547 624 1601 les
649 1559 839 1616 capere
861 1551 1101 1614 possunt,
1136 1551 1190 1596 et
1223 1539 1362 1612 quod
1390 1538 1605 1609 proprie
1643 1537 1754 1606 ipse
1797 1532 2051 1604 suscepit,
2080 1529 2132 1585 id

542 1649 646 1706 est,
679 1637 1061 1696 incarnationis
1117 1635 1491 1698 humilitatem,
1546 1631 1717 1686 donec
1743 1635 1904 1700 ponat
1947 1639 2133 1680 omnes

542 1732 786 1787 inimicos
811 1731 910 1785 sub
967 1728 1190 1798 pedibus
1219 1727 1365 1780 suis:
1395 1724 1445 1779 id
1495 1731 1598 1787 est,
1626 1722 1799 1777 donec
1845 1717 2020 1772 omnis
2046 1730 2134 1770 su-

544 1824 724 1893 perbia
774 1822 1046 1878 saecularis
1103 1818 1485 1874 incarnationis
1515 1815 1633 1887 ejus
1677 1811 1962 1869 humilitati
2004 1809 2131 1864 sub-

541 1915 719 1969 datur.

616 2005 702 2060 10.
744 2004 882 2060 Sane
911 2003 1053 2074 quod
1085 2003 1287 2057 diclum
1320 2009 1420 2063 est,
1449 1998 1592 2053 Tunc
1620 2007 1664 2052 et
1689 1995 1796 2067 ipse
1826 1992 1874 2047 F
1876 1994 1992 2048 ilius
2012 1991 2134 2046 sub-

531 2099 702 2168 jectus
727 2096 818 2150 erit
839 2095 884 2148 ei
912 2097 996 2167 qui
1021 2095 1097 2148 illi
1115 2094 1322 2160 subjecit
1348 2093 1552 2154 omnia;
1580 2088 1822 2160 quamvis
1843 2084 2134 2141 secundum

543 2189 934 2259 susceptionem
965 2188 1194 2242 hominis
1220 2184 1460 2251 dicatur,
1495 2183 1617 2254 quia
1643 2179 1767 2235 inde
1791 2187 1873 2234 est
1913 2177 2138 2248 quarstio

543 2288 688 2348 nata,
710 2295 830 2335 cum
852 2285 1034 2349 ageret
1061 2277 1126 2332 de
1156 2277 1547 2331 resurrectione
1568 2281 1893 2327 mortuorum
1921 2287 1933 2323 :
1960 2277 2136 2322 tamen

542 2378 689 2426 recte
707 2371 960 2441 quaeritur
989 2379 1162 2423 utrum
1189 2367 1478 2422 secundum
1508 2367 1680 2436 ipsum
1701 2372 1903 2419 tantum
1937 2361 2135 2416 dictum

542 2462 632 2530 sit,
666 2462 806 2533 quod
841 2472 922 2518 est
951 2470 1108 2532 caput
1138 2461 1390 2516 Ecclesia:
1439 2457 1655 2530 (Ep/tes.
1685 2472 1739 2520 v,
1769 2456 1897 2526 23);
1949 2470 2015 2508 an
2055 2469 2138 2508 se-

541 2555 776 2611 cundum
808 2556 1113 2609 universum
1134 2552 1426 2619 Christum,
1457 2557 1808 2604 annumerato
1832 2539 2056 2615 cerpore
2085 2554 2139 2599 et

543 2647 801 2702 membris
821 2647 956 2717 ejus.
986 2644 1120 2700 Cum
1149 2645 1291 2701 enim
1338 2645 1413 2698 ait
1449 2643 1514 2698 ad
1545 2641 1780 2706 Galatas,
1824 2639 1946 2694 Non
1991 2639 2133 2706 dicit,

546 2739 615 2794 Et
638 2739 929 2804 seminibus,
969 2748 1208 2806 tanquam
1233 2737 1284 2790 in
1315 2735 1524 2799 multis;
1549 2733 1638 2789 sed
1675 2743 1913 2804 tanquam
1937 2730 1989 2784 in
2015 2746 2133 2795 uno,

548 2828 614 2882 Et
651 2829 830 2883 semini
862 2839 968 2894 tuo,
1002 2828 1137 2899 quod
1179 2837 1250 2880 est
1293 2824 1558 2890 Christus;
1593 2838 1661 2878 ne
1689 2822 1862 2892 ipsum
1895 2821 1996 2875 hoc
2020 2821 2139 2874 loco

546 2921 721 2976 solum
754 2920 1179 2988 intelligeremus
1215 2915 1510 2980 Christum,
1539 2915 1629 2983 qui
1650 2913 1716 2968 de
1745 2912 1905 2966 Maria
1933 2911 2138 2982 virgine

545 3023 630 3070 est
656 3023 831 3079 natus,
864 3021 1044 3082 postea
1075 3012 1225 3077 dicit,
1260 3009 1450 3065 Omnes
1474 3011 1605 3064 enim
1639 3025 1722 3062 vos
1750 3025 1905 3061 unum
1933 3009 2049 3062 estis
2087 3006 2140 3061 in

547 3104 748 3158 Christo
776 3103 919 3158 Jesu.
948 3103 1009 3158 Si
1038 3113 1204 3156 autem
1231 3118 1318 3156 vos
1347 3100 1552 3166 Christi,
1587 3116 1704 3171 ergo
1729 3099 1947 3153 Abrahte
1973 3113 2139 3153 semen

546 3195 665 3249 estis
697 3192 890 3266 (Galat.
924 3209 1001 3266 tu,
1032 3194 1121 3260 i6,
1145 3193 1235 3258 28,
1265 3193 1380 3261 29).
1413 3193 1479 3247 Et
1505 3193 1569 3248 ad
1605 3192 1908 3247 Corinthios
1927 3207 2048 3246 cum
2074 3190 2142 3246 de

549 3285 812 3340 charitate
833 3284 1053 3350 diceret,
1077 3283 1145 3339 de
1173 3283 1426 3339 membris
1454 3283 1694 3352 corporis
1737 3281 2138 3336 similitudinem

547 3377 749 3433 ducens
779 3395 792 3429 :
819 3375 964 3432 Sicut
989 3377 1121 3431 enim
1144 3391 1328 3447 corpus
1355 3392 1509 3429 unum
1529 3384 1620 3442 est,
1649 3374 1837 3444 inquit,
1857 3382 1903 3428 et
1919 3373 2142 3427 membra

550 3467 699 3522 habet
727 3466 907 3530 multa,
951 3467 1123 3521 omnia
1151 3475 1319 3520 autem
1356 3465 1578 3519 membra
1618 3464 1844 3535 corporis
1882 3480 1997 3518 cum
2042 3464 2142 3518 sint

549 3561 731 3627 multa,
760 3576 922 3614 unum
949 3568 1021 3614 est
1052 3575 1270 3631 corpus;
1299 3561 1370 3612 ita
1395 3569 1440 3612 et
1463 3558 1710 3614 Christus.
1740 3557 1855 3612 Non
1885 3557 2036 3621 dixit,
2070 3557 2141 3612 ita

548 3661 604 3708 et
625 3651 856 3718 Christi;
905 3653 1020 3719 sed,
1065 3653 1137 3706 ita
1161 3661 1208 3707 et
1238 3651 1486 3720 Christus,
1532 3651 1821 3706 ostendens
1867 3648 2140 3706 Christum

547 3752 694 3801 recte
719 3744 977 3816 appellari
1007 3744 1166 3801 etiam
1195 3744 1523 3810 universum,
1573 3743 1676 3799 hoc
1704 3752 1807 3809 cst,
1839 3751 1996 3812 caput
2017 3757 2139 3798 cum

546 3852 772 3908 corpore.
787 3853 906 3904 suo,
936 3837 1077 3909 quod
1114 3846 1199 3893 est
1226 3837 1487 3893 Ecclesia.
1531 3836 1596 3891 Et
1626 3836 1806 3890 multis
1834 3835 2140 3906 Scriptura-

545 3944 663 3984 rum
693 3929 825 3984 locis
870 3929 1174 3984 inveninms
1218 3929 1490 3984 Christum
1532 3930 1691 3984 etiam
1720 3927 1821 3983 hoc
1852 3927 2012 3982 modo
2041 3942 2137 3998 ap-

546 4019 754 4088 pellari,
801 4031 857 4074 ut
885 4035 1005 4075 cum
1058 4019 1306 4074 omnibus
1342 4021 1454 4074 suis
1501 4019 1756 4075 membris
1793 4018 2137 4090 intelligatur,

546 4111 739 4180 quibus
768 4111 965 4165 dictum
997 4121 1099 4176 est,
1138 4109 1238 4166 Vos
1284 4113 1401 4166 estis
1435 4128 1618 4181 corpus
1644 4111 1830 4165 Christi
1850 4122 1897 4164 et
1922 4110 2142 4164 membra

547 4201 592 4270 (l
613 4200 734 4255 Cor.
757 4217 854 4268 xu,
877 4201 962 4264 l2,
981 4203 1096 4272 27).
1118 4201 1233 4256 Non
1261 4217 1388 4274 ergo
1411 4201 1640 4257 absurde
1669 4203 1746 4256 sic
1775 4201 2136 4271 intelligimus.

547 4291 693 4346 Tunc
717 4301 762 4346 et
782 4293 893 4363 ipse
913 4292 961 4346 F
962 4294 1079 4348 ilius
1107 4293 1358 4364 subjectus
1385 4295 1474 4349 erit
1499 4295 1545 4348 ei
1571 4296 1658 4365 qui
1687 4294 1765 4347 illi
1789 4293 1996 4364 subjecit
2025 4311 2138 4349 om-

546 4383 670 4448 nia;
725 4390 783 4437 ut
828 4382 1021 4437 Filium
1072 4398 1176 4438 non
1227 4384 1398 4438 solum
1449 4392 1609 4454 caput
1647 4383 1919 4450 Ecclesiae,
1953 4385 2046 4439 sed
2087 4394 2141 4440 et

547 4485 735 4526 omnes
782 4486 904 4527 cum
949 4487 1016 4528 eo
1053 4481 1268 4527 sanctos
1309 4473 1686 4543 intelligamus,
1711 4474 1798 4544 qui
1822 4484 1947 4529 sunt
1976 4492 2138 4532 unum

547 4564 599 4617 in
626 4562 862 4630 Christo,
905 4581 1067 4619 unum
1095 4579 1278 4620 semen
1314 4566 1582 4621 Abrahae:
1625 4565 1921 4636 subjectum
1961 4577 2135 4624 autem

545 4653 838 4709 secundum
866 4654 1370 4725 contemplationem
1411 4656 1754 4726 sempiterna:
1783 4658 2041 4726 veritatis,
2070 4659 2137 4715 ad

543 4746 890 4802 obtinendam
935 4747 1339 4814 beatitudinem,
1393 4748 1540 4802 nullo
1574 4757 1720 4803 motu
1762 4749 1946 4814 animi,
1991 4753 2136 4808 nulla

544 4851 693 4911 parte
711 4841 953 4912 corporis
972 4841 1254 4897 resistente
1274 4859 1288 4908 ;
1315 4851 1368 4895 ut
1386 4843 1436 4897 in
1461 4841 1547 4896 illa
1575 4842 1678 4897 vita
1699 4843 1910 4899 nemine
1924 4855 2138 4902 amante

543 4933 813 5004 propriam
846 4939 1187 5004 potestatem,
1214 4934 1278 4987 sit
1306 4931 1444 4987 Deus
1473 4933 1642 4987 omnia
1666 4934 1718 4988 in
1743 4935 1990 4990 omnibus.

545 5055 706 5112 LXX.
747 5056 826 5114 De
853 5076 911 5115 eo
939 5059 1077 5131 quod
1111 5059 1382 5131 Apostolus
1407 5059 1528 5115 dicit
1561 5077 1580 5114 :
1602 5060 1863 5132 Absorpta
1884 5075 1966 5120 est
1993 5081 2136 5122 mors

615 5147 669 5201 in
693 5149 989 5206 victoriam.
1023 5151 1119 5209 Ubi
1145 5160 1244 5218 est,
1276 5168 1444 5217 mors,
1471 5154 1743 5208 contentio
1773 5157 1894 5209 tua?
1916 5157 2000 5213 ubi
2032 5171 2133 5224 est,

616 5255 760 5296 mors
779 5281 794 5305 ,
828 5244 1045 5298 aculeus
1077 5253 1196 5299 tuus
1227 5244 1507 5300 ?Aculeus
1523 5254 1700 5300 autem
1733 5247 1920 5303 mortis
1948 5264 2136 5318 pecca-

617 5343 726 5385 tum
748 5371 764 5398 ,
793 5332 963 5388 virtus
992 5350 1120 5390 vero
1150 5338 1354 5406 peccati
1395 5338 1480 5393 lex
1513 5336 1558 5408 (Ι
1585 5337 1705 5396 Cor.
1737 5354 1832 5407 xv,
1859 5339 2060 5414 διεδ).

617 5445 784 5500 Morte
809 5444 1096 5517 signiﬁcari
1126 5449 1357 5504 arbitror
1376 5452 1392 5482 ⁸
1425 5450 1528 5508 hoc
1556 5453 1674 5509 loco
1715 5455 1981 5511 carnalem
2007 5470 2135 5511 con-

542 5537 915 5607 suetudinem,
932 5554 1054 5611 quae
1077 5541 1277 5596 resistit
1304 5541 1458 5599 bonae
1480 5545 1736 5600 voluntati
1755 5546 2134 5603 delectatione’

607 5696 702 5766 [In
747 5693 892 5766 editis
933 5697 1141 5766 quaestip
1161 5699 1542 5766 septuagesinn
1565 5701 1636 5766 sic
1657 5701 1948 5763 incipiebat:
1975 5703 2136 5763 outeri

541 5755 657 5833 solet
820 5755 909 5830 sit,
1335 5755 1476 5833 quod
1506 5755 1832 5833 animm-est
1850 5778 1891 5833 _:_
1907 5755 2136 5827 ,.bsorrtta

537 5827 609 5899 est
627 5821 832 5899 φοι-εἰη
852 5821 1124 5899 victoriam,
1146 5826 1244 5870 etc.
1271 5821 1467 5873 Mortem
1488 5821 1756 5888 significavi
1785 5826 2011 5888 arbitror,
2035 5821 2130 5877 etc.

603 5889 838 5946 uisantur
861 5896 926 5934 ex
948 5889 1056 5932 uss.
1245 5919 1260 5927 ,

603 5947 624 5978 ι
651 5946 732 5994 Hic
758 5947 874 5997 editi
897 5945 1102 5998 addunt.
1129 5943 1384 6001 bonorum.
1406 5961 1517 6010 qua:
1539 5961 1630 5998 vox
1657 5948 1794 5999 abest
1817 5963 1843 6000 a
1866 5959 1972 6003 Mss.

2239 619 2608 686 temporalium
2649 619 3013 677 fruendornm.
3066 623 3180 678 Non
3221 624 3362 678 enim
3389 624 3698 681 diceretur?
3729 626 3826 683 Ubi

2235 717 2326 774 est,
2346 726 2502 777 mors,
2531 714 2780 767 contentio
2803 715 2928 769 tua?
2948 716 2992 770 si
3021 731 3126 770 non
3152 717 3436 772 restitisset
3456 725 3511 772 et
3531 733 3824 790 repugnas-

2193 856 2196 858 _
2236 809 2334 854 set.
2363 800 2534 871 Ipsius
2558 805 2831 860 contentio
2859 806 3018 861 etiam
3047 807 3137 862 illo
3166 808 3283 863 loco
3312 808 3635 865 describitur
3659 829 3672 864 :
3697 811 3825 868 Caro

2233 893 2545 962 concupiscit
2578 895 2817 951 adversus
2849 897 3103 966 spiritum,
3141 907 3187 953 et
3215 901 3423 966 spiritus
3443 901 3690 957 adversus
3714 919 3824 958 car-

2235 998 2368 1037 nem.
2403 983 2529 1039 Ηωε
2551 987 2682 1040 enim
2709 989 2920 1042 invicem
2944 990 3037 1044 sibi
3055 991 3290 1046 resistunt
3316 1001 3361 1046 et
3389 993 3720 1048 adversantur
3737 1005 3831 1061 ,ut.

2235 1088 2336 1127 non
2359 1090 2472 1144 qua:
2497 1076 2648 1130 vultis
2675 1077 2768 1132 illa
2793 1079 2991 1150 faciatis
3012 1078 3208 1152 (Galat.
3238 1097 3290 1145 v,
3324 1082 3438 1153 l7).
3466 1081 3552 1137 Fit
3576 1098 3708 1155 ergo
3732 1098 3824 1154 per

2236 1165 2712 1222 sanetiiicationem
2741 1168 3051 1238 perfectam,
3078 1181 3136 1227 ut
3160 1173 3335 1227 omnis
3363 1174 3593 1230 carnalis
3622 1177 3824 1246 appeti-

2237 1262 2323 1308 tus
2368 1256 2574 1326 spiritui
2622 1269 2808 1315 nostro
2861 1261 3160 1318 illuminato
3209 1264 3572 1332 etviviilcato,
3625 1266 3677 1322 id
3723 1278 3822 1331 est,

2237 1345 2392 1399 bona:
2419 1347 2675 1403 voluntati
2722 1351 3050 1421 subjiciatur.
3105 1354 3167 1408 Et
3216 1354 3352 1410 sicut
3407 1371 3548 1411 nunc
3587 1356 3824 1412 videmus

2239 1437 2422 1492 multis
2449 1441 2743 1509 puerilibus
2767 1442 3212 1501 delectationibus
3230 1461 3328 1501 nos
3352 1461 3557 1514 carere,
3579 1464 3700 1518 qua:
3729 1464 3824 1502 nos

2239 1541 2473 1596 pueros,
2518 1531 2562 1584 si
2594 1531 3015 1602 denegarentur,
3059 1535 3317 1591 acerrime
3361 1537 3671 1593 cruciabant
3708 1555 3721 1592 :
3756 1539 3821 1593 ita

2237 1621 2563 1677 credendum
2591 1635 2680 1679 est
2705 1625 2770 1680 de
2808 1627 2954 1681 omni
2980 1628 3178 1682 carnali
3203 1628 3560 1685 delectatione
3591 1629 3825 1684 futurum

2237 1727 2380 1778 esse,
2409 1727 2529 1767 cum
2557 1715 2786 1784 perfecta
2815 1717 3069 1772 sanctitas
3101 1727 3268 1774 totum
3297 1719 3569 1775 hominem
3607 1736 3822 1790 repara-

2239 1803 2393 1858 verit.
2421 1803 2573 1860 Nunc
2593 1817 2768 1861 autem
2797 1809 3047 1877 quamdiu
3069 1819 3150 1864 est
3181 1810 3232 1864 in
3265 1810 3419 1864 nobis
3443 1811 3583 1880 quod
3616 1813 3828 1867 resistat

2239 1892 2393 1950 bona:
2418 1896 2696 1963 voluntati,
2721 1900 2917 1954 auxilio
2948 1901 3040 1956 Dei
3068 1917 3162 1971 per
3190 1903 3358 1958 bonos
3385 1902 3628 1960 homines
3649 1915 3701 1960 ει
3731 1905 3826 1960 bo-

2240 2000 2339 2040 nos
2368 1987 2605 2058 Angelos
2628 1988 2948 2060 indigemus,
2981 1993 3228 2048 utdoncc
3249 2003 3466 2050 sanetur
3502 1995 3700 2050 vulnus
3735 2011 3827 2050 no-

2240 2085 2431 2143 strum,
2465 2093 2570 2134 non
2598 2079 2669 2135 ita
2696 2081 2995 2148 molestet‘,
3020 2093 3077 2138 ut
3096 2085 3320 2154 perimat
3346 2086 3504 2141 etiam
3521 2085 3716 2140 bonam
3739 2101 3828 2142 vo-

2241 2167 2518 2225 lnntatem.
2559 2171 2707 2228 lianc
2746 2181 2922 2228 autem
2976 2186 3203 2230 mortem
3250 2187 3469 2246 peccato
3514 2181 3825 2240 meruimus,

2239 2259 2381 2331 quod
2403 2271 2681 2332 peccatum
2711 2273 2979 2321 eratante
3020 2268 3166 2322 omni
3193 2268 3354 2323 modo
3389 2269 3442 2324 in
3473 2269 3643 2325 libero
3681 2269 3825 2325 arbi-
3914 2274 3918 2277 ’

2243 2351 2366 2418 trio,
2394 2367 2516 2408 cum
2545 2354 2600 2408 in
2629 2356 2874 2424 paradiso
2895 2358 3073 2414 nullus
3099 2358 3255 2414 dolor
3297 2359 3574 2430 denegatae
3593 2359 3826 2416 delecta-

2242 2443 2402 2502 tionis
2419 2446 2440 2476 ²
2459 2446 2716 2502 voluntati
2734 2447 2889 2504 bona:
2908 2451 3138 2506 hominis
3159 2450 3459 2516 resistebat,
3484 2452 3638 2507 sicuti
3663 2468 3825 2508 nunc.

2242 2538 2404 2594 Verbi
2447 2541 2652 2611 gratia,
2702 2541 2748 2596 si
2788 2543 3068 2614 quisquam
3116 2545 3312 2600 existat
3355 2560 3514 2616 quem
3559 2561 3825 2616 nunquam

2241 2630 2527 2688 delectavit
2550 2634 2785 2702 venatio,
2815 2637 2960 2691 omni
2984 2636 3146 2692 modo
3172 2637 3308 2692 liber
3341 2648 3425 2693 est
3451 2647 3630 2694 utrum
3648 2643 3827 2694 venari

2242 2726 2370 2781 velit
2392 2741 2459 2780 an
2490 2728 2640 2794 nolit,
2673 2744 2772 2784 nec
2795 2747 2916 2784 eum
2948 2731 3407 2802 cruciatquisquis
3428 2730 3532 2787 hoc
3562 2733 3826 2802 prohibet.

2243 2817 2312 2872 At
2335 2817 2380 2872 si
2409 2819 2508 2874 ista
2538 2819 2780 2876 libertate
2824 2823 2963 2878 male
3008 2839 3154 2888 usus,
3185 2833 3409 2879 venatus
3456 2823 3614 2880 fuerit
3646 2835 3829 2879 contra

2243 2909 2574 2979 prohibentis
2613 2914 2920 2984 imperium,
2952 2916 3198 2985 paulatim
3226 2917 3519 2986 subrepens
3547 2916 3832 2972 delectatio

2243 2999 2529 3056 muniﬁcat
2573 3003 2826 3070 animam,
2857 3015 2915 3060 ut
2944 3007 2988 3061 si
3020 3021 3079 3062 se
3119 3006 3392 3063 abstinere
3438 3007 3586 3074 velit,
3630 3008 3831 3078 absque

2242 3092 2488 3148 molestia
2514 3101 2566 3148 et
2595 3095 2713 3152 sine
2733 3111 2931 3167 angore
2963 3114 3067 3153 non
3110 3100 3300 3169 possit,
3346 3115 3466 3155 cum
3495 3100 3547 3155 id
3573 3111 3699 3156 ante
3727 3111 3832 3156 tom

2243 3183 2471 3240 sanitate
2499 3201 2604 3240 non
2635 3197 2838 3257 ageret.
2864 3189 3004 3258 Ergo
3021 3191 3227 3244 aculeus
3249 3191 3424 3244 mortis
3445 3200 3705 3261 peccatum
3727 3202 3802 3246 est
3816 3209 3834 3254 ;

2244 3277 2366 3346 quia
2399 3287 2618 3347 peccato
2657 3279 2792 3334 facta
2829 3282 3238 3350 estdelcctatio,
3267 3298 3387 3353 qua:
3411 3283 3520 3354 jam
3543 3284 3713 3354 possit
3751 3301 3836 3339 re-

2244 3370 2436 3424 sistere
2455 3369 2609 3425 bonac
2626 3371 2880 3427 voluntati
2899 3373 2940 3440 ³,
2965 3383 3154 3429 etcum
3177 3375 3366 3431 dolore
3385 3375 3644 3432 cohiberi.
3662 3376 3836 3443 Quam

2243 3459 2676 3530 delectationem,
2706 3463 2829 3533 quia
2857 3467 2911 3518 in
2957 3464 3166 3521 defectu
3206 3473 3290 3522 est
3333 3467 3526 3522 anima:
3549 3467 3839 3523 deterioris

2245 3551 2470 3618 effectae,
2489 3552 2618 3624 jure
2666 3565 2894 3609 mortem
2937 3571 3210 3611 vocamus.
3242 3556 3415 3612 Virtus
3453 3568 3620 3612 autem
3648 3561 3839 3627 peccati

2246 3644 2326 3698 lea:
2354 3654 2461 3711 est;
2489 3646 2610 3716 quia
2639 3647 2807 3701 multo
2832 3647 3147 3704 sceleratius
3175 3657 3229 3704 et
3255 3649 3561 3719 ﬂagitiosius
3587 3666 3707 3721 quae
3750 3650 3836 3704 lex

2246 3735 2491 3806 prohibet
2534 3739 2958 3806 committuntur,
3011 3757 3168 3812 quam
3200 3743 3242 3796 si
3267 3743 3408 3798 nulla
3439 3743 3556 3813 lege
3583 3743 3834 3812 prohibe-

2245 3838 2449 3884 rentur.
2486 3829 2634 3887 Tunc
2662 3831 2837 3902 itaque
2870 3833 3118 3904 absorpta
3147 3837 3248 3890 erit
3276 3850 3419 3891 mors
3459 3837 3509 3890 in
3534 3837 3838 3902 victoriam,

2243 3935 2364 3976 cum
2383 3937 2478 3992 per
2501 3924 2971 3980 sanctiﬁcationcm
3001 3929 3051 3981 in
3081 3929 3224 3983 omni
3263 3939 3414 3998 parte
3443 3928 3677 3985 hominis
3708 3945 3836 4000 per—

2245 4013 2382 4070 lecta
2429 4015 2781 4074 delectatione
2835 4019 3191 4089 spiritualium
3254 4020 3539 4076 delectatio
3603 4022 3841 4077 carnalis

2243 4105 2520 4162 obruetur.

2243 4198 2432 4254 LXXI.
2481 4199 2560 4254 De
2596 4217 2654 4256 eo
2692 4203 2826 4272 quod
2870 4204 3112 4275 scriptum
3142 4214 3212 4258 est
3245 4221 3264 4259 :
3291 4203 3519 4260 Invicem
3549 4221 3709 4261 onera
3740 4223 3844 4262 ve-

2315 4301 2427 4346 stra
2466 4303 2694 4362 portate,
2720 4304 2770 4348 et
2801 4295 2878 4348 sic
2902 4296 3263 4365 adimplebitis
3290 4297 3459 4368 legem
3480 4296 3677 4353 Christi
3708 4297 3846 4370 (Ga-

2317 4383 2408 4438 lat.
2446 4397 2519 4448 Vl,
2541 4383 2624 4456 2).

2315 4475 2366 4529 1.
2395 4474 2527 4544 Quia
2552 4476 2758 4532 Veteris
2779 4477 3104 4534 Testamenti
3139 4478 3374 4534 custodia
3403 4481 3645 4536 timorem
3674 4481 3848 4538 habe-

2243 4566 2351 4633 bat,
2383 4585 2485 4623 non
2535 4570 2706 4639 potuit
2742 4571 2977 4640 apertius
3001 4571 3286 4641 significari
3330 4571 3463 4628 Novi
3511 4573 3847 4631 Testamenti

2241 4661 2439 4716 donum
2469 4677 2592 4718 esse
2616 4663 2950 4731 charitatem,
2982 4680 3140 4734 quam
3178 4665 3278 4720 hoc
3317 4665 3456 4734 loco,
3489 4668 3576 4722 ubi
3605 4668 3846 4737 Aposto-

2243 4757 2322 4810 lus
2342 4755 2492 4822 dicit,
2523 4754 2747 4810 lnvicem
2769 4773 2922 4810 onera
2949 4769 3108 4812 vestra
3133 4769 3346 4829 portate,
3377 4771 3424 4814 et
3443 4761 3517 4815 sic
3541 4761 3849 4832 adimplebi-

2243 4850 2307 4902 tis
2343 4848 2499 4921 legem
2525 4848 2728 4904 Christi.
2762 4849 2909 4903 lianc
2938 4851 3078 4904 enim
3119 4849 3316 4906 Christi
3347 4852 3517 4922 legem
3544 4853 3722 4908 dicere
3754 4855 3848 4909 iu-

2245 4943 2518 5013 telligitnr,
2543 4958 2644 5013 qua
2685 4943 2798 5013 ipse
2830 4942 3083 4998 Dominus
3119 4945 3370 5015 praecepit
3395 4953 3450 4999 nt
3480 4962 3577 5001 nos
3608 4946 3848 5002 invicem

2241 5034 2540 5106 diligamus,
2586 5043 2789 5089 tantum
2834 5037 2884 5089 in
2932 5051 2994 5091 ea
3033 5038 3292 5116 sententia
3341 5039 3588 5108 prtecepti
3632 5039 3852 5108 pondus

2241 5128 2572 5183 constituens
2593 5169 2605 5192 ,
2639 5135 2694 5181 ut
2730 5127 2935 5184 diceret
2975 5145 2987 5180 :
3029 5127 3095 5183 In
3122 5128 3217 5183 hoc
3249 5140 3574 5202 cognoscetur
3597 5133 3851 5200 quoniam

2242 5219 2481 5290 discipuli
2506 5219 2604 5273 mei
2631 5219 2765 5286 estis,
2800 5221 2844 5274 si
2877 5237 2963 5274 vos
2992 5221 3201 5275 invicem
3225 5221 3450 5293 diligatis
3474 5222 3493 5294 (
3514 5220 3672 5275 Joan.
3705 5239 3804 5277 xm
3831 5267 3847 5286 ,

2241 5313 2331 5376 54,
2364 5311 2478 5384 55).
2504 5311 2670 5382 Hujus
2691 5323 2866 5367 autem
2892 5311 3194 5368 dilectionis
3222 5313 3454 5368 ol‘iicium
3481 5322 3582 5381 est,
3607 5314 3847 5369 invicem

2241 5419 2404 5458 onera
2443 5411 2623 5458 nostra
2652 5416 2884 5473 portare.
2913 5403 3016 5460 Sed
3046 5405 3147 5459 hoc
3175 5405 3430 5470 ol‘iicium,
3473 5406 3613 5476 quod
3641 5409 3854 5477 sempi-

2242 5506 2452 5553 ternum
2483 5512 2588 5552 non
2615 5506 2716 5561 est,
2751 5496 3005 5566 perducet
3024 5511 3153 5552 sane
3179 5497 3245 5551 ad
3270 5496 3649 5553 beatitudinem
3676 5508 3852 5554 teter-

2242 5607 2364 5646 nam
2386 5633 2402 5659 ,
2435 5591 2488 5646 in
2533 5606 2634 5662 qua
2663 5591 2804 5646 nulla
2831 5599 2988 5645 erunt
3029 5598 3208 5645 nostra
3236 5605 3397 5647 onera
3417 5633 3432 5657 ,
3462 5606 3582 5662 qua:
3607 5590 3851 5647 invicem

2305 5709 2322 5740 ¹
2347 5705 2604 5756 Sexdecim
2629 5713 2758 5764 Mss,
2783 5703 3076 5754 molestetur.

2305 5772 2326 5801 ³
2350 5769 2422 5818 Sic
2437 5775 2536 5817 nat.
2564 5763 2818 5830 eiussu
2841 5773 2916 5816 Er.
2943 5774 2994 5816 et
3015 5774 3146 5828 Lov.,
3170 5765 3410 5830 denegata
3431 5763 3765 5818 delectatione.
3787 5794 3849 5806 —

2240 5832 2312 5880 Sic
2337 5833 2482 5880 etiam
2506 5829 2653 5891 Lugd.
2677 5838 2729 5879 et
2753 5837 2872 5878 \‘en.
2941 5837 2998 5876 Μ.

2245 5954 2271 6004 b
2307 5894 2327 5924 ³
2349 5901 2530 5940 Omnes
2563 5888 2714 5954 prolic
2757 5898 2883 5952 Mss,
2928 5890 3153 5943 resistere
3182 5888 3446 5953 voluntati;
3483 5892 3664 5943 omissa
3686 5905 3848 5953 voce,

2272 5965 2397 6004 ante.
