4136 6528
299 461 362 515 Μ
503 498 505 500 -
1750 458 1902 516 LIBE

2008 459 2190 519 UNUS.
3541 481 3616 538 82

301 581 518 643 portare
539 570 844 642 jubeamur.
875 570 1025 625 Nunc
1046 583 1174 625 vero
1199 584 1322 625 cum
1350 567 1404 624 in
1436 567 1536 625 hac
1566 569 1688 635 vita,
1724 571 1774 625 id
1800 580 1904 640 est,

302 670 354 719 in
385 665 486 719 hac
515 665 598 717 via
622 677 832 729 sumus,
864 678 1026 718 onera
1058 661 1282 716 invicem
1317 669 1498 716 nostra
1525 670 1817 730 portemus,
1848 672 1910 717 ut

300 757 370 810 ad
398 771 518 810 eam
545 756 706 809 vitam
736 769 857 824 qua:
881 763 1028 809 caret
1057 753 1200 807 omni
1225 768 1390 808 onere
1426 753 1706 822 pervenire
1734 754 1907 823 possi-

301 863 443 902 mus.
464 847 612 903 Sicut
630 847 776 902 enim
801 845 869 902 de
888 846 1059 902 cervis
1083 844 1323 899 nonnulli
1347 845 1528 899 talium
1547 846 1906 915 cognitionum

299 938 530 994 studiosi
551 939 902 1008 scripserunt,
931 953 1050 992 cum
1081 939 1270 991 fretum
1293 937 1361 992 ad
1386 937 1609 991 insulam
1632 946 1910 994 transeunt

303 1045 626 1100 pascuorum
654 1031 844 1101 gratia,
874 1030 952 1086 sic
979 1045 1039 1085 se
1068 1029 1350 1096 ordinant,
1376 1038 1435 1085 ut
1470 1045 1636 1085 onera
1674 1031 1905 1102 capitum

305 1139 530 1178 suorum
570 1139 690 1194 qua:
716 1132 929 1195 gestant
957 1123 1010 1179 in
1048 1125 1298 1179 cornibus
1322 1139 1483 1194 super
1512 1124 1735 1180 invicem
1775 1140 1904 1195 por-

306 1227 448 1282 tent,
481 1217 550 1272 ita
588 1225 646 1272 ut
670 1217 935 1286 posterior
961 1231 1121 1286 super
1147 1217 1471 1271 anteriorem
1499 1215 1706 1270 cervice
1732 1215 1906 1286 proje-

303 1318 392 1361 cta
415 1317 571 1378 caput
596 1307 843 1364 collocet.
877 1309 944 1364 Et
970 1308 1091 1379 quia
1123 1321 1343 1364 necesse
1362 1315 1447 1362 est.
1475 1323 1638 1361 unum
1667 1321 1788 1362 esse
1815 1306 1906 1376 qui

301 1409 537 1454 caeteros
559 1400 891 1470 prascedens,
920 1413 1024 1455 non
1056 1408 1180 1454 ante
1205 1415 1265 1454 se
1299 1398 1493 1453 habeat
1527 1399 1611 1453 cui
1640 1407 1797 1466 caput
1827 1399 1906 1453 in-

300 1490 494 1557 dinei,
515 1491 718 1546 vicibus
749 1491 800 1545 id
826 1505 986 1562 agere
1013 1490 1286 1556 dicuntur;
1314 1502 1368 1544 ut
1391 1490 1620 1545 lassatus
1649 1491 1728 1544 sui
1754 1491 1900 1560 capi-

302 1581 374 1633 tis
403 1595 571 1636 onere
600 1581 688 1635 ille
708 1581 795 1650 qui
823 1581 1072 1651 prmcedit
1095 1621 1110 1646 ,
1147 1590 1269 1651 post
1303 1596 1490 1636 omnes
1520 1580 1768 1636 recedat’
1805 1621 1820 1646 ,
1851 1590 1906 1636 et

301 1675 356 1728 ei
386 1674 640 1730 succedat
661 1674 813 1744 cujus
841 1674 1045 1730 ferebat
1069 1685 1243 1744 caput,
1275 1689 1394 1730 cum
1425 1675 1537 1744 ipse
1565 1674 1796 1744 praeiret.
1827 1673 1905 1728 lta

300 1766 536 1821 invicem
557 1780 721 1821 onera
746 1781 840 1820 sua
870 1776 1164 1836 portantes,
1198 1765 1388 1821 fretum
1413 1774 1707 1832 transeunt,
1729 1765 1906 1820 donec

306 1857 530 1912 veniant
557 1857 626 1912 ad
659 1867 815 1912 terrae
843 1857 1184 1913 stabilitatem
1215 1856 1382 1929 (Plin.
1417 1856 1506 1911 lib.
1554 1857 1608 1924 8,
1639 1874 1754 1927 cap.
1787 1856 1901 1927 '52).

300 1947 466 2004 Istam
492 1947 718 2004 fortasse
737 1961 1017 2004 cervorum
1041 1959 1282 2004 naturam
1307 1948 1608 2004 intenderat
1629 1948 1902 2017 Salomon,

298 2055 427 2094 cum
473 2039 566 2105 ait,
600 2036 784 2095 Cervus
813 2040 1050 2094 amicitia:
1089 2049 1138 2095 et
1182 2040 1355 2111 pullus
1381 2033 1662 2111 gratiarum
1705 2049 1906 2094 tuarum

299 2131 661 2200 colloquantur
699 2140 865 2184 tecum
909 2130 928 2201 (
957 2129 1110 2185 Prov.
1144 2147 1173 2184 v
1194 2173 1210 2200 ,
1241 2131 1306 2186 l9
1325 2172 1340 2196 ,
1371 2147 1473 2186 sec.
1514 2130 1723 2203 LXX).
1764 2130 1902 2185 Nihil

300 2222 449 2276 enim
475 2222 553 2276 sic
579 2221 767 2293 probat
791 2221 1044 2288 amicum,
1074 2221 1520 2293 quemadmodum
1548 2222 1727 2278 oneris
1747 2223 1903 2277 amici

304 2316 556 2385 portatio.

373 2407 430 2461 2.
472 2406 582 2463 Nec
609 2416 784 2463 tamen
818 2407 1044 2464 invicem
1073 2423 1237 2463 onera
1263 2416 1442 2462 nostra
1471 2416 1823 2478 portaremus,
1855 2407 1902 2462 si

303 2516 468 2554 unum
498 2510 706 2570 tempus
740 2508 887 2556 esset
915 2499 1236 2555 inﬁrmitatis
1278 2500 1594 2569 amborum,
1620 2499 1708 2570 qui
1739 2513 1902 2553 onera

301 2607 401 2646 sua
443 2591 733 2658 sustinent,
765 2601 858 2645 aut
890 2608 1050 2646 unutn
1082 2592 1405 2646 inﬁrmitatis
1448 2607 1616 2662 genus
1646 2608 1658 2644 :
1692 2590 1788 2646 sed
1817 2591 1901 2645 di-

303 2699 461 2738 versa
489 2693 724 2754 tempora
747 2693 800 2740 et
827 2684 1035 2740 diversa
1060 2701 1253 2756 genera
1282 2684 1604 2739 inﬁrmitatis
1631 2684 1826 2738 faciunt
1848 2691 1905 2738 ut

302 2791 470 2830 onera
494 2786 669 2830 nostra
703 2785 920 2845 portare
943 2775 1166 2831 invicem
1197 2776 1489 2832 valeamus.
1522 2774 1680 2830 Verbi
1708 2775 1899 2846 gratia,

305 2866 440 2919 iram
470 2865 644 2920 fratris
675 2867 747 2920 tui
781 2875 908 2920 tunc
935 2867 1188 2936 portabis,
1219 2883 1342 2922 cum
1381 2877 1436 2922 tu
1476 2867 1734 2922 adversus
1777 2882 1898 2921 eum

302 2973 412 3011 non
441 2957 718 3024 irasceris;
745 2967 801 3012 ut
826 2975 1012 3014 rursus
1036 2975 1102 3015 eo
1130 2969 1368 3029 tempore
1393 2975 1498 3030 quo
1519 2967 1574 3015 te
1598 2955 1674 3014 ira
1699 2974 1903 3029 prmoc-

299 3051 596 3118 cupaverit,
631 3050 719 3105 ille
747 3061 796 3105 te
825 3051 1041 3106 lenitate
1067 3062 1122 3106 et
1149 3052 1526 3123 tranquillitate
1545 3067 1642 3107 sua
1669 3066 1900 3122 suppor-

299 3151 399 3196 tct.
443 3141 554 3197 lloc
581 3143 886 3212 exemplum
915 3144 981 3198 ad
1025 3143 1075 3199 id
1104 3146 1365 3214 pertinet,
1393 3160 1516 3200 cum
1541 3144 1747 3200 diversa
1778 3154 1903 3200 sunt

298 3245 542 3305 tempora
575 3237 898 3304 portantium
937 3252 1100 3291 onera
1129 3252 1245 3302 sna,
1277 3237 1519 3307 quamvis
1548 3237 1661 3307 ipsa
1691 3237 1899 3291 diversa

297 3343 408 3380 non
449 3327 521 3381 sit
549 3326 832 3382 inﬁrmitas
866 3345 878 3380 :
909 3329 960 3382 in
991 3328 1252 3384 ambobus
1282 3330 1422 3382 enim
1466 3329 1534 3382 ab
1567 3329 1792 3383 invicem
1824 3329 1900 3383 ira

296 3427 565 3486 portatur.
594 3417 674 3471 Ad
705 3418 974 3472 diversum
1012 3429 1189 3473 autem
1214 3419 1535 3474 inﬁrmitatis
1561 3434 1730 3489 genus
1755 3419 1900 3474 aliud

295 3511 606 3582 exemplum
645 3511 930 3566 videndum
959 3521 1074 3566 est:
1105 3511 1266 3565 veluti
1307 3511 1354 3566 si
1381 3511 1500 3582 quis
1527 3511 1898 3581 loquacitatem

296 3602 352 3656 in
381 3618 440 3656 se
462 3603 670 3669 vicerit,
690 3613 741 3658 et
761 3602 1102 3672 pertinaciam
1132 3603 1364 3658 nondum
1388 3603 1596 3668 vicerit,
1619 3603 1754 3656 alius
1777 3617 1901 3657 vero

297 3694 478 3749 adhuc
505 3694 719 3764 loquax.
738 3693 832 3748 scd
860 3693 966 3763 jam
991 3693 1235 3764 pertinax
1265 3709 1368 3748 non
1393 3694 1480 3757 sit;
1499 3693 1658 3748 debet
1684 3693 1772 3748 ille
1800 3692 1898 3746 hu-

293 3788 384 3857 jus
415 3785 789 3856 loquacitatem
815 3795 870 3841 et
896 3786 992 3841 iste
1022 3785 1161 3840 illius
1188 3785 1555 3856 pertinaciam,
1577 3784 1748 3840 donec
1772 3783 1899 3839 illud

295 3880 352 3934 in
377 3878 471 3932 illo
500 3877 682 3933 ethoc
723 3878 778 3932 in
823 3877 924 3932 isto
953 3887 1189 3943 sanetur,
1218 3877 1477 3930 charitate
1520 3884 1752 3945 portare.
1798 3875 1903 3930 Par

294 3969 798 4043 quippcinﬁrmitas
821 3969 1093 4025 induobus
1115 3970 1161 4025 si
1180 3985 1286 4024 uno
1309 3968 1515 4024 accidat
1537 3977 1794 4038 tempore,
1821 3976 1902 4022 to-

295 4063 476 4118 lerare
501 4078 560 4117 se
581 4063 810 4118 invicem
839 4077 944 4117 non
972 4062 1170 4127 valent,
1195 4077 1316 4117 eum
1339 4062 1620 4116 adversum
1645 4077 1704 4117 se
1731 4062 1900 4117 inten-

294 4155 465 4210 ditur.
497 4153 630 4208 Nam
653 4154 913 4209 adversus
933 4154 1164 4224 aliquem
1186 4153 1423 4220 tertium,
1447 4161 1500 4209 et
1524 4153 1631 4208 duo
1657 4153 1775 4209 irati
1799 4153 1902 4209 sibi

296 4248 649 4314 conveniunt,
675 4258 729 4303 et
753 4264 812 4303 se
841 4247 1068 4304 tolerant
1097 4267 1109 4302 :
1134 4264 1432 4319 quanquam
1464 4264 1564 4305 nec
1594 4249 1823 4304 tolerare
1843 4264 1903 4305 se

299 4343 532 4397 invicem
560 4339 774 4396 dicendi
803 4349 947 4405 sunt,
972 4340 1064 4396 sed
1091 4342 1266 4411 potius
1287 4356 1345 4396 se
1367 4341 1592 4396 invicem
1614 4343 1899 4398 consolari.

297 4433 452 4489 Sicut
478 4440 533 4486 et
560 4433 742 4487 tristes
773 4431 842 4488 de
876 4447 935 4486 re
961 4448 1064 4486 una
1086 4474 1100 4499 ,
1133 4433 1302 4502 magis
1333 4447 1393 4488 se
1429 4441 1644 4503 portant
1669 4443 1724 4490 et
1752 4436 1903 4506 quasi

297 4524 619 4581 incumbunt
662 4524 797 4591 sibi,
847 4540 1006 4595 quam
1048 4525 1094 4580 si
1138 4542 1273 4581 unus
1320 4527 1484 4582 tristis
1521 4536 1744 4584 essetet
1767 4529 1904 4586 alius

295 4616 558 4688 gauderet
581 4633 593 4668 :
623 4616 666 4670 si
691 4625 870 4670 autem
899 4615 1156 4672 adversus
1173 4631 1232 4672 se
1259 4614 1436 4673 tristes
1456 4618 1582 4686 sint,
1608 4635 1826 4688 prorsus
1844 4635 1904 4677 se

299 4710 534 4764 tolerare
561 4723 667 4762 non
693 4716 935 4777 possunt.
962 4708 1031 4762 Et
1052 4708 1171 4763 ideo
1198 4709 1250 4764 in
1279 4709 1581 4780 hujusmodi
1607 4711 1904 4768 affectioni-

297 4801 401 4855 bus
430 4798 773 4870 suscipienda
814 4809 899 4854 est
925 4799 1310 4869 aliquantulum
1351 4801 1464 4871 ipsa
1503 4803 1796 4873 mgritudo,
1835 4803 1904 4860 de

296 4908 403 4964 qua
435 4892 518 4947 vis
557 4875 722 4946 alium
771 4907 866 4961 per
910 4900 962 4947 te
993 4891 1240 4958 liberari;
1269 4900 1325 4948 et
1351 4892 1429 4948 sic
1457 4893 1813 4964 suscipienda,
1844 4905 1903 4950 ut

297 4985 368 5039 ad
413 4983 667 5039 auxilium
693 5024 707 5045 ,
741 4999 848 5038 non
895 4982 961 5037 ad
1006 4983 1362 5054 a~qualitatem
1407 4985 1638 5041 miserize
1679 4987 1898 5042 valeat:

295 5075 754 5146 quemadmodum
786 5091 846 5131 se
874 5075 1112 5143 inclinat,
1143 5076 1231 5145 qui
1271 5092 1485 5132 manum
1505 5078 1704 5148 jacenti
1732 5080 1903 5149 porri~

295 5169 394 5238 git.
424 5167 542 5222 Non
569 5167 712 5223 enim
741 5181 799 5222 se
819 5167 1052 5238 projicit,
1076 5176 1132 5221 ut
1159 5168 1316 5223 ambo
1331 5168 1545 5239 jaceant
1567 5188 1580 5236 ;
1605 5171 1697 5226 sed
1725 5172 1902 5227 incur-

296 5271 385 5315 vat
408 5269 637 5319 tantum.
671 5269 728 5315 ut
743 5259 1010 5329 jacentem
1040 5261 1226 5332 erigat.

368 5356 422 5410 5.
467 5354 650 5422 Neque
682 5351 786 5407 ulla
817 5368 905 5408 res
924 5352 1222 5408 ofﬁciosum
1252 5354 1410 5408 istum
1433 5355 1670 5412 laborem
1691 5357 1757 5414 ad
1782 5375 1902 5429 por-

295 5447 455 5502 tanda
487 5460 653 5503 onera
683 5445 911 5500 aliorum
944 5445 1068 5500 facit
1105 5445 1332 5500 libenter
1365 5446 1621 5516 impendi,
1654 5449 1752 5504 nisi
1777 5467 1901 5506 cum

292 5543 596 5612 cogitamus
624 5549 822 5609 quanta
849 5553 948 5608 pro
975 5538 1126 5593 nobis
1154 5539 1429 5608 pertulerit
1460 5539 1730 5596 Dominus
1769 5542 1902 5598 lline

294 5634 439 5688 inim
469 5630 773 5687 admonens
816 5629 1105 5698 Apostolus
1144 5630 1216 5683 ait
1247 5648 1260 5684 :
1300 5629 1410 5684 Iloc
1443 5632 1620 5685 sentite
1649 5633 1702 5686 in
1731 5633 1898 5700 vobis,

291 5725 428 5794 quod
447 5732 497 5778 et
516 5724 571 5776 in
598 5721 803 5776 Christo
822 5719 968 5788 Jesu,
996 5720 1084 5793 qui
1111 5738 1224 5775 cum
1245 5723 1297 5775 in
1315 5726 1486 5792 forma
1512 5722 1606 5777 Dei
1631 5734 1776 5790 esset,
1801 5742 1902 5779 non

293 5816 530 5889 rapinam
555 5814 836 5870 arbitratus
863 5823 934 5869 est
960 5829 1064 5869 esse
1088 5815 1297 5883 wqualis
1311 5814 1440 5882 Deo;
1467 5815 1557 5871 sed
1580 5818 1900 5889 semetipsum

356 5934 371 5964 ⁸
397 5939 472 5983 Er.
498 5938 602 5982 ttat.
631 5936 685 5981 et
704 5937 835 5990 ιιιςη
862 5925 1109 5979 redeat.—
1135 5929 1208 5980 sic
1232 5931 1378 5980 etiam
1399 5930 1544 5993 Lugd.
1575 5939 1626 5983 et
1651 5939 1768 5984 ven.
1838 5940 1895 5982 Μ.

2019 573 2292 626 exinanivit
2315 577 2529 645 ferinam
2547 577 2675 631 servi
2695 580 2965 649 accipiens,
2981 582 3030 636 in
3049 583 3427 642 similitudinem
3445 589 3610 645 homi-

2018 679 2140 715 num
2161 667 2347 734 factus,
2365 676 2408 719 et
2421 665 2592 720 habitu
2606 669 2833 724 inventus
2846 681 2899 724 ut
2914 673 3061 728 homo
3079 691 3096 728 :
3115 677 3397 732 humiliavit
3431 691 3605 735 semet-

2015 756 2180 826 ipsum
2207 761 2370 828 factus
2390 760 2624 817 obediens
2647 763 2660 793 ¹
2686 780 2840 831 usque
2864 766 2933 819 ad
2956 779 3183 836 mortem,
3214 784 3424 828 mortem
3439 787 3606 829 autent

2014 848 2194 901 crucis.
2223 848 2478 918 Superius
2497 853 2637 907 enim
2668 854 2892 919 dixerat,
2928 857 3048 912 Non
3068 876 3181 928 qua:
3200 879 3292 915 sua
3311 876 3427 918 sunt
3449 882 3608 919 unus-

2013 939 2220 1009 quisque
2244 940 2523 1006 intendens,
2551 945 2640 998 sed
2667 962 2726 999 ea
2744 963 2858 1016 qua:
2875 948 3090 1003 aliorum
3114 950 3374 1023 (Philipp.
3395 972 3454 1018 ιι,
3474 959 3505 1010 4
3527 958 3606 1023 8).

2014 1029 2150 1084 Huic
2189 1032 2466 1087 sententia:
2495 1038 2766 1090 contexuit
2810 1039 2950 1108 quod
2991 1039 3190 1096 dictum
3235 1053 3349 1109 est;
3381 1062 3502 1100 nam
3536 1048 3604 1101 ita

2013 1121 2255 1190 sequitur
2288 1142 2303 1178 :
2336 1123 2451 1178 Hoc
2472 1128 2650 1180 sentite
2677 1128 2727 1182 in
2753 1130 2909 1196 vobis,
2931 1131 3067 1200 quod
3087 1142 3134 1186 et
3159 1133 3210 1186 in
3233 1134 3432 1190 Christo
3457 1137 3490 1190 J
3497 1156 3604 1192 esu.

2011 1211 2093 1266 Ad
2125 1211 2224 1268 hoc
2252 1214 2528 1283 duntaxat,
2564 1229 2619 1273 ut
2655 1221 3102 1290 quemadmodum
3145 1225 3238 1282 ille
3279 1226 3333 1282 in
3362 1245 3427 1283 eo
3466 1231 3607 1300 quod

2016 1301 2245 1358 Verbum
2283 1321 2408 1361 caro
2437 1306 2634 1362 factum
2673 1319 2776 1377 est,
2803 1322 2858 1367 et
2885 1311 3143 1370 habitavit
3171 1316 3223 1371 in
3247 1317 3402 1373 nobis
3427 1319 3606 1390 (Joan.

2012 1408 2050 1455 ι,
2079 1395 2187 1460 Μ),
2219 1405 2271 1451 et
2296 1396 2413 1453 sine
2448 1409 2665 1468 peccato
2692 1416 2811 1456 cum
2842 1411 3004 1471 esset,
3033 1415 3248 1476 peccata
3280 1417 3472 1464 nostra
3489 1426 3608 1468 sus-

2009 1488 2181 1557 cepit,
2222 1505 2324 1543 non
2354 1492 2578 1546 attendit
2613 1508 2705 1548 sua
2728 1537 2744 1560 ,
2771 1495 2866 1550 sed
2895 1506 3108 1564 nostra;
3134 1499 3202 1554 ita
3228 1508 3283 1554 et
3307 1516 3404 1557 nos
3433 1502 3607 1558 liben-

2013 1587 2121 1648 ter,
2157 1581 2222 1635 ad
2261 1582 2376 1652 ejus
2406 1584 2753 1642 imitationem
2775 1628 2790 1654 ,
2822 1588 3047 1645 invicem
3078 1607 3240 1647 onera
3274 1603 3453 1650 nostra
3486 1611 3608 1666 por-

2013 1681 2202 1728 tennis.

2081 1765 2134 1819 4.
2163 1765 2293 1821 lluic
2318 1767 2625 1838 cogitationi
2649 1771 2852 1826 accedit
2884 1773 3044 1828 etiam
3071 1775 3156 1828 illa
3185 1777 3455 1847 cogitatio,
3482 1780 3605 1850 quia

2011 1855 2098 1910 ille
2125 1857 2358 1928 suscepit
2387 1857 2656 1914 hominem
2678 1902 2693 1926 ,
2724 1878 2823 1916 nos
2859 1872 3037 1920 autem
3085 1865 3330 1923 homines
3374 1883 3559 1925 sumus
3590 1890 3603 1926 :

2009 1956 2061 1999 et
2083 1947 2425 2004 considerare
2443 1949 2704 2007 debemus
2728 1953 2867 2023 quod
2894 1955 3263 2024 aegritudinem
3285 1958 3398 2014 sive
3417 1960 3603 2028 animi,

2007 2036 2121 2092 sive
2158 2038 2435 2108 corporis,
2468 2056 2625 2109 quam
2657 2041 2708 2096 in
2746 2043 2852 2099 alio
2891 2043 3108 2102 homine
3138 2047 3413 2114 videmus,
3445 2051 3605 2108 etiam

2009 2142 2108 2180 nos
2136 2127 2333 2182 habere
2375 2131 2643 2198 potuimus
2661 2172 2676 2198 ,
2704 2143 2795 2186 aut
2822 2149 3125 2203 possumus.
3153 2136 3265 2192 Hoc
3303 2153 3432 2210 ergo
3455 2141 3600 2196 exhi-

2008 2218 2228 2274 beamus
2254 2220 2327 2274 illi
2357 2222 2511 2291 cujus
2544 2223 2902 2281 inﬁrmitatem
2931 2237 3144 2297 portate
3169 2230 3431 2299 volumus,
3463 2235 3610 2302 quod

2007 2311 2075 2364 ab
2097 2311 2188 2366 illo
2217 2313 2370 2366 nobis
2399 2315 2657 2371 vellemus
2680 2317 2964 2385 exhiberi,
2996 2319 3042 2374 si
3069 2319 3206 2376 forte
3231 2338 3328 2376 nos
3351 2324 3402 2377 in
3432 2339 3491 2378 ea
3521 2339 3608 2378 es-

2007 2419 2224 2467 semus.
2248 2414 2303 2462 et
2338 2407 2451 2476 ipse
2487 2425 2591 2462 non
2632 2420 2793 2465 esset.
2830 2412 2911 2465 Ad
2938 2413 3039 2468 hoc
3065 2415 3292 2484 pertinet
3324 2418 3465 2486 quod
3494 2419 3607 2487 ipse

2007 2494 2295 2565 Apostolus
2312 2501 2404 2572 ait,
2433 2497 2678 2554 Omnibus
2704 2503 2873 2555 omnia
2903 2505 3068 2574 factus
3087 2521 3217 2572 smn,
3247 2516 3303 2560 ut
3331 2523 3504 2562 omnes
3524 2509 3606 2561 lui-

2007 2585 2297 2656 crifacerem
2322 2587 2340 2660 (
2363 2588 2376 2640 Ι
2409 2588 2525 2642 Cor.
2551 2606 2631 2656 ix,
2659 2591 2750 2662 22)
2781 2609 2794 2645 :
2826 2594 3106 2664 cogitando
3126 2597 3332 2652 scilicet
3359 2598 3412 2652 in
3433 2613 3500 2654 eo
3527 2602 3607 2654 vi-

2009 2676 2081 2729 tio
2106 2677 2266 2732 etiam
2297 2694 2356 2733 se
2395 2695 2513 2734 esse
2542 2682 2806 2750 potuisse,
2836 2683 2976 2740 unde
3004 2685 3253 2756 cupiebat
3278 2687 3437 2742 alium
3468 2689 3604 2746 libe-

2007 2782 2146 2822 rare.
2178 2769 2567 2839 Compatiendo
2597 2772 2738 2828 enim
2771 2775 2946 2844 potius
2971 2775 3022 2830 id
3047 2776 3267 2847 agebat,
3304 2795 3409 2834 non
3447 2796 3604 2836 men-

2008 2858 2210 2926 tiendo,
2241 2861 2378 2916 sicut
2417 2863 2631 2932 quidam
2660 2867 3018 2936 suspicantur,
3051 2877 3106 2924 et
3150 2867 3206 2923 hi
3252 2871 3484 2927 maxime
3511 2873 3602 2944 qui

2005 2954 2118 3009 suis
2157 2955 2448 3010 mendaciis
2490 2957 2838 3015 defendendis
2862 3001 2877 3027 ,
2923 2977 3044 3030 qum
3081 2976 3288 3033 negare
3323 2979 3449 3018 non
3477 2981 3602 3035 pos-

2006 3051 2168 3113 sunt,
2190 3045 2412 3117 alicujus
2439 3049 2613 3119 magni
2643 3051 2872 3120 exempli
2905 3052 3258 3121 patrocinium
3287 3066 3553 3124 quaerunt.

2075 3134 2128 3190 5.
2171 3135 2376 3191 Deinde
2401 3137 2560 3193 etiam
2587 3139 2718 3194 illud
2740 3139 3335 3210 cogitandum,.nullum
3363 3159 3485 3201 esse
3508 3146 3608 3200 ho-

2006 3227 2203 3283 minem
2233 3228 2321 3298 qui
2352 3244 2458 3283 non
2489 3230 2658 3300 possit
2685 3231 2884 3286 habere
2909 3233 3124 3303 aliquod
3152 3234 3349 3289 bonum
3371 3237 3513 3306 quod
3545 3247 3611 3292 tu-

2006 3317 2241 3373 nonduin
2273 3319 2458 3385 habes,
2483 3321 2690 3376 etiamsi
2713 3321 2895 3387 lateat,
2915 3322 2970 3377 in
2991 3338 3098 3394 quo
3118 3324 3234 3379 sine
3253 3307 3415 3381 dubio
3436 3328 3618 3397 possit.

2005 3418 2059 3464 te
2108 3426 2228 3466 esse
2276 3411 2538 3482 superior.
2592 3413 2722 3479 Qu:e
2770 3414 3019 3484 cogitatio
3060 3415 3127 3470 ad
3171 3417 3601 3472 contundendam

2004 3501 2463 3574 edomandanique
2506 3506 2806 3574 superbiam
2839 3508 3008 3572 valet,
3053 3524 3120 3562 ne
3160 3509 3435 3564 arbitreris
3464 3528 3601 3580 quo-

2004 3595 2146 3650 niam
2177 3606 2263 3650 tua
2291 3597 2531 3665 quaedam
2565 3597 2699 3651 bona
2727 3598 2965 3654 eminent
2990 3609 3040 3652 et
3067 3611 3344 3670 appareant,
3378 3602 3496 3656 ideo
3525 3603 3602 3656 ιιΙι

2007 3695 2174 3742 terum
2203 3687 2346 3742 nulla
2376 3687 2572 3744 habere
2601 3706 2720 3759 qua:
2750 3691 2949 3744 lateant
2972 3733 2987 3756 ,
3020 3701 3073 3745 et
3111 3692 3353 3748 fortassis
3383 3694 3600 3762 majoris
3689 3721 3694 3726 -

2005 3779 2260 3848 ponderis
2302 3781 2438 3834 bona
2480 3781 2670 3850 quibus
2719 3791 2769 3835 te
2811 3793 3028 3852 superat
3080 3785 3427 3840 nescientem.
3483 3786 3599 3840 Non

2006 3885 2146 3924 enim
2177 3871 2321 3924 falli'
2348 3886 2478 3936 nos,
2509 3879 2602 3925 aut
2641 3873 2944 3926 adulatione
2987 3873 3161 3942 potius
3188 3877 3281 3941 uti,
3314 3877 3603 3946 Apostolus

2001 3961 2176 4031 jubet,
2207 3979 2328 4018 cum
2357 3963 2505 4030 dicit,
2539 3963 2688 4018 Nihil
2708 3981 2798 4036 per
2818 3967 3182 4020 contentionem
3203 3984 3359 4038 neque
3381 3986 3470 4038 per
3490 3970 3602 4023 ina-

2006 4074 2118 4111 nem
2142 4057 2378 4128 gloriam,
2402 4058 2490 4111 sed
2515 4059 2567 4110 in
2603 4057 2885 4112 humilitate
2911 4059 3088 4112 utentis
3109 4059 3236 4113 alter
3254 4061 3469 4114 alterum
3488 4063 3599 4115 exi-

2006 4151 2266 4207 stimantes
2283 4153 2592 4222 superiorem
2622 4151 2718 4208 sibi
2749 4151 3008 4225 (Philipp.
3037 4168 3096 4219 tt,
3127 4150 3217 4226 5).
3255 4153 3369 4209 Νοη
3401 4153 3499 4210 hoc
3531 4157 3610 4210 ita

2003 4244 2264 4300 debemus
2306 4246 2641 4313 existimare,
2675 4255 2730 4302 ut
2769 4262 2878 4301 non
2921 4246 3322 4313 existimemus,
3363 4247 3456 4302 sed
3505 4264 3604 4303 nos

2006 4338 2312 4393 existimare
2359 4339 2661 4408 ﬁngamus;
2693 4337 2788 4395 sed
2840 4355 2965 4403 vere
3011 4339 3376 4395 existimemus
3402 4341 3601 4411 aliquid

2008 4430 2275 4486 occultum
2303 4446 2424 4487 esse
2460 4447 2616 4502 posse
2656 4433 2708 4486 in
2737 4432 2844 4487 alio
2862 4474 2878 4499 ,
2906 4447 3012 4502 quo
3041 4432 3195 4487 nobis
3221 4433 3468 4504 superior
3494 4435 3564 4488 sit
3587 4475 3602 4498 .

2007 4523 2214 4578 etiamsi
2253 4524 2448 4578 bonum
2476 4533 2739 4592 nostrum,
2769 4539 2876 4594 quo
2904 4525 2994 4580 illo
3033 4523 3276 4579 videmur
3300 4525 3604 4594 superiores

2008 4629 2149 4679 esse,
2179 4630 2284 4670 non
2314 4615 2384 4670 sit
2411 4615 2699 4671 occultum.
2726 4615 2844 4670 lstze
2869 4615 3215 4687 cogitationes
3244 4615 3604 4686 deprimentes

2008 4709 2308 4778 superbiam
2335 4751 2349 4775 ,
2378 4719 2435 4764 ct
2472 4719 2726 4765 acuentes
2765 4709 3146 4774 charitatem',
3191 4709 3391 4766 faciunt
3438 4725 3603 4766 onera

2009 4799 2241 4857 fraterna
2280 4803 2530 4870 invicem,
2565 4818 2670 4858 non
2698 4803 2868 4858 solum
2898 4818 3052 4872 atquo
3084 4803 3284 4868 animo,
3316 4803 3410 4858 sed
3442 4804 3604 4858 etiam

2009 4893 2362 4949 libentissime
2387 4896 2658 4950 sustineri.
2687 4895 2846 4950 Nullo
2867 4895 3026 4950 modo
3044 4905 3220 4951 autem
3245 4895 3314 4950 de
3332 4909 3604 4964 quoquam

2009 4985 2227 5042 homine
2257 4987 2526 5058 incognito
2554 4986 2772 5043 ferenda
2801 4987 3063 5042 sententia
3093 4995 3174 5041 est
3197 5005 3211 5041 :
3237 4995 3292 5040 et
3318 5001 3478 5040 nemo
3503 4986 3602 5042 nisi

2009 5094 2105 5148 per
2127 5079 2412 5134 amicitiam
2432 5080 2790 5150 cognoscitur.
2823 5079 2887 5132 Et
2906 5078 3026 5132 ideo
3045 5077 3336 5130 amicorum
3358 5077 3495 5131 mala
3519 5081 3607 5130 tir-

2009 5171 2147 5223 mius
2171 5171 2517 5237 sustinemus,
2546 5170 2666 5240 quia
2692 5169 2830 5224 bona
2851 5182 3036 5223 eorum
3056 5183 3152 5222 nos
3175 5167 3507 5225 delectantet
3532 5181 3609 5226 te-

2008 5274 2112 5317 neu
2119 5271 2157 5316 ι.

2081 5355 2133 5409 6.
2174 5353 2382 5409 Nullius
2404 5353 2578 5422 itaque
2605 5349 2929 5422 repudianda
2955 5361 3038 5407 est
3061 5353 3294 5408 amicitia
3314 5367 3434 5410 sese
3461 5355 3606 5425 inge.

2017 5451 2193 5506 rentis
2271 5444 2337 5499 ad
2359 5443 2645 5498 amicitiam
2671 5442 3024 5513 copulandam
3044 5459 3060 5511 ;
3083 5459 3190 5500 non
3221 5453 3279 5499 ut
3305 5446 3484 5500 statim
3519 5463 3605 5502 re-

2009 5540 2254 5608 cipiatur,
2281 5537 2375 5592 sed
2398 5546 2454 5592 ut
2487 5536 2822 5607 recipiendus
2847 5547 3081 5608 optetur,
3110 5549 3268 5609 atque
3307 5537 3376 5593 ita
3404 5548 3604 5594 tmere-

2011 5642 2114 5698 tur,
2137 5641 2193 5687 ut
2211 5631 2372 5701 recipi
2401 5629 2585 5701 possit.
2611 5630 2758 5686 Illum
2783 5633 2925 5686 enim
2948 5640 3218 5702 receptum
3241 5633 3292 5687 in
3315 5633 3604 5688 amicitiam

2081 5813 2094 5841 ι
2125 5817 2257 5873 Lov.,
2273 5809 2498 5860 obediens
2524 5805 2671 5859 Patri.
2695 5811 2860 5873 Abest,
2885 5809 3112 5873 ρίαν-ἰωὴ
3131 5810 3273 5863 editis
3295 5808 3401 5861 aliis
3421 5817 3471 5860 et
3493 5797 3610 5860 Mss.‘

2077 5877 2094 5903 ε
2119 5845 2966 5935 ξῶἲὶἰρῖἷὲᾖέἒἰὶίἒέ.“ἶὶ’ὲὰἱίἓῖ”ἲῖιὴίῖἶ

2077 5937 2095 5966 ³
2116 5933 2232 5986 Tres
2255 5933 2381 5995 Mss.)
2404 5942 2629 5997 augmtes
2653 5933 2954 5985 charitutem.
