4136 6520
301 470 374 527 ως
1771 463 1895 521 LlBl

2017 464 2214 525 UNUS'.
3534 472 3616 529 δα

371 583 428 639 2.
450 581 586 638 Cum
618 596 752 654 ergo
774 580 1059 653 Apostolus
1085 579 1154 637 de
1193 579 1469 652 unigenito
1512 579 1607 636 Dei
1653 579 1790 636 Filio
1818 580 1902 635 lo-

297 687 579 750 queretur,
611 687 868 746 quantum
895 675 1126 746 pertinet
1163 672 1228 729 ad
1255 673 1371 745 ejus
1398 672 1729 729 divinitatem
1761 714 1776 738 ,
1810 687 1901 727 se-

297 770 533 826 cundum
562 769 614 824 id
636 769 780 837 quod
811 768 1122 823 verissimus
1174 767 1314 821 Deus
1343 775 1444 832 est,
1475 765 1721 835 aequalem
1766 763 1902 819 dixit

298 878 422 918 esse
452 861 620 926 Patri,
647 859 789 931 quod
813 877 913 914 non
937 859 985 915 ei
1014 857 1110 913 fuit
1136 866 1386 927 tanquam
1422 857 1678 926 rapinam,
1711 855 1762 909 id
1789 865 1892 922 est,

297 954 456 1024 quasi
485 953 720 1008 alienum
762 961 1052 1022 appetere,
1095 949 1138 1003 si
1190 963 1404 1016 semper
1460 961 1683 1002 manens
1732 945 1785 1000 in
1834 960 1898 1000 ea

300 1043 627 1114 aequalitate,
645 1043 811 1098 nollet
831 1041 1046 1096 homine
1073 1038 1240 1104 indui,
1259 1046 1311 1093 et
1339 1037 1636 1092 hominibus
1658 1045 1714 1091 ut
1741 1036 1899 1092 homo

302 1150 604 1205 apparere:
633 1134 728 1189 sed
768 1134 1088 1201 semetipsum
1136 1130 1409 1184 exinanivit
1439 1171 1454 1192 ,
1511 1146 1615 1184 non
1673 1127 1896 1182 formam

304 1241 458 1281 suam
485 1234 714 1292 mutans,
745 1223 837 1279 sed
860 1227 1078 1296 formum
1098 1221 1228 1274 servi
1255 1219 1542 1290 accipiens;
1575 1233 1748 1289 neque
1765 1233 1897 1273 con-

304 1333 492 1373 versus
518 1325 608 1372 aut
635 1323 1018 1370 transmutatns
1051 1314 1100 1368 iu
1136 1312 1428 1374 hominem,
1460 1311 1654 1367 amissa
1691 1312 1896 1365 incom-

302 1410 544 1465 inutabili
567 1409 877 1474 stabilitate,
906 1405 1000 1462 sed
1025 1419 1325 1476 quanquam
1361 1405 1376 1434 ¹
1405 1418 1589 1458 verum
1624 1401 1894 1457 hominem

298 1503 664 1574 suscipiendo,
693 1502 810 1571 ipse
830 1509 1123 1569 susceptor.
1148 1499 1199 1552 in
1230 1496 1614 1552 similitudinem
1637 1495 1896 1550 hominum

296 1599 490 1666 factus,
523 1609 628 1648 non
658 1592 779 1654 sibi,
809 1590 900 1646 sed
931 1591 1009 1645 eis
1036 1589 1304 1659 quibusin
1347 1586 1563 1642 homine
1611 1586 1892 1657 apparuit,

298 1687 477 1740 habitu
497 1687 725 1739 inventus
743 1695 817 1738 est
836 1693 890 1736 ut
907 1682 1055 1736 homo
1070 1679 1326 1752 (Philipp.
1346 1695 1404 1746 ιι,
1423 1680 1478 1747 6,
1494 1679 1547 1748 7)
1567 1696 1580 1745 ;
1607 1679 1655 1732 id
1671 1687 1772 1745 est;
1797 1677 1894 1733 ha-

297 1777 479 1834 bendo
508 1776 801 1840 hominem,
831 1775 1078 1829 inventus
1099 1781 1182 1828 est
1202 1780 1260 1825 ιιι
1280 1770 1462 1826 homo.
1486 1769 1600 1824 Non
1628 1769 1770 1823 enim
1803 1783 1897 1838 po-

295 1880 439 1926 terat
465 1866 690 1924 inveniri
715 1867 857 1921 Deus
883 1867 904 1897 '
933 1865 1000 1918 ab
1028 1865 1091 1918 iis
1115 1863 1205 1935 qui
1233 1877 1328 1917 cor
1368 1859 1701 1916 immundum
1730 1859 1894 1914 habe-

293 1960 450 2028 bant,
479 1969 536 2016 et
569 1958 800 2013 Verbum
827 1955 965 2026 apud
1000 1955 1210 2009 Patrem
1236 1951 1418 2008 videre
1461 1967 1569 2008 non
1607 1959 1892 2021 poterant,

293 2053 402 2109 nisi
430 2051 536 2107 hoc
553 2049 892 2121 suscipiendo
917 2047 1057 2118 quod
1079 2055 1297 2118 possent
1323 2045 1528 2112 videre,
1552 2053 1606 2100 et
1637 2060 1733 2115 per
1753 2044 1896 2114 quod

292 2145 362 2202 ad
389 2144 521 2200 illud
554 2144 731 2198 lumen
761 2141 982 2196 interius
1011 2138 1357 2195 ducerentur.
1391 2135 1496 2191 lste
1535 2144 1712 2191 autem
1738 2134 1895 2190 habi-

296 2247 382 2292 tus
402 2253 510 2292 non
541 2244 621 2290 est
648 2249 713 2289 ex
744 2232 918 2304 primo
941 2245 1170 2302 genere;
1203 2242 1308 2284 non
1330 2227 1473 2283 enim
1501 2240 1728 2282 manens
1763 2227 1814 2280 in
1838 2241 1898 2281 se

295 2339 488 2385 natura
520 2325 756 2382 hominis
784 2332 1026 2379 naturam
1070 2322 1163 2378 Dei
1203 2320 1788 2389 eommutavit:ncque
1830 2334 1895 2374 ex

293 2422 575 2485 secundo;
605 2435 710 2476 non
737 2418 880 2474 enim
903 2426 956 2472 et
976 2415 1196 2470 mutavit
1217 2414 1379 2470 homo
1405 2414 1570 2468 Deum
1595 2453 1608 2474 ,
1639 2419 1693 2466 et
1720 2419 1897 2466 muta-

293 2523 385 2570 tus
409 2523 493 2569 est
535 2511 714 2568 abillo
743 2527 757 2564 :
792 2525 966 2581 neque
985 2524 1054 2563 ex
1079 2516 1308 2578 quarto;
1343 2521 1447 2560 non
1497 2505 1640 2560 enim
1695 2504 1772 2559 sic
1806 2519 1895 2560 as-

292 2616 540 2676 sumptus
567 2614 648 2660 est
676 2603 859 2668 homo,
885 2611 941 2654 ut
968 2615 1138 2670 neque
1161 2600 1275 2671 ipse
1297 2604 1529 2652 mutaret
1559 2597 1723 2651 Deum
1745 2638 1760 2662 ,
1792 2611 1893 2652 nec

293 2697 368 2752 ab
389 2697 483 2752 illo
498 2702 794 2750 mutaretur
827 2691 959 2746 :scd
990 2690 1164 2760 potius
1207 2704 1273 2744 ex
1297 2688 1452 2742 tertio
1473 2703 1487 2752 ;
1511 2687 1590 2744 sic
1609 2685 1754 2742 enim
1802 2701 1892 2741 as-

294 2800 544 2860 sumptus
567 2797 671 2854 est,
706 2794 760 2840 ut
811 2791 1233 2840 commutaretur
1254 2783 1306 2836 in
1334 2780 1519 2834 melius
1549 2821 1564 2845 ,
1615 2788 1668 2834 et
1714 2779 1783 2833 ab
1830 2793 1897 2833 eo

293 2883 621 2940 formaretur
675 2876 1016 2934 ineﬂ'abiliter
1058 2873 1418 2929 excellentius
1472 2881 1632 2941 atque
1671 2870 1897 2940 conjun-

297 2980 444 3036 ctius
473 2991 632 3047 quam
665 2974 848 3039 vestis,
870 2987 991 3027 cum
1021 2970 1088 3024 ab
1116 2966 1333 3024 homine
1360 2965 1618 3021 induitur.
1650 2963 1761 3021 lloc
1803 2978 1892 3019 er-

288 3086 363 3142 go
385 3069 597 3124 habitus
617 3067 832 3122 nomine
856 3065 987 3119 satis
1014 3060 1334 3133 signiﬁcavit
1359 3060 1650 3129 Apostolus
1696 3071 1894 3128 quem-

290 3161 586 3217 admodum
613 3159 828 3222 dixerit,
859 3156 914 3211 in
942 3153 1325 3210 similitudinem
1382 3151 1643 3206 hominum
1692 3154 1894 3220 factus;

289 3255 418 3326 quia
442 3270 548 3308 non
579 3248 1042 3321 transﬁguratione
1069 3248 1120 3302 in
1152 3244 1447 3311 hominem,
1477 3241 1573 3297 sed
1607 3241 1786 3296 habitu
1807 3240 1893 3294 la-

289 3355 415 3401 ctus
442 3353 548 3410 est,
579 3357 698 3399 cum
727 3340 944 3395 indutus
968 3347 1052 3394 est
1079 3336 1501 3404 homine,quem
1549 3331 1649 3388 sibi
1705 3329 1896 3386 uniens

289 3437 534 3510 quodam
553 3435 712 3491 modo
736 3442 897 3503 atque
925 3430 1287 3494 conlormans,
1313 3425 1698 3482 immortalitati
1739 3434 1895 3480 aeter-

291 3530 558 3599 nitatique
579 3526 827 3584 sociaret.
854 3523 960 3580 Sed
985 3523 1134 3578 illum
1162 3521 1423 3588 habitum,
1452 3518 1543 3589 qui
1569 3527 1654 3574 est
1681 3517 1734 3572 in
1766 3531 1894 3588 per-

291 3621 548 3692 ceptione
575 3617 852 3688 sapientiae
872 3626 925 3671 et
954 3614 1278 3684 disciplinae,
1304 3611 1478 3668 Graeci
1517 3619 1613 3678 ιειν
1657 3617 1849 3664 vocant
1877 3627 1892 3664 :

293 3710 444 3766 hunc
472 3717 674 3774 autem,
704 3703 998 3763 secundum
1039 3717 1197 3773 quem
1240 3700 1469 3757 dicimus
1518 3700 1769 3755 vestitum
1808 3697 1898 3753 vel

290 3813 564 3861 armatum
587 3817 753 3871 σχῆμα
774 3800 952 3871 potius
974 3805 1186 3852 vocant.
1243 3795 1318 3849 Ex
1355 3808 1462 3863 quo
1491 3791 1803 3862 intelligitur
1826 3791 1894 3847 de

292 3899 402 3953 isto
426 3911 622 3968 genere
649 3893 866 3948 habitus
889 3891 1124 3946 locutum
1163 3888 1516 3959 Apostolum;
1557 3884 1894 3955 quandoqui-

290 3989 420 4044 dem
452 3988 504 4042 in
529 3985 720 4058 graecis
744 3981 1146 4052 exemplaribus
1189 3991 1406 4048 σχήματι
1452 3977 1707 4045 scriptum
1764 3984 1890 4041 est,

291 4078 441 4152 quod
469 4092 572 4134 nos
621 4077 677 4132 in
706 4074 888 4130 latinis
946 4073 1120 4128 habitu
1179 4070 1455 4126 habemus.
1507 4069 1624 4137 Quo
1678 4068 1895 4123 nomine

291 4177 514 4241 oportet
534 4167 758 4238 intelligi
796 4181 902 4222 non
942 4172 1209 4219 mutatum
1263 4177 1385 4217 esse
1423 4161 1656 4216 Verbum
1707 4175 1892 4215 susce-

293 4261 481 4332 ptione
502 4258 757 4324 hominis,
789 4256 948 4312 sicuti
991 4269 1090 4310 nec
1119 4253 1356 4308 membra
1381 4260 1530 4306 veste
1577 4249 1756 4305 induta
1779 4266 1894 4305 mu-

293 4360 481 4407 tantur
509 4367 525 4404 :
554 4363 858 4421 quanquam
887 4347 974 4402 illa
1016 4345 1286 4415 susceptio
1321 4343 1656 4397 ineﬁ‘abiliter
1704 4356 1889 4398 susce-

293 4453 446 4515 ptum
474 4441 783 4513 suscipienti
807 4439 1167 4510 copulaverit:
1201 4437 1296 4493 sed
1317 4444 1572 4506 quantum
1603 4437 1767 4491 verba
1795 4436 1894 4491 hu-

294 4554 456 4592 mana
487 4537 648 4592 rebus
667 4533 1024 4591 ineﬁabilibus
1050 4530 1285 4602 cooptari
1327 4537 1586 4599 possunt,
1620 4544 1688 4584 ne
1717 4537 1894 4583 muta-

295 4642 383 4686 tus
425 4629 756 4699 intelligatur
779 4627 922 4682 Deus
952 4625 1199 4679 humanae
1241 4621 1544 4691 fragilitatis
1571 4621 1896 4690 assumptio-

294 4739 366 4777 ne
388 4723 432 4788 ³,
467 4721 698 4778 electum
723 4726 808 4773 est
832 4725 889 4771 ut
914 4731 1089 4788 graece
1113 4730 1277 4784 σχῆμα
1295 4754 1310 4779 ,
1339 4721 1392 4768 et
1433 4712 1592 4767 latine
1617 4711 1892 4768 diceretur

295 4813 512 4868 habitus
539 4811 627 4866 illa
653 4808 942 4879 susceptio.

296 4902 539 4959 LXXIV.
568 4901 649 4956 De
675 4918 734 4956 eo
753 4900 892 4971 quod
935 4899 1178 4971 scriptum
1200 4908 1270 4953 est
1298 4900 1358 4971 in
1376 4898 1610 4970 Epistola
1657 4899 1810 4954 Pauli
1829 4899 1898 4952 ad

368 4975 694 5029 Colossenses
715 4990 734 5030 ξ
754 4969 810 5025 lu
839 4986 946 5041 quo
975 4970 1233 5025 habemus
1269 4969 1697 5040 redemptionem
1727 4980 1782 5024 et
1805 4985 1896 5025 re-

371 5046 683 5098 missionem
736 5051 1074 5112 peccatorum
1096 5082 1111 5107 ,
1143 5041 1232 5112 qui
1255 5050 1338 5096 est
1365 5041 1539 5112 imago
1569 5042 1661 5097 Dei
1713 5041 1896 5096 invisiv

371 5117 494 5170 bilis
523 5114 756 5187 (Coloss.
792 5129 828 5176 ι,
865 5113 950 5176 14,
985 5113 1096 5182 l5).

369 5207 551 5276 lniago
609 5215 666 5260 ct
718 5203 995 5274 aequalitas
1049 5210 1106 5256 et
1159 5202 1452 5256 similitudo
1528 5201 1896 5273 distinguenda

295 5311 441 5354 sunt.
473 5298 607 5365 Quia
633 5296 720 5350 ubi
746 5294 1212 5366 imago,eontinuo
1251 5294 1559 5358 similitudo,
1593 5311 1697 5349 non
1724 5297 1898 5350 conti-

297 5411 405 5444 nuo
438 5389 718 5460 aequalitas
752 5405 765 5441 :
797 5387 883 5440 ubi
906 5386 1205 5456 aequalitas,
1245 5387 1502 5439 continuo
1556 5387 1852 5441 similitudo
1883 5430 1894 5448 ,

297 5502 402 5537 non
427 5483 686 5537 continuo
737 5481 912 5549 imago
945 5496 958 5531 :
993 5478 1080 5532 ubi
1111 5478 1402 5532 similitudo
1433 5519 1447 5541 ,
1499 5495 1603 5532 tum
1647 5480 1902 5533 continuo

297 5579 495 5646 imago,
521 5590 624 5629 neu
653 5573 912 5628 continuo
934 5571 1230 5640 aequalitas.
1267 5570 1365 5626 Ubi
1397 5571 1571 5641 imago
1603 5612 1616 5635 ,
1645 5573 1901 5626 Continuo

360 5721 375 5746 ι
404 5716 475 5764 sic
501 5721 605 5762 Mss.
635 5726 764 5761 oeto.
795 5717 848 5758 At
873 5711 1006 5766 editi,
1036 5711 1122 5759 sed
1147 5716 1392 5771 tanquam.
1793 5741 1796 5744 -

357 5780 377 5809 ι
401 5775 744 5826 r:istt-.reiensis
767 5773 918 5835 mxlex'
941 5773 1144 5832 omittit,
1180 5781 1333 5832 nam;
1357 5771 1496 5833 cujus
1518 5772 1647 5820 vocis
1672 5771 1775 5822 loco
1801 5772 1903 5835 plu-

294 5853 381 5891 res
402 5847 510 5889 διεδ.
541 5839 750 5895 habent,
776 5841 824 5882 ut
849 5833 1004 5883 homo.

357 5904 378 5934 ³
403 5911 499 5950 nat.
531 5907 603 5946 Fr.
628 5906 680 5948 et
707 5897 931 5961 plerique
956 5903 1084 5952 Mss,
1109 5904 1396 5960 asstmqvtor.
1417 5923 1475 5931 -—
1494 5896 1566 5946 Sic
1588 5898 1731 5948 etiam
1750 5895 1902 5958 Lugd.

292 5973 489 6017 θιιω.
559 5971 620 6012 ιι.

2012 582 2324 643 similitudo.
2356 599 2458 640 non
2494 589 2749 643 continuo
2769 587 3080 660 aequalitas:
3107 597 3167 644 ut
3192 588 3244 643 in
3271 588 3488 662 speculo
3518 595 3600 644 est

2014 672 2188 744 imago
2214 675 2470 741 hominis,
2505 678 2626 746 quia
2654 676 2721 731 de
2749 677 2839 732 illo
2855 693 3107 750 expressa
3135 688 3252 746 est;
3305 689 3388 736 est
3433 682 3595 736 etiam

2013 766 2316 821 necessario
2344 767 2636 821 similitudo
2670 810 2684 834 ,
2739 783 2844 823 non
2886 777 3062 824 tamen
3117 770 3431 840 aequalitas,
3474 772 3598 841 quia

2010 857 2174 911 multa
2197 857 2390 912 desunt
2415 858 2652 928 imagini,
2687 875 2806 930 quae
2829 867 3005 915 tamen
3059 861 3239 916 insunt
3297 861 3372 915 illi
3416 863 3492 917 rei
3533 861 3600 917 de

2009 962 2111 1018 qua
2132 963 2382 1018 expressa
2414 958 2515 1004 est.
2547 948 2646 1007 Ubi
2679 951 2977 1020 aequalitas,
2996 951 3251 1005 continuo
3283 951 3596 1014 similitudo,

2010 1054 2118 1094 non
2139 1040 2393 1094 continuo
2429 1040 2636 1110 imago:
2671 1043 2817 1096 velut
2848 1041 2899 1094 in
2936 1040 3143 1096 duobus
3171 1042 3285 1094 ovis
3336 1041 3550 1110 paribus
3579 1085 3592 1105 ,

2006 1129 2131 1200 quia
2154 1130 2294 1185 inest
2321 1131 2615 1200 aequalitas,
2639 1131 2847 1187 inestet
2871 1131 3199 1197 similitudo;
3247 1146 3596 1201 quaecumque

2006 1223 2149 1277 enim
2175 1221 2369 1276 adsunt
2395 1223 2508 1286 uni,
2540 1222 2731 1278 adsunt
2758 1223 3016 1288 etalturi;
3051 1223 3224 1292 imago
3255 1231 3432 1277 tamen
3491 1238 3603 1276 non

2005 1323 2107 1382 est,
2136 1315 2258 1386 quia
2285 1324 2532 1370 neutrum
2553 1315 2621 1371 de
2645 1317 2816 1373 altero
2840 1330 3152 1387 expressum
3179 1326 3278 1372 est.
3321 1315 3421 1371 Ubi
3444 1315 3595 1370 simi-

2005 1405 2199 1473 litndo,
2225 1421 2331 1462 non
2384 1407 2640 1462 continuo
2666 1408 2860 1478 imago,
2885 1423 2990 1463 non
3015 1408 3272 1464 continuo
3299 1407 3591 1477 aequalitas:

2004 1513 2164 1554 omne
2179 1499 2378 1569 quippe
2403 1514 2562 1554 ovum
2585 1499 2868 1563 omniovo,
2899 1499 2950 1553 in
2981 1507 3238 1569 quantum
3277 1511 3438 1552 ovum
3480 1508 3556 1552 est
3577 1539 3591 1560 ,

2003 1592 2178 1647 simile
2203 1601 2314 1657 est;
2343 1591 2436 1647 sed
2457 1608 2618 1647 ovum
2650 1591 2882 1662 perdicis
2901 1633 2918 1658 ,
2948 1591 3192 1662 quamvis
3237 1590 3289 1644 in
3337 1598 3592 1660 quantum

2002 1703 2160 1742 ovum
2189 1695 2289 1752 est,
2312 1687 2487 1742 simile
2535 1686 2604 1740 sit
2647 1701 2750 1741 ovo
2769 1685 3000 1754 gallinae,
3047 1699 3147 1740 nec
3189 1683 3367 1754 imago
3416 1691 3592 1737 tamen

2002 1779 2117 1850 ejus
2144 1787 2245 1844 est,
2268 1779 2388 1848 quia
2419 1779 2486 1834 de
2517 1779 2608 1833 illo
2633 1793 2944 1848 expressum
2999 1795 3105 1832 non
3135 1785 3251 1843 est;
3283 1792 3382 1832 nec
3410 1791 3592 1847 aequa-

2004 1870 2054 1926 le
2071 1913 2086 1935 ,
2110 1870 2232 1942 quia
2257 1871 2472 1926 brevius
2500 1880 2583 1925 est
2606 1911 2620 1933 ,
2641 1878 2697 1926 et
2720 1870 2939 1926 alterius
2975 1869 3188 1940 generis
3220 1869 3589 1924 animantium.

2002 1963 2107 2018 Sed
2131 1963 2217 2019 ubi
2245 1963 2457 2028 dicitur,
2483 1963 2596 2018 Non
2625 1964 2900 2028 continuo,
2931 1965 3111 2034 utique
3138 1963 3450 2033 intelligitur
3467 1963 3590 2034 quia

2001 2071 2122 2112 esse
2146 2055 2431 2127 aliquando
2461 2065 2654 2126 potest.
2690 2055 2874 2112 Potest
2897 2071 3024 2126 ergo
3049 2069 3170 2110 esse
3213 2055 3386 2127 aliqua
3418 2055 3592 2124 imago

2003 2149 2056 2204 in
2086 2164 2188 2220 qua
2211 2149 2281 2204 sit
2303 2150 2464 2204 etiam
2492 2149 2809 2220 aequalitas:
2835 2158 2893 2204 ιιι
2935 2149 2987 2203 in
3043 2147 3350 2218 parentibus
3390 2157 3446 2203 et
3471 2147 3591 2202 ﬁliis
3617 2161 3642 2188 ν

2002 2240 2330 2296 inveniretur
2351 2241 2528 2312 imago
2547 2250 2602 2296 et
2619 2240 2897 2311 aequalitas
2917 2251 2970 2295 et
2995 2239 3288 2294 similitudo
3306 2282 3320 2305 ,
3348 2240 3393 2296 si
3423 2239 3590 2294 inter-

2001 2332 2198 2387 vallum
2229 2332 2483 2404 temporis
2503 2331 2795 2399 defuisset;
2838 2348 2961 2387 nam
3012 2341 3066 2388 et
3114 2333 3182 2388 de
3233 2341 3454 2404 parente
3500 2348 3590 2388 cx-

2001 2438 2186 2494 pressa
2213 2432 2295 2479 est
2318 2423 2612 2479 similitudo
2639 2424 2752 2488 ﬁlii,
2778 2431 2836 2479 ut
2858 2433 3003 2479 recte
3050 2422 3262 2480 dicatur
3311 2425 3507 2494 imago,
3536 2435 3591 2479 et

2002 2523 2177 2584 potest
2212 2529 2333 2568 esse
2383 2523 2526 2568 tanta
2553 2555 2567 2578 ,
2610 2524 2668 2568 ut
2698 2524 2842 2570 recte
2863 2515 3022 2568 etiam
3053 2514 3262 2569 dicatur
3288 2515 3584 2586 aequalitas,

2002 2603 2104 2658 nisi
2129 2603 2269 2674 quod
2299 2619 2488 2674 parem
2512 2613 2749 2672 tempore
2772 2605 3065 2672 praecessit.
3097 2604 3172 2658 Ex
3198 2619 3302 2674 quo
3343 2605 3590 2674 intelligi-

2004 2705 2090 2749 tur
2117 2704 2170 2750 et
2199 2693 2483 2764 aliquando
2506 2695 2863 2763 aequalitatem
2896 2710 3000 2748 non
3055 2695 3228 2748 solum
3279 2695 3585 2748 similitudi—

2001 2804 2122 2844 nem
2143 2788 2362 2852 haherc,
2396 2787 2488 2842 sed
2512 2788 2672 2842 etiam
2705 2787 2987 2857 imaginem
3013 2805 3027 2852 ;
3052 2789 3190 2858 quod
3245 2789 3294 2841 in
3329 2789 3598 2858 superiori

2001 2881 2248 2952 exemplo
2275 2879 2611 2936 manifestum
2643 2890 2741 2935 est.
2775 2881 2954 2935 Potest
2982 2880 3143 2935 etiam
3183 2880 3467 2950 aliquando
3520 2881 3591 2933 si-

2003 2972 2246 3028 militudo
2272 2987 2392 3026 esse
2412 2980 2468 3026 et
2511 2973 2811 3041 aequalitas,
2841 2972 3088 3041 quamvis
3113 2988 3218 3026 non
3261 2972 3330 3026 sit
3377 2972 3588 3041 imago;

2003 3074 2060 3118 ut
2087 3063 2155 3118 de
2175 3063 2384 3118 duobus
2404 3064 2518 3117 uvis
2555 3062 2771 3132 paribus
2800 3063 3000 3119 dictum
3045 3074 3148 3118 est.
3207 3064 3386 3119 Potest
3430 3064 3589 3118 etiam

1999 3155 2292 3210 similitudo
2317 3164 2371 3210 et
2400 3155 2574 3224 imago
2603 3170 2745 3219 esse,
2768 3159 3012 3224 quamvis
3051 3170 3156 3210 non
3185 3156 3548 3226 sitaeqnalitas
3575 3172 3589 3216 ;

2003 3254 2060 3300 ut
2085 3246 2136 3300 in
2163 3245 2380 3315 speculo
2401 3245 2752 3302 ostendimus.
2797 3246 2980 3305 Potest
3027 3256 3082 3302 et
3108 3246 3546 3303 similitudoesse
3573 3289 3606 3312 .,

2001 3337 2090 3392 ubi
2120 3348 2175 3392 et
2203 3337 2475 3408 aequalitas
2495 3345 2550 3392 et
2579 3335 2753 3407 imago
2783 3338 2883 3404 sit;
2913 3338 3053 3393 sicut
3094 3337 3163 3394 de
3209 3337 3328 3395 ﬁliis
3354 3353 3590 3393 commc-

2000 3428 2348 3495 moravimus,
2373 3437 2598 3499 excepto
2627 3437 2891 3499 tempore,
2920 3444 3027 3500 quo
3055 3429 3363 3500 praecedunt
3395 3445 3600 3501 paren-.

2003 3531 2104 3578 tes.
2133 3521 2224 3578 Sic
2250 3522 2394 3576 enim
2428 3521 2690 3592 aequalem
2745 3522 3004 3596 syllabam
3057 3523 3551 3596 syllabae’dicimus
3575 3541 3610 3589 ;-

2001 3613 2244 3683 quamvis
2268 3612 2436 3668 altera
2469 3613 2766 3681 praecedat,
2790 3613 2956 3670 altera
3002 3615 3374 3684 subsequatur.
3400 3614 3454 3670 lo
3483 3615 3593 3672 Deo

1999 3714 2200 3770 autem,
2229 3705 2350 3774 quia
2377 3704 2614 3760 conditio
2640 3705 2894 3776 temporis
2923 3715 3110 3772 vacat;
3153 3724 3256 3762 nou
3305 3710 3446 3766 enim
3490 3726 3587 3780 po-

2003 3805 2106 3851 lcst
2122 3804 2268 3851 recte
2293 3796 2460 3850 videri
2482 3796 2623 3851 Deus
2651 3797 2701 3850 in
2732 3805 2973 3868 tempore
3006 3813 3294 3867 generasse
3353 3799 3544 3854 Filium
3573 3841 3587 3864 ,

1999 3904 2095 3960 per
2116 3904 2276 3960 quem
2299 3887 2538 3943 condidit
2584 3900 2822 3964 tempora
2853 3907 2866 3942 :
2899 3904 3233 3960 consequens
3288 3901 3369 3946 est
3398 3900 3456 3946 ut
3482 3909 3586 3946 non

1999 3979 2172 4035 solum
2201 3979 2272 4033 sit
2294 3980 2470 4049 imago
2497 3979 2634 4048 ejus,
2675 3979 2799 4049 quia
2821 3978 2889 4035 de
2918 3979 3009 4035 illo
3035 3989 3138 4045 est,
3171 3990 3226 4035 et
3268 3980 3582 4044 similitudo,

1998 4072 2120 4143 quia
2144 4072 2315 4142 imago
2334 4069 2551 4141 (Coloss.
2571 4087 2608 4135 t,
2640 4069 2769 4140 15);
2800 4071 2895 4126 sed
2929 4071 3088 4126 etiam
3119 4072 3394 4143 aequalitas
3421 4081 3589 4137 tanta,

2000 4179 2100 4220 nec
2118 4162 2372 4232 temporis
2400 4161 2617 4231 quidem
2649 4161 2985 4218 intervallum
3012 4163 3396 4232 impedimento
3425 4163 3513 4219 sit.

2409 4254 2620 4309 LXXV.
2651 4253 2730 4311 De
2757 4255 3049 4310 haereditate
3066 4255 3180 4311 Dei.

2074 4351 2125 4402 l.
2148 4347 2298 4403 Sicut
2326 4346 2617 4416 Apostolus
2642 4346 2707 4400 ad
2754 4346 3008 4404 Hebraeos
3027 4347 3186 4414 dicit,
3221 4347 3590 4404 Testamentum

2001 4440 2252 4494 testatoris
2291 4447 2454 4493 morte
2501 4439 2734 4508 [irritatur
2768 4437 2971 4512 (Hebr.
3019 4455 3092 4502 Ix,
3121 4441 3184 4496 i7
3207 4440 3269 4513 );
3311 4452 3592 4513 propterea

2001 4541 2213 4587 mortuo
2243 4547 2339 4601 pro
2369 4531 2521 4586 nobis
2542 4531 2776 4597 Christo,
2818 4531 3023 4587 Novum
3055 4532 3456 4590 Testamentum
3505 4536 3594 4590 [iro

2004 4633 2207 4680 malum
2239 4638 2360 4679 esse
2410 4623 2638 4678 asserit:
2669 4623 2822 4694 cujus
2852 4623 3144 4680 similitudo
3188 4625 3354 4682 Vetus
3395 4627 3588 4682 Testa-

2003 4727 2242 4774 mentum
2263 4727 2399 4782 erat,
2430 4717 2481 4771 in
2518 4732 2625 4786 quo
2669 4732 2815 4773 mors
2867 4719 3136 4774 testatoris
3182 4734 3278 4790 per
3323 4721 3591 4778 victimam

2004 4808 2466 4880 praeﬁgurabatur.
2497 4809 2550 4863 Si
2574 4823 2705 4878 ergo
2739 4817 3011 4878 quaeratur
3061 4811 3333 4880 quomodo
3376 4813 3545 4868 simtts
3576 4855 3590 4875 .

2003 4900 2294 4956 secundum
2324 4898 2562 4967 ejusdem
2589 4899 2830 4968 Apostoli
2861 4900 3044 4964 verba,
3075 4901 3360 4959 cohwredes
3382 4903 3589 4969 Christi,

2003 5001 2055 5048 et
2080 4993 2176 5064 ﬁlii
2202 5001 2363 5061 atque
2390 4991 2612 5045 hwredes
2635 4990 2726 5044 Dei
2750 4991 2766 5062 (
2789 4991 2937 5046 Rom.
2971 5008 3084 5056 Vlll,
3112 4994 3176 5049 Π
3196 4993 3249 5061 );
3281 5009 3402 5048 cum
3426 4995 3588 5048 etiam

2004 5083 2290 5140 haereditas
2319 5093 2490 5139 morte
2507 5082 2807 5138 decessoris
2845 5083 2994 5137 ﬁrma
3020 5093 3280 5149 teneatur,
3334 5101 3431 5140 nec
3485 5087 3595 5143 ullo

2002 5177 2109 5232 alio
2146 5175 2306 5232 modo
2362 5176 2529 5245 possit
2578 5175 2863 5229 haereditas
2909 5175 3168 5246 intelligi:
3199 5180 3556 5248 respondetur
3581 5225 3596 5246 ,

2005 5269 2121 5338 ipso
2145 5266 2361 5338 quidem
2395 5274 2604 5320 mortuo
2637 5265 2802 5318 factos
2850 5281 2946 5320 nos
2991 5282 3111 5321 esse
3162 5266 3429 5335 ha-redes,
3466 5288 3600 5342 quo-

2007 5362 2146 5416 niam
2195 5359 2286 5412 lilii
2337 5358 2453 5428 ejus
2483 5357 2646 5410 etiam
2673 5355 2798 5410 dicti
2827 5373 3030 5413 sumus.
3065 5358 3186 5414 Non
3211 5362 3474 5432 jejunum.
3513 5365 3599 5419 in-

2007 5453 2138 5522 quit,
2170 5451 2264 5518 filii
2286 5449 2479 5518 sponsi,
2506 5447 2747 5513 quamdiu
2769 5465 2883 5502 cum
2909 5450 3013 5505 illis
3037 5461 3108 5504 est
3125 5469 3340 5523 sponsus
3367 5455 3385 5526 (
3411 5455 3599 5511 Matth.

2008 5560 2086 5609 ix,
2130 5541 2243 5612 15).
2273 5539 2526 5595 llaeredes
2579 5555 2709 5610 ergo
2747 5541 3177 5613 ejus‘dicimur,
3217 5550 3340 5617 quia
3387 5549 3601 5618 reliquit

2009 5637 2164 5692 nobis
2191 5635 2336 5704 pacis
2359 5633 2741 5689 ecclesiaSticae
2759 5637 3155 5706 possessionem
3185 5656 3278 5709 per
3295 5640 3452 5695 ﬁdem
3475 5651 3604 5696 tem-

2013 5729 2210 5800 poralis
2237 5726 2668 5796 diSpensatiouis,
2698 5744 2858 5797 quam
2887 5729 2938 5783 in
2958 5729 3057 5787 hac
3083 5732 3188 5785 vita
3215 5732 3554 5803 possidemus
3584 5772 3600 5798 .

2009 5822 2152 5892 quod
2177 5829 2400 5876 testatus
2421 5829 2501 5874 est
2527 5819 2732 5887 dicens,
2758 5820 3119 5878 Puccmmcam
3151 5827 3213 5879 do
3259 5825 3414 5890 vobis,
3431 5844 3622 5896 pacem,

2075 5961 2084 5986 ε
2124 5965 2237 6016 vox,
2261 5955 2383 6018 ejus,
2410 5959 2547 6007 abest
2580 5971 2608 6006 a
2633 5963 2730 6007 Rat.
2757 5964 2808 6007 et
2832 5957 3051 6019 pluribus
3073 5965 3176 6010 λιες.
