4136 6558
485 462 549 517 87
1201 449 1289 505 DE
1329 443 1641 503 DIVERSIS
1679 435 2200 512 QUESTIONIBUS
2237 431 2525 499 LXXXIII,
2564 431 2620 488 S.
2662 428 3031 488 AUGUSTINI
3699 429 3768 486 88

485 578 717 644 relinquo
771 569 902 624 vobis
941 565 1128 639 (Joan.
1189 577 1309 628 xw,
1349 558 1474 628 27).
1531 554 1851 612 Coluercdes
1896 559 2072 604 autem

483 667 602 737 ejus
622 643 934 727 ellicicmur,
963 671 1087 713 cum
1115 655 1166 710 in
1191 653 1294 709 line
1319 651 1503 708 saeculi
1527 666 1671 704 mors
1699 643 2072 700 absorbcbitnr

490 734 540 811 in
587 754 861 809 victoriam
913 749 976 821 (I
1008 747 1127 803 Cor.
1156 762 1251 811 xv,
1277 745 1391 813 54).
1420 743 1572 796 Tunc
1599 740 1740 795 enim
1782 736 1985 791 similes
2027 734 2074 788 ei

488 848 716 909 erimus,
741 841 956 914 quando
985 839 1278 896 videbimus
1315 850 1440 891 eum
1487 832 1644 888 sicuti
1690 839 1774 886 est
1818 827 1873 898 (I
1915 825 2072 880 Joan.

490 955 563 1003 ιιι,
589 938 666 1008 2).
687 937 857 1004 Quam
887 932 1252 988 hmreditatem
1277 945 1380 984 ιιοιι
1407 926 1522 996 ejus
1544 923 1716 978 Patris
1751 928 1922 974 morte
1962 915 2078 971 adi-

493 1029 768 1098 piscimur,
799 1025 888 1096 qui
917 1023 1052 1080 mori
1085 1037 1191 1077 non
1227 1027 1436 1091 potest;
1488 1011 1917 1086 quandoquidem
1969 1008 2083 1078 ipse

490 1122 548 1174 lit
579 1118 866 1180 lttcreditas
893 1127 1104 1180 nostra,
1137 1111 1428 1168 secundum
1476 1105 1602 1162 illud
1644 1103 1786 1174 quod
1826 1099 2081 1168 scriptum

492 1221 598 1276 est,
631 1209 885 1262 Dominus
903 1223 1023 1278 pars
1054 1202 1361 1260 Inereditatis
1391 1214 1514 1254 mea:
1541 1197 1560 1268 (
1586 1194 1728 1249 Psal.
1749 1209 1840 1258 xv,
1867 1191 1921 1260 5)
1953 1187 2084 1244 :sed

491 1302 766 1374 quoniam,
795 1316 914 1356 cum
944 1299 1111 1354 vocati
1133 1310 1318 1352 sumus
1341 1293 1515 1348 adhuc
1544 1287 1767 1360 parvuli,
1791 1295 1845 1339 ct
1873 1282 1938 1336 ad
1977 1280 2085 1351 spi-

493 1371 702 1450 ritualia
728 1390 1135 1462 contemplanda
1166 1388 1340 1443 minus
1377 1383 1576 1448 idonei,
1608 1395 1771 1449 usque
1796 1376 1862 1430 ad
1890 1371 2086 1427 humil-

497 1489 650 1542 limas
673 1494 883 1539 nostras
903 1482 1252 1553 cogitationes
1275 1494 1334 1533 se
1354 1477 1534 1532 divina
1578 1469 1852 1528 miseratio
1898 1479 2088 1535 porre-

497 1578 596 1643 xit,
618 1585 676 1630 ut
695 1573 1196 1646 quomodocumque
1221 1582 1446 1624 cernere
1469 1564 1784 1626 niteremur,
1810 1555 1954 1628 quod
1983 1569 2088 1609 non

501 1669 775 1724 evidenter
794 1675 952 1737 atque
981 1662 1260 1735 perspicue
1278 1658 1651 1720 cernebamus,
1703 1651 1932 1721 idipsum
1977 1660 2091 1701 mo-

500 1761 634 1814 ritur
665 1735 1177 1828 quodin—zenigmate
1197 1749 1580 1810 cernebamus,
1608 1758 1729 1799 cum
1760 1739 1891 1796 facie
1914 1737 1980 1792 ad
2008 1735 2091 1790 fa-

500 1852 639 1906 ciem
668 1863 892 1906 cernere
931 1845 1275 1916 coeperimus.
1325 1839 1718 1896 Convenienter
1746 1846 1873 1903 ergo
1901 1828 2094 1884 dicitur

507 1941 827 1995 moriturum
852 1952 973 1993 esse
1015 1933 1156 2006 quod
1202 1927 1659 1988 auferetur:(.'um
1697 1933 1864 1978 autem
1907 1919 2095 1974 venerit

502 2031 638 2101 quod
667 2033 942 2100 perfectum
967 2036 1061 2094 est,
1091 2024 1348 2094 auferetur
1369 2020 1503 2092 quod
1525 2034 1587 2073 ea:
1628 2024 1770 2088 parte
1799 2021 1868 2066 est
1896 2010 1948 2084 (I
1974 2008 2092 2064 Cor.

502 2139 622 2189 xm,
653 2121 766 2194 10).
798 2121 871 2176 Ita
901 2119 1057 2175 nobis
1091 2115 1323 2188 quodam
1367 2111 1528 2168 modo
1577 2109 1802 2164 moritur
1837 2105 1995 2160 Pater
2041 2103 2094 2156 in

504 2193 788 2284 aenigmate
816 2253 831 2279 ,
863 2220 918 2266 et
952 2209 1094 2266 idem
1127 2209 1240 2278 ipse
1276 2207 1334 2260 ﬁt
1358 2202 1644 2260 hat-reditas
1664 2241 1677 2265 ,
1721 2214 1840 2254 cum
1871 2196 2001 2251 facie
2030 2193 2096 2248 ad

505 2307 697 2362 faciem
732 2306 943 2361 videtur
975 2305 1027 2370 ¹;
1060 2319 1164 2358 ιιοιι
1189 2301 1310 2372 quia
1343 2299 1455 2368 ipse
1496 2295 1740 2360 moritur,
1778 2290 1873 2346 sed
1901 2291 2098 2358 imper-

507 2398 648 2454 fecta
676 2399 728 2452 in
750 2413 873 2453 eum
907 2406 1087 2451 nostra
1112 2393 1248 2448 visio
1273 2389 1512 2462 perlecta
1538 2387 1744 2441 visione
1773 2382 2051 2453 perimitur
2081 2397 2094 2432 :

507 2502 562 2548 et
584 2502 760 2547 tamen
783 2490 885 2545 nisi
914 2489 1001 2544 illa
1039 2486 1186 2558 prior
1216 2498 1314 2540 nos
1348 2481 1597 2545 nutriret,
1622 2477 1689 2532 ad
1715 2477 1872 2530 aliam
1908 2474 2100 2544 plenis-

507 2583 697 2637 simam
726 2589 780 2635 et
809 2576 1263 2634 evidentissimum
1284 2587 1387 2628 non
1415 2570 1753 2625 efﬁceremur
1779 2563 1979 2619 idonei.

575 2672 631 2726 2.
672 2669 824 2740 Quod
872 2668 920 2724 si
960 2668 1122 2726 etiam
1168 2665 1236 2720 de
1279 2663 1506 2720 Domino
1534 2659 1664 2716 Jesu
1703 2656 1942 2722 Christo,
1992 2668 2099 2709 non

507 2762 802 2818 secundum
834 2758 1067 2814 Verbum
1116 2757 1167 2811 iu
1219 2753 1480 2825 principio
1533 2751 1702 2806 Deum
1753 2746 1891 2817 apud
1934 2745 2101 2800 Deum

509 2852 691 2920 (Joan.
724 2867 761 2916 ι,
796 2849 873 2920 1),
902 2847 996 2903 sed
1043 2845 1337 2902 secundum
1388 2855 1632 2912 puerum,
1664 2837 1754 2908 qui
1794 2835 2106 2907 proﬁciebat

510 2951 666 2998 aetate
693 2956 757 2996 ac
804 2938 1065 3008 sapientia
1095 2935 1254 3009 (Luc.
1285 2950 1344 3000 ιι,
1374 2930 1490 3004 40),
1524 2931 1642 3001 pius
1673 2929 1972 2984 intellectus
2011 2925 2106 2980 ad-

511 3034 708 3098 mittit,
759 3029 974 3100 propria
1018 3027 1106 3082 illa
1153 3023 1492 3095 susceptione
1533 3027 1763 3085 servata,
1793 3033 1910 3088 qnze
1953 3030 2105 3070 com-

515 3125 691 3181 munis
719 3123 768 3178 ei
796 3136 916 3177 cum
941 3118 1153 3174 carteris
1180 3114 1483 3170 hominibus
1519 3127 1622 3166 non
1667 3119 1769 3176 est,
1801 3109 1955 3177 cujus
1992 3117 2109 3161 tau-

515 3231 677 3286 quam
703 3222 873 3269 morte
913 3209 1186 3282 possideat
1219 3205 1610 3278 Increditatem,
1639 3198 1977 3255 manifestum
2003 3205 2106 3253 est.

514 3310 631 3364 Non
663 3307 806 3364 enim
833 3319 932 3361 nos
950 3301 1261 3359 colueredes
1294 3299 1409 3370 ejus
1435 3312 1556 3354 esse
1593 3308 1896 3366 possumus,
1928 3293 2028 3347 nisi
2055 3300 2110 3346 et

517 3405 632 3474 ipse
671 3401 845 3455 hmres
871 3399 960 3454 sit.
1002 3396 1058 3452 Si
1085 3404 1262 3449 autem
1295 3393 1462 3463 pietas
1499 3389 1602 3445 hoc
1637 3404 1742 3442 non
1770 3385 2022 3449 admittit,
2055 3392 2111 3438 ut

516 3496 690 3566 primo
718 3508 783 3548 cx
826 3498 975 3562 parte
1013 3487 1220 3542 videret
1263 3484 1425 3539 homo
1457 3481 1762 3537 Dominicus
1787 3477 1884 3550 (ιι),
1916 3475 2111 3532 deinde

517 3605 586 3643 ex
613 3595 726 3641 toto
746 3596 1045 3654 quanquam
1076 3581 1128 3635 in
1155 3576 1414 3648 sapientia
1442 3573 1701 3645 prolicere
1730 3569 1904 3625 dictus
1927 3568 2026 3632 sit;
2056 3566 2110 3620 in

519 3691 747 3748 corpore
777 3690 875 3730 suo
903 3672 1226 3743 intelligatur
1257 3668 1449 3732 haeres,
1483 3664 1535 3721 id
1562 3673 1644 3720 est
1672 3661 1934 3728 Ecclesia,
1961 3659 2113 3728 cujus

520 3768 830 3827 coltzcredes
867 3782 1051 3823 sumus
1094 3783 1106 3819 :
1155 3759 1603 3834 quemadmodum
1630 3757 1722 3812 lilii
1766 3755 1884 3826 ejus
1928 3753 2114 3809 matris

519 3865 773 3928 dicimur,
806 3860 1048 3932 quamvis
1073 3875 1137 3914 ex
1167 3857 1321 3914 nobis
1347 3862 1576 3911 constet.

593 3958 645 4012 ’5.
687 3953 794 4011 Sed
822 3968 1033 4009 rursum
1061 3950 1224 4022 qu:rri
1267 3954 1460 4019 potest,
1492 3945 1646 4014 cujus
1675 3948 1848 3998 morte
1883 3938 2003 3995 lacti
2044 3937 2115 3992 si-

520 4062 641 4101 mus
670 4046 830 4101 etiam
867 4059 964 4097 nos
995 4039 1278 4095 haereditas
1307 4037 1422 4102 Dei,
1449 4033 1741 4090 secundum
1779 4030 1929 4094 illud,
1969 4027 2114 4082 Dabo

521 4138 612 4190 tibi
631 4145 800 4207 gentes
830 4131 1171 4186 Increditatem
1202 4128 1374 4181 tuam'
1420 4123 1589 4198 (Psal.
1631 4140 1690 4190 tt,
1718 4121 1772 4194 8)
1799 4139 1811 4174 :
1848 4120 1948 4174 nisi
1981 4118 2116 4172 forte

521 4228 683 4298 hujus
710 4223 912 4290 mundi,
943 4237 1050 4292 quo
1091 4221 1235 4292 prius
1275 4227 1524 4288 tanquam
1554 4215 1862 4270 dominante
1901 4211 2119 4266 teneba-

523 4333 666 4370 mur.
695 4315 823 4370 Post
841 4323 1018 4368 autem
1044 4326 1165 4365 cum
1188 4309 1432 4373 dicimus,
1454 4306 1585 4360 Mihi
1605 4304 1824 4358 mundus
1845 4301 2119 4370 cruciﬁxus

523 4420 620 4476 est,
653 4416 699 4461 et
727 4423 817 4478 ego
853 4403 1040 4458 mundo
1069 4399 1262 4476 (Galat.
1296 4415 1370 4465 γι,
1412 4399 1537 4467 Ili);
1569 4394 1808 4468 possidet
1843 4408 1940 4447 nos
1967 4391 2121 4447 Chri-

525 4509 661 4564 stus,
695 4504 906 4552 mortno
932 4494 1024 4548 illo
1059 4493 1148 4562 qui
1177 4506 1273 4545 nos
1301 4487 1611 4562 possidebat
1639 4504 1651 4540 :
1683 4501 1804 4540 cum
1836 4484 1884 4539 ei
1923 4498 2122 4538 renun-

526 4592 726 4645 tiamus
748 4587 1009 4644 morimur
1035 4585 1131 4649 illi,
1155 4592 1209 4638 et
1235 4585 1347 4654 ipse
1376 4579 1552 4636 nobis.

525 4680 764 4736 LXXVI.
814 4677 893 4731 De
937 4695 994 4731 eo
1046 4675 1181 4746 quod
1229 4672 1489 4742 apostolus
1539 4668 1762 4724 Jacobus
1807 4667 1929 4722 dicit
1969 4682 1989 4720 :
2029 4665 2122 4720 Vis

597 4782 776 4828 autem
807 4769 963 4834 scire,
995 4783 1028 4823 ο
1067 4765 1229 4821 homo
1261 4765 1454 4828 inanis,
1486 4762 1609 4832 quia
1653 4759 1785 4814 ﬁdes
1833 4759 1948 4814 sine
1987 4772 2120 4828 ope-

599 4865 748 4920 ribus
777 4861 948 4917 otiosa
976 4867 1059 4914 est
1088 4855 1290 4930 (Jacobi
1320 4871 1376 4920 ιι,
1409 4851 1541 4926 90)?

601 4958 653 5011 Ι.
695 4953 958 5023 Quoniam
989 4949 1183 5005 Paulus
1211 4944 1486 5016 apostolus
1520 4941 1816 5012 pricdicans
1842 4938 2122 5010 jnstiﬁcari

531 5049 801 5103 hominem
852 5061 947 5115 per
976 5041 1133 5096 [idem
1179 5040 1294 5093 sine
1333 5036 1605 5106 operibus,
1632 5049 1737 5086 non
1784 5032 1918 5086 bene
1963 5031 2124 5084 intel-

532 5141 702 5196 lectus
728 5148 810 5194 cst
840 5139 906 5193 ab
940 5137 1018 5192 eis
1057 5133 1147 5206 qui
1179 5133 1256 5186 sic
1282 5135 1603 5198 acceperunt
1643 5125 1861 5187 dictum,
1887 5132 1944 5177 ut
1974 5131 2123 5193 puta-

532 5239 672 5294 rent,
716 5245 836 5283 cum
878 5227 1043 5284 semel
1093 5226 1145 5280 in
1172 5223 1444 5279 Christum
1492 5216 1875 5281 credidissent,
1915 5212 2123 5268 etiamsi

532 5322 676 5377 male
721 5327 1091 5388 operarentur,
1133 5325 1183 5370 et
1232 5313 1526 5367 lacinorose
1573 5305 1938 5376 ﬂagitioscquc
1982 5304 2124 5358 vive-

468 5400 485 5495 )
532 5421 676 5478 rent,
705 5410 881 5464 salvos
901 5423 960 5462 se
988 5421 1105 5461 esse
1127 5421 1283 5474 posse
1305 5419 1398 5474 per
1426 5402 1581 5456 tidem
1618 5418 1630 5453 :
1663 5399 1812 5453 locus
1841 5398 1941 5452 iste
1963 5394 2124 5464 hujus

600 5547 615 5576 ι
644 5549 744 5592 ttat.
769 5547 844 5589 Er.
871 5546 924 5590 et
944 5538 1114 5600 viginti
1137 5543 1266 5596 Mss,
1299 5535 1587 5599 possidetur.
1605 5560 1667 5570 —
1689 5533 1763 5583 sic
1796 5531 1943 5582 etiam
1967 5527 2117 5592 Lugd.

467 5617 474 5658 ι
538 5613 735 5657 etV‘en.
807 5611 862 5650 Μ.

468 5656 474 5718 ἷ
551 5656 619 5699 ίί²
643 5674 716 5715 Er.
739 5673 789 5713 et
822 5657 1426 5724 Lov.1mst,htereditqtem
1451 5663 1599 5715 tuam,
1616 5656 1930 5717 repetebant,
1961 5662 2124 5724 "(pref

467 5715 474 5742 ⁸
536 5729 736 5780 ditatem
757 5733 918 5777 autem
938 5715 1102 5783 (nam;
1125 5721 1254 5784 quod
1278 5721 1420 5784 abest
1440 5731 1468 5766 a
1492 5715 1796 5784 ttat._je_t’tuss.
1812 5742 1872 5752 —
1897 5715 2044 5777 Lugd.
2075 5720 2127 5762 et

534 5799 655 5839 Ven.
685 5790 868 5838 habent
912 5781 1156 5836 eamdem
1176 5781 1434 5830 lectionem
1460 5792 1515 5830 ac
1541 5781 1780 5830 editiones
1804 5785 1876 5826 Er.
1905 5784 1956 5828 et
1978 5784 2126 5826 Lova-

537 5853 799 5901 mensium.
838 5857 892 5897 Μ.

595 5914 670 5975 la)
705 5920 719 5960 1
745 5918 948 5962 ιιοιι-εει.
974 5922 1079 5973 cap.
1108 5907 1185 5970 19,
1211 5920 1260 5955 ιι.
1286 5904 1332 5953 8.

2182 545 2434 618 Epistulae
2457 543 2704 601 eumdem
2725 557 2942 598 sensum
2969 541 3115 598 Pauli
3140 540 3386 610 apostoli,
3405 541 3676 611 quomodo
3695 545 3768 596 sit

2185 635 2576 707 intelligendus,
2598 635 2817 704 exponit
2842 632 3046 705 (Jacobi
3076 649 3133 701 ιι,
3163 631 3376 708 17-24).
3399 632 3630 704 Ideoque
3655 649 3772 689 ma-

2185 730 2265 800 gis
2305 727 2534 784 Abrahte
2561 726 2728 782 utitur
2763 726 3030 796 exemplo,
3063 740 3283 780 vacuam
3331 740 3452 782 esse
3498 724 3683 791 ﬁdem,
3725 728 3774 779 si

2187 836 2294 875 non
2319 819 2456 875 bene
2479 817 2793 888 cperetur‘;
2821 816 3069 887 quoniam
3097 815 3325 871 Abrahae
3342 815 3590 885 exemplo
3610 817 3774 872 etiam

2188 913 2386 968 Paulus
2423 911 2695 982 apostolus
2723 925 2848 964 usus
2877 918 2978 974 est,
3006 919 3062 963 ut
3093 909 3342 979 probaret
3363 907 3641 979 justilicari
3682 907 3780 960 ho-

2189 1009 2387 1064 minem
2425 1022 2523 1078 per
2550 1005 2708 1060 ﬁdem
2751 1005 2866 1058 sine
2893 1003 3144 1074 operibus
3186 1002 3342 1072 chis
3385 1001 3560 1071 (Rom.
3590 1016 3664 1066 tv,
3693 999 3773 1071 εὶ).

2189 1101 2320 1156 Cum
2361 1100 2504 1154 enim
2547 1098 2684 1153 bona
2726 1112 2886 1166 opera
2931 1104 3316 1151 commemorat
3359 1093 3610 1160 Abrahae,
3657 1108 3777 1162 quae

2190 1191 2309 1262 ejus
2335 1191 2491 1246 ﬁdem
2519 1189 2765 1244 comitata
2795 1196 2939 1250 sunt,
2972 1187 3101 1240 Satis
3141 1185 3372 1240 ostendit
3397 1185 3616 1238 Paulum
3649 1199 3776 1252 apu-

2191 1286 2387 1341 stolum
2418 1298 2522 1338 nou
2559 1282 2632 1336 ita
2664 1297 2757 1350 per
2779 1279 3044 1334 Abraham
3069 1277 3266 1334 docere
3287 1276 3561 1348 justiﬁcari
3601 1275 3777 1330 homi—

2198 1392 2317 1431 nem
2357 1391 2453 1445 per
2480 1373 2638 1428 ﬁdem
2676 1373 2791 1428 sine
2819 1371 3089 1441 operibus,
3124 1381 3179 1423 ut
3221 1371 3264 1423 si
3303 1369 3421 1439 quis
3466 1368 3778 1430 crediderit,
3855 1383 3861 1387 ·

2196 1485 2300 1524 ιιοιι
2328 1467 2393 1522 ad
2423 1484 2544 1524 eum
2575 1467 2841 1537 pertineat
2881 1465 3016 1520 bene
3045 1463 3290 1532 cperari;
3336 1463 3428 1518 sed
3454 1461 3521 1517 ad
3551 1461 3656 1516 hoc
3685 1476 3779 1531 po-

2199 1562 2322 1627 tius,
2350 1571 2410 1616 ut
2434 1575 2593 1617 nemo
2617 1559 2819 1614 meritis
2845 1558 3116 1629 priorum’
3153 1571 3375 1626 operum
3414 1555 3702 1611 arbitretur
3721 1569 3784 1609 se

2197 1653 2505 1724 pervenisse
2530 1651 2595 1706 ad
2639 1650 2835 1705 donum
2861 1649 3276 1720 justiﬁcationis,
3302 1662 3421 1718 qua:
3449 1656 3532 1702 est
3561 1646 3614 1700 in
3653 1644 3782 1700 ﬁde.

2199 1744 2255 1797 In
2303 1741 2406 1798 hoc
2447 1742 2588 1797 enim
2636 1755 2696 1796 se
2724 1739 2986 1795 Gentibus
3033 1739 3084 1793 in
3129 1736 3399 1792 Christum
3444 1735 3788 1792 credentibus

2197 1837 2367 1892 Judaei
2407 1835 2660 1906 praeferre
2689 1833 2996 1904 cupiebant,
3027 1831 3166 1901 quod
3194 1829 3442 1886 dicebant
3482 1844 3542 1885 se
3581 1827 3788 1884 meritis

2200 1930 2462 1985 bonorum
2507 1942 2730 1997 operum
2759 1941 2879 1996 qua:
2909 1925 2961 1979 in
2994 1925 3131 1994 Lege
3159 1932 3304 1989 sunt,
3333 1921 3398 1976 ad
3425 1919 3788 1989 evangelicum

2200 2021 2428 2092 gratiam
2459 2017 2769 2090 pervenisse
2793 2035 2806 2069 :
2838 2016 3064 2087 ideoque
3089 2014 3583 2070 scandalizabantur
3609 2010 3788 2077 multi,

2201 2113 2290 2183 qui
2333 2128 2400 2167 ex
2442 2112 2522 2167 eis
2545 2109 2904 2173 crediderant,
2931 2105 3073 2177 quod
3114 2103 3499 2161 incircumcisis
3531 2101 3793 2159 Gentibus

2203 2203 2400 2258 Christi
2427 2202 2594 2274 gratia
2625 2199 2944 2256 traderetur.
2971 2197 3120 2254 Unde
3147 2195 3420 2266 apostolus
3444 2193 3639 2250 Paulus
3664 2191 3794 2246 dicit

2206 2311 2362 2366 posse
2418 2295 2688 2349 hominem
2729 2293 2846 2347 sine
2885 2289 3158 2364 operibus,
3203 2287 3298 2344 sed
3339 2285 3791 2357 praecedentibus,

2199 2387 2474 2459 jusnlieari
2505 2402 2598 2456 per
2629 2384 2807 2439 ﬁdem.
2835 2382 2967 2437 Nam
2991 2381 3310 2451 justilicatus
3341 2394 3436 2449 per
3464 2377 3620 2432 ﬁdem
3657 2390 3792 2446 quo-

2205 2481 2366 2535 tuodo
2425 2487 2597 2548 potest
2648 2477 2747 2531 nisi
2796 2476 2938 2546 justo
2980 2474 3232 2542 deinceps
3275 2470 3505 2541 Operari,
3553 2467 3796 2540 quamvis

2205 2581 2360 2626 antea
2405 2568 2536 2623 nihil
2575 2574 2827 2637 operatus
2874 2564 3037 2634 juste,
3069 2562 3136 2617 ad
3191 2560 3312 2616 ﬁdei
3361 2558 3796 2630 justilicationem

2209 2660 2529 2732 pervenerit,
2557 2674 2663 2713 non
2695 2658 2887 2713 merito
2921 2656 3186 2710 bonorum
3221 2667 3464 2723 operum,
3500 2651 3592 2705 sed
3628 2651 3798 2721 gratia

2209 2752 2328 2818 Dei,
2374 2768 2494 2822 qua:
2536 2751 2588 2806 in
2631 2750 2723 2805 illo
2757 2750 2866 2820 jam
2908 2763 3073 2803 vacua
3099 2762 3222 2802 esse
3268 2761 3374 2800 non
3423 2743 3632 2814 potest'
3675 2759 3798 2799 cum

2203 2842 2313 2915 jam
2360 2859 2454 2912 per
2494 2843 2833 2898 dilectionem
2883 2840 3021 2895 bene
3066 2837 3356 2906 operatur?
3384 2835 3536 2904 Quod
3583 2835 3627 2890 si
3677 2849 3797 2889 cum

2209 2936 2516 3003 crediderit,
2559 2950 2682 2989 mox
2713 2933 2780 2989 de
2824 2933 2924 2988 hac
2965 2933 3071 2986 vita
3101 2928 3450 2994 decesserit‘,
3491 2927 3800 2999 justiﬁcatio

2211 3027 2333 3082 ﬁdei
2364 3035 2542 3082 manet
2565 3040 2688 3081 cum
2726 3025 2839 3093 illo,
2862 3037 2963 3078 nec
2989 3020 3412 3092 przecedentibus
3444 3018 3598 3074 bonis
3624 3016 3803 3087 operi‘

2213 3121 2333 3186 bus,
2362 3119 2483 3189 quia
2515 3135 2621 3174 non
2654 3117 2847 3174 merito
2873 3117 2940 3172 ad
2965 3117 3132 3180 illam,
3177 3113 3271 3170 sed
3309 3114 3480 3185 gratia
3521 3112 3799 3183 pervenit;

2214 3229 2313 3270 nec
2337 3212 2809 3282 consequentibus,
2839 3210 2960 3281 quia
2998 3210 3050 3262 in
3082 3208 3183 3262 hac
3221 3208 3326 3262 vita
3361 3221 3483 3262 esse
3519 3221 3624 3260 non
3665 3204 3802 3260 sini-

2215 3314 2321 3361 tur.
2354 3304 2506 3360 Unde
2533 3302 2870 3357 manifestum
2897 3311 2999 3366 est,
3028 3299 3169 3371 quod
3199 3299 3392 3354 Paulus
3420 3296 3695 3368 apostolus
3723 3296 3804 3351 di—

2215 3400 2307 3465 cit,
2335 3398 2653 3452 Arbitrantur
2677 3397 2810 3450 enim
2835 3395 3088 3448 hominem
3110 3391 3380 3462 iustiﬁcari
3405 3407 3494 3460 per
3517 3389 3670 3459 ﬁdem
3697 3388 3806 3443 sine

2216 3490 2450 3562 operibus
2493 3489 2606 3558 (Id.
2657 3504 2734 3553 nt,
2781 3487 2896 3557 28),
2925 3503 3030 3542 non
3055 3486 3125 3540 ita
3161 3483 3557 3553 intelligendum
3584 3496 3726 3549 esse,
3749 3489 3809 3535 ut

2217 3591 2434 3651 accepta
2469 3579 2594 3648 ﬁde,
2620 3579 2665 3633 si
2689 3579 2902 3644 vixerit,
2934 3577 3176 3632 dicamus
3205 3591 3325 3630 eum
3343 3574 3568 3644 justum,
3597 3571 3808 3627 etiamsi

2218 3674 2357 3728 male
2381 3672 2594 3727 vixerit.
2625 3671 2749 3726 Ideo
2775 3669 3022 3739 exemplo
3049 3667 3278 3722 Abraha:
3297 3675 3351 3721 et
3377 3664 3652 3735 apostolus
3671 3663 3810 3718 Pau-

2219 3768 2302 3822 lus
2323 3770 2506 3831 utitur,
2530 3764 2652 3834 quia
2690 3763 2806 3819 sine
2831 3761 3082 3832 operibus
3120 3760 3270 3829 legis,
3302 3772 3461 3827 quam
3500 3771 3606 3811 non
3650 3769 3809 3817 acce-

2221 3865 2390 3928 perat,
2419 3871 2514 3925 per
2555 3854 2712 3909 (idem
2761 3851 3083 3922 justilicatus
3123 3857 3238 3916 est;
3293 3856 3349 3903 et
3391 3847 3640 3910 Iacobus,
3687 3845 3809 3915 quia

2223 3952 2380 4006 ﬁdem
2423 3950 2588 4020 ipsius
2613 3948 2843 4004 Abrahae
2869 3961 3031 4016 opera
3059 3945 3197 3999 bona
3238 3952 3525 3998 consecuta
3550 3955 3673 3996 esse
3711 3939 3810 3995 de-

2221 4050 2502 4108 monstrat,
2521 4040 2810 4096 ostendens
2835 4035 3281 4109 quemadmodum
3313 4031 3716 4104 intelligendum
3743 4031 3814 4086 sit

2222 4133 2364 4206 quod
2395 4132 2597 4190 Paulus
2619 4130 2891 4202 apostolus
2919 4127 3242 4199 pra-dicavit.

2293 4226 2349 4282 2.
2373 4225 2506 4280 Nam
2528 4225 2615 4294 qui
2647 4230 2833 4293 putant
2857 4221 3015 4276 istam
3042 4219 3222 4275 Jacobi
3243 4215 3467 4288 apostoli
3495 4214 3811 4271 sententiam

2223 4319 2544 4376 contrariam
2575 4333 2696 4373 esse
2733 4316 2811 4371 illi
2836 4315 2982 4371 Pauli
3011 4312 3235 4384 apostoli
3265 4310 3564 4376 sententiae,
3594 4317 3815 4378 possunt

2225 4414 2468 4470 arbitrari
2509 4413 2669 4468 etiam
2700 4411 2871 4480 ipsum
2899 4409 3118 4464 Paulmn
3163 4406 3264 4462 sibi
3311 4420 3430 4461 esse
3464 4403 3816 4470 contrarium,

2227 4507 2350 4579 quia
2379 4505 2508 4561 dicit
2535 4505 2639 4559 alio
2666 4503 2783 4557 loco
2818 4521 2830 4556 :
2883 4499 3005 4553 Non
3048 4498 3182 4552 enim
3227 4497 3482 4550 auditores
3527 4495 3650 4565 legis
3687 4493 3818 4563 justi

2227 4605 2343 4652 sunt
2377 4595 2517 4666 apud
2553 4593 2737 4658 Deum,
2759 4593 2847 4647 sed
2872 4592 3088 4660 [actores
3117 4589 3240 4660 legis
3255 4588 3676 4659 justiﬁcabuntur
3702 4584 3815 4655 (Id.

2228 4705 2287 4755 tt,
2318 4685 2427 4759 15).
2460 4687 2525 4741 Ει
2554 4685 2657 4740 alio
2697 4685 2814 4738 loco
2844 4701 2858 4738 :
2901 4681 3008 4737 Sed
3053 4680 3178 4749 ﬁdes
3215 4694 3330 4750 qua:
3369 4696 3458 4748 per
3503 4677 3820 4732 dilectionem

2229 4787 2469 4848 aperatur
2495 4775 2692 4846 (Galat.
2723 4790 2776 4841 ν,
2806 4773 2882 4844 6).
2917 4773 2980 4826 Ει
3010 4773 3198 4825 iterum
3228 4788 3241 4824 :
3276 4769 3338 4824 Si
3375 4769 3506 4823 enim
3545 4769 3820 4824 secundum

2230 4886 2434 4926 carnem
2479 4867 2741 4933 vixeritis,
2800 4863 3116 4927 moriemini;
3150 4863 3194 4916 si
3237 4870 3405 4915 autem
3452 4861 3635 4930 spiritu
3685 4864 3820 4931 facta

2231 4964 2400 5018 carnis
2448 4959 2901 5029 mortiﬁcaveritis,
2941 4958 3111 5012 vivatis
3155 4955 3329 5029 (Rom.
3379 4971 3489 5019 vnt,
3538 4954 3652 5024 13).
3693 4953 3821 5021 Qum

2232 5057 2339 5108 sint
2367 5064 2542 5106 autem
2590 5052 2724 5106 facta
2772 5051 2970 5112 carnis,
3005 5065 3123 5117 qnie
3168 5047 3420 5119 operibus
3459 5047 3823 5115 spiritualibus

2234 5145 2598 5201 mortiﬁeanda
2622 5154 2765 5208 sunt,
2799 5143 2903 5196 alio
2930 5142 3046 5196 loco
3067 5141 3418 5206 demonstrat,
3445 5139 3630 5194 dicens
3656 5157 3669 5192 :
3704 5139 3820 5192 Ma-

2235 5238 2417 5309 niﬁrsla
2447 5247 2611 5288 autem
2639 5244 2754 5288 sunt
2782 5251 2936 5303 Opera
2956 5233 3146 5298 carnis,
3164 5247 3278 5301 qua:
3300 5241 3414 5285 sunt
3444 5232 3821 5301 fornicationes,

2234 5327 2585 5392 immunditiw,
2620 5325 2954 5394 impudicitia,
2998 5324 3248 5378 idolorum
3294 5323 3525 5384 servitus,
3564 5323 3821 5390 veneﬁcia,

2235 5419 2536 5484 inimicitia’,
2560 5417 2912 5479 contentiones,
2938 5414 3300 5477 annulationes,
3326 5413 3694 5478 animositates,
3724 5414 3826 5465 (lis-

2237 5515 2514 5581 sensiones,
2545 5513 2778 5576 hcereses,
2806 5510 3029 5577 incidite,
3055 5509 3335 5573 ebrietates,
3365 5507 3824 5567 eommessationes,

2302 5650 2318 5680 ¹
2347 5656 2443 5697 Duo
2465 5653 2572 5695 Mss.
2599 5657 2708 5706 cum
2729 5651 2850 5699 uat.,
2876 5639 3024 5706 ﬁdem
3062 5641 3162 5692 sine
3185 5639 3425 5706 operibus,
3452 5637 3677 5703 quoniam
3695 5674 3710 5699 ,
3732 5648 3827 5689 etc.

2302 5713 2321 5742 ²
2346 5710 2462 5758 Editi
2487 5721 2597 5757 cum
2611 5705 2793 5768 aliquot
2818 5702 2919 5768 Mss.
2947 5705 3128 5768 addunt
3151 5705 3244 5762 hic,
3269 5702 3512 5764 bonorum.

2304 5773 2324 5804 ³
2347 5780 2443 5820 Sex
2487 5777 2595 5817 Mss.
2617 5803 2629 5826 ,
2653 5760 2738 5816 sed
2790 5767 2949 5829 gratia
3010 5765 3128 5825 Dei,
3165 5760 3274 5828 qua:
3317 5760 3488 5814 vacare
3533 5762 3583 5815 in
3613 5760 3703 5812 illo
3738 5774 3829 5812 non

2241 5840 2570 5944 ῃοξιεὲἔίιιιιιιειιι
2590 5899 2681 5941 Mss
2704 5926 2720 5954 ,
2743 5888 3030 5940 discesserit.
