4136 6524
302 455 373 511 89
1737 445 1938 502 LIBER
1980 445 2183 504 UNUS.
2877 463 2882 468 -
3544 463 3615 518 90

303 582 354 626 et
385 570 463 623 liis
505 566 696 622 similia
714 582 733 630 ;
775 580 890 637 qua:
915 561 1137 635 praedico
1166 561 1321 629 vobis,
1354 562 1482 615 sicut
1516 561 1752 632 praedixi,
1782 577 1908 632 quo-

306 663 446 716 niam
471 659 560 728 qui
584 657 712 710 talia
738 665 920 727 agunt,
942 670 1150 724 regnum
1185 650 1279 706 Dei
1303 669 1404 706 non
1435 651 1755 722 possidebunt
1783 650 1914 722 (Ga-

307 755 404 809 lat.
433 769 485 818 ν,
523 749 742 820 19-21).
776 748 844 803 Et
871 747 936 801 ad
966 744 1274 802 Corinthios
1319 744 1394 798 ait
1435 762 1448 798 :
1497 742 1669 797 Nolite
1710 758 1914 808 errare;

310 863 471 916 neque
497 843 856 916 fornicatores,
902 856 1060 910 neque
1085 838 1236 892 idolis
1262 836 1548 903 servientes,
1577 852 1735 904 neque
1758 835 1910 889 adul-

311 941 429 1006 teri,
460 953 617 1007 neque
647 935 848 996 molles,
873 948 1032 1003 neque
1060 928 1404 984 masculorum
1428 927 1792 992 concubitores,
1825 941 1916 979 ne-

310 1048 412 1101 que
440 1031 596 1100 fures,
628 1042 788 1097 neque
827 1025 988 1090 avari,
1018 1039 1177 1094 neque
1224 1021 1426 1088 ebriosi,
1459 1036 1618 1090 neque
1657 1017 1914 1086 maledici,

315 1140 478 1194 neque
506 1139 713 1192 rapaces
737 1136 951 1192 regnum
976 1118 1073 1173 Dei
1101 1117 1449 1187 possidebunt.
1478 1113 1548 1168 Et
1582 1115 1689 1170 licet:
1716 1114 1918 1184 quidem

317 1217 528 1287 fuistis;
559 1215 648 1269 sed
685 1213 848 1268 abluti
875 1211 1016 1276 estis,
1045 1209 1137 1265 sed
1160 1207 1470 1278 sanctiﬁcati
1494 1207 1632 1274 estis,
1658 1205 1747 1260 sed
1769 1207 1921 1275 iusti-

319 1307 462 1377 ﬁcati
491 1306 608 1361 estis
646 1307 700 1358 in
726 1305 930 1359 nomine
960 1300 1172 1355 Domini
1199 1301 1359 1355 nostri
1401 1297 1530 1353 Jesu
1553 1296 1764 1366 Christi,
1792 1306 1842 1353 et
1865 1297 1942 1352 in

319 1399 526 1469 Spiritu
554 1397 650 1452 Dei
677 1397 840 1451 nostri
872 1394 928 1466 (I
951 1393 1071 1450 Cor.
1102 1409 1178 1459 γι,
1211 1392 1386 1463 9-H).
1415 1390 1616 1458 Quibus
1641 1389 1920 1446 sententiis

316 1489 762 1546 manifestissime
796 1488 956 1544 docet
982 1501 1087 1542 non
1131 1501 1227 1542 eos
1270 1484 1542 1556 praeterito
1586 1482 1728 1538 bono
1757 1496 1921 1553 opere

315 1581 388 1636 ad
421 1581 546 1638 ﬁdei
582 1579 1020 1652 justiﬁcationem
1053 1577 1396 1649 pervenisse;
1448 1590 1550 1632 nec
1577 1575 1782 1630 meritis
1825 1589 1920 1630 eo-

317 1695 443 1734 rum
472 1680 627 1734 istam
656 1677 881 1750 gratiam
909 1677 1108 1743 datam,
1139 1675 1354 1747 quando
1381 1674 1532 1742 dicit,
1568 1672 1634 1726 Et
1661 1672 1767 1726 hcec
1803 1668 1919 1738 qui-

317 1771 441 1825 dem
471 1771 640 1842 fuistis
666 1787 685 1824 :
711 1769 805 1824 sed
833 1784 954 1825 eum
997 1767 1146 1834 dicit,
1183 1767 1282 1834 Qui
1327 1767 1455 1822 talia
1495 1771 1672 1837 agunt,
1712 1775 1923 1832 regnum

321 1861 422 1916 Dei
449 1879 554 1916 non
583 1861 949 1933 possidebunt;
997 1860 1127 1915 satis
1167 1858 1426 1924 ostendit,
1451 1857 1560 1926 jam
1587 1872 1650 1910 ex
1682 1868 1787 1924 quo
1808 1865 1925 1906 cre-

317 1953 600 2019 diderunt,
628 1952 766 2007 bene
801 1951 1012 2021 operari
1051 1951 1270 2006 debere.
1299 1948 1450 2018 Quod
1492 1956 1546 2003 et
1573 1946 1803 2002 lacobus
1837 1941 1918 1996 di-

317 2045 418 2107 cit,
454 2053 510 2099 et
556 2043 739 2098 multis
779 2042 998 2097 omnino
1041 2041 1175 2097 locis
1221 2040 1361 2097 idem
1407 2039 1684 2110 apostOIus
1729 2034 1924 2092 Paulus

318 2136 456 2191 satis
499 2143 793 2206 aperteque
830 2134 1122 2205 praedicat,
1164 2143 1308 2189 recte
1352 2131 1634 2188 vivendum
1677 2128 1926 2185 omnibus

317 2227 413 2294 qui
446 2226 500 2280 in
532 2225 748 2280 Christo
776 2224 1139 2289 crediderunt,
1171 2240 1239 2280 ne
1265 2223 1330 2279 ad
1371 2238 1558 2294 poenas
1584 2220 1923 2294 perveniant.

319 2316 478 2382 Quod
531 2325 588 2371 et
632 2317 746 2386 ipse
790 2315 1048 2370 Dominus
1092 2322 1500 2380 commemorat,
1542 2313 1764 2369 dicens:
1801 2308 1925 2364 Non

319 2409 492 2463 omnis
528 2408 616 2472 qui
665 2408 788 2461 dicit
849 2406 993 2472 mihi,
1043 2405 1280 2471 Domine,
1330 2405 1575 2469 Domine,
1617 2401 1825 2457 intrabit
1872 2402 1927 2455 in

319 2517 540 2570 regnum
569 2500 851 2563 caelorum;
878 2498 966 2557 sed
1004 2499 1091 2568 qui
1126 2498 1247 2569 facit
1287 2497 1592 2552 uoluntatem
1621 2492 1794 2547 Patris
1829 2491 1926 2546 mei

317 2593 413 2661 qui
431 2593 484 2646 in
508 2592 644 2646 cretis
662 2601 758 2656 est,
783 2591 890 2662 ipse
912 2590 1116 2644 intrabit
1143 2589 1196 2644 in
1221 2605 1429 2659 regnum
1443 2586 1687 2641 caelorum
1706 2581 1922 2655 (Matth.

321 2699 435 2747 vn,
471 2681 586 2753 2t).
633 2681 703 2736 Et
747 2680 875 2734 alibi
904 2696 918 2733 :
955 2678 1148 2750 thuid
1187 2679 1352 2733 dicitis
1385 2677 1530 2744 mihi,
1555 2675 1793 2738 Domine,
1820 2670 1927 2726 Doc—

323 2775 495 2840 mine,
523 2784 569 2827 et
613 2790 715 2828 non
759 2773 928 2844 facitis
969 2788 1082 2842 qua:
1127 2771 1240 2826 dico
1279 2771 1416 2825 vobis
1459 2769 1612 2838 (Luc.
1663 2783 1752 2835 v1,
1793 2762 1926 2837 46)?

324 2865 418 2928 Et,
456 2863 632 2919 Omnis
669 2864 757 2933 qui
796 2863 939 2917 audit
977 2862 1125 2916 verba
1170 2879 1279 2916 mea
1309 2862 1414 2916 haec
1445 2871 1489 2915 et
1516 2860 1635 2932 facit
1662 2875 1739 2924 ea,
1783 2847 1926 2912 simi-

321 2957 444 3010 labo
483 2973 592 3010 eum
636 2957 744 3010 viro
783 2954 1054 3027 prudenti,
1097 2954 1183 3024 qui
1223 2953 1493 3022 a'dificavit
1537 2952 1740 3006 domum
1779 2964 1926 3002 suam

319 3063 489 3117 supra
529 3055 758 3114 petram,
803 3055 907 3100 etc.
951 3042 1021 3098 Et
1066 3045 1152 3115 qui
1197 3044 1339 3098 audit
1385 3042 1533 3096 verba
1577 3058 1685 3096 mea
1729 3040 1836 3095 lucc
1879 3047 1925 3093 et

320 3155 428 3192 non
465 3141 589 3209 facit
626 3154 719 3204 ea,
754 3137 987 3191 similabo
1024 3153 1138 3190 eum
1181 3137 1287 3190 viro
1326 3135 1512 3197 stulto,
1542 3135 1630 3205 qui
1655 3131 1926 3202 (ediﬁcarit

317 3231 533 3284 domum
568 3248 714 3284 suant
751 3247 905 3301 super
931 3247 1168 3296 arenam,
1191 3241 1297 3285 etc.
1333 3227 1544 3300 (Matth.
1567 3245 1672 3293 vn,
1699 3227 1921 3297 2L-27).
1979 3245 1981 3247 ί

317 3323 666 3393 Quapropter
706 3337 811 3378 non
842 3331 967 3377 sunt
994 3322 1093 3376 sibi
1133 3323 1415 3376 contraria:
1452 3319 1678 3374 duormn
1710 3327 1926 3389 aposto-

318 3415 504 3470 lorum
532 3414 814 3468 seuteutim
834 3454 849 3479 ,
872 3413 1019 3469 Pauli
1047 3422 1102 3468 et
1129 3411 1310 3467 Jacobi
1333 3452 1348 3479 ,
1379 3426 1498 3465 cum
1527 3410 1659 3465 dicit
1685 3425 1820 3464 unus
1839 3409 1920 3478 ju-

317 3506 548 3562 stiﬁcari
580 3505 852 3560 hominem
881 3520 978 3576 per
1005 3503 1160 3558 ﬁdem
1201 3503 1318 3558 sine
1359 3502 1644 3571 operibus.
1692 3510 1745 3555 et
1789 3501 1924 3555 alius

319 3600 460 3655 dicit
488 3601 702 3654 inanem
729 3612 850 3654 esse
886 3597 1040 3653 ﬁdem
1069 3597 1187 3652 sine
1216 3595 1504 3666 operibus:
1528 3593 1651 3664 quia
1685 3593 1773 3647 ille
1797 3592 1928 3647 dicit

319 3691 394 3747 de
421 3691 680 3761 operibus
723 3705 842 3760 quae
879 3687 1038 3744 ﬁdem
1089 3686 1416 3757 prmeedunt,
1446 3685 1546 3739 iste
1584 3684 1652 3739 de
1700 3684 1762 3738 iis
1805 3698 1926 3754 qua:

322 3782 490 3838 ﬁdem
537 3791 874 3850 sequuntur;
927 3779 1068 3835 sicut
1117 3779 1280 3834 etiam
1337 3778 1451 3848 ipse
1504 3775 1701 3831 Paulus
1743 3775 1926 3830 multis

321 3875 462 3930 locis
493 3875 751 3930 ostendit.

546 3965 806 4022 LXXVII.
837 3964 914 4020 De
933 3965 1129 4028 timore,
1160 3973 1327 4018 utrum
1351 3972 1612 4034 peccatum
1632 3959 1718 4015 sit.

395 4060 586 4116 Omnis
609 4059 937 4130 perturbatio
959 4100 975 4127 ,
1001 4059 1178 4128 passio
1201 4074 1214 4122 ;
1261 4056 1437 4110 omnis
1479 4054 1771 4124 cupiditas,
1800 4067 1924 4122 pcr-

323 4152 564 4206 turbatio
588 4169 602 4205 :
628 4151 802 4205 omnis
820 4150 976 4221 igitur
994 4149 1280 4219 cupiditas,
1311 4145 1508 4216 passio.
1532 4144 1722 4199 Omnis
1745 4152 1924 4198 autem

319 4245 539 4317 passio,
570 4260 692 4299 cum
727 4243 888 4298 estin
918 4242 1105 4307 nobis,
1139 4242 1249 4310 ipsa
1291 4239 1536 4310 passione
1583 4236 1844 4305 patimur;
1874 4243 1928 4288 et

321 4337 380 4392 in
407 4345 670 4406 quantum
715 4334 894 4405 passio
921 4343 1038 4397 est,
1073 4333 1301 4402 patimur
1327 4350 1340 4384 ε
1365 4329 1542 4385 outnis
1572 4328 1734 4400 igitur
1771 4327 1923 4397 cupi-

318 4428 466 4483 ditas
486 4469 501 4494 ,
525 4443 647 4482 cum
681 4438 764 4482 est
793 4427 845 4480 in
875 4426 1028 4480 nobis
1047 4465 1060 4488 ,
1110 4425 1222 4492 ipsa
1252 4421 1540 4492 cupiditate
1579 4419 1843 4490 patimur;
1874 4426 1928 4474 et

322 4521 376 4576 in
407 4529 668 4592 quantum
691 4519 952 4590 cupiditas
973 4527 1056 4572 est
1076 4559 1091 4583 ,
1122 4517 1373 4586 patimur.
1397 4513 1583 4568 Omnis
1599 4521 1775 4568 autem
1797 4525 1926 4580 pas-

319 4619 428 4681 sio,
460 4616 512 4668 in
540 4623 798 4684 quantum
821 4611 932 4682 ipsa
977 4611 1230 4681 passione
1259 4607 1506 4678 patimur,
1542 4619 1648 4660 non
1683 4611 1767 4659 est
1795 4617 1926 4672 pec-

320 4718 506 4764 eatum
535 4708 651 4762 :sic
677 4706 793 4761 etsi
818 4705 1048 4775 patimur
1074 4703 1342 4763 timorem,
1374 4716 1478 4754 non
1511 4707 1595 4753 est
1623 4705 1922 4768 peccatum.

322 4800 603 4870 Tanquam
651 4797 696 4852 si
743 4797 1031 4859 diceretur,
1061 4794 1116 4849 Si
1149 4793 1300 4863 bipes
1322 4799 1441 4856 est,
1478 4805 1583 4844 non
1612 4797 1694 4844 est
1738 4801 1923 4857 pecus.

321 4893 378 4947 Si
411 4905 544 4962 ergo
575 4899 856 4961 prOpterea
879 4887 978 4943 Itoe
1005 4903 1110 4941 non
1142 4895 1222 4940 est
1247 4898 1614 4954 consequens,
1643 4882 1764 4952 quia
1789 4880 1927 4935 mul-

323 4997 373 5039 ta
392 4992 520 5039 sunt
542 4998 734 5052 pecora
761 4980 970 5050 bipetlia
994 4997 1007 5044 ;
1042 4987 1319 5048 prepterca
1348 4986 1400 5031 et
1420 4974 1545 5028 illud
1575 4989 1680 5028 non
1699 4981 1926 5028 estcon-

319 5090 589 5145 scquens,
621 5073 743 5142 quia
774 5072 935 5125 multa
961 5079 1083 5124 sunt
1111 5077 1325 5138 peccata
1371 5082 1490 5136 qua:
1532 5065 1780 5134 patimur.
1813 5063 1926 5118 lloc

317 5167 464 5221 enim
487 5175 674 5220 contra
702 5163 916 5230 dicitur,
947 5177 1054 5216 non
1081 5175 1200 5216 esse
1228 5171 1563 5228 consequens
1603 5165 1662 5212 ut
1707 5156 1751 5212 si
1785 5155 1924 5226 pati-

319 5273 442 5312 mur
467 5255 720 5310 timorem
740 5294 755 5318 ,
786 5253 908 5308 ideo
935 5267 1042 5306 non
1071 5250 1140 5306 sit
1168 5257 1464 5321 peccatum.
1492 5247 1573 5302 Tu
1616 5257 1794 5303 autem
1834 5246 1921 5302 di-

317 5351 396 5404 cis
423 5363 764 5419 conscqueus
803 5361 924 5401 esse
972 5352 1029 5400 ut
1056 5345 1102 5400 si
1135 5343 1367 5414 patimur
1401 5343 1649 5397 timorem
1671 5383 1688 5407 ,
1721 5356 1829 5396 non
1857 5340 1926 5394 sit

318 5452 633 5512 peccatum;
662 5455 786 5495 cum
825 5451 1002 5494 tamen
1030 5437 1336 5494 concedas‘
1368 5436 1545 5507 aliqua
1570 5451 1691 5491 esse
1730 5450 1926 5506 pecca-

315 5546 364 5588 ta
397 5550 520 5605 qure
547 5532 800 5602 patimur.

495 5621 786 5680 LXXVIII.
822 5620 896 5675 De
921 5619 1299 5694 pulchritudine
1323 5615 1735 5672 simulacrorum.

385 5720 492 5774 Ars
538 5717 627 5771 illa
670 5728 880 5769 summa
928 5711 1312 5781 omnipotentis
1359 5709 1482 5775 Dei,
1531 5723 1624 5779 per
1668 5722 1825 5778 quam
1857 5721 1923 5762 ex

311 5813 481 5869 nihilo
511 5811 650 5865 facta
680 5816 804 5861 sunt
829 5804 1006 5862 omnia
1025 5847 1040 5872 ,
1066 5819 1186 5875 quae
1215 5804 1374 5859 etiam
1408 5799 1667 5872 sapientia
1695 5798 1809 5869 ejus
1839 5796 1922 5852 di-

376 5971 391 6000 '
417 5974 516 6017 nat.
549 5971 603 6015 ct
625 5975 718 6012 sex
744 5965 875 6021 uss,
897 5969 1006 6009 cum
1030 5963 1188 6008 tamen
1213 5961 1408 6008 constet.

2026 563 2180 626 citur,
2213 564 2322 655 ipsa
2371 575 2623 637 Operatur
2651 569 2812 623 etiam
2869 585 2963 641 per
3013 572 3356 638 artiﬁces,'ut
3389 575 3610 646 pulchra

2020 667 2178 728 atque
2199 661 2543 730 congruentia
2595 663 2825 729 t‘aciant;
2875 667 3117 735 quamvis
3151 683 3258 722 non
3301 667 3369 724 de
3417 670 3609 739 nihilo,
3639 693 3658 711 -

2019 751 2124 840 sed.
2146 752 2212 806 de
2237 753 2410 823 aliqua
2437 755 2656 812 materia
2674 766 2984 825 operentur,
3012 760 3155 815 velut
3171 762 3334 832 ligno,
3355 763 3446 818 aut
3467 781 3602 820 mar-

2021 857 2189 908 more,
2215 853 2305 898 aut
2333 844 2517 911 ebore,
2548 856 2602 901 et
2628 848 2672 901 si
2700 848 2839 918 quod
2875 849 3016 904 aliud
3049 853 3284 908 materiae
3309 871 3476 923 genus
3500 872 3584 912 ma

2024 935 2180 990 nibus
2207 935 2424 992 artiﬁcis
2449 937 2715 993 subditur.
2753 940 2856 996 Sed
2889 940 3009 997 ideo
3040 943 3124 996 isti
3154 961 3258 998 non
3287 957 3509 1014 possunt
3541 949 3610 1002 de

2023 1028 2190 1082 nihilo
2216 1029 2414 1098 aliquid
2445 1031 2699 1086 labrieare
2720 1033 2759 1098 ‘,
2786 1034 2905 1103 quia
2939 1049 3033 1104 per
3061 1050 3256 1105 corpus
3281 1049 3572 1106 Operatitur
3599 1056 3613 1104 ;

2023 1135 2144 1174 cum
2181 1131 2355 1175 tamen
2383 1136 2478 1177 cos
2523 1138 2796 1191 numeros,
2844 1134 2899 1180 et
2943 1126 3386 1182 lineamentorum
3417 1145 3616 1186 conve-

2025 1214 2310 1295 nientiam,
2333 1230 2451 1284 quae
2477 1230 2574 1284 per
2592 1231 2786 1286 corpus
2805 1219 3014 1288 corpori
3040 1219 3370 1288 imprimunt,
3399 1222 3450 1276 in
3487 1225 3611 1277 ani-

2025 1322 2114 1361 mo
2139 1308 2401 1377 accipiant
2425 1309 2492 1363 ab
2519 1309 2606 1364 illa
2645 1324 2850 1364 summa
2881 1312 3162 1381 sapientia,
3189 1329 3310 1384 qua:
3337 1314 3482 1383 ipsos
3511 1332 3610 1368 nu-

2024 1413 2203 1453 meros
2255 1408 2304 1454 et
2356 1399 2524 1469 ipsam
2575 1402 3002 1458 convenientiam
3057 1403 3213 1474 longe
3271 1406 3614 1462 artiﬁciosius

2026 1490 2276 1546 universo
2324 1491 2508 1546 mundi
2552 1494 2762 1563 corpori
2799 1494 3090 1564 impressit,
3142 1496 3282 1568 quod
3337 1497 3404 1552 de
3448 1498 3614 1553 nihilo

2026 1579 2338 1636 fabricatum
2365 1591 2448 1637 est
2479 1600 2494 1637 :
2523 1585 2578 1638 in
2623 1599 2731 1654 quo
2772 1596 2896 1640 sunt
2923 1586 3086 1641 etiam
3132 1603 3356 1657 corpora
3404 1590 3615 1642 anima-

2027 1670 2173 1734 lium,
2202 1688 2321 1742 qua:
2342 1674 2450 1743 jam
2468 1674 2536 1730 de
2561 1675 2760 1745 aliquo,
2790 1676 2843 1730 id
2869 1685 2987 1743 est,
3019 1677 3088 1734 de
3114 1678 3394 1733 clementis
3427 1679 3606 1733 mundi

2025 1762 2382 1830 fabricantur;
2437 1764 2531 1820 sed
2604 1765 2761 1836 longe
2805 1767 3076 1836 potentius
3127 1768 3612 1838 excellentiusque,

2025 1869 2325 1923 quamcum
2351 1855 2583 1911 artiﬁces
2602 1855 2847 1911 homines
2878 1858 3091 1913 easdem
3121 1859 3316 1928 ﬁguras
3331 1875 3617 1930 corporum

2027 1958 2081 2002 et
2107 1949 2304 2002 formas
2324 1950 2375 2002 in
2403 1950 2514 2004 suis
2535 1949 2787 2019 operibus
2815 1950 3108 2006 imitantur.
3132 1951 3246 2006 Non
3277 1953 3418 2008 enim
3442 1953 3621 2008 omnis

2030 2044 2387 2098 numerositas
2441 2044 2659 2099 humani
2702 2047 2945 2116 corporis
2987 2047 3255 2102 invenitur
3296 2047 3346 2100 in
3402 2057 3612 2113 statua;

2028 2136 2123 2192 sed
2154 2146 2327 2192 tamen
2350 2153 2700 2208 qumcumque
2726 2139 2795 2193 ibi
2823 2139 3088 2193 invenitur
3113 2142 3155 2205 ¹,
3189 2141 3256 2195 ab
3286 2140 3372 2195 illa
3402 2141 3620 2210 sapien-

2031 2230 2100 2284 tia
2131 2246 2223 2299 per
2250 2231 2468 2285 artiﬁcis
2504 2246 2719 2286 manum
2763 2232 3021 2301 trajicitur
3051 2233 3091 2296 ³,
3129 2251 3246 2302 quae
3275 2233 3448 2302 ipsum
3493 2249 3619 2288 cor-

2030 2336 2128 2391 pus
2175 2321 2464 2376 bumanum
2513 2324 2822 2378 naturaliter
2865 2323 3107 2378 fabricat.
3136 2324 3243 2379 Nec
3277 2325 3399 2379 ideo
3431 2333 3607 2380 tamen

2028 2427 2127 2481 pro
2159 2427 2348 2482 magno
2371 2412 2598 2466 habendi
2629 2423 2772 2479 sunt,
2815 2415 2903 2484 qui
2950 2416 3071 2469 talia
3110 2431 3270 2485 opera
3318 2417 3613 2480 fabricant,

2029 2512 2118 2556 aut
2151 2503 2410 2572 diligunt;
2456 2505 2576 2573 quia
2619 2505 2919 2560 minoribus
2961 2507 3122 2561 rebus
3167 2507 3368 2560 intenta
3415 2508 3612 2572 anima,

2029 2609 2162 2664 quas
2191 2610 2285 2663 per
2309 2610 2504 2664 corpus
2528 2596 2876 2664 corporaliter
2892 2595 3039 2663 facit,
3068 2596 3242 2650 minus
3266 2597 3488 2652 inbmret
3518 2597 3619 2666 ipsi

2029 2686 2572 2754 summaasapientize,
2607 2686 2748 2740 unde
2798 2687 2925 2740 istas
2975 2688 3240 2756 potentias
3285 2687 3620 2757 babet:qui-

2029 2777 2128 2832 bus
2156 2777 2294 2832 male
2327 2778 2509 2844 utitur,
2551 2778 2676 2832 dum
2710 2778 2838 2833 toris
2871 2793 2964 2833 eas
2984 2787 3198 2833 exercet
3221 2778 3353 2844 ;~i|la
3388 2779 3530 2832 enim
3566 2779 3617 2832 in

2029 2869 2222 2938 quibus
2243 2885 2335 2925 eas
2373 2879 2609 2934 exercet,
2640 2869 2885 2939 diligens,
2922 2869 3230 2923 interiorem
3282 2884 3467 2924 earum
3499 2868 3612 2922 for-

2029 2976 2170 3015 mam
2197 2962 2440 3017 szabilem
2481 2961 2728 3032 negligit,
2761 2969 2815 3015 et
2844 2961 3054 3015 inanior
3085 2961 3451 3030 intirmiorque
3493 2959 3616 3014 efﬁ-

2028 3053 2187 3107 citur.
2225 3052 2325 3120 Qui
2367 3068 2498 3108 vero
2526 3051 2650 3106 talia
2679 3066 2842 3121 opera
2875 3053 3036 3106 etiam
3063 3052 3345 3106 coluerunt
3375 3051 3416 3116 ⁵,
3445 3067 3618 3122 quan-

2030 3153 2140 3199 tum
2165 3145 2496 3200 det-inverint
2521 3160 2552 3199 a
2578 3141 2801 3199 veritate
2821 3185 2834 3203 .
2860 3143 2985 3198 hinc
3009 3144 3226 3214 intelligi
3253 3151 3466 3213 potest,
3495 3144 3619 3214 quia

2028 3237 2072 3290 si
2105 3237 2216 3305 ipsa
2264 3236 2569 3290 animalium
2606 3249 2828 3303 corpora
2869 3234 3142 3299 colerent,
3171 3250 3289 3304 qua:
3319 3234 3490 3287 multo
3521 3249 3621 3288 ex-

2028 3328 2306 3384 cellentius
2330 3326 2580 3382 fabricata
2607 3335 2752 3390 sunt,
2799 3334 2851 3379 et
2887 3340 3112 3394 quorum
3163 3335 3284 3379 sunt
3327 3325 3415 3378 illa
3447 3324 3621 3379 imita-

2028 3429 2230 3483 menta,
2260 3419 2384 3489 quid
2417 3420 2496 3474 eis
2525 3417 2785 3473 infelicius
2811 3417 3158 3473 diceremus?

2030 3509 2259 3564 LXXIX.
2301 3509 2472 3577 Quare
2498 3510 2632 3581 magi
2665 3507 2954 3562 Pharaonis
2988 3511 3214 3580 fecerunt
3249 3507 3484 3578 quaedam
3517 3508 3615 3562 mi-

2100 3605 2276 3658 racula
2301 3605 2430 3658 sicut
2454 3602 2655 3674 Moyses
2682 3602 2905 3672 famulus
2934 3600 3030 3656 Dei
3053 3600 3248 3672 (Exod.
3279 3617 3371 3666 vu,
3394 3600 3549 3670 vnn)?

2105 3696 2153 3749 I.
2177 3695 2364 3750 Omnis
2409 3696 2583 3749 anima
2639 3693 2827 3764 partim
2853 3695 3040 3763 privati
3072 3693 3346 3764 cujusdam
3370 3694 3507 3762 juris
3533 3693 3614 3748 sui

2030 3795 2348 3858 potestatem
2392 3786 2562 3856 gerit,
2611 3788 2800 3855 partim
2846 3784 3206 3840 universitatis
3237 3785 3437 3854 legibus
3483 3784 3622 3838 sicut

2032 3879 2258 3949 publicis
2285 3886 2563 3932 coercetur
2609 3887 2663 3931 et
2706 3876 2926 3945 regitur.
2971 3875 3102 3942 Quia
3131 3889 3258 3944 ergo
3287 3890 3616 3943 unaquaeque

2031 3984 2117 4025 res
2145 3967 2368 4024 visibilis
2393 3967 2445 4021 in
2477 3966 2578 4020 hoc
2617 3967 2818 4020 mundo
2863 3966 3023 4020 habet
3074 3972 3390 4034 potestatem
3417 3964 3620 4033 angeli-

2028 4077 2146 4116 cam
2176 4059 2274 4115 sibi
2303 4058 2638 4129 praepositam
2657 4099 2671 4124 ,
2700 4058 2838 4111 sicut
2873 4056 3074 4126 aliquot
3097 4054 3232 4108 locis
3257 4054 3434 4108 divina
3472 4053 3615 4108 Scri-

2031 4161 2189 4221 ptura
2219 4157 2462 4216 testatur,
2515 4149 2584 4204 de
2627 4164 2689 4203 ea
2739 4165 2797 4202 re
2840 4147 2926 4202 eui
2974 4146 3259 4217 prreposita
3309 4155 3411 4211 est,
3467 4145 3624 4199 aliter

2029 4243 2182 4314 quasi
2213 4243 2418 4314 privato
2437 4243 2560 4312 jure
2583 4241 2710 4312 agit,
2755 4240 2910 4294 aliter
2948 4251 3196 4308 tanquam
3225 4237 3434 4307 publice
3462 4251 3622 4307 agere

2030 4337 2257 4406 cogitur.
2289 4334 2562 4390 Potentior
2611 4341 2696 4387 est
2722 4331 2863 4392 enim
2916 4340 3064 4400 parte
3113 4328 3465 4393 universitas;
3494 4343 3626 4396 quo-

2031 4428 2173 4482 niam
2205 4425 2331 4480 illud
2353 4424 2496 4495 quod
2517 4423 2588 4478 ibi
2610 4423 2862 4493 privatim
2899 4421 3028 4491 agit,
3060 4429 3266 4472 tantum
3309 4434 3467 4488 agere
3494 4417 3626 4471 siui-

2032 4527 2136 4580 tur.
2160 4524 2417 4587 quantum
2441 4515 2524 4569 lex
2562 4512 2922 4567 universitatis
2959 4510 3104 4565 sinit.
3146 4509 3251 4564 Sed
3293 4523 3624 4578 unaqumque

2031 4608 2208 4663 anima
2260 4614 2406 4661 tanto
2455 4614 2537 4660 est
2588 4604 2786 4674 pietate
2833 4603 3125 4673 purgatior,
3171 4610 3370 4672 quanto
3415 4601 3625 4671 privato

2031 4715 2130 4755 suo
2157 4699 2332 4753 minus
2357 4697 2617 4752 delectata
2643 4738 2658 4762 ,
2686 4696 2857 4765 legem
2887 4693 3252 4749 univcrsitatis
3273 4693 3526 4753 intuetur.
3555 4692 3628 4745 ei-

2031 4807 2135 4862 que
2165 4791 2356 4846 devote
2382 4805 2444 4844 ac
2473 4788 2700 4844 libenter
2730 4787 3081 4856 obtemperat.
3109 4785 3206 4839 Est
3224 4784 3364 4838 enim
3394 4783 3478 4838 lex
3505 4783 3624 4836 uni-

2033 4881 2299 4937 versitatis
2346 4881 2523 4935 divina
2577 4879 2857 4950 sapientia.
2913 4878 3122 4944 Quanto
3165 4883 3341 4929 autem
3394 4873 3624 4940 amplius

2033 4978 2238 5047 privato
2258 4989 2355 5028 suo
2381 4973 2598 5044 gaudet,
2642 4983 2694 5025 et
2743 4971 2981 5040 neglecto
3035 4969 3176 5032 Deo,
3231 4967 3321 5035 qui
3370 4965 3621 5019 omnibus

2032 5067 2225 5122 animis
2271 5068 2469 5120 utiliter
2498 5080 2561 5120 ac
2593 5063 2877 5117 salubriter
2922 5057 3198 5129 prmsidet,
3249 5058 3362 5125 ipsa
3392 5056 3490 5109 sibi
3537 5057 3620 5108 vel

2031 5161 2149 5216 aliis
2177 5161 2368 5230 quibus
2397 5157 2646 5226 potuerit,
2678 5156 2788 5209 vult
2813 5169 2932 5206 esse
2965 5167 3059 5221 pro
3097 5151 3207 5205 Deo
3227 5191 3240 5213 ,
3267 5166 3418 5204 suam
3443 5153 3618 5220 potius

2032 5253 2085 5308 in
2108 5267 2166 5307 se
2197 5252 2279 5304 vel
2304 5251 2353 5304 iu
2377 5250 2510 5304 alios
2531 5289 2545 5313 ,
2575 5262 2732 5318 quam
2775 5245 2916 5299 illius
2954 5244 3009 5298 in
3046 5257 3234 5297 omnes
3273 5241 3500 5313 diligens
3528 5257 3621 5311 po-

2097 5389 2112 5420 ί
2139 5385 2296 5437 Multis
2318 5387 2366 5435 in
2389 5385 2524 5434 libris
2543 5382 2744 5432 verbum
2764 5379 2888 5430 istud
2912 5393 3020 5442 cum
3047 5380 3233 5442 passiva
3251 5379 3598 5442 terminatione
3613 5413 3628 5436 ,

2031 5451 2172 5500 sicuti
2192 5451 2426 5510 frequens
2447 5445 2570 5510 apud
2603 5446 2883 5510 ciceronem
2903 5479 2916 5502 ,
2944 5440 3452 5510 adhibeturtanquam
3474 5440 3553 5500 de,
3574 5456 3628 5486 o-

2032 5525 2183 5571 nens;
2198 5503 2404 5573 proiiue,
2427 5503 2682 5573 fabricare,
2703 5506 2967 5567 reperitur,
2985 5503 3217 5567 fabricari
3238 5517 3255 5552 :
3273 5503 3484 5567 et'paulo
3502 5510 3628 5564 post,

2030 5568 2268 5637 fabricata
2284 5568 2354 5622 est
2369 5611 2381 5630 ,
2411 5568 2515 5637 pro,
2538 5568 2824 5637 fttbricattmt
2844 5575 2932 5637 est,
2961 5575 3053 5637 etc.

2096 5638 2114 5667 ³
2137 5643 2209 5684 F.r.
2225 5642 2275 5683 et
2291 5626 2422 5684 limi;
2441 5626 2766 5688 iurenimttur;
2785 5637 2835 5678 ct
2851 5631 2996 5691 intra,
3017 5626 3339 5691 trajiciuntur.
3359 5626 3449 5674 Sed
3465 5626 3630 5691 verius

2034 5704 2131 5746 ttat.
2158 5706 2208 5746 et
2232 5703 2359 5753 Mss,
2397 5693 2712 5744 inreuitur....
2740 5690 3000 5754 trajicitur.
3034 5688 3260 5750 subaudi,
3287 5688 3628 5738 numerositas.

2033 5761 2181 5820 Lugd.
2205 5767 2256 5807 et
2281 5767 2398 5806 Ven.
2419 5766 2472 5806 ut
2496 5765 2568 5804 Fr.
2595 5763 2647 5805 et
2671 5763 2776 5820 Lor.
2801 5816 2808 5820 _
2845 5761 2900 5801 Μ.

2100 5809 2128 5853 δ’
2141 5829 2246 5870 Mss.
2266 5824 2504 5885 quinque,
2529 5832 2615 5885 per
2631 5814 2832 5878 artiﬁcis
2854 5815 3068 5885 animum
3087 5812 3344 5876 trajicitur.
3381 5819 3492 5862 tres
3510 5824 3626 5861 vero

2035 5885 2112 5935 alii
2133 5921 2146 5943 ,
2169 5899 2254 5946 per
2277 5877 2478 5945 arti/iris
2501 5877 2784 5946 voluntatem
2807 5877 3068 5940 trajicitur.

2099 5947 2119 5980 ⁸
2145 5944 2311 5999 t‘lurcs
2336 5944 2460 6004 uss,
2481 5944 2654 5995 colunt.
