4136 6546
551 457 611 512 9t
1278 449 1367 506 DE
1410 444 1716 504 DIVERSIS
1756 445 2277 518 QUAESTIONIBUS
2318 449 2600 521 LXXXIII,
2644 453 2699 508 S.
2746 454 3111 515 AUGUSTINI

552 577 797 624 testatem
815 611 829 633 ,
860 575 1006 623 tanto
1036 573 1119 622 est
1143 565 1431 635 sordidior,
1462 574 1721 637 tantoque
1749 566 1917 637 magis
1947 578 2133 635 pinna-

553 658 671 711 luer
696 657 887 712 divinis
916 646 1139 728 legibus,
1169 667 1420 727 tanquam
1445 657 1670 726 publicis
1690 657 1890 712 servire
1910 657 2135 727 cegitur.

549 753 758 815 Quanto
790 752 949 820 igitur
978 751 1137 805 etiam
1170 750 1402 806 humana
1421 752 1597 806 anima
1619 752 1832 807 deserto
1859 752 1967 806 Deo
1987 793 2002 817 ,
2028 752 2140 806 suis

551 842 842 895 honoribus
870 842 950 896 vel
1001 858 1094 895 sua
1149 851 1411 911 potestate
1448 842 1609 898 fuerit
1653 843 1939 908 delectata,
1991 852 2140 897 tanto

550 933 716 1000 magis
736 933 982 988 subditur
1005 934 1195 988 talibus
1234 936 1605 1003 potestatibus,
1638 951 1762 1005 qua:
1802 935 2010 1005 privato
2041 951 2139 989 suo

549 1024 813 1090 gaudent,
837 1033 891 1079 et
919 1024 1171 1078 honorari
1194 1025 1261 1079 ab
1287 1024 1591 1080 hominibus
1610 1026 1747 1079 sicut
1780 1024 1853 1079 dii
1877 1025 2098 1094 cupiunt
2123 1042 2136 1080 :

556 1116 750 1183 quibus
779 1115 957 1169 divina
993 1117 1109 1186 lege
1134 1132 1277 1186 saepe
1305 1116 1639 1183 conceditur,
1673 1125 1731 1169 ut
1759 1117 1840 1171 eis
1866 1130 2000 1185 quos
2039 1116 2138 1169 sibi

550 1204 845 1259 secundum
896 1220 1078 1259 eorum
1124 1206 1311 1260 merita
1350 1206 1783 1276 subjugaverint,
1813 1207 2020 1274 privato
2049 1205 2140 1261 illo

546 1294 669 1362 jure
695 1296 854 1350 etiam
886 1296 1261 1351 miraculorum
1305 1297 1501 1367 aliquid
1544 1306 1832 1367 praestent,
1864 1299 1914 1351 in
1944 1298 2027 1352 his
2056 1314 2138 1353 re-

549 1384 652 1439 bus
688 1386 1134 1453 exhihendorum,
1173 1388 1367 1457 quibus
1411 1398 1537 1443 sunt
1585 1389 1790 1457 inﬁmo,
1824 1389 1917 1444 sed
1961 1398 2137 1443 tamen

552 1476 949 1531 ordinatissimo
983 1486 1300 1546 potestatum
1336 1478 1503 1548 gradu
1552 1480 1870 1549 praepositae.
1913 1478 2017 1535 Sed
2048 1480 2138 1533 ubi

552 1566 730 1620 divina
759 1576 1006 1635 tanquam
1038 1569 1246 1639 publica
1291 1570 1373 1625 lex
1424 1570 1598 1641 jubet,
1632 1571 1796 1625 vincit
1826 1572 2007 1640 utique
2033 1571 2141 1640 pri-

552 1669 728 1713 vatam
758 1661 1025 1717 licentiam
1055 1680 1069 1715 :
1102 1678 1405 1733 quanquam
1433 1673 1488 1719 et
1515 1664 1630 1734 ipsa
1663 1665 1865 1734 privata
1905 1664 2138 1728 licentia,

554 1751 657 1804 nisi
687 1752 999 1806 universalis
1022 1755 1302 1822 potestatis
1355 1756 1548 1810 diviuze
1588 1756 1963 1823 permissione,
1998 1757 2137 1811 nulla

549 1850 717 1895 esset.
748 1842 975 1911 Ideoque
999 1842 1055 1897 ﬁt
1087 1855 1143 1897 ut
1164 1846 1333 1899 sancti
1365 1845 1456 1899 Dei
1480 1846 1645 1909 servi,
1678 1846 1890 1915 quando
1917 1846 2018 1900 hoc
2046 1846 2141 1899 do-

554 1949 681 1986 num
710 1948 804 1988 eos
841 1933 1037 1989 habere
1094 1935 1223 1990 utile
1269 1945 1380 1999 est,
1436 1937 1729 1991 secundum
1789 1937 2048 2006 publicam
2088 1946 2142 1991 et

557 2024 950 2094 quodammodo
973 2027 1298 2095 imperialem
1329 2029 1517 2097 legem,
1550 2030 1647 2082 hoc
1676 2036 1789 2093 est,
1823 2028 2014 2082 summi
2050 2028 2140 2082 Dei

557 2125 876 2183 potestatem
907 2116 1171 2185 imperent
1198 2116 1395 2171 inﬁmis
1422 2117 1774 2186 potestatibus
1799 2118 1864 2171 ad
1897 2116 2138 2186 qua‘dam

555 2205 784 2258 visibilia
823 2206 1073 2261 miracula
1117 2208 1357 2262 facienda
1394 2226 1407 2262 :
1440 2210 1490 2263 in
1522 2208 1627 2262 illis
1669 2209 1808 2262 enim
1852 2209 1990 2262 Deus
2029 2209 2141 2278 ipse

555 2294 806 2363 imperat,
835 2296 987 2365 cujus
1021 2298 1274 2366 templum
1323 2308 1485 2364 sunt,
1534 2308 1589 2353 et
1639 2314 1795 2368 quem
1837 2308 2141 2368 contempta

553 2399 648 2437 sua
674 2386 875 2453 privata
906 2395 1168 2455 potestate
1189 2388 1565 2443 ardentissime
1603 2388 1849 2458 diligunt.
1879 2389 1934 2442 In
1968 2390 2139 2457 magi-

552 2475 629 2530 cis
658 2486 835 2530 autem
868 2477 1339 2546 imprecationibus
1372 2479 1411 2545 ί,
1440 2478 1506 2532 ad
1534 2479 1836 2533 illecebram
1867 2478 2139 2547 deceptio—

552 2568 655 2631 nis,
687 2577 745 2620 ut
792 2569 891 2623 sibi
939 2569 1227 2640 subjugcnt
1267 2585 1361 2625 eos
1404 2569 1598 2639 quibus
1643 2570 1767 2623 talia
1818 2570 2139 2635 concedunt,

552 2667 806 2727 praestant
852 2658 1096 2714 ell’cctum
1142 2661 1389 2730 precibus
1445 2670 1499 2715 et
1543 2661 1885 2715 ministeriis’
1930 2676 2138 2727 eorum,

552 2753 759 2820 privato
784 2752 874 2805 illo
897 2752 1018 2821 jure
1048 2753 1355 2822 largientes,
1382 2753 1524 2822 quod
1552 2753 1651 2806 sibi
1677 2754 1797 2808 licet
1826 2753 2005 2820 largiri
2045 2752 2137 2806 ho-

552 2846 869 2899 uorantibus
896 2861 975 2912 se,
999 2846 1203 2914 sibique
1248 2845 1625 2911 servientibus,
1667 2854 1721 2898 et
1767 2844 2009 2914 qumdam
2053 2860 2140 2898 se-

551 2954 673 2990 cum
694 2939 745 2991 iu
772 2938 1121 2992 sacramentis
1146 2938 1257 2991 suis
1282 2944 1431 3006 pacta
1460 2938 1812 2991 servantibus.
1842 2936 1910 2989 Et
1933 2934 2143 3005 quando

552 3027 801 3081 videntur
847 3028 1148 3097 imperarea
1187 3030 1363 3099 magi,
1390 3045 1485 3099 per
1519 3030 1891 3085 sublimiorum
1926 3030 2141 3084 nomina

554 3118 834 3173 inferiores
864 3128 1102 3185 terrent;
1132 3130 1185 3175 et
1207 3123 1462 3175 nonnulla
1494 3123 1750 3186 visibilia,
1773 3139 1893 3193 qua:
1928 3131 2145 3193 propter

554 3210 917 3265 inﬁrmitatem
968 3213 1143 3266 carnis
1186 3228 1374 3282 magna
1434 3214 1681 3268 videntur
1709 3214 2011 3268 hominibus
2037 3229 2140 3267 non

561 3304 861 3357 valentibus
908 3312 1106 3359 acterna
1151 3306 1411 3369 contueri,
1456 3322 1573 3375 qua:
1606 3322 1701 3376 per
1749 3306 1984 3375 seipsum
2014 3322 2143 3374 prte-

560 3403 668 3448 stat
709 3395 1056 3449 dilectoribus
1101 3396 1213 3450 suis
1262 3412 1418 3450 verus
1450 3397 1613 3459 Deus,
1644 3397 1961 3450 mirantibus
1990 3395 2141 3450 exhi-

555 3486 701 3540 bent.
745 3486 871 3540 Ilaec
899 3496 1076 3541 autem
1110 3488 1369 3555 permittit
1418 3488 1557 3542 Deus
1580 3487 1724 3556 juste
1746 3487 1923 3541 omnia
1957 3485 2141 3541 mode-

550 3592 678 3630 rans
696 3618 712 3640 ,
743 3586 798 3630 ut
821 3591 920 3645 pro
940 3576 1318 3646 cupiditatibus
1358 3586 1412 3631 et
1454 3577 1803 3632 electionibus
1829 3577 1941 3631 suis
1967 3576 2140 3633 servi-

551 3678 695 3723 tutes
732 3683 919 3724 eorum
963 3670 1346 3740 libertatesque
1388 3670 1690 3726 distribuat.
1739 3670 1806 3725 Et
1843 3670 1887 3725 si
1929 3670 2141 3739 quando

548 3760 893 3815 invocatione
920 3762 1111 3815 summi
1137 3762 1260 3825 Dei,
1293 3761 1493 3831 aliquid
1526 3777 1621 3831 pro
1648 3762 1760 3815 suis
1802 3761 1954 3816 malis
1992 3761 2142 3830 cupi-

549 3853 804 3907 ditatibus
863 3853 1182 3922 impetrant,
1232 3853 1462 3908 vindicta
1506 3862 1588 3907 est
1639 3853 1748 3917 illa,
1799 3869 1903 3905 non
1948 3853 2135 3921 gratia.

546 3943 660 3998 Non
686 3945 826 3998 enim
852 3943 1042 3999 frustra
1073 3945 1204 3999 dicit
1232 3946 1547 4014 Apostolus,
1581 3943 1813 3997 Tradidit
1838 3942 1954 3997 illos
2000 3940 2141 3997 Deus

544 4039 596 4089 in
624 4037 870 4090 desideria
894 4038 1062 4091 cordis
1107 4054 1282 4091 eorum
1326 4037 1499 4109 (Rom.
1534 4053 1573 4103 ι,
1622 4036 1735 4106 26).
1776 4034 2139 4104 Quorumdam

544 4129 689 4180 enim
724 4137 1059 4195 peccatorum
1090 4128 1569 4198 perpetrandorum
1601 4126 1829 4181 facilitas
1860 4141 2016 4197 pmna
2056 4134 2141 4181 est

546 4216 773 4271 aliorum
798 4217 1233 4286 prrecedentium.

616 4307 671 4361 2.
703 4308 853 4376 Quod
877 4319 1053 4364 autem
1081 4309 1338 4364 Dominus
1381 4309 1538 4376 dicit,
1587 4308 1707 4364 Non
1735 4318 1891 4380 potest
1934 4320 2139 4365 satanas

549 4408 782 4452 satanam
812 4399 1077 4452 excludere
1105 4399 1295 4468 (Marc.
1321 4415 1398 4465 ιιι,
1428 4399 1520 4471 25)
1555 4418 1569 4454 :
1599 4416 1667 4454 ne
1698 4399 1834 4454 forte
1858 4400 2136 4469 quisquam

547 4496 702 4541 utens
747 4488 1048 4543 nominibus
1085 4489 1379 4558 aliquarum
1437 4490 1736 4542 inlimarum
1775 4498 2092 4558 potestatum
2118 4531 2134 4557 ,

544 4596 666 4631 cum
694 4578 1014 4633 daemonium
1040 4578 1347 4645 excluserit,
1394 4578 1578 4633 falsam
1618 4587 1768 4648 putet
1816 4594 1936 4634 esse
1980 4579 2135 4634 istam

546 4672 756 4725 Domini
786 4672 1140 4736 sententiam;
1192 4671 1258 4724 ad
1305 4671 1405 4725 hoc
1437 4670 1699 4740 intelligat
1745 4670 1943 4724 dictum
1970 4710 1984 4733 ,
2013 4670 2134 4739 quia

544 4765 646 4819 hoc
679 4762 837 4818 modo
859 4772 1071 4817 satanas
1091 4806 1105 4826 ,
1139 4763 1345 4816 etiamsi
1372 4762 1581 4831 corpori
1612 4771 1704 4815 aut
1731 4762 1971 4830 corporis
2010 4776 2136 4816 sen-

538 4856 690 4909 sibus
719 4855 906 4924 parcit,
938 4854 1059 4908 ideo
1090 4855 1279 4924 parcit,
1314 4862 1371 4908 ιιι
1400 4854 1569 4923 ipsius
1608 4853 1842 4909 hominis
1876 4854 2134 4908 voluntati

542 4962 636 5013 ter
658 4947 945 5015 impietatis
991 4962 1229 5000 errorem
1285 4946 1553 5015 triumpho
1582 4946 1783 5015 majore
1811 4944 2132 4999 dominetur.

544 5038 653 5091 Iloc
682 5048 858 5093 autem
883 5038 1042 5092 modo
1072 5054 1173 5091 non
1206 5038 1320 5091 exit
1350 5047 1561 5091 satanas
1581 5080 1595 5103 ,
1624 5037 1717 5092 sed
1748 5038 1920 5107 potius
1964 5038 2015 5091 in
2055 5042 2135 5092 in-

544 5129 669 5179 tima
713 5130 1023 5198 ingreditur,
1074 5139 1127 5182 ut
1177 5129 1228 5183 in
1283 5143 1350 5183 eo
1379 5128 1457 5182 sic
1485 5138 1755 5198 Operetur,
1788 5127 2133 5196 quemadmo-

540 5217 669 5270 dum
718 5218 843 5271 dicit
885 5220 1168 5287 Apostolus
1204 5241 1214 5273 :
1248 5219 1545 5274 Secundum
1588 5218 1865 5288 principem
1915 5228 2132 5285 potesta-

549 5308 613 5359 tis
660 5308 790 5358 acris
836 5310 1007 5377 hujus,
1037 5311 1119 5378 qui
1169 5326 1303 5363 nunc
1333 5319 1571 5376 operatur
1613 5310 1663 5362 in
1692 5310 1814 5378 [iliis
1844 5308 2134 5379 (li/ﬁdentia!

544 5396 761 5465 (Ep/ws.
792 5413 845 5456 ιι,
877 5396 956 5465 2).
986 5398 1097 5450 Non
1139 5400 1282 5453 enim
1308 5414 1496 5454 sensus
1520 5401 1761 5470 Corporis
1792 5415 1975 5454 eorum
2017 5408 2129 5452 tur—

542 5487 701 5539 habnt
726 5496 886 5553 atque
919 5486 1215 5553 torquebat,
1236 5498 1325 5540 aut
1355 5505 1541 5543 eorum
1568 5507 1793 5560 corpora
1822 5490 2127 5554 collidehat,

541 5576 633 5630 sed
658 5577 709 5629 in
739 5591 923 5630 eorum
958 5575 1341 5642 voluntate,ch
1362 5579 1835 5649 potiuSi-upiditate
1856 5580 2128 5650 regnabat.

605 5731 619 5762 ¹
648 5736 720 5794 Er.
737 5737 832 5778 ttat.
850 5737 901 5779 et
919 5729 1140 5794 quinque
1158 5737 1283 5785 Mss.,
1298 5730 1701 5794 imperatiouilnas.
1728 5739 2037 5793 Michaeliuus
2055 5760 2131 5793 co—

541 5793 657 5861 de},
684 5790 1115 5861 iutpctratiquibus.
1139 5818 1200 5826 —-
1218 5790 1387 5861 Lngdﬁ,
1410 5793 1813 5857 intpm'atiouibus.
1881 5812 1934 5849 tt.

604 5855 623 5884 ²
646 5853 925 5915 mundat-Iun
947 5858 1074 5906 Mss.,
1102 5853 1356 5915 mysteriis.

601 5916 623 5946 ⁸
638 5922 738 5964 Duo
762 5924 885 5973 \tss.,
910 5914 1183 5978 iutpctrare.

3776 467 3849 521 92

2321 566 2373 622 5.
2405 561 2556 634 Quod
2584 580 2760 625 autem
2790 570 2919 627 dicit
2945 574 3437 646 pseudoprophetas
3480 578 3645 633 multa
3690 579 3845 650 signa

2247 668 2299 713 et
2326 660 2559 731 prodigia
2586 661 2815 717 facturos
2838 706 2853 730 ,
2880 664 2949 719 ita
2981 674 3038 720 ut
3065 666 3256 722 fallant
3297 670 3455 724 etiam
3479 713 3494 737 ,
3526 672 3570 725 si
3602 671 3713 728 ﬁeri
3740 689 3841 743 po.

2247 757 2383 817 test,
2416 752 2616 807 electos
2641 752 2854 821 (Matth.
2906 772 3056 821 xxxv,
3100 758 3235 829 24);
3271 760 3523 816 admonet
3562 764 3746 833 utique
3783 775 3843 819 ut

2246 841 2603 913 intelligamus
2628 846 2870 916 quredam
2915 850 3167 905 miracula
3218 853 3377 906 etiam
3416 854 3706 908 sceleratos
3735 854 3842 910 ho-

2246 933 2417 987 mines
2440 934 2633 999 facere,
2659 938 2833 1006 qualia
2864 940 3033 994 sancti
3078 940 3252 997 facere
3291 957 3396 997 non
3441 955 3666 1013 possunt
3698 961 3844 1001 :nec

2247 1032 2423 1080 tamen
2453 1026 2570 1081 ideo
2597 1031 2818 1098 potioris
2867 1031 2966 1086 loci
3001 1033 3142 1102 apud
3174 1034 3339 1089 Deum
3375 1051 3495 1090 esse
3538 1037 3843 1091 arbitrandi

2246 1125 2388 1170 sunt.
2428 1117 2555 1172 Non
2612 1118 2754 1173 enim
2793 1122 3120 1190 acceptiores
3158 1134 3313 1178 erant
3344 1125 3476 1191 Deo,
3533 1142 3693 1196 quam
3746 1143 3846 1196 po-

2246 1208 2400 1276 pulus
2444 1208 2626 1273 Israel,
2662 1212 2796 1281 magi
2846 1212 3256 1284 Egyptiorum,
3305 1216 3429 1285 quia
3471 1232 3580 1270 non
3629 1227 3844 1287 poterat

2247 1298 2335 1353 ille
2362 1301 2587 1370 populus
2621 1301 2795 1357 facere
2824 1304 2964 1375 quod
2986 1306 3059 1359 illi
3087 1306 3350 1363 faciebant
3383 1327 3395 1361 :
3420 1311 3662 1378 quamvis
3690 1311 3843 1381 Moy-

2246 1404 2332 1445 ses
2353 1394 2404 1444 in
2430 1392 2623 1448 virtute
2650 1394 2743 1449 Dei
2772 1394 2971 1465 majora
3003 1399 3237 1465 potuerit
3260 1397 3455 1469 (Exod.
3488 1400 3706 1472 vti-xu).
3728 1400 3842 1455 Sed

2247 1481 2366 1535 ideo
2393 1498 2496 1537 non
2532 1486 2777 1539 omnibus
2806 1489 3003 1542 sanctis
3043 1488 3141 1543 ista
3183 1490 3505 1555 tribuuntur,
3541 1507 3607 1545 ne
3646 1492 3839 1562 perni-

2246 1571 2546 1628 ciosissimo
2576 1590 2760 1630 errore
2782 1576 3117 1646 decipiantur
3143 1580 3363 1647 inﬁrmi,
3394 1582 3765 1637 existimantes
3783 1582 3839 1637 in

2249 1663 2440 1718 talibus
2462 1664 2612 1720 factis
2652 1667 2854 1737 majora
2897 1669 3038 1724 dona
3083 1687 3233 1736 esse,
3281 1688 3439 1742 quam
3486 1674 3537 1727 in
3584 1674 3843 1743 Operibus

2242 1756 2481 1826 jnstitim,
2510 1761 2702 1829 quibus
2752 1770 2949 1818 (eterna
2988 1764 3091 1818 vita
3144 1776 3502 1835 comparatur.
3547 1766 3839 1835 Propterea

2249 1848 2506 1904 Dominus
2537 1852 2781 1919 prohibet
2812 1853 2933 1907 hinc
2959 1854 3190 1924 gaudere
3214 1855 3525 1923 discipulos.
3560 1873 3682 1910 cum
3705 1857 3782 1909 ait
3821 1873 3837 1909 :

2249 1940 2423 1995 Nolite
2445 1943 2495 1996 in
2519 1944 2611 1996 hoc
2632 1945 2868 2014 gaudere,
2896 1948 3133 2017 quoniam
3160 1948 3365 2015 spiritus
3392 1949 3529 2001 vobis
3554 1949 3841 2018 subjiciun—

2247 2040 2363 2098 tur;
2400 2032 2490 2087 sed
2514 2033 2566 2087 iu
2590 2038 2684 2088 hoc
2721 2037 2952 2105 gaudete,
2976 2040 3215 2107 quoniam
3260 2040 3464 2092 nomina
3503 2050 3663 2093 vestra
3706 2041 3840 2093 scri-

2247 2132 2335 2191 pta
2364 2133 2480 2175 sunt
2510 2124 2561 2175 in
2585 2124 2722 2178 cazlis
2753 2124 2905 2193 (Luc.
2930 2142 2984 2191 Χ,
3007 2126 3119 2196 20).
3570 2110 3577 2117 ⁸

2317 2215 2371 2268 4.
2400 2214 2535 2269 Cum
2565 2232 2692 2286 ergo
2716 2218 2835 2271 talia
2860 2218 3234 2290 Iaciuntmagi,
3260 2221 3432 2290 qualia
3456 2236 3838 2290 nonnunquam

2247 2308 2414 2361 sancti
2430 2306 2644 2373 faciunt,
2662 2309 2784 2363 talia
2796 2310 3009 2379 quidem
3022 2311 3302 2367 visibilitcr
3317 2326 3434 2365 esse
3446 2326 3722 2382 apparent,
3738 2312 3838 2366 sed

2246 2406 2302 2451 et
2335 2397 2555 2454 diverso
2586 2400 2691 2455 ﬁne
2716 2410 2769 2455 et
2794 2401 3136 2474 diversojure
3180 2403 3329 2459 ﬁunt.
3362 2405 3437 2459 Illi
3464 2405 3606 2460 enim
3639 2406 3840 2459 faciunt

2247 2501 2543 2560 quaerentes
2568 2492 2786 2562 gloriam
2810 2509 2983 2563 suam,
3014 2496 3101 2549 isti
3120 2508 3419 2566 quarrentes
3444 2497 3669 2567 gloriam
3694 2482 3832 2551 Dei:

2246 2588 2302 2633 et
2330 2580 2402 2634 illi
2431 2580 2629 2637 faciunt
2648 2599 2745 2654 per
2767 2585 3007 2655 quaedam
3039 2587 3386 2656 potestatibus
3409 2603 3661 2642 concessa
3681 2590 3730 2641 in
3755 2606 3837 2641 or-

2247 2670 2373 2728 dine
2412 2688 2544 2737 suo,
2588 2674 2741 2743 quasi
2790 2676 2992 2745 privata
3035 2677 3353 2732 commercia
3385 2678 3468 2732 vel
3500 2677 3757 2732 veneﬁcia
3782 2680 3836 2741 ';

2249 2759 2334 2815 isti
2367 2770 2541 2816 autem
2591 2764 2802 2833 publica
2848 2765 3348 2834 administratione,
3394 2767 3545 2836 jussu
3593 2768 3708 2836 ejus
3751 2767 3839 2821 cui

2247 2863 2435 2907 cuncta
2463 2864 2702 2910 creatura
2731 2857 2966 2926 subjecta
2994 2868 3094 2914 est.
3125 2860 3294 2915 Aliter
3315 2862 3457 2915 enim
3487 2862 3693 2931 cogitur
3715 2877 3838 2930 pos-

2247 2960 2429 3000 sessor
2453 2962 2647 3017 equnm
2669 2949 2799 3005 dare
2836 2952 3020 3019 militi,
3051 2952 3209 3007 aliter
3231 2968 3351 3006 eum
3387 2954 3546 3008 tradit
3582 2958 3835 3024 emptori,

2247 3037 2330 3090 vel
2360 3039 2576 3093 cuilibet
2600 3040 2763 3095 donat
2786 3050 2880 3096 aut
2906 3043 3231 3099 commodat.
3263 3044 3331 3099 Et
3378 3046 3835 3115 quemadmodum

2246 3129 2487 3200 plerique
2510 3132 2634 3185 mali
2656 3134 2852 3189 milites
2889 3150 3025 3205 quos
3063 3135 3353 3205 imperialis
3396 3138 3675 3207 disciplina
3702 3155 3834 3194 eou-

2246 3218 2481 3287 demnat,
2511 3224 2679 3294 signis
2705 3226 3040 3297 imperatoris
3062 3228 3145 3283 sui
3170 3231 3458 3283 nonnullos
3496 3246 3838 3300 possessores

2248 3310 2514 3379 territant,
2535 3322 2587 3367 et
2613 3314 2680 3368 ab
2706 3316 2783 3370 eis
2809 3317 3029 3387 aliquid,
3054 3319 3194 3389 quod
3222 3319 3433 3391 publice
3462 3336 3565 3375 non
3592 3322 3831 3390 jubetur,

2246 3413 2564 3474 extorquent
2589 3425 2603 3461 :
2630 3407 2699 3461 ita
2730 3426 3106 3481 nonnunquam
3131 3413 3254 3467 mali
3272 3413 3572 3482 christiani,
3592 3418 3678 3471 vel
3698 3416 3839 3471 schi-

2246 3494 2475 3561 smatici,
2504 3497 2586 3551 vel
2626 3499 2860 3555 lueretici
2906 3517 3001 3571 per
3030 3518 3223 3558 nomen
3289 3506 3487 3560 Christi
3534 3516 3627 3561 aut
3671 3508 3835 3563 verba

2246 3590 2338 3637 aut
2356 3597 2687 3641 sacramenta
2707 3590 3001 3646 christiana
3028 3594 3245 3665 exigunt
3269 3596 3467 3665 aliquid
3520 3612 3549 3650 a
3600 3607 3839 3668 potesta-

2248 3674 2408 3743 tibus,
2432 3678 2623 3747 quibus
2649 3678 2837 3735 honori
2859 3682 3052 3739 Christi
3079 3685 3272 3742 eedere
3296 3687 3549 3743 indictum
3575 3698 3677 3743 est.
3699 3688 3835 3743 Cum

2244 3776 2422 3822 autem
2474 3770 2628 3825 malis
2666 3772 2976 3842 jubentibus
3020 3777 3249 3842 cedunt,
3307 3781 3579 3837 voluntate
3630 3783 3698 3837 ad
3750 3798 3828 3838 se-

2245 3860 2517 3918 ducendos
2543 3863 2787 3921 homines
2819 3868 3035 3935 cedunt,
3062 3887 3286 3941 quorum
3332 3890 3517 3929 errore
3559 3878 3833 3931 Iretantur.

2246 3951 2580 4024 Quapropter
2599 3956 2756 4012 aliter
2781 3961 2918 4031 magi
2958 3960 3155 4017 faciunt
3187 3966 3463 4033 miracula,
3506 3968 3665 4023 aliter
3705 3969 3833 4023 boni

2246 4044 2555 4115 christiani,
2580 4049 2734 4103 aliter
2760 4052 2886 4105 mali
2933 4053 3207 4110 christiani
3241 4075 3253 4110 :
3285 4058 3421 4128 magi
3462 4074 3556 4127 per
3600 4061 3835 4129 privatos

2246 4144 2571 4202 contractus,
2612 4139 2737 4194 boni
2776 4142 3053 4199 christiani
3089 4162 3185 4215 per
3230 4148 3493 4217 publicam
3528 4151 3790 4221 justitiam
3814 4195 3831 4220 ,

2246 4225 2369 4279 mali
2408 4227 2680 4283 christiani
2724 4247 2819 4301 per
2860 4234 3008 4305 signa
3048 4237 3276 4305 publica:
3301 4240 3543 4307 justitire.
3585 4242 3696 4299 Nec
3736 4246 3833 4299 mi-

2245 4329 2361 4368 rum
2384 4326 2465 4371 est
2484 4318 2627 4387 quod
2660 4320 2771 4376 haec
2799 4324 2947 4393 signa
2979 4328 3177 4393 valent,
3213 4344 3332 4383 cum
3360 4332 3429 4386 ab
3456 4332 3535 4386 eis
3571 4333 3837 4389 adhiben-

2247 4414 2364 4473 tur;
2398 4411 2610 4478 quando
2634 4414 2794 4467 etiam
2824 4430 2944 4469 cum
2974 4429 3296 4489 usurpentur
3320 4422 3390 4477 ab
3414 4426 3687 4480 extraneis
3704 4468 3719 4493 ,
3742 4428 3831 4497 qui

2245 4502 2461 4555 omnino
2487 4518 2640 4558 suum
2669 4509 2941 4562 nomenad
2962 4511 3114 4565 istam
3146 4514 3383 4569 militiam
3414 4532 3517 4571 non
3544 4518 3827 4585 dederunt,

2244 4603 2463 4662 propter
2501 4594 2760 4651 honorem
2801 4606 2981 4655 tamen
3027 4604 3458 4661 excellentissimi
3491 4608 3837 4677 Imperatoris

2246 4682 2443 4737 valent.
2472 4684 2553 4738 Ex
2576 4687 2766 4755 quibus
2796 4688 2896 4743 fuit
2922 4691 3009 4745 ille
3034 4735 3047 4756 ,
3077 4694 3144 4749 de
3174 4711 3280 4764 quo
3318 4697 3561 4768 discipuli
3604 4702 3836 4757 Domino

2244 4774 2649 4842 nuntiaverunt,
2681 4780 2822 4848 quod
2851 4781 2901 4834 in
2933 4784 3149 4839 nomine
3165 4787 3281 4855 ejus
3301 4788 3520 4857 cjiceret
3544 4791 3833 4859 daemonia,

2243 4867 2484 4934 quamvis
2512 4882 2633 4922 cum
2672 4870 2753 4924 eis
2792 4886 2914 4926 eum
2956 4890 3061 4928 non
3097 4890 3413 4946 sequeretur
3442 4880 3552 4951 (Id.
3598 4900 3672 4947 ix,
3716 4886 3833 4955 49).

2242 4957 2375 5011 Cum
2405 4969 2581 5015 autem
2610 4978 2715 5017 non
2744 4965 2942 5019 cedunt
2972 4968 3052 5023 his
3081 4971 3246 5041 signis
3269 4973 3571 5042 hujusmodi
3598 4988 3836 5047 potesta-

2246 5060 2354 5113 tes,
2389 5052 2528 5108 Deus
2553 5055 2667 5124 ipse
2697 5058 2944 5126 prohibet
2986 5064 3210 5119 occultis
3254 5067 3458 5131 modis,
3505 5084 3625 5123 cum
3659 5070 3709 5123 id
3749 5074 3831 5138 ju-

2243 5150 2382 5196 stum
2409 5154 2567 5212 atque
2589 5147 2717 5201 utile
2737 5148 2958 5217 judicat.
2986 5152 3118 5207 Nam
3146 5156 3290 5209 nullo
3311 5159 3471 5213 modo
3498 5160 3584 5213 ulli
3615 5163 3836 5229 spiritus

2242 5234 2438 5289 audent
2471 5236 2585 5292 ha‘c
2625 5240 2773 5309 signa
2809 5253 3157 5302 contemnere
3190 5253 3650 5307 :contrcmiseunt
3694 5258 3835 5309 enim

2243 5323 2379 5390 hmc,
2415 5326 2732 5400 ubicumque
2758 5333 2844 5387 illa
2875 5342 3272 5406 conspexerint.
3314 5343 3420 5397 Sed
3471 5347 3837 5401 nescientibus

2244 5416 2547 5474 hominibus
2572 5422 2712 5476 aliud
2737 5424 2955 5492 jubetur
2976 5428 3252 5496 divinitus,
3283 5434 3365 5488 vel
3398 5436 3462 5488 ad
3490 5436 3833 5491 confunden-

2242 5508 2339 5563 dos
2365 5511 2552 5578 malos,
2584 5528 2705 5568 cum
2736 5533 2830 5571 eos
2850 5530 3059 5588 oportet
3089 5525 3375 5589 contundi;
3414 5528 3550 5581 sicut
3588 5530 3656 5583 de
3703 5530 3823 5585 Sce-

2243 5616 2320 5653 v;e
2350 5601 2469 5656 ﬁliis
2500 5604 2549 5657 iu
2583 5606 2801 5662 Actibus
2828 5612 3203 5678 Apostolorum
3240 5617 3495 5685 legimus,
3536 5620 3733 5689 quibus
3760 5620 3832 5675 ait

2245 5692 2547 5749 immundus
2594 5700 2841 5766 spiritus,
2898 5702 3074 5757 Iesum
3117 5708 3219 5760 scio
3248 5752 3259 5769 ,
3315 5718 3359 5761 ct
3406 5710 3626 5764 Paulum
3684 5717 3834 5767 nari:

2304 5870 2536 5953 ‘piicﬁllat.
2561 5884 2611 5953 et
2630 5886 2731 5953 trqs
2757 5887 2859 5953 uss.
2888 5889 2939 5933 At
2964 5889 3036 5953 tir.
3053 5890 3157 5933 tot".
3183 5894 3226 5935 et
3251 5886 3327 5934 alii
3356 5890 3564 5949 culices,
3582 5889 3825 5953 bene/icta.

2242 5956 2293 5968 —
2318 5940 2387 5983 Sic
2411 5940 2553 5984 etiam
2575 5941 2718 5998 Lugd.
2748 5950 2798 5989 ct
2819 5951 2934 5991 Ven.
2999 5951 3056 5992 at.
