4136 6520
305 493 378 551 93
1739 479 1944 537 LIBER
1983 479 2184 539 DNUS.
3543 504 3613 559 ο,

305 625 395 664 vos
421 617 616 672 cutem,
639 608 728 678 qui
759 606 876 660 estis
898 604 1038 677 (Act.
1062 618 1180 668 six,
1216 601 1303 668 l4,
1335 598 1465 671 15)?
1495 597 1578 654 vel
1607 596 1674 652 ad
1718 595 1902 651 adma-

307 699 516 756 nendas
536 699 730 759 bonos,
766 705 824 753 ut
855 695 1135 766 proﬁciant
1162 695 1214 748 in
1257 692 1392 759 lide,
1444 703 1603 762 atque
1645 692 1744 744 ista
1793 703 1903 743 non

301 795 568 865 jactanter
597 833 613 858 ,
665 791 760 845 sed
811 790 1012 845 utiliter
1072 787 1314 857 possint:
1346 785 1431 840 vel
1457 784 1525 839 ad
1553 781 1904 838 discernenda

307 885 450 938 dona
499 883 866 937 membrorum
917 879 1204 943 Ecclesiae;
1250 877 1384 932 sicut
1455 875 1742 945 Apostolus
1795 873 1900 939 ait,

311 975 576 1045 Numquid
605 990 780 1027 omnes
808 971 1057 1026 virtutes?
1082 968 1327 1040 numquid
1352 983 1523 1022 omnes
1552 966 1735 1020 habent
1770 965 1906 1018 dona

307 1067 626 1121 curationum
659 1064 701 1138 (1
726 1063 842 1119 Cor.
875 1079 970 1128 xu,
997 1061 1129 1133 30)?
1159 1061 1382 1129 Propter
1405 1059 1501 1112 has
1522 1058 1680 1128 igitur
1715 1069 1905 1110 causas

312 1159 647 1226 plerumque,
698 1167 756 1210 ut
794 1155 994 1209 dictum
1045 1162 1148 1218 est,
1194 1149 1556 1206 nescientibus
1599 1146 1906 1202 hominibus

310 1249 526 1318 iubetur
546 1247 820 1312 divinitus,
855 1245 906 1300 id
934 1253 1036 1308 est,
1061 1251 1119 1298 ut
1147 1242 1227 1297 his
1253 1241 1417 1311 signis
1447 1238 1699 1294 adhibitis
1720 1237 1906 1306 hujus;

316 1338 462 1394 modi
493 1346 786 1410 potestates
821 1335 1076 1391 voluntati
1100 1333 1375 1389 hominum
1394 1347 1497 1386 non
1511 1331 1900 1399 obtemperent.

383 1433 437 1488 5.
473 1433 537 1487 Ut
561 1443 738 1486 autem
768 1431 890 1485 mali
924 1430 1076 1484 bonis
1100 1444 1243 1498 smpe
1271 1427 1632 1496 temporaliter
1654 1434 1901 1490 noceant,

309 1532 629 1595 poteStatem
672 1522 723 1577 in
763 1537 858 1577 eos
886 1521 1184 1590 accipiunt,
1229 1519 1294 1574 ad
1341 1519 1597 1588 majorem
1639 1517 1902 1572 bonorum

311 1612 652 1676 utilitatem‘,
686 1622 902 1681 propter
936 1610 1371 1666 exercitationem
1405 1609 1690 1678 patientim.
1725 1606 1905 1677 Itaque

308 1705 487 1758 anima
519 1703 807 1759 christiana
852 1718 1065 1772 semper
1110 1702 1344 1773 invigilat
1387 1702 1437 1756 in
1479 1698 1906 1756 tribulationibus

306 1795 422 1850 suis
445 1795 597 1865 sequi
629 1795 954 1850 voluntatem
987 1795 1192 1848 Domini
1221 1794 1332 1856 sui,
1362 1809 1428 1848 ne
1457 1792 1778 1847 ordinationi
1811 1792 1903 1845 Dei

306 1887 616 1942 resistendo
641 1888 882 1958 acquirat
911 1887 1009 1940 sibi
1039 1888 1252 1957 gravius
1277 1885 1556 1956 judicium.
1585 1884 1736 1953 Quod
1762 1885 1904 1939 enim

305 1981 426 2050 ipse
453 1981 712 2036 Dominus
730 1996 893 2052 agens
919 1981 1185 2035 hominem
1210 1981 1398 2035 Pontio
1427 1979 1596 2034 Pilato
1619 1978 1772 2045 dixit,
1807 1977 1906 2033 hoc

303 2082 361 2128 et
387 2073 492 2127 Job
515 2074 729 2129 diabolo
759 2084 935 2144 posset
961 2073 1140 2128 dicere
1172 2091 1185 2126 :
1223 2071 1344 2127 Non
1377 2072 1581 2127 haberes
1615 2073 1668 2126 in
1691 2089 1775 2128 me
1808 2089 1906 2141 po-

305 2175 538 2220 testatem
559 2209 573 2230 ,
615 2167 712 2219 nisi
751 2166 872 2219 data
897 2174 1020 2220 esset
1047 2164 1134 2218 tibi
1162 2165 1376 2235 desuper
1400 2162 1590 2235 (Joan.
1631 2180 1741 2227 nx,
1771 2164 1831 2217 il

303 2259 423 2314 Non
451 2274 582 2330 ergo
610 2259 726 2328 ejus
755 2257 998 2312 voluntas
1023 2259 1175 2326 cujus
1211 2257 1427 2311 malitia:
1459 2265 1693 2326 potestas
1722 2255 1775 2310 in
1811 2254 1908 2309 ho-

303 2368 408 2406 nos
436 2351 595 2405 datur
613 2381 648 2417 ,-
676 2350 770 2405 sed
810 2349 926 2419 ejus
951 2349 1199 2410 voluntas
1222 2365 1251 2401 a
1279 2364 1384 2419 quo
1408 2347 1524 2402 htcc
1550 2355 1783 2417 potestas
1808 2345 1905 2400 da-

305 2454 416 2506 tur,
443 2442 602 2498 debet
631 2442 785 2497 nobis
821 2456 942 2496 esse
979 2439 1315 2494 charissima.
1355 2439 1613 2506 Quoniam
1650 2435 1905 2491 tribulatio

302 2534 608 2606 patientiam
644 2541 916 2603 aperatur,
972 2531 1216 2601 patientia
1264 2529 1632 2600 probationem,
1676 2525 1905 2598 probatio

300 2642 423 2679 tero
456 2641 631 2694 spent,
677 2639 792 2693 spes
836 2631 1000 2676 autem
1038 2637 1140 2674 non
1173 2619 1482 2691 confundit;
1525 2619 1644 2688 quia
1686 2617 1906 2670 Charitas

307 2715 406 2769 Dei
430 2714 618 2780 diffusa
638 2723 710 2767 est
741 2714 793 2767 in
815 2713 1048 2767 cordibus
1069 2711 1255 2766 nostris
1284 2727 1375 2782 per
1395 2708 1648 2780 Spiritum
1675 2717 1906 2762 sanctum

303 2811 398 2882 qui
427 2810 575 2864 datus
602 2818 675 2863 est
703 2807 844 2861 nobis
873 2805 1061 2876 (Rom.
1085 2821 1137 2864 v.
1171 2803 1322 2877 5-5).

628 2898 842 2954 LXXX.
885 2898 1135 2951 Adversus
1173 2895 1584 2969 Apollinaristas.

385 2995 434 3048 1.
460 2994 591 3049 Cum
616 2992 830 3062 quidam
865 2990 1118 3052 hmretici,
1137 2990 1223 3060 qui
1249 2988 1635 3058 Apollinaristze
1656 3002 1721 3043 ex
1744 2986 1910 3056 Apol-

305 3088 466 3142 linari
491 3086 718 3156 quodam
741 3094 956 3138 auctore
981 3099 1080 3138 suo
1112 3083 1238 3138 dicti
1266 3097 1385 3137 esse
1410 3080 1786 3150 perhibentur,
1816 3093 1906 3134 as-

303 3188 553 3234 screrent
573 3175 852 3232 Dominum
878 3184 1116 3230 nostrum
1139 3173 1320 3229 Jesum
1347 3173 1639 3237 Christum,
1660 3171 1714 3225 in
1739 3185 1911 3241 quan-

305 3283 422 3325 tum
453 3272 614 3324 homo
641 3269 754 3324 ﬁeri
785 3269 1030 3338 dignatus
1057 3276 1140 3322 est
1163 3307 1178 3332 ,
1208 3281 1310 3320 non
1341 3265 1590 3320 habuisse
1620 3264 1906 3318 humanam

303 3372 570 3426 mentem,
594 3361 916 3415 inhmrentes
943 3360 1020 3413 eis
1047 3357 1316 3423 nonnulli,
1341 3367 1394 3412 et
1422 3371 1515 3412 eos
1543 3355 1780 3410 studiose
1806 3370 1905 3410 au-

301 3457 554 3523 dientes,
583 3452 831 3511 delectati
858 3464 982 3509 sunt
1025 3453 1239 3523 quidem
1270 3467 1332 3507 ea
1373 3450 1718 3520 perversitate
1741 3491 1757 3517 ,
1804 3463 1906 3519 qua

303 3550 399 3604 ille
427 3549 696 3602 hominem
739 3549 792 3602 in
821 3547 931 3601 Deo
969 3544 1272 3608 minuebat,
1305 3544 1489 3598 dicens
1519 3558 1638 3596 eum
1676 3557 1784 3596 non
1815 3540 1908 3595 ha-

304 3641 494 3695 buisse
535 3648 768 3695 mentem
795 3681 809 3703 ,
862 3637 966 3692 hoc
1023 3645 1108 3691 est
1143 3635 1452 3691 rationalem
1497 3635 1760 3700 animam,
1803 3649 1907 3703 qua

303 3731 475 3785 homo
495 3747 522 3784 a
557 3731 834 3800 pecoribus
854 3729 1146 3785 secundum
1172 3729 1407 3782 animum
1431 3727 1628 3781 dill‘ert.
1660 3725 1765 3781 Sed
1785 3739 1908 3779 cum

304 3839 496 3878 secum
523 3823 621 3892 ipsi
643 3823 972 3891 cogitarent,
1002 3819 1278 3874 fatendum
1308 3833 1429 3874 esse
1449 3859 1463 3884 ,
1488 3818 1532 3872 si
1571 3818 1641 3872 ita
1686 3826 1768 3872 est
1792 3859 1806 3884 ,
1853 3825 1911 3872 ut

308 3913 621 3983 unigenitns
645 3912 736 3967 Dei
761 3911 951 3978 Filius,
974 3910 1244 3980 Sapientia
1270 3917 1324 3964 et
1344 3907 1576 3962 Verbum
1597 3908 1792 3974 Patris,
1817 3923 1910 3976 per

304 4004 454 4074 quod
486 4004 624 4058 facta
650 4011 775 4058 sunt
811 4002 987 4057 omnia
1009 4043 1023 4066 ,
1055 4001 1284 4056 belluam
1311 3999 1592 4070 quamdam
1622 4013 1742 4053 cum
1774 3999 1910 4069 ﬁgu-

304 4111 368 4151 ra
439 4094 658 4148 humani
717 4094 960 4165 corporis
1019 4092 1322 4163 suscepisse
1379 4090 1654 4157 credatur;
1720 4090 1908 4161 displi-

303 4196 538 4243 cuerunt
566 4187 700 4252 sibi,
725 4202 831 4241 non
853 4195 1030 4242 tamen
1051 4185 1118 4240 ad
1144 4185 1531 4240 correctionem
1551 4228 1565 4250 ,
1597 4194 1652 4238 ut
1673 4185 1912 4240 redirent

304 4278 376 4333 ad
397 4279 637 4334 veritatis
667 4279 828 4345 viam,
856 4286 1133 4348 totumque
1160 4277 1432 4332 hominem
1459 4293 1487 4332 a
1515 4277 1786 4347 Sapientia
1816 4277 1910 4332 Dei

305 4378 620 4440 susceptum
645 4383 768 4425 esse
794 4369 1199 4435 conﬁterentur,
1246 4369 1391 4424 nulla
1434 4368 1785 4423 diminutione
1813 4383 1912 4421 nae

307 4472 444 4517 tura:
468 4481 481 4516 :
511 4463 604 4518 sed
631 4462 893 4531 ampliore
923 4465 1000 4517 usi
1028 4462 1270 4528 audacia,
1300 4463 1466 4532 ipsam
1493 4461 1652 4516 etiam
1679 4461 1910 4514 animam

305 4563 592 4624 totumque
626 4555 758 4609 utile
783 4554 1016 4609 hominis
1046 4554 1336 4609 alienantes
1357 4553 1425 4607 ab
1444 4555 1563 4618 eo”,
1592 4553 1758 4606 solam
1789 4567 1911 4606 car-

311 4659 438 4699 nem
481 4643 772 4698 humanam
802 4660 924 4699 eum
957 4644 1260 4713 suscepisse
1285 4644 1565 4709 dixerunt,
1599 4641 1913 4696 adhibentes

313 4736 476 4790 etiam
510 4736 872 4791 testimonium
896 4751 962 4791 ex
1005 4735 1327 4806 Evangelia;
1371 4735 1478 4788 imo
1516 4734 1658 4788 illam
1699 4741 1915 4788 sentcn-

315 4828 445 4882 tiam
477 4844 584 4882 non
611 4828 956 4898 intelligendo
982 4871 997 4894 ,
1022 4827 1258 4897 perversi
1285 4827 1573 4896 conﬂigere
1593 4823 1791 4880 audent
1815 4823 1913 4878 ad-

311 4938 504 4980 versus
527 4921 845 4976 catholicam
875 4921 1153 4974 veritatem
1177 4961 1190 4982 ,
1217 4917 1459 4974 dicentes
1484 4919 1739 4987 scriptum
1769 4931 1912 4984 esse,

323 5017 543 5072 Verbum
565 5033 684 5070 caro
714 5015 905 5084 factum
930 5021 1003 5066 est
1023 5054 1036 5078 ,
1060 5021 1108 5064 et
1138 5009 1376 5063 habitavit
1401 5014 1454 5062 in
1481 5009 1623 5063 nobis
1654 5007 1844 5078 (Joan.
1871 5023 1910 5074 ι,

314 5112 444 5182 Η).
488 5109 602 5164 Sub
643 5107 728 5160 his
771 5105 915 5160 enim
956 5103 1130 5157 verbis
1167 5103 1237 5156 ita
1276 5101 1508 5156 Verbum
1546 5101 1730 5154 volunt
1767 5099 1916 5154 carni

309 5216 436 5256 esse
480 5199 787 5268 capulatum
819 5206 978 5265 atque
1017 5202 1367 5260 concretum,
1418 5200 1476 5245 ut
1521 5191 1664 5245 nulla
1704 5191 1776 5246 ibi
1806 5205 1915 5245 non

311 5294 488 5349 solum
521 5305 694 5353 mens,
714 5289 807 5344 sed
841 5303 939 5343 nec
960 5287 1133 5341 anima
1166 5285 1396 5339 humana
1424 5285 1736 5339 intersistat.

384 5385 442 5439 2.
473 5383 682 5448 Quibus
715 5381 886 5451 primo
916 5378 1348 5448 respondendum
1391 5385 1475 5432 est
1497 5419 1512 5444 ,
1554 5377 1674 5432 ideo
1695 5377 1772 5432 sic
1799 5392 1918 5433 esse

313 5478 446 5533 illud
475 5479 527 5532 in
560 5474 854 5543 Evangelia
879 5473 1113 5544 positum
1138 5515 1153 5540 ,
1183 5472 1306 5543 quia
1338 5486 1505 5540 usque
1548 5470 1615 5525 ad
1652 5470 1918 5525 visibilem

379 5591 395 5620 ¹
420 5589 558 5645 aliti,
584 5591 865 5648 potestatem
887 5583 937 5634 in
961 5597 1040 5635 eos
1061 5581 1366 5648 accipientes,
1393 5579 1723 5648 ad_majorem
1749 5578 1805 5646 ﬁt
1843 5581 1922 5648 bo-

310 5664 487 5702 norum
511 5640 786 5699 utilitatem.
829 5655 880 5696 At
904 5653 1011 5696 Mss.
1031 5640 1202 5696 carent
1235 5647 1406 5706 verbo,
1446 5640 1538 5708 ﬁt;
1562 5640 1616 5692 et
1647 5640 1770 5705 loco,
1795 5645 1923 5695 acci-

311 5715 515 5778 piam,
531 5713 749 5778 haheat.
773 5707 1032 5778 accipiunt
1057 5769 1087 5778 ..
1189 5763 1200 5774 .

378 5781 398 5808 ³
418 5765 810 5842 Ριθίἰίιιιυηθιςῇς.,
938 5769 1168 5842 atrvpliore
1182 5765 1278 5833 ipsi
1289 5768 1506 5842 audacia
1537 5767 1681 5842 etiam
1702 5767 1923 5842 animum

311 5832 927 5903 tottmtquejttilejtotttittit:
959 5832 1219 5902 alienmttes
1249 5833 1311 5903 ab
1333 5847 1419 5903 eo.
1445 5833 1740 5903 lj‘osstIlcnsis
1762 5832 1890 5903 liber
1908 5867 1922 5890 ,

312 5903 400 5964 sed
422 5893 662 5964 eritpliore
676 5894 771 5964 sibi
792 5893 1163 5964 audaciaetiam
1180 5897 1390 5953 animam
1405 5901 1568 5946 totam.
1587 5906 1732 5952 quam
1755 5893 1924 5945 habent

315 5963 400 6015 alii
421 5957 656 6016 homines.
681 5959 943 6010 attenuatos
963 5957 1024 6008 ab
1046 5972 1115 6008 eo.

2015 614 2229 654 carnem
2254 603 2551 673 assumptio
2571 605 2658 659 illa
2679 605 2925 663 humana:
2947 619 3151 666 natura:
3171 627 3200 666 a
3226 612 3459 671 Domino
3476 615 3612 672 facta

2016 702 2131 757 est,
2164 702 2324 762 atque
2351 695 2401 748 in
2431 705 2538 750 tota
2572 698 2658 751 illa
2691 700 2892 755 unitate
2918 705 3272 775 susceptionis
3299 709 3609 778 principali-

2018 791 2099 836 ter
2143 783 2370 839 Verhum
2401 796 2514 851 est,
2543 797 2783 845 extrema
2823 800 3002 848 autem
3037 804 3195 865 atque
3240 798 3419 853 ultima
3460 817 3608 854 caro.

2020 874 2214 929 Valens
2243 877 2420 946 itaque
2450 880 2779 949 Evangelista
2808 885 3185 939 connuendare
3214 902 3309 956 pro
3335 890 3487 944 nobis
3511 891 3608 945 tle-

2009 967 2299 1037 jectianem
2321 972 2335 1000 ¹
2361 969 2674 1026 humilitatis
2706 974 2833 1038 Dei,
2860 975 2949 1044 qui
2980 990 3100 1031 sese
3143 977 3527 1046 lmmiliaverit,
3557 993 3612 1036 et

2014 1074 2292 1128 quousque
2323 1059 2684 1117 humiliaverit
2709 1067 3047 1133 exprimens.
3091 1069 3319 1123 Verbum
3361 1087 3608 1126 carnem-

2012 1168 2117 1220 que
2147 1152 2470 1218 nominavit,
2504 1156 2914 1222 praaermittens
2950 1159 3142 1211 animm
3199 1169 3461 1227 naturam,
3491 1179 3609 1231 qum

2015 1243 2190 1298 Verbo
2243 1244 2463 1300 inferior
2494 1257 2611 1312 est,
2656 1263 2817 1303 carne
2862 1265 2990 1304 vero
3039 1253 3393 1320 prmstantior.
3444 1254 3609 1326 Magis

2012 1337 2154 1390 enim
2183 1337 2522 1392 Commendat
2548 1337 2897 1394 humilitatem
2918 1383 2931 1405 ,
2959 1343 3078 1410 quia
3105 1343 3303 1397 dictum
3332 1353 3438 1410 est,
3478 1344 3604 1399 Ver-

2011 1426 2262 1481 bumcaro
2285 1431 2474 1499 factum
2500 1439 2570 1482 est
2582 1447 2602 1494 ;
2626 1446 2784 1500 quam
2807 1431 3152 1500 sidiceretur,
3185 1433 3413 1488 Verbum
3447 1435 3607 1491 homo

2012 1520 2205 1574 {actutm
2233 1531 2334 1576 est.
2365 1522 2496 1576 Nam
2523 1523 2566 1577 si
2590 1523 2785 1578 nimis!
2812 1523 2925 1580 [nec
2957 1526 3227 1580 intuentur
3259 1529 3414 1583 verba
3442 1570 3456 1594 ,
3509 1545 3600 1599 pn-

2013 1621 2116 1666 test
2143 1613 2280 1667 alius
2303 1630 2405 1668 non
2439 1615 2612 1669 minus
2641 1630 2921 1684 pervorsus
2947 1633 3011 1672 ex
3042 1619 3156 1672 istis
3195 1619 3372 1674 verbis
3413 1621 3482 1674 ita
3511 1637 3604 1678 ca-

2010 1707 2254 1762 lumniari
2287 1707 2407 1762 ﬁdei
2439 1716 2670 1775 nostras,
2702 1717 2760 1763 ut
2800 1711 2943 1764 dicat
2988 1710 3163 1781 ipsum
3206 1710 3438 1767 Verbum
3474 1727 3605 1767 con-

2010 1814 2221 1854 versum
2253 1807 2307 1854 et
2336 1808 2719 1854 commutatum
2762 1815 2883 1856 esse
2909 1803 2962 1856 in
2989 1817 3204 1858 carnem
3230 1845 3245 1869 ,
3286 1813 3341 1858 et
3371 1802 3604 1858 Verbum

2009 1907 2129 1948 esse
2155 1892 2457 1956 destitisse;
2503 1893 2624 1964 quia
2669 1894 2924 1963 scriptum
2955 1905 3074 1959 est,
3128 1893 3344 1950 Verbum
3372 1912 3497 1950 caro
3519 1895 3604 1966 {a-

2009 1995 2144 2038 ctum
2171 1995 2244 2038 est
2274 2001 2292 2038 :
2330 1985 2467 2039 sicut
2497 1999 2624 2040 caro
2653 1986 2880 2040 humana
2903 2029 2919 2054 ,
2945 2001 3067 2042 cum
3105 1987 3162 2040 ﬁt
3188 1988 3322 2042 cinis
3341 2029 3356 2053 ,
3387 2002 3492 2043 non
3523 1998 3606 2044 est

2009 2095 2135 2135 caro
2154 2090 2210 2135 et
2225 2080 2380 2145 cinis,
2401 2080 2493 2134 sed
2514 2095 2580 2135 ex
2605 2095 2765 2136 carne
2780 2081 2933 2135 cinis.
2957 2081 3025 2135 Et
3039 2081 3332 2136 secundum
3355 2081 3602 2150 loquendi

2008 2170 2229 2226 modum
2269 2171 2816 2241 consuetudinemque
2853 2171 3234 2236 celebriorem,
3266 2171 3519 2242 quidquid
3547 2171 3606 2227 ﬁt

2009 2262 2151 2332 quod
2181 2277 2285 2316 non
2314 2270 2459 2326 erat,
2485 2261 2680 2316 desinit
2707 2276 2828 2317 esse
2853 2262 2992 2332 quod
3018 2272 3153 2316 erat.
3185 2262 3295 2317 Nec
3325 2271 3501 2319 tamen
3533 2262 3602 2316 ita

2011 2357 2128 2411 hmc
2160 2358 2324 2410 verba
2355 2355 2724 2424 intelligimus;
2762 2354 2858 2409 sed
2887 2355 3046 2409 etiam
3080 2355 3179 2425 ipsi
3215 2354 3490 2410 nobiscum
3532 2355 3603 2408 ita

2010 2446 2350 2516 intelligunt,
2385 2455 2442 2499 ut
2478 2455 2726 2500 manente
2766 2444 2941 2499 Verbo
2969 2445 3109 2514 quod
3137 2455 3248 2510 est,
3279 2461 3340 2500 ex
3369 2461 3436 2502 eo
3464 2445 3604 2516 quod

2009 2537 2212 2607 accepit
2255 2536 2479 2591 formam
2510 2536 2653 2589 servi
2681 2577 2694 2598 ,
2740 2551 2844 2590 non
2876 2552 2939 2590 ex
2982 2551 3048 2590 eo
3074 2535 3213 2604 quod
3243 2536 3293 2589 in
3327 2536 3468 2590 illam
3500 2536 3606 2588 for-

2010 2644 2152 2684 mam
2181 2629 2356 2699 aliqua
2386 2627 2678 2681 mutatione
2721 2641 3039 2680 conversum
3087 2634 3170 2679 est
3199 2667 3214 2689 ,
3256 2625 3454 2679 dictum
3497 2624 3604 2688 sit,

2019 2718 2236 2774 Verbum
2282 2735 2401 2773 caro
2439 2720 2629 2789 factum
2669 2727 2762 2772 est.
2805 2715 3006 2771 Deinde
3048 2717 3091 2770 si
3131 2717 3450 2786 ubicumque
3477 2730 3604 2770 caro

2009 2810 2169 2868 fuerit
2185 2812 2453 2866 nominata
2480 2819 2532 2865 et
2546 2811 2720 2865 anima
2741 2809 2917 2877 tacita,
2932 2810 3007 2864 sic
3023 2809 3422 2878 intelligendmn
3441 2819 3521 2864 est
3547 2819 3606 2863 ut

2009 2906 2184 2960 anima
2208 2905 2279 2958 ibi
2296 2919 2401 2958 non
2424 2917 2543 2958 esse
2558 2903 2826 2969 credatur,
2851 2917 2947 2956 nec
2965 2902 3040 2956 illi
3062 2901 3334 2956 habebunt
3351 2903 3606 2968 animam,

2011 2997 2079 3053 de
2101 2995 2293 3067 quibus
2322 2995 2521 3051 dictum
2549 3003 2630 3050 est
2654 3036 2670 3061 ,
2714 2994 2778 3048 Et
2817 2993 2998 3048 videbit
3030 2995 3193 3046 omnis
3231 3009 3351 3047 caro
3385 2994 3611 3046 salutare

2011 3088 2110 3142 Dei
2145 3087 2315 3159 (1εαὶ.
2345 3086 2522 3153 xn,5;
2549 3085 2677 3139 Luc.
2722 3101 2800 3152 ιιι,
2833 3084 2939 3155 6);
2983 3094 3038 3139 et
3090 3084 3216 3139 illud
3260 3085 3313 3138 in
3362 3084 3608 3150 Psalmo,

2011 3180 2220 3234 Exaudi
2263 3195 2433 3249 preces
2471 3195 2646 3243 meas;
2685 3177 2754 3231 ad
2802 3187 2850 3231 te
2885 3177 3047 3230 omnis
3076 3193 3194 3230 caro
3236 3177 3394 3230 veniet
3422 3174 3608 3249 (Psal.

2013 3289 2155 3340 utv,
2190 3272 2289 3342 '5);
2315 3280 2369 3326 et
2397 3270 2522 3326 illud
2564 3271 2613 3324 in
2657 3269 2977 3339 Evangelia,
3023 3269 3168 3324 Sicut
3208 3268 3390 3323 dedisti
3427 3270 3471 3324 ei
3514 3287 3609 3340 po-

2012 3373 2240 3418 testatem
2283 3363 2446 3416 omnis
2479 3363 2680 3427 carnis,
2723 3368 2777 3414 ut
2813 3377 2961 3414 omne
2998 3361 3135 3430 quod
3168 3360 3349 3414 dedisti
3383 3361 3429 3412 ei
3451 3400 3465 3422 ,
3509 3377 3610 3414 non

2014 3463 2205 3524 pereat,
2230 3452 2320 3508 sed
2338 3451 2517 3506 habent
2543 3452 2695 3505 vitam
2720 3460 2960 3506 wternam
2990 3451 3008 3520 ί
3028 3449 3184 3504 Joan.
3216 3466 3342 3513 xvn,
3376 3450 3410 3503 2
3431 3459 3467 3517 ).
3497 3450 3610 3505 Un-

2011 3548 2080 3602 de
2103 3545 2444 3616 intelligitur,
2476 3547 2651 3600 solere
2681 3543 2925 3598 homines
2951 3559 3044 3614 per
3074 3543 3490 3598 nominationem
3519 3558 3610 3596 sa-

2011 3641 2115 3696 lius
2139 3641 2316 3696 carnis
2363 3637 2672 3710 signiﬁcari,
2715 3647 2773 3692 ut
2801 3637 3089 3692 secundum
3124 3638 3262 3693 hanc
3285 3637 3608 3692 locutionem

2012 3731 2173 3786 etiam
2205 3729 2332 3785 illud
2355 3729 2520 3798 possit
2550 3727 2807 3796 intelligi;
2838 3735 2894 3782 ut
2922 3727 3062 3798 quod
3089 3727 3288 3782 dictum
3329 3737 3444 3794 est,
3489 3725 3612 3781 Ver-

2013 3821 2130 3875 bum
2158 3836 2276 3873 caro
2302 3823 2493 3890 factum
2517 3829 2619 3883 est,
2653 3818 2783 3872 nihil
2819 3818 2890 3872 sit
2928 3816 3126 3871 dictutn
3148 3857 3161 3878 ,
3207 3817 3344 3884 nisi,
3376 3816 3610 3872 Verbum

2013 3910 2177 3966 homo
2205 3911 2396 3965 factum
2417 3917 2518 3964 est.
2545 3909 2695 3963 Sicut
2713 3907 2855 3962 enim
2877 3923 2905 3961 a
2927 3919 3076 3977 parte
3103 3918 3272 3962 totum
3297 3908 3610 3978 plerumque

2014 4003 2280 4058 nominata
2303 4003 2413 4056 sola
2444 4001 2619 4056 anima
2643 4001 2802 4054 homo
2832 3999 3159 4070 intelligitur,
3193 4000 3330 4055 sicut
3353 4009 3435 4055 est
3459 4001 3610 4066 illud,

2017 4095 2112 4148 Tot
2141 4096 2324 4147 anima:
2351 4091 2718 4146 descenderunt
2748 4091 2802 4144 in
2829 4089 3116 4162 Egyptum
3142 4089 3306 4163 (Cen.
3340 4107 3487 4157 XLVI,
3517 4091 3607 4156 22,

2013 4186 2120 4254 27)
2148 4204 2162 4240 :
2189 4186 2268 4240 sic
2299 4199 2486 4238 rursus
2511 4199 2538 4235 a
2570 4191 2722 4252 parte
2749 4191 2913 4238 totum
2935 4225 2949 4249 ,
2992 4183 3151 4237 etiam
3198 4183 3468 4237 nominata
3499 4185 3609 4238 Sola

2015 4293 2178 4333 carne
2200 4277 2360 4331 homo
2389 4276 2697 4344 intelligitur
2714 4315 2729 4339 ,
2753 4275 2888 4329 sicut
2907 4284 3030 4329 suat
3054 4275 3150 4329 ista
3177 4291 3293 4344 qum
3315 4276 3611 4346 posuimus.

2089 4373 2139 4427 3.
2192 4369 2453 4433 Proinde,
2520 4368 2966 4439 quemadmodum
3021 4384 3119 4423 nos
3165 4367 3288 4424 huic
3329 4367 3612 4437 objectioni

2017 4483 2227 4530 eorum,
2248 4481 2406 4536 quam
2434 4471 2498 4520 ex
2532 4463 2821 4534 Evangelia
2860 4471 3159 4532 praponunt
3179 4503 3192 4526 ,
3223 4463 3292 4517 ita
3319 4461 3615 4532 responde-

2017 4572 2157 4624 mus,
2184 4565 2240 4610 ut
2265 4555 2437 4610 nullus
2463 4554 2733 4608 hominum
2758 4555 2824 4608 ita
2857 4553 3082 4623 desipiat
3102 4595 3114 4617 ,
3145 4564 3201 4607 ut
3228 4561 3373 4623 putet
3396 4568 3493 4607 nos
3522 4567 3617 4621 per

2019 4650 2134 4705 haec
2160 4648 2318 4703 verba
2349 4647 2463 4717 cogi
2505 4646 2570 4702 ad
2615 4645 2936 4701 credendum
2965 4653 3020 4701 et
3047 4643 3404 4700 conlitendum
3427 4686 3440 4710 ,
3474 4643 3614 4713 quod

2018 4742 2276 4799 Mediator
2298 4742 2388 4796 Dei
2415 4749 2467 4794 ct
2486 4739 2757 4794 hominum
2783 4738 2942 4793 homo
2958 4738 3203 4794 Christus
3223 4737 3378 4794 Jesus
3403 4737 3421 4808 (
3433 4736 3454 4791 l
3479 4736 3612 4790 Tim.

2019 4850 2077 4899 ιι,
2109 4835 2180 4902 5)
2211 4833 2442 4887 animam
2472 4831 2757 4886 humanam
2786 4845 2890 4884 non
2921 4830 3136 4895 habuit;
3164 4831 3242 4884 sic
3270 4844 3452 4900 qumro
3479 4845 3615 4898 quo-

2020 4927 2180 4982 moda
2208 4927 2304 4996 ipsi
2345 4925 2702 4994 respondeant
2743 4933 2848 4978 tam
2895 4923 3188 4978 manifestis
3230 4919 3618 4990 objectionibus

2021 5019 2253 5084 nostris,
2294 5018 2486 5089 quibus
2511 5015 2842 5071 ostendimus
2882 5030 2978 5084 per
3016 5011 3428 5066 innumerabiles
3469 5010 3618 5065 locos

2019 5110 2339 5181 evangelica:
2383 5108 2672 5178 Scriptura:
2716 5114 2985 5160 narratum
3013 5103 3080 5157 de
3126 5102 3216 5155 illo
3243 5100 3311 5153 ab
3337 5101 3617 5171 Evangeli-

2021 5205 2138 5268 stis,
2171 5203 2310 5274 quod
2336 5203 2387 5256 in
2420 5201 2500 5255 his
2525 5197 2896 5254 aﬂ‘ectionibus
2924 5194 3112 5257 fuerit,
3145 5208 3262 5264 qua:
3287 5193 3403 5248 sine
3444 5195 3616 5249 anima

2023 5317 2141 5356 esse
2161 5317 2263 5354 non
2286 5307 2525 5369 possunt.
2542 5298 2654 5351 Non
2673 5295 2814 5351 enim
2833 5309 2891 5347 ea
2916 5293 3148 5364 profero,
3167 5309 3287 5364 qua:
3305 5293 3414 5364 ipse
3435 5293 3587 5347 Domi
3602 5325 3619 5334 -

2025 5408 2123 5446 nus
2147 5402 2249 5445 tam
2279 5389 2442 5443 multa
2469 5393 2852 5443 commemorat
2891 5403 2905 5439 ε
2947 5384 3130 5440 Tristis
3176 5394 3249 5440 cst
3296 5387 3467 5439 mtima
3514 5402 3622 5436 mra

2024 5501 2182 5555 usque
2205 5483 2272 5536 ad
2303 5491 2510 5535 mortem
2541 5479 2754 5553 (Matth.
2791 5495 2936 5542 xxvi,
2963 5477 3078 5550 38);
3098 5488 3170 5545 et,
3198 5476 3504 5532 Potestatcm
3533 5479 3620 5529 lm-

2026 5576 2115 5630 beo
2170 5573 2387 5644 ponendi
2433 5573 2653 5625 animant
2707 5588 2890 5637 meam,
2937 5579 2985 5624 et
3024 5571 3203 5624 iterth
3244 5570 3476 5624 sumendi
3512 5585 3622 5620 eum

2033 5667 2225 5740 (Joan.
2260 5681 2316 5730 .\',
2350 5663 2450 5736 18)
2478 5680 2493 5728 ;
2537 5672 2618 5729 et,
2653 5663 2905 5735 Majorem
2935 5663 3250 5720 dilectionem
3277 5678 3419 5715 nemo
3442 5661 3623 5728 habet,

2086 5833 2108 5899 ,ι
2148 5827 2336 5885 Εκριιδὶ,
2374 5822 2711 5882 dilectionem;
2737 5837 2822 5885 ιϊθ
2857 5835 2953 5886 quo
2986 5821 3167 5871 melius
3207 5827 3310 5869 tres
3327 5825 3452 5879 nos,
3495 5813 3625 5865 dele-

2031 5901 2247 5943 ειιυηηη.

2099 5957 2118 5988 ²
2143 5963 2219 6012 θυι
2237 5960 2336 6002 tem
2363 5957 2490 6010 Mss,
2513 5949 2554 6000 si
2575 5948 2744 5999 minus.
