4136 6528
537 485 601 537 επ
1266 471 1355 526 ne
1395 422 1702 525 niveasxs
1738 460 2261 533 oumsrtoateus
2300 460 2588 531 Lxxxut,
2631 462 2686 518 s.
2730 461 3095 519 AUGUSTINI
3767 462 3838 517 se

539 612 687 661 quam
708 604 761 645 ut
782 592 1002 645 ultimum
1029 606 1174 641 suam
1196 597 1349 656 ponat
1379 589 1491 656 quis
1509 604 1602 655 pro
1628 584 1802 637 amicis
1829 582 1932 635 suis
1952 578 2126 651 (Joan.

541 698 629 747 xv,
678 682 781 749 13)
812 698 823 733 :
858 695 975 749 quze
1004 678 1131 732 mihi
1165 678 1413 746 pervicax
1443 674 1802 731 contradictur
1833 679 2005 741 potest
2047 668 2129 721 di-

535 788 657 824 eere
685 770 902 839 figurate
932 786 961 824 a
991 769 1216 823 Domino
1236 768 1410 833 dicta;
1439 769 1575 821 sicut
1600 766 1761 819 multa
1788 766 1841 817 in
1872 761 2133 832 parabolis

534 878 657 916 cum
685 862 917 917 locutum
944 878 1064 916 esse
1095 861 1433 914 manifestum
1462 868 1561 913 est.
1593 858 1723 913 Nam
1753 858 1852 911 etsi
1881 856 1980 909 ista
2026 868 2131 908 non

539 956 610 1005 ita
639 962 797 1019 sunt,
840 969 945 1007 non
982 962 1155 1007 tamen
1187 967 1320 1021 OpllS
1358 961 1440 1006 est
1477 951 1781 1021 pugnaciter
1822 964 2012 1018 agere,
2045 946 2131 1001 ubi

537 1042 796 1097 habemus
826 1043 1281 1112 Evange‘istarnm
1308 1044 1666 1107 narrationes,
1712 1055 1806 1110 per
1842 1055 1974 1109 quas
2010 1054 2131 1094 eum

532 1144 587 1187 et
636 1144 819 1189 natum
850 1134 916 1188 de
947 1135 1107 1188 Maria
1137 1135 1338 1203 virgine
1367 1133 1746 1203 cognovimus,
1792 1139 1845 1185 et
1886 1144 2133 1197 compre-

540 1228 768 1281 hensum
799 1244 828 1282 a
855 1227 1073 1293 Jutheis,
1103 1235 1157 1281 et
1180 1226 1498 1295 ﬂagellatutn
1518 1266 1531 1289 ,
1560 1232 1614 1278 et
1640 1222 1950 1277 crucifixum
1976 1229 2134 1290 atque

538 1318 958 1385 interfectum,et
974 1319 1236 1387 sepultum
1252 1318 1301 1370 in
1318 1324 1683 1378 monumento;
1698 1329 1814 1383 qua:
1827 1312 2001 1367 omnia
2020 1312 2134 1366 sine

538 1425 763 1480 corpore
790 1410 1082 1479 intelligere
1105 1411 1235 1462 facta
1268 1424 1425 1461 nemo
1449 1415 1639 1476 potest.
1668 1404 1777 1458 Nec
1805 1402 1924 1457 ficte
1948 1411 2039 1456 aut
2070 1402 2131 1454 fi-

539 1515 725 1573 gurate
758 1502 1064 1573 accipienda
1094 1503 1370 1573 quisquam
1408 1500 1493 1555 vel
1529 1498 1959 1554 dementissimus
1984 1496 2133 1550 dixe-

540 1600 642 1663 rit;
683 1612 802 1650 cum
825 1594 965 1651 dicta
997 1599 1102 1649 sint
1127 1595 1193 1649 ab
1214 1595 1291 1649 eis
1318 1594 1407 1664 qui
1448 1607 1531 1648 res
1559 1601 1735 1661 gestas
1754 1631 1769 1655 ,
1795 1598 1851 1643 ut
1877 1588 2133 1642 memine-

541 1700 683 1753 rant,
710 1698 1074 1744 narraverunt.
1098 1688 1241 1744 Sicut
1264 1703 1393 1756 ergo
1414 1688 1510 1741 ista
1532 1700 1727 1754 corpus
1747 1698 1866 1737 eum
1890 1681 2137 1736 habuisse

544 1792 827 1850 testantur,
852 1784 930 1839 sic
956 1799 1075 1837 eum
1105 1783 1339 1837 indicant
1369 1780 1616 1835 habuisse
1643 1777 1873 1831 animam
1902 1774 2137 1829 all‘eetio-

545 1892 643 1933 nes
673 1877 777 1930 ilhc
797 1918 812 1942 ,
844 1893 963 1946 qua:
996 1893 1099 1931 non
1145 1883 1367 1945 possunt
1392 1888 1510 1928 esse
1540 1872 1639 1927 nisi
1672 1872 1723 1925 in
1754 1871 1929 1923 anima
1961 1885 1973 1921 :
2006 1881 2137 1936 quas

542 1968 887 2023 nihilominus
904 1968 1106 2023 eisdem
1137 1964 1492 2037 EvangeliStis
1531 1962 1868 2018 narrantibus
1892 1959 2134 2029 legimus.

546 2060 611 2115 Et
633 2061 856 2115 miratus
875 2060 1133 2115 estJesus
1153 2057 1379 2131 (Matth.
1405 2071 1513 2117 vni,
1542 2053 1665 2124 10),
1688 2062 1741 2108 et
1762 2053 1925 2107 iratus
1957 2048 2134 2119 (Joan.

542 2169 617 2215 xi,
648 2153 714 2208 15
736 2153 753 2221 )
774 2196 788 2219 ,
818 2162 873 2208 et
896 2153 1239 2208 contristatus
1269 2150 1471 2223 (Marc.
1496 2164 1577 2214 ιιι,
1605 2145 1709 2215 5),
1741 2153 1795 2200 et
1814 2144 2139 2199 exhilaratus

547 2241 740 2310 (Joau.
772 2258 845 2304 χι,
889 2243 1014 2312 15).
1061 2249 1115 2296 et
1142 2241 1304 2294 multa
1337 2240 1461 2293 talia
1512 2234 1937 2291 innumerabilia.
1990 2233 2141 2288 Sicut

545 2333 704 2387 etiam
734 2333 820 2388 illa
850 2350 967 2402 qua:
995 2334 1276 2402 conjuncta
1318 2331 1473 2385 simul
1504 2329 1675 2383 officia
1725 2335 1780 2381 et
1821 2326 2059 2395 corporis
2088 2334 2140 2379 et

542 2426 737 2479 anima:
764 2427 1051 2481 ostendunt
1084 2444 1097 2480 :
1141 2426 1277 2479 sicut
1306 2432 1429 2478 sunt
1466 2422 1605 2492 quod
1651 2421 1871 2475 esurivit
1916 2418 2136 2489 (Matth.

543 2532 620 2578 IV,
651 2516 742 2585 2),
770 2516 912 2586 quod
941 2516 1193 2571 dormivit
1215 2514 1331 2586 (Id.
1376 2530 1499 2578 vm,
1531 2512 1633 2581 24)
1660 2554 1673 2573 ,
1711 2510 1851 2581 quod
1895 2510 2139 2579 fatigatus

541 2605 612 2659 ab
650 2606 838 2660 itinere
887 2605 1027 2660 sedit
1075 2604 1259 2676 (Joan.
1310 2619 1384 2667 tv,
1414 2603 1506 2673 6),
1534 2612 1589 2657 et
1614 2602 1714 2656 alia
1753 2598 2137 2668 hujuscemodi.

544 2696 659 2750 Non
690 2697 829 2751 enim
854 2706 1076 2765 possunt
1100 2697 1279 2750 dicere
1300 2738 1313 2760 ,
1360 2697 1519 2749 etiam
1568 2694 1619 2747 in
1662 2692 1931 2747 veteribus
1966 2690 2141 2745 Libris

543 2791 740 2845 dictam
764 2805 888 2846 esse
919 2790 1051 2844 iram
1084 2791 1178 2845 Dei
1214 2798 1269 2844 et
1302 2789 1540 2844 laetitiam
1561 2829 1576 2853 ,
1603 2797 1657 2841 et
1679 2786 1963 2839 nonnullos
1985 2784 2142 2855 hujus

542 2881 758 2950 generis
780 2892 995 2943 motus,
1042 2896 1142 2934 nee
1182 2880 1301 2934 ideo
1331 2888 1505 2933 tamen
1552 2893 1671 2933 esse
1708 2891 2043 2944 consequens
2088 2883 2145 2929 ut

542 2970 711 3029 Deum
764 2970 1014 3025 habuisse
1063 2972 1295 3024 animam
1340 2969 1663 3023 credendum
1708 2969 1797 3022 sit.
1845 2967 1991 3021 Dicta
2020 2973 2145 3020 sunt

547 3062 690 3115 enim
728 3061 817 3114 illa
862 3061 1185 3131 propheticis
1228 3059 1728 3130 imaginationibus,
1759 3075 1864 3113 non
1896 3068 2141 3113 narrato-

544 3152 623 3208 ria
652 3151 1099 3206 manifestatione.
1131 3152 1261 3206 Nam
1290 3162 1344 3206 et
1374 3152 1610 3205 membra
1640 3152 1730 3206 Dei
1752 3151 1893 3205 dicta
1919 3158 2063 3216 sunt,
2089 3158 2145 3205 et

542 3257 770 3305 manus,
802 3251 854 3297 et
876 3244 1071 3311 pedes,
1106 3252 1160 3297 et
1189 3244 1327 3297 oculi
1351 3284 1365 3305 ,
1410 3250 1465 3297 et
1493 3242 1682 3309 facies,
1723 3250 1777 3296 et
1817 3240 2009 3296 similia
2042 3258 2056 3293 :
2088 3252 2142 3298 et

542 3333 992 3400 quemadmodum
1020 3334 1119 3388 ista
1146 3350 1249 3388 non
1284 3334 1515 3388 indicant
1540 3348 1661 3388 eum
1695 3333 1891 3387 habere
1921 3347 2139 3402 corpus,

541 3423 621 3478 sic
648 3440 745 3478 nec
772 3425 856 3478 illa
887 3426 1139 3478 animam.
1169 3423 1624 3492 Quemadmodum
1655 3433 1833 3479 autem
1866 3434 2138 3478 narratum

548 3515 767 3585 aliquid,
802 3516 886 3571 ubi
920 3517 1188 3570 nominata
1221 3525 1344 3571 sunt
1374 3531 1560 3570 manus
1586 3512 1783 3570 Christi
1806 3524 1860 3569 et
1884 3522 2063 3584 caput,
2086 3523 2140 3570 et

543 3616 734 3661 caetera
765 3623 883 3676 qua:
909 3607 1143 3661 indicant
1191 3607 1306 3676 ejus
1349 3622 1577 3676 corpus;
1626 3607 1695 3660 ita
1739 3606 1899 3660 etiam
1928 3622 2047 3676 quae
2073 3605 2140 3661 de

544 3698 734 3751 anima:
772 3698 1142 3753 affectionibus
1167 3699 1355 3753 eodem
1408 3697 1729 3752 narrationis
1755 3707 1938 3751 tenore
1970 3697 2137 3752 nomi-

542 3798 665 3841 nata
694 3796 856 3856 sunt,
904 3789 1140 3843 indicant
1168 3790 1282 3858 ejus
1306 3789 1558 3842 animam.
1592 3787 1823 3844 Stultum
1850 3796 1933 3842 est
1959 3796 2138 3843 autem

544 3880 767 3933 credere
793 3881 1030 3934 narranti
1057 3870 1398 3951 evangelistzn
1426 3878 1567 3949 quod
1613 3878 2011 3933 manducaverit
2031 3919 2047 3945 ,
2086 3887 2140 3933 et

543 3986 645 4024 non
677 3971 725 4025 ei
749 3971 972 4026 credere
999 3972 1138 4042 quod
1161 3971 1428 4026 esurierit.
1460 3971 1571 4025 Etsi
1593 3971 1735 4025 enim
1758 3984 1864 4024 non
1895 3976 1979 4025 est
2004 3985 2136 4024 con-

543 4078 772 4133 sequens
799 4074 856 4117 ut
881 4065 1056 4118 omnis
1084 4065 1173 4133 qui
1202 4063 1487 4118 manducat
1516 4064 1744 4127 esuriat;
1797 4078 1920 4117 nam
1960 4071 2016 4117 et
2044 4076 2140 4115 an-

544 4153 715 4219 gelum
745 4153 969 4223 legimus
995 4154 1344 4209 manducasse
1374 4152 1537 4225 (Gen.
1572 4170 1721 4218 xvtn,
1750 4154 1803 4217 8,
1836 4154 1893 4218 9,
1922 4162 1968 4207 et
2006 4152 2134 4208 Tob.

538 4256 633 4307 xu,
672 4242 798 4312 l9),
830 4242 923 4297 sed
954 4244 1187 4299 esurisse
1218 4259 1322 4299 non
1365 4245 1592 4313 legimus
1620 4262 1632 4296 :
1667 4260 1839 4313 neque
1869 4254 1925 4298 ut
1964 4245 2138 4300 omnis

537 4333 630 4403 qui
655 4334 822 4388 esurit
842 4333 1148 4401 manducet,
1191 4336 1234 4390 si
1263 4346 1355 4389 aut
1391 4335 1568 4389 officio
1596 4336 1772 4405 aliquo
1791 4351 1848 4389 se
1869 4336 2135 4399 cohibeat,

540 4434 633 4477 aut
676 4423 817 4479 desit
850 4424 899 4479 ei
940 4424 1091 4479 cibus
1136 4424 1465 4496 facultasque
1508 4425 1863 4480 manducandi
1906 4443 1918 4476 :
1958 4434 2136 4482 tamen

539 4530 660 4568 cum
692 4523 975 4585 utrumque
1006 4512 1187 4570 narrat
1231 4515 1556 4587 evangelista
1610 4515 1839 4587 (Matth.
1874 4532 1945 4581 tv,
1987 4516 2041 4579 2,
2091 4526 2139 4569 et

538 4624 620 4674 rx,
651 4608 764 4677 ll),
792 4619 1080 4680 utrumque
1109 4610 1436 4665 credendum
1455 4618 1557 4675 est;
1580 4610 1705 4679 quia
1724 4618 2011 4678 utrumque
2027 4610 2136 4665 sic-

538 4709 791 4757 utrerum
814 4712 1083 4773 gestarum
1123 4704 1281 4757 index
1324 4704 1519 4757 factum
1552 4712 1869 4773 gestumque
1894 4703 2134 4757 conscri-

538 4796 660 4863 psit.
677 4796 825 4850 Sicut
840 4806 1020 4851 autem
1039 4796 1160 4868 quia
1174 4796 1533 4865 manducavit,
1549 4795 1665 4851 sine
1675 4810 1899 4863 corpore
1917 4794 2137 4863 intelligi

532 4904 637 4940 non
662 4897 855 4957 potest;
874 4888 950 4942 sic
963 4889 1083 4958 quia
1101 4889 1341 4952 esurivit,
1360 4888 1475 4943 sine
1490 4890 1667 4943 anima
1689 4888 1801 4941 fieri
1821 4904 1923 4939 non
1944 4886 2133 4955 potuit.

603 4980 653 5033 4.
688 4978 799 5034 Nec
827 4980 914 5034 illa
945 4996 1040 5035 nos
1061 4988 1226 5036 terret
1256 4980 1427 5034 inanis
1457 4989 1615 5049 atque
1646 4980 1821 5049 inepta
1847 4979 2132 5047 calumnia,

531 5085 633 5135 qua
664 5071 923 5128 invidiose
949 5074 1261 5128 resistentes
1288 5074 1441 5127 aitmt
1470 5090 1482 5125 :
1520 5074 1660 5142 Ergo
1699 5073 1798 5127 sub
1822 5074 2135 5129 necessitate

533 5160 738 5227 positus
766 5162 881 5223 fuit,
925 5164 969 5217 si
1018 5164 1116 5218 has
1160 5164 1477 5220 affectiones
1515 5165 1676 5219 animi
1728 5180 1882 5218 veras
1928 5165 2130 5219 habuit.

535 5248 713 5301 Facile
768 5253 965 5323 quippe
1010 5257 1395 5324 respondemus
1429 5274 1440 5309 ε
1473 5256 1613 5324 Ergo
1664 5255 1764 5307 sub
1818 5255 2135 5309 necessitate

534 5343 737 5408 positus
764 5342 881 5408 fuit,
913 5346 1032 5415 quia
1059 5350 1511 5418 comprehensus,
1543 5350 1843 5420 flagellatns
1864 5392 1877 5413 ,
1917 5349 2132 5403 crucifi-

536 5447 635 5483 xus
666 5441 718 5484 et
746 5445 989 5488 mortuus
1011 5447 1090 5490 est
1120 5454 1134 5492 :
1166 5449 1223 5491 nt
1244 5440 1456 5494 tandem
1486 5442 1600 5496 sine
1633 5443 1940 5511 pertinacia,
1976 5444 2018 5496 si
2047 5459 2133 5497 vo-

531 5521 679 5585 lunt,
714 5523 1013 5593 intelligant
1040 5526 1115 5580 sic
1142 5544 1263 5582 eum
1295 5532 1568 5596 passiones
1598 5535 1781 5599 animi,
1814 5534 1913 5588 huc
1940 5545 2023 5589 est
2048 5533 2132 5587 af-

534 5612 815 5676 fectiones,
850 5616 1121 5672 voluntate
1160 5618 1572 5688 dispensationis
1597 5625 1635 5686 ί,
1664 5640 1814 5679 veras
1843 5634 2039 5689 tamen,
2077 5635 2133 5681 ut

535 5702 752 5770 placuit,
783 5705 1084 5774 suscepisse
1104 5748 1119 5773 ,
1151 5707 1601 5776 quemadmodum
1635 5716 1907 5781 passiones
1937 5732 2128 5787 corpo-

578 5920 587 5928 '
615 5858 715 5905 ἐἰς
737 5859 910 5928 (lecem
934 5869 1039 5911 Mss.
1066 5863 1181 5913 ΙτΔίιὶ
1207 5872 1369 5913 autem
1394 5864 1481 5914 hoc
1510 5850 1690 5917 tantum
1730 5870 1853 5929 loco,
1883 5870 2129 5923 roluntutt's

534 5920 901 5975 dispensatione.

2238 574 2313 629 ris
2341 577 2525 631 eadem
2554 576 2965 645 dispensationis
2995 577 3265 631 voluntate
3308 576 3422 630 sine
3464 576 3566 629 ulla
3596 581 3841 632 necessi-

2241 676 2347 721 tate
2364 668 2615 737 suscepit.
2630 667 3087 733 Quemadmodum
3114 683 3211 722 nos
3237 682 3340 722 non
3369 669 3641 723 voluntate
3669 686 3837 723 mort—

2242 774 2380 824 mnr,
2410 760 2488 813 sic
2511 768 2566 814 et
2593 776 2695 814 non
2726 762 2995 815 voluntate
3039 761 3345 815 nascimur:
3376 761 3460 816 ille
3511 770 3689 816 autem
3741 778 3839 816 vo-

2242 848 2443 904 luntate
2471 860 2784 920 utrumque,
2814 859 2865 904 ul
2894 851 3231 920 opportebat,
3263 851 3537 916 exhibuit,
3569 862 3625 906 et
3655 864 3837 906 tamen

2244 941 2520 996 verissime
2542 941 2960 996 exbibuit.Sicut
2988 956 3116 1011 ergo
3147 943 3476 997 necessitatis
3499 944 3715 998 nomine
3734 960 3841 997 nee

2242 1046 2337 1083 nos
2356 1045 2453 1085 nec
2467 1031 2586 1085 illos
2601 1030 2877 1101 quisquam
2889 1031 3068 1086 avellit
3080 1046 3107 1084 a
3127 1030 3229 1087 fide
3246 1032 3537 1088 verissima:
3551 1034 3841 1103 passionis,

2243 1136 2340 1191 per
2367 1136 2523 1192 quam
2553 1137 2747 1191 corpus
2774 1122 2890 1192 ejus
2915 1122 3244 1177 ostenditur:
3267 1123 3345 1178 sic
3378 1133 3433 1178 et
3462 1139 3562 1179 nos
3588 1124 3703 1193 ipso
3736 1141 3835 1178 no-

2241 1212 2384 1266 mine
2407 1212 2738 1267 necessitatis
2759 1228 2916 1267 nemo
2933 1212 3169 1268 deterret
3196 1228 3225 1266 a
3261 1212 3367 1268 ﬁde
3394 1214 3687 1269 verissima:
3707 1214 3839 1269 affe-

2242 1306 2453 1371 ctionis,
2482 1322 2574 1376 per
2593 1322 2750 1377 quam
2772 1307 3003 1362 animam
3024 1307 3140 1376 ejus
3162 1308 3531 1377 agnoscimus;
3565 1323 3665 1362 nec
3692 1309 3844 1376 ipsos

2242 1398 2402 1453 debet
2420 1398 2692 1453 deterrere
2710 1414 2738 1453 a
2763 1399 3147 1454 consentiendo
3173 1400 3447 1455 catholica:
3474 1400 3618 1466 fidei,
3642 1401 3685 1455 si
3730 1418 3843 1455 non

2242 1505 2337 1545 eos
2348 1490 2583 1545 deterret
2600 1492 2883 1546 exitiabilis
2903 1492 3072 1563 pudor
3090 1493 3377 1559 mutandaa,
3393 1494 3635 1562 quamvis
3663 1492 3841 1558 falsa;

2242 1581 2329 1636 diu
2363 1592 2536 1636 tamen
2567 1592 2621 1636 et
2646 1598 2765 1637 cum
2812 1584 3109 1639 temeritate
3134 1583 3369 1638 defensm
3394 1585 3699 1639 sententiae.

2351 1672 2584 1726 LXXXI.
2629 1671 2706 1727 De
2751 1672 3151 1743 Quadragesima
3179 1685 3225 1728 et
3259 1673 3707 1745 Quinquagesima.

2316 1766 2367 1819 l.
2406 1765 2591 1819 Omnis
2612 1767 2887 1835 sapientia:
2906 1767 3204 1836 disciplina,
3229 1784 3347 1835 qua:
3367 1767 3433 1821 ad
3455 1767 3698 1823 homines
3720 1785 3844 1823 eruo

2244 1856 2467 1912 diendos
2494 1860 2740 1927 pertinet,
2770 1868 2851 1913 est
2879 1859 3185 1915 Creatorem
3215 1870 3619 1931 ereaturamque
3644 1861 3844 1931 digno-

2243 1960 2414 2014 scere,
2447 1956 2500 2001 et
2541 1948 2686 2001 illum
2716 1949 2891 2004 colere
2916 1950 3276 2003 dominantem
3302 1990 3317 2013 ,
3344 1951 3498 2004 istam
3540 1951 3843 2019 snhjeetam

2244 2037 2416 2091 fateri.
2448 2038 2543 2093 Est
2588 2048 2765 2094 autem
2804 2047 3015 2095 creator
3044 2040 3215 2104 Dens,
3244 2057 3307 2095 ex
3347 2056 3454 2110 quo
3486 2042 3664 2095 omnia
3684 2084 3699 2108 ,
3744 2058 3846 2111 per

2243 2144 2402 2201 quem
2444 2130 2657 2197 omnia,
2702 2132 2754 2186 in
2797 2147 2903 2199 quo
2941 2133 3119 2187 omnia
3148 2132 3331 2203 (Rom.
3370 2150 3420 2187 XI
3442 2175 3458 2200 ,
3491 2133 3608 2202 56),
3631 2144 3684 2189 et
3714 2135 3844 2190 ideo

2247 2220 2499 2287 Trinitas,
2524 2222 2681 2277 Pater
2697 2232 2749 2277 et
2780 2222 2944 2278 Filius
2978 2232 3031 2278 et
3056 2223 3284 2291 Spiritus
3310 2232 3546 2279 sanctus.
3575 2224 3839 2280 Creatura

2244 2327 2373 2365 vero
2402 2314 2594 2382 partim
2622 2322 2706 2368 est
2733 2313 3013 2367 invisibilis
3033 2356 3047 2379 ,
3074 2314 3212 2367 sicut
3238 2314 3412 2368 anima
3435 2332 3450 2379 ;
3484 2316 3675 2383 partim
3704 2318 3839 2370 visi-

2244 2400 2386 2466 bilis,
2417 2403 2551 2456 sicut
2590 2417 2806 2473 corpus.
2840 2404 3092 2458 lnvisibili
3131 2405 3398 2459 ternarius
3443 2421 3698 2461 numerus
3741 2409 3845 2462 tri-

2245 2493 2462 2556 buitur;
2494 2510 2658 2564 quare
2693 2495 2914 2566 diligere
2956 2496 3121 2551 Deum
3172 2497 3452 2566 triplieiter
3477 2498 3748 2567 jnbemur,
3779 2518 3847 2555 c1:

2247 2594 2350 2639 toto
2374 2585 2544 2649 corde,
2573 2602 2633 2639 ex
2653 2594 2757 2639 tota
2782 2587 2973 2654 anima,
3001 2596 3047 2641 et
3071 2604 3133 2641 ex
3153 2596 3257 2641 tota
3281 2597 3442 2642 mente
3467 2588 3678 2660 (Matth.
3708 2607 3844 2659 xm,

2246 2674 2341 2744 37)
2373 2693 2385 2729 :
2412 2676 2621 2745 corpori
2647 2677 3017 2745 quaternarius
3045 2693 3332 2743 numerus,
3365 2688 3582 2749 propter
3620 2681 3844 2737 eviden-

2250 2766 2507 2821 tissimam
2537 2776 2779 2822 naturam
2808 2768 2924 2838 ejus
2944 2810 2959 2834 ,
2993 2769 3046 2823 id
3071 2778 3184 2835 est,
3210 2770 3437 2824 calidam
3468 2781 3521 2825 et
3548 2772 3795 2841 frigidam
3822 2817 3840 2839 ,

2249 2856 2521 2912 humidam
2539 2866 2595 2913 et
2610 2859 2826 2913 siccam.
2854 2860 3131 2916 Universze
3160 2877 3286 2931 ergo
3302 2872 3559 2918 creatum
3589 2866 3842 2920 tribuitur

2249 2952 2601 3021 septenarius.
2634 2954 2969 3023 Quapmpter
3004 2956 3178 3009 omnis
3200 2955 3479 3024 disciplina
3520 2956 3843 3028 dignoscens

2248 3052 2303 3098 et
2325 3043 2634 3099 discernens
2652 3046 2961 3101 Creatorem
2980 3056 3138 3117 atque
3154 3058 3471 3114 creaturam,
3493 3050 3715 3105 denario
3739 3068 3842 3105 nu-

2248 3150 2398 3190 mero
2428 3135 2722 3191 insinuatur
2752 3154 2765 3191 :
2800 3153 2920 3207 qtae
2946 3137 3247 3207 disciplina,
3278 3140 3531 3208 quamdiu
3562 3143 3844 3210 corporeis

2248 3225 2482 3281 motibus
2509 3228 2873 3296 temporaliter
2909 3228 3265 3298 significatur,
3302 3229 3571 3285 credendo
3604 3242 3841 3299 constat,

2248 3328 2303 3373 et
2322 3335 2499 3374 rerum
2523 3329 2789 3390 gestarum
2811 3321 3136 3376 venientium
3156 3328 3315 3391 atque
3333 3324 3720 3377 transeuntium
3749 3341 3847 3379 au-

2247 3415 2492 3467 ctoritate
2517 3414 2666 3482 quasi
2696 3414 2829 3468 laete
2858 3413 3102 3482 parvulos
3133 3415 3334 3478 nutrit;
3366 3424 3423 3468 nt
3448 3415 3668 3472 idoneos
3686 3416 3846 3471 faciat

2247 3503 2839 3574 contemplationi,quze
2858 3519 2964 3558 non
3000 3505 3141 3558 venit
3175 3513 3228 3558 et
3266 3506 3474 3572 transit,
3504 3506 3596 3559 svd
3627 3522 3844 3576 semper

2248 3603 2425 3648 manet
2453 3612 2464 3647 :
2496 3594 2548 3648 in
2578 3610 2680 3664 qua
2706 3596 2929 3665 quisque
2969 3597 3197 3651 narratis
3232 3597 3333 3651 sibi
3374 3599 3536 3653 rebus
3583 3599 3846 3657 divinitus

2248 3686 2614 3753 temporaliter
2632 3701 2727 3755 pro
2753 3686 2922 3741 salute
2949 3686 3222 3765 hominum
3250 3688 3433 3759 gestis,
3451 3690 3565 3745 sive
3587 3691 3842 3759 gerendis

2245 3790 2366 3844 quae
2393 3775 2566 3830 adhuc
2593 3776 2766 3831 futura
2796 3778 3171 3846 prtedicautur,
3195 3779 3240 3834 si
3262 3782 3622 3848 permanserit
3646 3786 3696 3835 in
3732 3783 3840 3838 fide

2245 3875 2297 3922 et
2323 3869 2580 3936 promissa
2610 3870 2923 3939 speraverit,
2953 3878 3005 3925 et
3033 3886 3154 3941 quae
3181 3870 3360 3925 divina
3390 3873 3680 3926 auctoritas
3708 3890 3835 3942 pra:-

2245 3959 2373 4029 cipit
2413 3961 2722 4032 infatigabili
2769 3962 3029 4018 charitate
3063 3964 3285 4034 implere
3344 3966 3649 4032 curaverit,
3698 3975 3843 4021 recte

2245 4060 2365 4120 aget
2382 4052 2540 4106 vitam
2564 4052 2719 4122 hujus
2741 4055 3075 4109 necessitatis
3096 4064 3150 4110 et
3174 4058 3447 4125 temporis,
3467 4072 3586 4126 qua:
3617 4073 3844 4112 numero

2243 4144 2664 4215 quadragenario
2689 4146 3112 4202 commendatur.
3146 4149 3413 4214 Quoniam
3455 4150 3709 4205 denarius
3741 4168 3837 4205 nn~

2244 4250 2444 4303 merus,
2470 4236 2558 4306 qui
2588 4244 2750 4291 totam
2778 4238 3009 4293 insinuat
3027 4239 3381 4309 disciplinam,
3405 4250 3599 4311 quater
3623 4243 3839 4310 ductus,

2244 4324 2296 4378 id
2333 4334 2434 4392 est,
2487 4342 2711 4382 numero
2756 4329 2844 4396 qui
2890 4331 3100 4399 corpori
3143 4332 3391 4387 tribuitur
3433 4335 3838 4403 multiplicatus,

2244 4417 2366 4485 quia
2424 4433 2516 4486 per
2555 4428 2755 4473 motum
2797 4422 3131 4490 corporalis‘
3165 4423 3554 4480 administratio
3596 4427 3836 4496 geritur,

2244 4522 2348 4576 qua
2375 4507 2572 4562 dictum
2598 4517 2682 4564 est
2712 4510 2871 4564 [idem
2901 4520 3149 4567 constare
3169 4554 3184 4579 ,
3216 4514 3699 4586 quadragenarium
3741 4535 3843 4573 nu-

2244 4613 2449 4653 merum
2478 4600 2712 4655 conﬁcit.
2743 4600 2815 4655 lta
2848 4602 3097 4672 impetrat
3130 4606 3293 4659 etiam
3334 4607 3582 4661 stabilem
3628 4618 3685 4663 et
3719 4610 3842 4663 nul-

2247 4691 2346 4745 lius
2394 4694 2650 4761 temporis
2694 4694 3020 4765 indigentem
3047 4699 3402 4767 sapientiam,
3446 4716 3567 4769 quae
3618 4702 3843 4758 denario

2244 4797 2465 4838 numero
2491 4786 2916 4854 commendatur,
2937 4799 2995 4843 ut
3016 4789 3081 4843 ad
3099 4791 3444 4862 quadraginta
3467 4793 3737 4853 addantur
3754 4796 3842 4850 de-

2243 4888 2391 4938 cem;
2418 4876 2537 4944 quia
2568 4886 2623 4931 et
2651 4889 2828 4947 partes
2854 4882 3088 4950 arquales
3112 4883 3520 4955 quadragenarii
3542 4890 3751 4943 numeri
3776 4891 3843 4942 si.

2245 4965 2353 5019 mul
2374 4966 2546 5022 ducta:
2576 4969 2641 5023 ad
2662 4971 3041 5043 quinquaginta
3070 4976 3403 5043 perveniunt.
3438 4978 3625 5033 Partes
3654 4990 3838 5035 autem

2243 5057 2475 5125 :equales
2507 5058 2664 5113 habet
2697 5061 3148 5132 quadragenarius
3186 5081 3458 5133 numerus,
3489 5069 3662 5136 primo
3701 5086 3837 5140 qua-

2242 5145 2480 5216 draginta
2515 5148 2565 5203 in
2590 5150 2831 5220 singulis,
2861 5152 3052 5209 deinde
3083 5155 3264 5224 viginti
3292 5158 3342 5210 ia
3377 5158 3534 5223 binis,
3563 5159 3751 5215 decem
3783 5163 3833 5215 in

2242 5242 2535 5305 quaternis,
2560 5251 2681 5295 octo
2709 5242 2762 5297 in
2791 5245 2987 5313 quinis,
3011 5247 3245 5317 quinque
3271 5249 3322 5302 in
3345 5252 3575 5316 octonis,
3603 5263 3835 5322 quatuor

2243 5327 2294 5381 in
2318 5328 2489 5394 denis,
2513 5331 2646 5386 duas
2686 5333 2737 5387 in
2778 5335 2998 5391 vicenis.
3037 5336 3212 5392 Unum
3253 5355 3382 5410 ergo
3409 5342 3593 5397 etduo
3625 5354 3681 5397 et
3707 5362 3837 5413 qna-

2244 5426 2363 5472 tuor
2381 5430 2434 5474 et
2459 5422 2689 5492 quinque
2716 5435 2769 5480 et
2790 5436 2910 5481 octo
2931 5437 2984 5482 et
3008 5428 3193 5483 decem
3213 5440 3267 5486 et
3287 5431 3469 5502 viginti
3492 5434 3651 5488 simul
3676 5436 3833 5491 ducta

2240 5512 2474 5567 efficiunt
2499 5516 2897 5588 quinquaginta.
2923 5520 3258 5592 Quapropter
3292 5526 3429 5579 sicut
3458 5527 3830 5599 quadragena-

2241 5605 2352 5658 rius
2416 5623 2668 5663 numerus
2724 5614 3015 5681 :equalibus
3059 5616 3170 5670 suis
3218 5619 3454 5685 partibus
3510 5624 3833 5689 Computatis

2240 5699 2377 5765 parit
2402 5700 2630 5769 amplius
2666 5702 2938 5757 denarium
2963 5749 2976 5769 ,
3010 5716 3064 5761 et
3100 5707 3157 5761 fit
3187 5710 3672 5781 quinquagenarius
3708 5732 3719 5767 :
3757 5716 3831 5769 sic

2304 5815 2317 5841 ι
2333 5820 2465 5883 "fres
2481 5819 2608 5871 Mss,
2634 5828 2719 5875 per
2742 5823 2892 5883 motus
2911 5820 3200 5883 corporales.
3222 5820 3364 5869 Paulo
3388 5831 3496 5883 post
3514 5831 3611 5871 nat.
3636 5833 3688 5873 et
3711 5825 3829 5874 duo-

2237 5874 2394 5946 derim
2421 5882 2542 5929 κξδςη
2567 5874 2708 5946 quem
2734 5877 2915 5946 dictum
2945 5874 3014 5929 est
3032 5880 3129 5941 ﬁde
3153 5874 3400 5946 constare:
3416 5890 3510 5941 ΕΓ..
3532 5898 3627 5946 quo
3650 5888 3829 5937 dictum

2238 5942 2306 5983 est
2332 5943 2472 5982 ruam
2498 5944 2796 5987 constare——
2820 5942 2888 5989 sic
2914 5945 3058 5991 etiam
3081 5946 3224 6004 Lugd.
3256 5953 3305 5993 et
3328 5942 3451 5993 V'rn.
3521 5942 3576 5995 si.
