4136 6516
1102 399 1313 411 ⁸’.ο--μ-

1718 471 1922 530 LIBER
1962 468 2162 527 UNUS.

2015 591 2181 637 teram
2208 588 2409 650 partem
2438 586 2712 646 captomm
2747 574 3026 628 invenitur.

2009 672 2269 730 LXXXII.
2312 671 2391 726 De
2409 687 2466 725 eo
2484 670 2618 741 quod
2641 669 2878 739 scriptum
2905 678 2975 720 est
3002 681 3021 720 :
3053 663 3223 731 Quem
3261 662 3402 719 enim
3428 661 3601 732 diligit

2078 766 2346 827 Dominus,
2379 760 2636 829 corripit;
2680 758 2909 827 ﬂagellat
2951 766 3127 811 autem
3169 768 3384 810 omnem
3431 754 3599 809 ﬁlimn

2075 873 2233 927 quem
2265 855 2454 924 recipit
2480 852 2664 923 (Hebr.
2692 867 2785 915 xu,
2811 851 2887 919 6).

288 500 357 556 97
1718 471 1922 530 LIBER
1962 468 2162 527 UNUS.
3526 452 3598 509 93

290 632 505 687 tempus
532 608 659 666 ﬁdei
684 620 864 664 rerum
888 616 986 674 pro
1013 598 1183 655 salute
1214 601 1392 651 nostra
1422 599 1689 662 gestarum
1716 597 1771 642 et
1796 601 1890 657 ge.

296 679 587 770 rendarum
614 716 739 759 cum
764 700 1015 769 aequitate
1043 693 1168 747 vita:
1197 697 1373 745 actum
1413 686 1662 754 impetrat
1684 679 1894 735 intelle-

296 818 444 864 ctum
475 798 687 857 stabilis
718 768 1028 865 sapientiae;
1054 793 1114 841 ut
1142 797 1252 839 non
1272 780 1446 836 solum
1474 773 1767 840 credendo,
1799 768 1890 826 sed

297 899 460 954 etiam
485 884 833 958 intelligendo
858 878 1134 949 disciplina
1158 874 1417 929 ﬁrmetur.

375 988 428 1041 9..
471 984 539 1039 Et
568 952 690 1036 ideo
720 992 783 1033 ea
813 988 934 1045 qua:
967 984 1109 1026 nunc
1133 974 1215 1022 est
1242 961 1501 1028 Ecclesia,
1532 956 1778 1030 quamvis
1803 952 1893 1008 ﬁlii

306 1079 400 1133 Dei
429 1077 613 1137 simus,
657 1078 782 1125 ante
806 1078 981 1121 tamen
1021 1075 1181 1132 quam
1216 1062 1471 1128 appareat
1504 1050 1631 1123 quid
1675 1047 1897 1111 erimus,

308 1172 363 1226 in
397 1166 664 1223 laboribus
684 1170 739 1217 et
765 1154 1138 1215 alllictionibus
1166 1152 1275 1222 agit
1300 1192 1314 1215 ,
1337 1156 1392 1204 et
1419 1148 1472 1201 in
1514 1160 1579 1200 ea
1618 1144 1790 1214 justus
1836 1155 1904 1193 ex

319 1261 426 1315 ﬁde
451 1256 577 1313 vivit
601 1253 779 1327 (Rom.
809 1266 848 1317 ι,
872 1248 982 1319 17).
1010 1244 1127 1299 Nisi
1152 1242 1293 1298 enim
1331 1234 1664 1300 credideritis,
1711 1230 1901 1300 inquit,

313 1372 419 1407 non
442 1347 729 1419 intelligetis
751 1342 901 1414 (Isai.
930 1355 1025 1406 vn,
1052 1336 1131 1407 9).
1160 1335 1226 1389 Et
1269 1332 1370 1386 hoc
1418 1337 1502 1385 est
1543 1336 1751 1394 tempus
1797 1335 1905 1391 quo

314 1417 714 1515 ingemiseimus
728 1446 783 1493 et
803 1435 1068 1497 dolemus,
1088 1431 1462 1497 exspectantes
1486 1417 1905 1486 redemptionem

314 1504 559 1602 corporis
596 1527 762 1586 nostri
794 1526 812 1596 (
837 1524 985 1579 Rom.
1011 1535 1123 1585 vttl,
1145 1516 1278 1585 23),
1309 1511 1451 1584 quod
1493 1504 1906 1577 Quadragesima

314 1626 644 1681 celebratur.
676 1593 876 1676 Scimus
900 1623 1067 1669 autem
1083 1607 1319 1681 quoniam
1339 1619 1453 1657 cum
1477 1597 1803 1671 apparuerit,
1832 1593 1907 1648 si-

315 1716 465 1769 miles
507 1714 553 1766 ei
595 1712 820 1774 erimus,
865 1704 1105 1776 quoniam
1150 1696 1429 1753 videbimus
1473 1707 1586 1746 eum
1637 1686 1784 1743 sicuti
1840 1691 1912 1738 est

314 1807 359 1876 (1
389 1805 550 1860 Joan.
585 1818 663 1868 tu,
688 1798 747 1873 Ξ)
765 1816 777 1851 :
796 1813 918 1853 cum
938 1793 1163 1849 addetur
1182 1787 1435 1845 denarius
1464 1776 1909 1854 quadragenario,

316 1866 378 1955 iit
411 1913 519 1952 non
551 1866 739 1951 solum.
759 1890 977 1947 credere
1014 1900 1133 1956 quae
1177 1880 1443 1953 pertinent
1481 1874 1546 1929 ad
1591 1872 1779 1936 ﬁdem,
1809 1866 1907 1923 sed

317 1994 485 2047 etiam
543 1985 874 2059 perspicuam
933 1979 1209 2035 veritatem
1251 1971 1549 2039 intelligere
1592 1976 1914 2020 mereamur.

319 2082 473 2138 Talis
500 2054 761 2146 Ecclesia,
796 2075 852 2130 in
888 2085 991 2143 qua
1021 2068 1199 2123 nullus
1228 2063 1331 2120 erit
1370 2073 1589 2124 mceror,
1620 2054 1763 2110 nulla
1792 2066 1918 2122 per-

322 2174 516 2228 mixtio
543 2143 801 2231 malorum
825 2162 1123 2222 hominum,
1149 2156 1292 2211 nulla
1319 2150 1587 2223 iniquitas,
1617 2145 1710 2202 sed
1740 2143 1921 2199 Icetitia

323 2274 386 2321 et
410 2278 513 2334 pax
533 2271 587 2316 et
610 2257 879 2331 gaudium,
906 2246 1371 2323 Quinquagesimae
1396 2238 1759 2299 celebratione
1786 2249 1922 2306 prae-

325 2356 610 2427 ﬁguratur.
639 2352 954 2419 Propterea,
983 2350 1330 2414 posteaquam
1352 2334 1611 2390 Dominus
1636 2338 1821 2385 noster
1843 2341 1921 2381 rc-

323 2422 564 2503 surrcxit
588 2459 617 2497 a
644 2439 871 2497 mortuis
889 2479 904 2503 ,
942 2431 1289 2506 quadraginta
1328 2426 1515 2482 diebus
1542 2422 1771 2494 peractis
1801 2433 1925 2473 cum

326 2537 611 2607 discipulis
632 2535 762 2599 suis,
782 2529 971 2588 eadem
996 2527 1108 2596 ipsa
1127 2522 1330 2578 scilicet
1355 2534 1449 2589 per
1476 2518 1616 2571 hunc
1644 2525 1923 2568 numerum

332 2604 606 2682 insinuata
638 2619 917 2694 temporali
937 2613 1353 2687 dispensatione,
1385 2622 1505 2679 quae
1527 2606 1593 2661 ad
1614 2604 1772 2659 ﬁdem
1803 2616 1928 2674 per-

331 2720 494 2785 tinet,
518 2692 829 2773 aseenditin
859 2710 1053 2768 coelum
1085 2706 1221 2779 (Act.
1252 2719 1292 2770 1,
1314 2702 1372 2769 3,
1405 2699 1495 2772 9),
1519 2706 1574 2753 et
1599 2696 1784 2751 decem
1812 2692 1928 2747 aliis

335 2783 529 2866 diebus
555 2808 783 2880 peractis
803 2804 953 2860 misit
981 2800 1237 2871 Spiritum
1266 2802 1508 2849 sanctum
1532 2789 1645 2860 (Id.
1676 2805 1709 2842 ιι
1728 2829 1741 2850 ,
1770 2783 1883 2855 1-4)
1913 2800 1927 2837 :

338 2904 394 2958 id
418 2914 521 2968 est,
544 2876 724 2956 utnon
751 2896 822 2953 ad
847 2894 1077 2951 humana
1099 2898 1154 2945 ct
1180 2884 1510 2956 temporalia,
1550 2880 1642 2935 scd
1664 2878 1729 2932 ad
1752 2876 1931 2930 divina

338 3006 398 3051 ct
423 3003 621 3049 aeterna
648 2986 950 3048 contuenda
978 2982 1206 3055 quodam
1234 2976 1430 3033 amoris
1452 2986 1504 3030 et
1525 2970 1802 3028 charitatis
1827 2967 1935 3035 spi-

341 3096 595 3143 ramento
613 3094 666 3140 et
694 3078 965 3145 incendio,
988 3070 1416 3146 quadragenario
1435 3064 1687 3121 denarius
1706 3061 1935 3116 addere-

343 3192 456 3234 tur.
484 3180 549 3233 Et
576 3177 691 3231 ideo
710 3175 820 3244 jam
849 3172 952 3226 hoc
987 3175 1151 3221 totum
1176 3206 1190 3228 ,
1218 3161 1272 3216 id
1308 3168 1389 3214 est
1409 3200 1425 3225 ,
1454 3151 1938 3227 quinquagenarius

349 3282 611 3326 numerus
637 3266 868 3330 dierum,
890 3258 1086 3315 laetitia:
1109 3252 1499 3312 celebratione,
1527 3244 1815 3316 signandus
1834 3249 1937 3296 est.

420 3360 478 3414 3.
522 3357 645 3411 ηερε
657 3363 834 3408 autem
854 3350 959 3403 duo
986 3357 1244 3413 tempora,
1269 3340 1319 3395 id
1343 3347 1446 3405 cst,
1472 3352 1634 3391 unum
1666 3332 1864 3388 laboris
1889 3339 1943 3385 ct

344 3447 743 3510 sollicitudinis,
767 3444 995 3498 alterum
1020 3434 1194 3506 gaudii
1220 3442 1275 3487 et
1294 3427 1592 3485 securitatis
1617 3468 1632 3491 ,
1661 3425 1820 3481 etiam
1852 3436 1944 3476 re-

348 3544 498 3598 tibus
541 3540 717 3594 missis
741 3537 793 3589 in
825 3544 975 3588 mare
1002 3526 1254 3582 Dominus
1289 3530 1470 3577 noster
1499 3516 1779 3587 signiﬁcat.
1809 3513 1943 3568 Nam

348 3643 481 3689 ante
516 3628 814 3702 passionem
857 3622 926 3677 de
965 3617 1191 3674 reticulo
1226 3613 1419 3667 dicitur
1450 3608 1613 3663 misso
1662 3605 1713 3659 in
1758 3618 1905 3658 mare
1928 3640 1946 3667 ,

350 3725 481 3796 quia
511 3698 714 3776 tantum
742 3714 962 3786 piscium
989 3715 1275 3779 ceperunt,
1319 3712 1376 3758 ut
1402 3703 1488 3757 vix
1536 3699 1601 3754 ad
1649 3698 1799 3751 littus
1836 3704 1947 3749 tra-

355 3789 539 3872 hendo
564 3810 936 3882 perducerent,
966 3810 1022 3858 et
1051 3810 1107 3855 ut
1137 3799 1266 3852 retia
1298 3790 1710 3865 rumperentur(
1735 3789 1859 3841 Luc.
1892 3802 1948 3854 ν,

356 3909 415 3973 6,
446 3904 529 3977 7).
556 3878 673 3959 Non
698 3900 839 3955 enim
865 3897 1027 3951 missa
1055 3898 1180 3947 sunt
1204 3890 1254 3943 in
1279 3888 1552 3942 dexteram
1592 3891 1794 3952 partem
1817 3895 1830 3944 ;
1854 3878 1953 3932 ha-

358 3999 455 4055 bet
479 3973 625 4053 enim
652 3990 850 4047 multos
874 3985 1045 4041 malos
1070 3981 1306 4039 Ecclesia
1336 3976 1492 4046 hujus
1522 3973 1778 4043 temporis
1804 3989 1816 4025 :
1857 3986 1953 4025 ne-

360 4106 469 4163 que
498 4090 551 4144 in
574 4085 877 4144 sinistram;
908 4078 1066 4133 habet
1092 4074 1234 4129 enim
1277 4071 1436 4126 etiam
1461 4070 1633 4122 bonos
1659 4081 1672 4119 :
1712 4063 1808 4119 sed
1835 4077 1956 4133 pas-

363 4155 488 4249 sim,
521 4190 580 4235 ut
606 4174 1018 4250 permixtionem
1039 4169 1301 4224 bonorum
1343 4161 1715 4229 malorumque
1754 4155 1957 4227 signiﬁ-

364 4285 534 4333 caret.
558 4249 712 4340 Quod
733 4277 909 4323 autem
936 4271 1091 4334 rupta
1115 4266 1241 4315 sunt
1272 4257 1408 4312 retia
1433 4296 1448 4321 ,
1478 4252 1736 4309 charitate
1762 4249 1961 4304 violata

368 4369 569 4424 multas
588 4364 824 4418 haereses
842 4357 1035 4413 exiisse
1053 4350 1336 4423 signiﬁcat.
1360 4348 1489 4402 Post
1512 4342 1961 4401 resurrectionem

369 4477 525 4526 vero,
561 4473 682 4514 cum
714 4452 878 4509 vellet
902 4445 1191 4504 Ecclesium
1222 4440 1382 4498 futuri
1412 4436 1669 4507 temporis
1698 4450 1965 4505 praemon-

369 4567 583 4620 strare,
620 4549 713 4605 ubi
751 4558 940 4602 omnes
980 4538 1199 4611 perfecti
1240 4543 1399 4605 atque
1426 4531 1595 4587 sancti
1624 4528 1786 4584 futuri
1817 4535 1962 4593 sunt,

370 4648 537 4721 jussit
570 4619 721 4698 mitti
761 4636 894 4693 retia
924 4634 977 4718 in
1019 4630 1295 4685 dexteram
1326 4631 1567 4695 partem;
1596 4629 1652 4677 et
1678 4619 1816 4688 capti
1846 4625 1971 4672 sunt

372 4708 624 4809 ingentes
650 4730 829 4801 pisces
850 4708 1063 4780 centum
1091 4716 1472 4791 quinquaginta
1502 4723 1631 4778 tres,
1653 4708 1974 4765 mirantibus

374 4803 660 4896 discipulis
687 4816 831 4891 quod
855 4828 976 4870 cum
998 4820 1102 4866 tam
1131 4807 1305 4879 magni
1327 4812 1528 4870 essent,
1557 4803 1691 4858 retia
1718 4815 1822 4855 non
1851 4808 1976 4853 sunt

375 4891 623 4989 disrupta
642 4914 821 4985 (Joan.
847 4921 959 4971 ut,
992 4903 1045 4967 6,
1073 4903 1183 4971 ll).
1216 4900 1416 4955 [lorum
1443 4894 1753 4967 magnitudo
1773 4891 1978 4962 magni-

379 5012 623 5070 tudinem
678 5000 954 5075 sapientite
1003 4994 1325 5065 jttstit'rane
1371 4989 1667 5060 signiﬁcat;
1723 4998 1979 5040 numerus

379 5120 539 5165 vero,
566 5100 735 5168 ipsam
764 5087 1096 5159 disciplinam
1124 5092 1176 5137 et
1199 5080 1475 5150 temporali
1502 5076 1900 5147 dispensatione
1926 5082 1979 5128 et

380 5166 599 5256 aeterna
622 5182 1027 5261 regeneratione
1057 5174 1368 5247 perfectam,
1394 5186 1552 5241 quam
1574 5169 1805 5224 diximus
1833 5166 1985 5237 quin-

381 5284 714 5362 quagenorio
744 5287 969 5334 numero
987 5262 1524 5331 commendari.Quia
1556 5262 1697 5316 enim
1728 5270 1852 5315 tunc
1876 5272 1981 5312 non

382 5350 655 5449 eritvopus
680 5364 1051 5440 corporalibus
1076 5355 1420 5427 adiumentis,
1453 5360 1507 5409 et
1531 5354 1709 5407 animo
1738 5350 1984 5405 contine-

382 5477 535 5532 bitur
555 5442 695 5525 ﬁdes
723 5476 882 5533 atque
906 5451 1204 5528 sapientia;
1235 5445 1359 5517 quia
1380 5444 1560 5499 animo
1586 5442 1876 5496 ternarium
1898 5455 1988 5494 nu-

384 5582 598 5627 merum
631 5561 892 5617 tributum
923 5551 1175 5610 diximus,
1199 5536 1581 5614 quinquaginta
1612 5534 1858 5589 ducimus
1884 5541 1985 5599 ter,

386 5622 622 5719 etnﬁunt
662 5657 883 5709 centum
928 5636 1346 5714 quinquaginta;
1386 5630 1469 5685 cui
1515 5639 1740 5681 numero
1785 5622 1991 5677 trinitas

386 5714 631 5817 additur,
655 5745 781 5817 quia
808 5737 986 5797 omnis
1011 5733 1098 5788 illa
1128 5726 1384 5801 perfectio
1413 5724 1464 5777 in
1496 5718 1708 5775 nomine
1741 5714 1913 5770 Patris
1939 5720 1995 5767 et

391 5809 513 5903 ᾖΙῆ
536 5851 592 5899 ει
615 5809 858 5912 Spiritus
895 5824 1064 5887 sancti
1090 5825 1403 5880 consecrata
1442 5821 1526 5870 est
1554 5830 1565 5863 :
1597 5812 1667 5864 ita
1704 5809 1834 5861 ﬁunt
1869 5820 1996 5860 cen-

394 5952 508 5995 tum
539 5897 931 6009 quidquaginla
961 5929 1093 5987 tres,
1115 5910 1208 5989 qui
1235 5922 1489 5969 numerus
1517 5902 1737 5977 piscium
1762 5897 1825 5953 ad
1868 5897 1997 5951 dex-

1994 1000 1999 1005 .
2081 949 2130 1003 t.
2171 947 2317 1002 Multi
2349 952 2739 998 murmurantes
2760 943 2860 994 sub
2888 939 3168 1009 disciplina
3200 938 3317 1001 Dei,
3348 938 3600 1007 quaestio-

2008 1055 2129 1095 nem
2159 1045 2395 1101 movent,
2418 1052 2538 1090 cum
2570 1035 2751 1089 vident
2768 1034 2940 1103 justos
2962 1045 3102 1099 sape
3123 1043 3311 1099 graves
3334 1028 3604 1083 molestias

2009 1129 2305 1186 secundum
2336 1128 2473 1181 hanc
2499 1126 2661 1180 vitam
2684 1126 2792 1194 pati
2822 1141 2834 1175 :
2873 1122 3024 1193 quasi
3055 1128 3333 1190 pr0pterca
3366 1119 3496 1173 nihil
3522 1119 3603 1173 eis

2010 1222 2179 1291 proSit
2202 1219 2342 1289 quod
2362 1219 2470 1273 Deo
2498 1217 2754 1279 serviunt,
2773 1215 2895 1282 quia
2917 1213 2999 1268 vel
3019 1225 3334 1266 communes
3363 1210 3602 1275 labores,

2011 1322 2170 1383 atque
2192 1311 2553 1366 indiﬁ'erenter
2575 1323 2859 1378 corporum
2881 1318 3039 1376 atque
3063 1305 3380 1359 damnorum
3404 1312 3458 1357 et
3484 1319 3609 1358 con-

2013 1404 2349 1458 tumeliarum
2378 1410 2803 1468 caeterorumque
2827 1399 3063 1450 omnium
3086 1438 3099 1459 ,
3128 1410 3245 1464 qutc
3277 1394 3415 1447 mala
3467 1408 3611 1447 mor-

2016 1497 2149 1550 tales
2190 1504 2394 1565 putant,
2421 1494 2507 1547 vel
2553 1492 2713 1545 etiam
2757 1490 2968 1545 είιιιειίε
3010 1488 3299 1556 ampliores
3340 1486 3611 1555 patiuntur

2015 1597 2235 1660 propter
2274 1587 2494 1642 verbum
2552 1584 2643 1639 Dei
2694 1591 2853 1652 atque
2888 1580 3146 1651 justitiam
3172 1621 3187 1645 ,
3219 1594 3339 1647 quae
3382 1592 3609 1631 onerosa

2018 1680 2363 1753 peccantibus
2387 1680 2437 1733 in
2468 1678 2585 1747 ejus
2611 1676 2989 1746 praedicatores
3021 1672 3370 1725 tumultuosas
3399 1668 3610 1722 seditio.

2019 1790 2116 1830 nes
2152 1781 2245 1828 aut
2270 1771 2487 1826 insidias
2513 1779 2604 1823 aut
2638 1767 2759 1822 odia
2790 1765 3042 1821 concitat.
3085 1762 3287 1830 Quibus
3314 1758 3609 1828 responde-

2022 1878 2128 1932 tur,
2152 1865 2278 1935 quia
2308 1864 2353 1919 si
2393 1862 2499 1916 vita
2527 1861 2627 1915 ista
2672 1859 2784 1913 sola
2826 1865 2970 1912 esset
3014 1855 3317 1916 hominum,
3347 1859 3437 1904 aut
3478 1849 3611 1903 nihil

2022 1956 2299 2029 prodesse,
2319 1961 2411 2008 aut
2435 1952 2597 2007 etiam
2620 1947 2965 2016 nocerejusta
2986 1946 3089 1998 vita
3111 1959 3215 1997 non
3237 1956 3617 2011 usquequaque

2023 2048 2257 2105 absurde
2285 2046 2576 2100 videretur.
2603 2043 2918 2110 Quanquam
2948 2056 3052 2092 non
3101 2036 3364 2090 defuerint
3406 2034 3494 2103 qui
3526 2033 3614 2102 jn-

2025 2141 2184 2197 stitiaa
2209 2137 2523 2194 suavitatem
2546 2142 2602 2188 et
2640 2133 2907 2186 internum
2934 2128 3050 2199 ejus
3076 2128 3328 2198 gaudium
3355 2140 3475 2179 cum
3498 2140 3619 2177 cor-

2026 2231 2297 2304 poralibus
2323 2226 2571 2283 omnibus
2598 2223 2868 2279 laboribus
2890 2230 2945 2276 et
2965 2219 3226 2274 molestiis
3250 2259 3264 2283 ,
3290 2230 3422 2286 quas
3452 2228 3621 2284 genus

2029 2326 2320 2379 humanum
2361 2335 2459 2391 pro
2505 2316 2813 2373 conditione
2856 2329 2968 2369 sua:
3011 2309 3352 2366 mortalitatis
3400 2307 3615 2376 patitur,

2029 2431 2152 2470 cum
2178 2413 2428 2468 omnibus
2455 2410 2619 2463 etiam
2656 2422 2777 2477 qua:
2800 2413 3017 2475 propter
3044 2404 3213 2471 ipsam
3238 2397 3497 2468 justitiam
3567 2395 3620 2449 in

2030 2522 2126 2564 eos
2160 2505 2250 2576 qui
2289 2504 2432 2574 juste
2459 2501 2674 2564 vivunt,
2719 2495 3133 2566 tnjuriosissime
3159 2493 3458 2562 cogitantur
3482 2490 3521 2552 ‘,
3553 2487 3625 2541 ita

2032 2601 2466 2666 compensarem,
2494 2599 2551 2645 ut
2587 2594 2920 2658 sequestrata
2947 2599 3042 2654 spe
3071 2582 3261 2636 futura:
3291 2578 3626 2646 vitaejucnm

2032 2689 2153 2744 dius
2174 2696 2229 2743 et
2253 2686 2425 2740 lzctius
2451 2698 2559 2754 pra:
2582 2695 2767 2735 amore
2784 2678 3019 2732 veritatis
3045 2683 3440 2744 torquerentur,
3464 2685 3623 2740 quam

2036 2777 2291 2835 luxuriosi
2316 2790 2424 2846 pra:
2451 2771 2745 2844 cupiditate
2769 2767 3044 2824 ebrietatis
3071 2765 3376 2835 epulentur.

2106 2869 2162 2924 Ξ.
2205 2866 2310 2924 Sed
2333 2867 2397 2922 iis
2428 2875 2607 2920 tamen
2647 2863 2737 2933 qui
2768 2869 2954 2930 putant
2983 2859 3237 2926 injustutn
3272 2856 3436 2909 Deum
3463 2893 3477 2917 ,
3509 2867 3630 2906 cum

2035 2960 2208 3032 justos
2226 2958 2279 3012 in
2308 2955 2584 3012 doloribus
2625 2962 2680 3006 et
2712 2950 2982 3005 laboribus
3020 2947 3230 3008 vident,
3269 2954 3360 2998 aut
3403 2951 3547 2997 certe
3586 2943 3630 2994 si

2041 3066 2149 3106 non
2173 3045 2641 3115 audentinjustum
2672 3044 2835 3097 Deum
2863 3040 3063 3105 dicere,
3113 3038 3195 3091 vel
3240 3050 3328 3091 res
3374 3034 3637 3088 humanas

2042 3156 2149 3196 non
2169 3153 2358 3194 curare
2384 3137 2728 3199 arbitrantur,
2761 3133 2844 3187 vel
2872 3131 3037 3185 semel
3066 3130 3317 3184 statuisse
3345 3127 3638 3181 necessita-

2046 3243 2127 3288 tes
2156 3230 2409 3296 fatorum,
2435 3238 2620 3283 contra
2641 3242 2773 3296 quas
2795 3240 2891 3279 nec
2918 3225 3029 3292 ipse
3051 3221 3248 3291 aliquid
3282 3219 3425 3282 facit,
3456 3234 3520 3271 ne
3552 3234 3641 3270 or-

2045 3325 2226 3379 dinem
2269 3310 2451 3376 rerum
2492 3335 2521 3372 a
2571 3333 2631 3373 se
2666 3316 2982 3385 dispositum
3023 3311 3375 3366 inconstantia
3426 3307 3640 3363 turbare

2047 3414 2328 3478 credatur;
2373 3420 2465 3466 aut
2498 3408 2694 3479 aliquid
2722 3407 2863 3461 aliud
2892 3406 3197 3475 opinantur,
3225 3400 3366 3472 quod
3409 3401 3548 3454 Deus
3587 3399 3639 3451 in

2048 3509 2227 3578 aliquo
2260 3499 2523 3560 invalidus
2566 3516 2673 3555 non
2716 3499 2882 3569 possit
2905 3515 2932 3549 a
2970 3498 3127 3565 justis
3155 3496 3252 3548 ista
3288 3492 3424 3547 mala
3458 3491 3643 3561 prohi-

2051 3597 2181 3654 bere
2212 3614 2225 3648 :
2258 3592 2544 3650 dicendum
2574 3598 2656 3645 est
2685 3590 2884 3643 nullam
2914 3585 3077 3639 fuisse
3114 3585 3344 3638 futuram
3383 3581 3644 3650 justitiam

2055 3690 2107 3744 in
2138 3687 2463 3752 hominibus,
2491 3684 2535 3738 si
2558 3697 2644 3737 res
2664 3680 2926 3734 lmmanas
2957 3690 3061 3730 non
3084 3682 3297 3729 curaret
3331 3674 3484 3725 Dens.
3511 3670 3643 3737 Quia

2056 3782 2233 3839 omnis
2266 3781 2366 3835 ista
2391 3777 2665 3832 hominum
2694 3772 2919 3842 justitia,
2947 3783 3105 3839 quam
3132 3777 3185 3820 et
3226 3774 3409 3819 tenere
3441 3761 3653 3816 animus

2060 3875 2326 3928 humanus
2351 3878 2493 3924 recte
2517 3864 2759 3920 faciendo
2781 3869 2975 3931 potest,
3003 3867 3057 3912 et
3085 3855 3353 3926 peccando
3382 3854 3651 3915 amittere,

2063 3982 2167 4021 non
2196 3962 2594 4033 imprimeretur
2618 3955 2832 4017 animm,
2859 3951 2957 4003 nisi
2988 3956 3132 4002 esset
3158 3947 3331 4014 aliqua
3364 3944 3659 3998 incommu-

2066 4057 2241 4113 tabilis
2263 4050 2465 4125 justitia
2486 4091 2502 4116 ,
2534 4064 2651 4118 qum
2681 4047 2883 4114 integra
2915 4040 3243 4095 inveniretur
3268 4056 3296 4090 τι
3321 4037 3477 4107 justis
3495 4077 3510 4101 ,
3534 4050 3655 4088 cum

2064 4150 2133 4205 ad
2158 4162 2278 4203 eam
2308 4148 2782 4202 converterentur;
2812 4137 3013 4203 integra
3054 4133 3444 4200 relinqueretur
3470 4145 3496 4180 a
3536 4142 3661 4195 pec-

2066 4240 2327 4302 cantibus,
2360 4250 2482 4291 cum
2512 4234 2581 4287 ab
2600 4231 2717 4300 ejus
2755 4228 2958 4283 lumine
2995 4231 3383 4279 averterentur.
3415 4220 3544 4287 Qum
3578 4220 3666 4286 ju.

2070 4333 2213 4389 stitia
2239 4324 2690 4384 incommutabilis
2720 4320 2903 4390 utique
2954 4318 3042 4373 Dei
3068 4324 3152 4372 est
3173 4318 3215 4382 ’,
3248 4329 3347 4368 nec
3376 4328 3493 4367 eam
3535 4327 3660 4380 por-

2071 4425 2270 4494 rigeret
2298 4420 2364 4474 ad
2388 4414 2731 4473 illustrandos
2755 4411 2819 4466 ad
2850 4425 2908 4465 se
2929 4422 3240 4472 conversos,
3265 4406 3307 4458 si
3348 4419 3437 4457 res
3482 4403 3668 4455 huma-

2073 4534 2171 4574 nas
2212 4529 2317 4569 non
2353 4518 2588 4567 curaret.
2614 4507 2669 4563 Si
2728 4519 2856 4559 vero
2897 4495 3177 4572 propterea
3232 4497 3411 4569 gravia
3466 4495 3669 4564 perpeti

2072 4608 2245 4678 justos
2276 4604 2477 4658 sineret
2502 4600 2545 4667 ³,
2569 4597 2693 4668 quia
2720 4603 2904 4651 coiitra
2936 4592 3180 4647 ordinem
3211 4604 3387 4644 rerum
3421 4602 3448 4638 a
3480 4602 3538 4640 se
3564 4585 3674 4638 dis-

2081 4698 2313 4770 positum
2362 4693 2528 4748 nollet
2564 4689 2773 4751 venire,
2819 4701 2920 4739 nec
2964 4685 3080 4753 ipse
3117 4683 3296 4751 justus
3340 4686 3522 4740 esset;
3568 4692 3673 4729 non

2080 4791 2202 4861 quia
2228 4786 2639 4857 diSpositioncm
2667 4796 2818 4837 suam
2847 4791 3063 4832 servare
3109 4774 3259 4836 vult,
3297 4769 3390 4825 sed
3438 4768 3559 4837 quia
3606 4767 3676 4819 ita

2081 4880 2345 4952 disposuit
2365 4879 2536 4948 ipsum
2564 4874 2808 4930 ordinem
2833 4885 3011 4925 rerum
3038 4908 3055 4932 ,
3093 4875 3153 4921 ut
3197 4862 3477 4918 immeritis
3506 4859 3679 4929 ptenis

2080 4950 2545 5044 justiafﬁigantur.
2570 4967 2626 5021 In
2653 4964 2832 5033 aliquo
2857 4970 3033 5016 autem
3062 4959 3225 5011 Deum
3244 4968 3363 5009 esse
3388 4950 3675 5005 invalidum

2085 5041 2152 5121 ad
2169 5061 2474 5135 repellenda
2491 5059 2628 5113 mala
2646 5072 2765 5127 qua:
2778 5052 2905 5123 justi
2927 5051 3220 5121 patiuntur,
3239 5042 3479 5114 quisquis
3497 5041 3683 5111 Opina-

2089 5169 2194 5225 tur,
2214 5133 2334 5213 ideo
2349 5152 2565 5223 desipit,
2584 5150 2705 5219 quia
2726 5161 2831 5201 non
2851 5141 3113 5210 intelligit,
3134 5138 3270 5191 sicut
3288 5133 3433 5188 nefas
3450 5141 3532 5189 est
3550 5133 3686 5202 inju-

2089 5262 2229 5309 stum
2249 5250 2414 5303 Deum
2432 5244 2628 5307 dicere,
2648 5242 2718 5294 ita
2737 5236 2883 5290 nefas
2899 5249 3019 5289 esse
3034 5232 3450 5299 omnipotentem
3469 5242 3686 5295 negare.

2163 5346 2216 5399 5.
2256 5340 2461 5408 Quibus
2490 5349 2585 5405 pro
2610 5341 2848 5399 tempore
2891 5331 3151 5394 suscepta:
3181 5319 3491 5391 quwstionis
3521 5318 3689 5371 brevi-

2095 5446 2178 5493 tcr
2207 5428 2531 5493 constitutis,
2559 5424 2682 5494 quia
2719 5430 2773 5477 ct
2800 5420 2971 5489 ipsum
3020 5417 3186 5470 Deum
3226 5423 3276 5468 et
3301 5412 3505 5482 justum
3536 5416 3693 5476 atque

2096 5528 2519 5596 omnipotentem
2566 5532 2707 5581 esse,
2757 5507 3223 5582 perniciosissima:
3271 5500 3562 5571 iniquitatis
3615 5506 3698 5553 est

2161 5630 2178 5660 ¹
2205 5635 2325 5675 tres
2343 5628 2474 5679 Mss,
2498 5617 2816 5667 concitantur.

2161 5692 2181 5722 ¹
2205 5697 2325 5737 Tres
2345 5692 2433 5733 Mss
2456 5716 2472 5741 ,
2503 5688 2629 5729 Deus
2646 5683 2738 5741 est.

2164 5752 2185 5784 ³
2497 5720 2789 5792 adﬂigeret
2804 5749 2820 5796 ;
2838 5742 2888 5784 et
2924 5731 3064 5791 infra,
3088 5738 3393 5799 seruarent»:
3426 5720 3522 5799 uult
3541 5732 3569 5799 _:
3592 5734 3703 5799 quae

2100 5818 2195 5866 bus
2211 5786 3010 5866 duello-sduci;iparticuLa'uegans
3033 5786 3061 5843 a
3083 5790 3250 5866 multis
3270 5798 3389 5866 λιες.
3416 5786 3577 5866 ahqstr
3591 5792 3638 5830 et
3690 5799 3709 5865 ἶ,

2105 5850 2702 5930 ίίξῖῘ-’Ῐ-ψόιῖξιιῆᾐῖιᾶιιειιι
2744 5869 2816 5910 Er.
2851 5850 2960 5909 [δι’.
2988 5854 3134 5917 Lugd.
3178 5859 3230 5901 et
3270 5859 3416 5907 \‘cn.,
3462 5855 3511 5895 ut
3553 5852 3625 5892 rx.
3655 5850 3715 5891 εί.

2105 5950 2213 5992 ων.
2278 5942 2336 5985 Μ.
