4136 6556
518 481 588 535 99
956 473 1043 527 DE
1080 466 1395 526 DIVERSIS
1432 467 1952 538 ΟυίΕΞΤΙΟΝΙΒυδ
1992 468 2103 522 Ι,Χῖ

2212 468 2273 534 II,
2317 468 2374 523 S.
2418 466 2784 524 AUGUSTINI
2830 466 3030 522 LIBER
3077 467 3271 526 UNUS.

514 591 794 652 dubitare;
821 585 961 640 nulla
998 599 1157 639 causa
1187 583 1514 654 probabilior
1551 582 1813 646 occurrit,
1849 596 1944 635 cur
1970 579 2099 650 justi

519 680 760 736 homines
797 677 1036 730 laborem
1077 674 1394 746 plerumque
1434 673 1486 726 in
1530 672 1629 726 hac
1668 672 1773 725 vita
1799 712 1814 737 ,
1847 671 1946 725 nisi
1977 674 2098 740 quia

519 773 620 824 hoc
644 769 722 824 eis
741 766 974 836 expedit.
1005 765 1124 820 Alia
1150 777 1234 820 ρει
1264 764 1408 818 enim
1447 778 1566 833 qua:
1611 777 1751 816 nunc
1789 772 1871 817 est
1897 761 2100 830 justitia

517 862 788 916 hominum
814 857 880 912 ad
908 855 1273 926 recipiendam
1297 855 1678 923 sempiternam
1703 853 1930 908 salutem
1955 894 1970 918 ,
1999 852 2100 906 alia

514 959 644 1006 tunc
664 951 714 1004 in
735 947 983 1019 paradiso
1008 947 1279 1002 constituti
1315 947 1543 1000 hominis
1573 961 1692 999 esse
1721 944 1903 999 debuit
1931 943 1996 998 ad
2026 959 2104 998 re-

518 1041 790 1097 tinendam
823 1049 878 1094 et
913 1054 1020 1094 non
1058 1037 1404 1093 amittendam
1444 1038 1686 1092 eamdem
1727 1037 2100 1106 sempiternam

513 1134 760 1188 salutem.
785 1132 934 1186 Sicut
963 1131 1106 1185 enim
1133 1130 1338 1200 justitia
1368 1130 1461 1184 Dei
1487 1138 1569 1184 est
1596 1129 1741 1182 utilia
1773 1128 2061 1197 praecipere
2083 1169 2098 1193 ,

515 1232 572 1279 et
591 1223 1022 1278 inobedientibus
1049 1235 1252 1290 paznas,
1276 1219 1649 1276 obedientibus
1676 1229 1853 1273 autem
1885 1220 2102 1289 pr;rmia

514 1314 871 1378 distribuere;
896 1312 966 1366 ita
988 1312 1194 1381 justitia
1232 1319 1316 1367 est
1357 1312 1608 1376 hominis,
1643 1311 1925 1380 praeceptis
1957 1311 2102 1364 utili-

519 1405 618 1459 bus
640 1404 880 1460 ohcdire.
909 1401 1012 1458 Sed
1043 1403 1293 1473 quoniam
1321 1402 1399 1456 sic
1425 1410 1507 1456 est
1530 1401 1783 1454 inanimo
1811 1401 2102 1464 beatitudo,

518 1507 575 1550 ut
601 1497 652 1550 in
679 1511 904 1566 corpore
929 1496 1128 1549 sanitas
1154 1512 1169 1548 :
1191 1493 1638 1564 quemadmodum
1666 1493 1717 1546 iu
1746 1493 1861 1561 ipso
1880 1507 2105 1561 corpore

515 1590 616 1644 alia
648 1589 952 1658 prmcipitur
974 1586 1253 1650 medicina,
1280 1601 1348 1639 ne
1370 1585 1505 1640 bona
1533 1583 1783 1638 valetudo
1808 1584 2102 1649 amittatur,

516 1683 619 1736 alia
650 1696 779 1736 vero
803 1721 819 1746 ,
849 1689 908 1734 ut
951 1680 1145 1734 amissa
1175 1689 1552 1748 recuperetur;
1599 1677 1678 1731 sic
1715 1677 1768 1730 in
1807 1686 1916 1730 toto
1962 1684 2105 1730 statu

519 1771 773 1837 hontiuis,
804 1770 907 1824 alia
939 1778 1064 1822 tunc
1083 1777 1350 1839 praecepta
1377 1767 1501 1822 data
1541 1776 1668 1822 sunt
1693 1808 1709 1832 ,
1737 1782 1805 1822 ne
1835 1767 2106 1822 amitteret

519 1861 976 1915 immortalitatem
1011 1900 1025 1924 ,
1074 1860 1175 1913 alia
1217 1873 1359 1912 nunc
1416 1858 1834 1928 prmeipiuntur,
1884 1870 1942 1912 ut
1985 1874 2104 1914 eam

516 1953 756 2022 recipiat.
814 1951 882 2005 Et
930 1952 1069 2004 sicut
1115 1951 1169 2004 in
1221 1950 1526 2005 valetudine
1571 1951 1852 2020 corporis,
1895 1951 1938 2004 si
1987 1951 2106 2020 quis

517 2043 797 2114 pracceptis
841 2043 1035 2098 medici
1064 2083 1079 2108 ,
1113 2040 1306 2111 quibus
1333 2040 1520 2096 eadem
1552 2041 1689 2096 bona
1735 2041 1982 2095 valetudo
2009 2057 2106 2096 ett-

516 2135 793 2190 stodienda
820 2143 923 2200 est,
949 2148 1056 2187 non
1077 2132 1498 2202 obtemperando
1525 2133 1576 2186 in
1605 2133 1832 2202 aliquem
1861 2133 2104 2187 morbum

519 2226 801 2290 inciderit,
829 2225 1022 2294 accipit
1047 2225 1150 2279 alia
1179 2232 1438 2294 przecepta
1468 2232 1525 2276 ut
1553 2223 1728 2278 sanari
1756 2223 1954 2293 possit;
1986 2239 2108 2293 qua:

520 2336 668 2391 saepe
707 2336 812 2375 non
851 2319 1155 2385 sufﬁciunt,
1182 2318 1226 2372 si
1263 2316 1382 2372 talis
1421 2325 1505 2371 est
1547 2317 1797 2383 morbus,
1827 2317 1924 2371 nisi
1955 2317 2108 2370 adhi-

516 2413 744 2468 beantur
763 2428 795 2467 a
812 2410 1019 2466 medico
1035 2409 1275 2480 quietiam
1292 2407 1574 2478 adjutoria,
1590 2408 1901 2478 plerumque
1916 2422 2106 2478 aspera

515 2515 568 2560 et
595 2505 808 2559 dolores
839 2502 1176 2572 importantia
1197 2541 1213 2564 ,
1242 2515 1363 2570 quae
1395 2510 1574 2555 tamen
1603 2500 1778 2555 valent
1799 2500 1865 2554 ad
1894 2515 2109 2569 recupe-

517 2596 736 2650 randam
768 2596 1029 2654 salutem;
1053 2593 1193 2647 unde
1221 2591 1278 2645 ﬁt
1306 2600 1362 2646 ut
1391 2593 1582 2657 homo,
1611 2593 1850 2662 quamvis
1873 2591 1984 2661 jam
2012 2591 2108 2646 ob-

516 2697 819 2756 temperans
866 2683 1103 2750 medico,
1155 2685 1386 2752 patiatur
1429 2691 1604 2739 tamen
1644 2682 1820 2737 adhuc
1856 2681 2104 2745 dolores,

515 2793 619 2830 non
661 2777 834 2831 solum
881 2775 948 2829 de
997 2775 1112 2843 ipso
1157 2772 1346 2827 morbo
1387 2771 1622 2826 nondum
1663 2782 1873 2834 sanato,
1918 2787 2105 2826 verum

514 2869 677 2921 etiam
704 2867 771 2921 de
792 2865 1056 2934 adjutorio
1084 2863 1366 2919 medicinae
1391 2881 1407 2915 :
1430 2863 1502 2916 ita
1529 2861 1691 2916 homo
1714 2878 1810 2932 per
1830 2871 2106 2932 peccatum

520 2959 703 3027 lapsus
733 2958 784 3009 in
813 2956 971 3024 hujus
1002 2954 1125 3008 vitae
1163 2952 1462 3006 morbidam
1487 2961 1542 3007 et
1569 2952 1934 3006 calamitosum
1967 2967 2108 3008 mor-

517 3050 773 3103 talitatem
795 3089 808 3113 ,
838 3047 960 3116 quia
999 3045 1170 3115 primo
1209 3051 1478 3115 praecepto
1506 3043 1877 3113 obtemperare
1905 3042 2106 3108 noluit,

515 3156 622 3210 quo
650 3139 1028 3208 sempiternam
1073 3135 1367 3190 custodiret
1390 3150 1452 3189 ac
1483 3145 1688 3189 teneret
1724 3134 1989 3201 salutem,
2024 3150 2110 3190 sc-

517 3231 690 3286 cunda
740 3239 1002 3298 praecepta
1040 3243 1181 3298 a'ger
1207 3227 1451 3296 accepit,
1492 3225 1687 3296 quibus
1729 3227 2108 3298 obtemperans

511 3326 622 3394 jatn
671 3323 882 3392 quidem
929 3335 1032 3375 non
1081 3319 1312 3374 absurde
1351 3319 1544 3374 dicitur
1581 3319 1723 3388 juste
1767 3319 1978 3386 vivere,
2011 3319 2107 3376 sed

515 3426 695 3470 tamen
729 3413 1000 3466 molestias
1030 3426 1162 3482 quas
1194 3411 1407 3480 patitur,
1431 3411 1513 3465 vel
1534 3410 1602 3466 de
1629 3412 1744 3481 ipso
1775 3412 1960 3466 morbo
1983 3428 2109 3466 non-

515 3507 641 3559 dum
669 3513 855 3558 snnato
883 3504 1098 3571 patitur,
1121 3502 1236 3555 'vel
1276 3502 1342 3556 de
1385 3501 1649 3570 adjutorio
1683 3501 1980 3556 medicinae.
2010 3503 2106 3558 Cui

509 3597 778 3667 adjutorio
813 3595 1097 3664 deputatur
1132 3593 1271 3664 quod
1313 3593 1570 3661 scriptum
1615 3602 1727 3660 est,
1769 3593 1931 3662 Quem
1973 3595 2104 3648 enim

512 3687 680 3758 diligit
715 3685 980 3748 Dominus,
1008 3684 1257 3751 corripit;
1277 3683 1507 3754 ﬂagellat
1535 3693 1701 3738 autem
1727 3700 1922 3737 omnent
1943 3685 2104 3753 [ilium

507 3795 654 3849 quem
682 3777 878 3847 recipit.
917 3776 1017 3842 Qui
1057 3790 1184 3830 vero
1213 3790 1316 3828 non
1358 3774 1788 3844 obtemperantes
1823 3776 2104 3844 praeceptis

508 3867 875 3924 saluberrimis
901 3867 1081 3936 inique
1114 3867 1315 3930 vivunt,
1349 3875 1545 3935 augent
1567 3865 1727 3919 etiam
1753 3875 1914 3936 atque
1939 3867 2100 3920 etiam

505 3961 724 4015 morbos
745 3973 873 4014 suos
899 3977 910 4010 :
937 3967 991 4012 et
1020 3964 1113 4011 aut
1135 3973 1198 4010 ex
1228 3956 1356 4026 ipsis
1384 3956 1656 4025 patiuntur
1683 3955 2102 4010 innumerabiles

507 4053 842 4109 miseriarum
883 4051 1095 4104 labores
1142 4049 1463 4117 doloresque
1505 4048 1666 4102 etiam
1721 4048 1770 4100 in
1819 4047 1918 4100 hac
1957 4047 2099 4109 vita;

506 4155 599 4200 aut
627 4144 798 4214 poenis
829 4157 1040 4212 quoque
1069 4139 1344 4205 adhibitis,
1374 4148 1434 4193 ut
1457 4139 1598 4208 quod
1626 4154 1814 4192 sanum
1848 4154 1954 4192 non
1984 4149 2098 4204 est,

505 4245 753 4306 tangatur
781 4243 834 4287 et
859 4233 1064 4292 doleat,
1094 4231 1146 4284 in
1187 4245 1293 4298 quo
1332 4231 1473 4285 malo
1513 4230 1652 4293 sint,
1682 4229 2103 4284 misericorditer

506 4325 883 4386 admonentur,
931 4332 986 4375 ttt
1025 4320 1092 4374 ad
1127 4320 1446 4374 medicinam
1485 4321 1729 4375 conversi
1759 4337 1852 4388 per
1875 4320 2100 4390 gratiam

515 4415 608 4470 Dei
650 4415 764 4467 sani
797 4413 942 4466 ﬁant.
967 4411 1097 4478 Qua:
1142 4411 1318 4463 omnia
1367 4409 1410 4462 si
1454 4409 1912 4478 contempserint,
1942 4409 1992 4464 id
2020 4418 2102 4464 est

509 4514 771 4576 praecepta
798 4502 1081 4557 verborum
1117 4502 1130 4532 ⁸
1162 4509 1217 4554 et
1253 4500 1526 4566 dolorum,
1544 4499 1744 4568 justam
1797 4507 1917 4568 post
1965 4499 2101 4554 hanc

507 4599 666 4650 vitam
695 4594 1077 4663 sempiternam
1105 4591 1502 4646 damnationem
1541 4591 1912 4646 merebuntur.
1945 4588 2099 4643 Ideo-

504 4702 610 4757 que
639 4686 724 4740 ille
751 4691 924 4754 potest
951 4681 1133 4737 dicere
1160 4681 1355 4749 injuste
1389 4681 1488 4735 ista
1517 4681 1628 4734 ﬁeri
1650 4723 1664 4743 ,
1695 4681 1784 4749 qui
1815 4679 1984 4733 solam
2016 4681 2098 4732 vi-

505 4793 611 4833 tam
645 4777 950 4838 mortalem,
977 4789 1136 4844 quam
1166 4787 1306 4828 nunc
1331 4773 1537 4842 agimus
1557 4813 1571 4836 ,
1603 4787 1722 4826 esse
1748 4771 2060 4826 existimans
2079 4813 2095 4837 ,

502 4890 620 4943 qua:
646 4870 901 4926 divinitus
934 4866 1183 4938 prmdicta
1215 4873 1337 4919 sunt
1367 4863 1545 4918 futura
1586 4880 1692 4918 non
1729 4863 1934 4930 credit,
1970 4878 2099 4933 pen-

565 4987 580 5017 ⁸
607 4986 673 5035 Ad
689 4984 963 5047 marginem
988 4986 1107 5038 ttat.,
1124 4977 1392 5028 verberum.

3694 477 3798 532 100

2209 595 2365 634 snrus
2392 582 2699 650 gravissima
2729 581 2982 650 supplicia
3016 584 3425 653 perseverantia:
3453 599 3796 656 peccatorum

2211 681 2370 740 atque
2403 671 2729 726 Inlidelilatis
2759 688 2890 726 suae.

2209 763 2492 820 LXXXIII.
2537 765 2612 818 De
2653 766 2918 836 conjugio,
2950 767 3001 820 in
3039 783 3097 820 eo
3139 768 3276 840 quod
3307 767 3554 824 Dominus
3595 771 3666 824 ait
3691 789 3709 824 :
3738 773 3793 826 Si

2278 857 2396 926 quis
2431 857 2694 912 dimiserit
2734 873 2956 912 uxorem
2984 873 3133 912 suam
3155 901 3170 919 .
3198 871 3419 932 excepta
3447 876 3610 918 causa
3638 865 3802 918 torni-

2278 947 2520 1011 cationis,
2551 958 2646 1003 etc.
2679 948 2893 1017 (Matth.
2924 965 2979 1016 v,
3002 950 3116 1020 52).

2281 1038 2335 1094 Si
2367 1039 2625 1094 Dominus
2645 1039 2973 1095 dintitteudre
3000 1041 3242 1114 conjugis
3261 1043 3427 1098 solam
3449 1060 3665 1100 causam
3695 1046 3803 1100 for-

2210 1130 2490 1184 nieationis
2536 1130 2799 1197 admittit,
2843 1141 2898 1187 et
2945 1148 3206 1202 paganum
3253 1135 3557 1206 conjugium
3605 1137 3805 1191 dimitti

2210 1236 2314 1273 non
2345 1219 2621 1288 prohibet,
2644 1236 2978 1291 consequens
3007 1231 3090 1277 est
3116 1232 3172 1278 ut
3200 1226 3540 1295 paganismus
3566 1226 3804 1281 fornica-

2211 1311 2283 1365 tio
2326 1311 2610 1381 deputetur
2656 1314 2693 1364 ¹.
2726 1314 2905 1367 Solam
2950 1323 3127 1368 autem
3173 1315 3536 1371 fornicationis
3583 1332 3805 1371 causam

2209 1409 2484 1469 exceptam
2516 1401 2689 1456 facere
2717 1402 2994 1456 Dominum
3019 1446 3032 1463 ,
3064 1419 3184 1458 cum
3221 1405 3288 1459 de
3321 1405 3634 1461 dimittenda
3669 1422 3804 1460 eon-

2204 1491 2330 1560 jnge
2377 1492 2608 1562 loquitur
2652 1493 2702 1546 in
2753 1493 3070 1562 Evangelio,
3104 1495 3444 1550 manifestum
3490 1507 3592 1551 est.
3628 1497 3802 1567 Paga-

2212 1598 2334 1634 ttum
2367 1598 2493 1636 vero
2535 1583 2836 1652 eonjugium
2892 1585 3013 1640 hinc
3059 1602 3164 1639 non
3213 1586 3526 1655 prohibetur
3571 1589 3800 1651 dimitti,

2209 1676 2332 1746 quia
2374 1690 2495 1730 eum
2544 1678 2832 1746 Apostolus
2876 1677 2943 1733 de
2984 1679 3081 1732 hac
3122 1695 3181 1734 re
3214 1680 3491 1734 consilium
3533 1679 3714 1747 daret,
3748 1694 3806 1735 ut

2212 1767 2383 1824 ﬁdelis
2407 1769 2673 1825 volentem
2700 1785 2884 1826 secum
2910 1786 3031 1827 esse
3058 1771 3338 1840 conjugem
3369 1772 3660 1838 inﬁdelem,
3692 1790 3802 1826 non

2209 1859 2468 1928 dimittat,
2516 1863 2624 1929 ait,
2657 1861 2771 1933 Ego
2813 1863 2957 1927 dico,
2985 1881 3089 1918 non
3133 1863 3382 1919 Dominus
3409 1875 3504 1920 :ut
3545 1865 3806 1921 Dominus

2211 1952 2550 2024 intelligatur,
2581 1970 2686 2010 non
2709 1955 2920 2024 quidem
2941 1955 3132 2024 jubere
3162 1965 3218 2010 ut
3239 1956 3558 2023 dimittatur,
3585 1972 3654 2012 ne
3673 1972 3805 2012 con-

2211 2053 2290 2099 tra
2330 2045 2534 2115 jussum
2572 2046 2689 2115 ejus
2731 2047 3010 2102 consilium
3041 2047 3169 2102 dare
3211 2047 3454 2102 videatur
3479 2049 3798 2117 Apostolus.

2210 2133 2305 2189 sed
2333 2144 2507 2190 tamen
2535 2135 2870 2205 permittere;
2896 2143 2956 2189 ut
2984 2151 3142 2192 nemo
3163 2136 3216 2190 in
3245 2151 3308 2192 ea
3335 2152 3393 2192 re
3418 2137 3675 2206 jussionis
3703 2153 3804 2192 ne-

2211 2225 2457 2280 cessitate
2483 2235 2744 2294 teneatur,
2775 2226 2868 2282 sed
2889 2227 3096 2282 consilii
3125 2227 3398 2283 voluntate
3423 2227 3593 2283 libere
3623 2227 3802 2283 faciat.

2213 2313 2587 2372 Verumtamen
2617 2319 2663 2373 si
2683 2319 2962 2390 quisquam
2983 2329 3186 2374 asserat
3209 2320 3376 2374 solam
3404 2320 3548 2374 illam
3575 2319 3807 2376 fornica-

2212 2407 2409 2462 tionem
2455 2409 2736 2465 Dominum
2781 2409 3064 2467 admittere
3103 2411 3167 2465 ad
3196 2427 3410 2467 causam
3441 2413 3808 2484 relinquenda:

2211 2498 2484 2572 conjugis,
2527 2518 2646 2571 qua:
2684 2501 2843 2573 vulgo
2885 2503 3078 2559 dicitur
3121 2505 3433 2573 fornicatio,
3463 2505 3516 2560 id
3555 2517 3640 2563 est
3687 2522 3809 2576 quae

2211 2594 2496 2649 concubitu
2527 2595 2708 2650 illicito
2734 2605 3072 2666 perpetratur
3100 2613 3114 2650 :
3138 2596 3239 2652 hoc
3265 2607 3441 2668 potest
3469 2598 3671 2665 dicere,
3697 2599 3807 2653 Do-

2213 2685 2447 2750 minum,
2473 2700 2594 2740 eum
2632 2686 2700 2741 de
2726 2685 2826 2741 hac
2863 2702 2922 2742 re
2953 2687 3283 2758 loqueretur,
3315 2689 3383 2744 de
3410 2699 3636 2760 utroque
3665 2692 3807 2746 lideli

2212 2775 2439 2841 dixisse,
2468 2788 2522 2833 et
2547 2779 2736 2833 marito
2761 2787 2818 2833 et
2846 2795 3011 2835 uxore
3031 2821 3046 2845 ,
3077 2790 3136 2834 ut
3177 2781 3222 2836 si
3265 2781 3426 2836 ambo
3452 2781 3634 2836 ﬁdeles
3661 2783 3805 2844 sint,

2214 2869 2388 2923 neutri
2419 2869 2576 2924 liceat
2602 2871 2828 2924 alterum
2870 2870 3172 2940 relinquere
3193 2912 3206 2934 ,
3237 2871 3339 2925 nisi
3378 2887 3538 2926 causa
3579 2867 3808 2927 fornica-

2217 2959 2405 3024 tionis;
2430 2961 2517 3015 ubi
2547 2978 2652 3016 non
2677 2971 2849 3030 potest
2865 2963 3207 3032 paganismus
3234 2962 3491 3032 intelligi,
3515 2964 3634 3032 quia
3659 2973 3806 3018 uter-

2212 3067 2317 3122 que
2342 3051 2512 3108 ﬁdelis
2536 3063 2636 3108 est.
2667 3052 2758 3109 Sic
2785 3054 2926 3107 enim
2966 3062 3021 3107 et
3050 3053 3341 3122 Apostolus
3369 3054 3577 3108 videtur
3613 3054 3808 3108 distin-

2210 3157 2376 3214 guere
2399 3185 2414 3210 ,
2443 3158 2564 3197 cum
2590 3144 2664 3198 ait
2691 3160 2704 3196 :
2732 3142 2828 3196 His
2849 3152 3015 3196 autem
3042 3144 3128 3213 qui
3167 3144 3219 3197 in
3257 3145 3493 3215 conjugio
3527 3155 3647 3198 sunt
3674 3161 3806 3213 pra:-

2211 3235 2345 3308 cipio
2363 3275 2380 3302 ,
2409 3252 2510 3290 non
2537 3253 2627 3306 ego
2646 3277 2662 3302 ,
2690 3236 2778 3290 sed
2804 3235 3054 3290 Dominus
3072 3276 3087 3301 ,
3111 3252 3320 3289 uxorem
3337 3253 3368 3289 a
3388 3237 3494 3290 viro
3519 3253 3620 3290 non
3640 3238 3805 3290 disce-

2212 3326 2361 3391 dere;
2382 3327 2517 3397 quod
2542 3328 2585 3382 si
2612 3329 2900 3393 recesserit,
2932 3343 3134 3381 manere
3159 3329 3425 3398 innuptam
3443 3370 3457 3392 ,
3481 3338 3571 3382 aut
3591 3329 3700 3382 viro
3715 3347 3808 3382 suo

2212 3417 2550 3471 reconciliari.
2583 3417 2680 3473 Ubi
2714 3419 2874 3472 etiam
2926 3418 3238 3489 intelligitur
3278 3418 3421 3488 quod
3470 3419 3514 3472 si
3564 3435 3669 3473 una
3717 3421 3805 3473 illa

2212 3524 2515 3579 causa,qua
2547 3510 2659 3564 sola
2690 3510 2910 3565 reiectio
2933 3510 3164 3580 conjugii
3197 3509 3540 3580 permittitur,
3565 3511 3755 3565 mulier
3776 3527 3804 3564 a

2212 3601 2329 3655 viro
2376 3600 2690 3666 recesserit,
2740 3601 2958 3670 innupta
3003 3616 3347 3670 perseverare
3401 3601 3598 3656 debet:
3626 3610 3719 3656 aut
3760 3603 3804 3654 si

2212 3709 2270 3747 se
2301 3709 2405 3747 non
2436 3692 2703 3759 continet,
2736 3691 2850 3747 viro
2875 3693 3052 3762 potius
3079 3693 3411 3749 reconciliari
3441 3694 3522 3748 vel
3558 3703 3804 3748 correcta

2213 3784 2292 3838 vel
2342 3793 2488 3838 certe
2535 3783 2841 3849 tolerando,
2873 3799 3031 3853 quam
3081 3784 3233 3838 alteri
3280 3784 3502 3839 nubere.
3551 3784 3805 3854 Sequitur

2211 3883 2422 3938 autem,
2451 3884 2504 3929 ct
2527 3874 2683 3940 dicit,
2717 3874 2782 3928 Et
2821 3876 2896 3928 vir
2928 3891 3140 3929 uxorem
3160 3891 3261 3929 non
3285 3876 3548 3930 dimittat:
3575 3876 3805 3931 breviter

2211 3967 2453 4021 eamdem
2488 3966 2710 4022 formam
2741 3968 2995 4024 intitnans
3021 3969 3071 4022 in
3099 3969 3212 4023 viro
3231 4009 3246 4034 ,
3279 3985 3437 4039 quam
3461 3970 3804 4040 prtecipiebat

2213 4057 2266 4110 in
2297 4055 2510 4110 femina.
2543 4057 2745 4123 Quibus
2781 4074 2846 4113 ex
2874 4068 3142 4128 pratcepto
3186 4059 3394 4114 Domini
3424 4061 3706 4115 insinuatis
3733 4062 3802 4114 ita

2210 4150 2450 4220 sequitur
2479 4169 2492 4204 :
2522 4151 2725 4204 (laeteris
2763 4163 2932 4204 autem
2972 4169 3064 4221 ego
3106 4152 3218 4204 diro
3240 4194 3254 4218 ,
3285 4169 3385 4205 non
3429 4152 3677 4206 Dominus
3697 4194 3710 4217 ,
3741 4153 3803 4206 Si

2209 4241 2319 4311 quis
2339 4243 2498 4311 frater
2521 4241 2667 4294 habet
2696 4258 2904 4295 uxorem
2929 4241 3184 4310 inﬁdelem
3201 4283 3218 4308 ,
3246 4255 3292 4296 et
3313 4245 3419 4297 haec
3444 4245 3690 4298 consentit
3711 4244 3801 4295 Im-

2209 4329 2369 4384 bitare
2395 4347 2509 4384 cum
2547 4331 2637 4386 illo
2657 4374 2672 4399 ,
2701 4349 2804 4386 non
2841 4332 3061 4386 dimittat
3091 4333 3235 4386 illam
3256 4350 3274 4387 :
3296 4343 3342 4386 et
3381 4334 3563 4388 mulier
3590 4336 3633 4388 si
3651 4335 3800 4390 habet

2208 4422 2372 4474 virum
2398 4421 2684 4490 infidelem,
2710 4433 2756 4476 et
2782 4424 2863 4476 liic
2891 4424 3136 4476 consentit
3163 4423 3388 4477 habitare
3411 4441 3522 4477 cum
3549 4424 3671 4489 illa,
3699 4442 3801 4482 non

2208 4515 2428 4568 dimittat
2448 4515 2606 4568 cirum
2628 4515 2674 4584 (Ι
2695 4514 2812 4569 Cor.
2844 4531 2944 4576 vn,
2979 4515 3188 4584 10-15).
3211 4514 3313 4570 Ubi
3340 4515 3431 4570 dat
3455 4516 3676 4586 intelligi
3700 4518 3799 4570 Doo

2209 4607 2409 4660 miuum
2431 4607 2498 4662 de
2523 4606 2606 4660 his
2631 4607 2862 4662 locutum
2887 4647 2900 4669 ,
2931 4616 2986 4661 ut
3026 4615 3213 4661 neuter
3237 4608 3462 4662 alterum
3482 4607 3800 4668 dimitteret,

2206 4699 2253 4753 si
2282 4699 2466 4754 ﬁdeles
2493 4699 2651 4754 ambo
2668 4709 2867 4754 essent.

2272 4791 2287 4821 ί
2315 4790 2451 4860 Editi,
2471 4787 2648 4860 dimitti
2664 4788 2903 4860 prohibet,
2924 4803 3211 4860 consequens
3227 4797 3295 4840 est
3314 4795 3363 4839 ut
3381 4789 3688 4860 paganismus
3709 4791 3813 4860 [or-

2205 4849 2381 4914 nicatio
2403 4850 2522 4913 (vel,
2547 4849 2870 4914 fornicatimn‘)
2894 4865 2986 4901 non
3018 4849 3290 4914 deputetur.
3321 4849 3411 4914 sed
3437 4849 3630 4901 nitidior
3665 4849 3803 4914 eod:-

2204 4912 2516 4976 cum_aliQuot
2548 4919 2654 4976 Mss.
2689 4912 2865 4972 lectio,
2895 4912 3109 4976 negante
3133 4912 3366 4976 [articula
3399 4916 3554 4963 verbo
3582 4913 3800 4976 prohibet

2205 4974 2427 5036 przeﬁxa,’
2439 4987 2534 5023 non
2556 4975 2708 5025 verbo
2723 4974 2994 5037 deputetur.

509 5066 3781 5128 Ἠ

953 5164 1202 5292 DE
1270 5153 2490 5323 SUBSEQUENTI
2579 5154 3173 5285 OPERE
3238 5143 3324 5224 (α)

518 5329 668 5392 I'ide
700 5335 747 5388 ι.
776 5328 835 5400 1,
871 5327 982 5390 lib.
1009 5327 1074 5398 2,
1109 5328 1682 5405 lletractationum,
1723 5342 1856 5402 cap.
1985 5343 2022 5405 ᾳ
2059 5321 2284 5405 verbis,
2317 5321 2854 5405 Librorum‘quos
2871 5323 3251 5405 episcopus,
3283 5325 3402 5386 col.
3431 5323 3574 5396 69.9,
3607 5343 3800 5405 usque

1388 5405 1467 5465 ad
1501 5403 1708 5470 verba,
1745 5401 2193 5464 G’ratissimam
2224 5401 2438 5478 plane,
2476 5401 2594 5461 col.
2629 5401 2769 5461 631.
2828 5402 2914 5468 Μ.

1409 5523 1473 5558 ΕΚ
1507 5521 1657 5560 LIBIlO
1685 5523 1749 5560 DE
1781 5517 2281 5558 I‘IUEDESTINATIONE
2309 5517 2644 5567 SANCTOBCH,
2677 5519 2795 5558 CAP.
2826 5519 2895 5557 ιν.

588 5625 603 5656 ι
637 5601 839 5655 Videtis
863 5607 1010 5652 certe
1039 5594 1166 5666 quid
1199 5605 1321 5649 tunc
1357 5596 1423 5648 de
1451 5597 1554 5651 ﬁde
1581 5607 1740 5667 atque
1779 5597 2032 5667 operibus
2059 5596 2353 5649 sentiebam
2377 5637 2389 5659 ,
2437 5599 2683 5667 quamvis
2725 5599 2794 5654 de
2820 5600 3240 5655 commendanda
3269 5601 3435 5671 gratia
3469 5600 3558 5653 Dei
3587 5600 3794 5652 labora.

511 5713 622 5752 rem
652 5696 730 5765 (ὁ)
757 5711 770 5748 :
805 5694 856 5747 in
882 5706 985 5762 qua
1014 5688 1278 5743 sententia
1304 5687 1436 5740 istos
1464 5687 1654 5742 fratres
1690 5700 1904 5743 nostros
1928 5703 2048 5743 esse
2076 5703 2218 5741 nunc
2246 5688 2431 5753 video;
2461 5691 2584 5760 quia
2617 5706 2722 5744 non
2761 5691 2899 5745 sicut
2927 5691 3107 5762 legere
3138 5693 3300 5746 libros
3329 5707 3508 5758 meos,
3543 5691 3609 5743 ita
3637 5692 3798 5744 otism

567 5832 641 5892 (α)
678 5830 1008 5892 Episcopatum
1045 5822 1248 5892 sumpsit
1287 5821 1580 5892 Augustinus
1614 5820 1812 5870 labente
1849 5821 2107 5892 anno
2133 5823 2408 5892 Ambrosius
2430 5830 2594 5871 autem
2639 5823 2758 5892 obiit
2792 5824 2874 5892 die
2898 5824 2927 5872 4
2949 5824 3112 5887 aprilis
3132 5828 3242 5876 anni
3267 5826 3381 5892 597.
3404 5834 3467 5875 Ita
3489 5826 3804 5892 subsequens

505 5909 550 5958 οι
570 5907 629 5958 us

663 5883 723 5940 ad
749 5883 1102 5951 similicianum
1133 5885 1361 5951 ambrosii
1395 5895 1744 5951 successorem,
1799 5896 1846 5930 tu
1872 5883 2074 5951 exordio
2113 5887 2417 5951 ejiscopatus
2457 5886 2704 5951 angusttni
2751 5883 3013 5949 scriptum,
3075 5892 3290 5950 pertinet
3326 5889 3385 5938 ad
3426 5900 3606 5938 annum
3624 5883 3735 5936 307.

574 5957 648 6016 (υ)
685 5963 732 6004 tn
757 5943 1060 6014 Expositione
1084 5947 1398 6011 quarumdam
1415 5951 1516 6008 Pro;
1533 5945 1789 5994 ositiouum
1809 5958 1869 5993 ex
1897 5943 2101 6006 l-Lpistola

2217 5943 2447 5994 ttoi'nanos
2464 5983 2477 6007 ,
2503 5943 2619 5995 tom.
2645 5947 2691 5994 5.
