  <div class='ocr_page' id='page_1' title='image "/cluster/home/n/w/nwhite01/storage/ocr_20150623/40-41/uc1.31175026811482/058.png"; bbox 0 0 4136 6572; ppageno 0'>
   <div class='ocr_carea' id='block_1_1' title="bbox 343 513 3648 586">
    <p class='ocr_par' dir='ltr' id='par_1_1' title="bbox 343 513 3648 586">
     <span class='ocr_line' id='line_1_1' title="bbox 343 513 3648 586; baseline 0.004 -15"><span class='ocrx_word' id='word_1_1' title='bbox 343 518 441 572; x_wconf 73' lang='grc' dir='ltr'>ιω</span> <span class='ocrx_word' id='word_1_2' title='bbox 771 515 862 571; x_wconf 75' lang='lat' dir='ltr'><strong>ne</strong></span> <span class='ocrx_word' id='word_1_3' title='bbox 904 513 1214 572; x_wconf 83' lang='lat' dir='ltr'><strong>DIVERSIS</strong></span> <span class='ocrx_word' id='word_1_4' title='bbox 1257 513 1780 582; x_wconf 66' lang='lat' dir='ltr'><strong>QUESTIONIBUS</strong></span> <span class='ocrx_word' id='word_1_5' title='bbox 1820 517 1909 570; x_wconf 79' lang='lat' dir='ltr'><strong>AD</strong></span> <span class='ocrx_word' id='word_1_6' title='bbox 1948 517 2451 586; x_wconf 64' lang='lat' dir='ltr'><strong>smeucnaun,</strong></span> <span class='ocrx_word' id='word_1_7' title='bbox 2494 518 2552 573; x_wconf 90' lang='lat' dir='ltr'><strong>s.</strong></span> <span class='ocrx_word' id='word_1_8' title='bbox 2595 520 2959 577; x_wconf 80' lang='lat' dir='ltr'><strong>AUGUSTINI</strong></span> <span class='ocrx_word' id='word_1_9' title='bbox 3002 523 3129 577; x_wconf 82' lang='lat' dir='ltr'><strong>LIB.</strong></span> <span class='ocrx_word' id='word_1_10' title='bbox 3174 524 3213 577; x_wconf 93' lang='lat' dir='ltr'><strong>l.</strong></span> <span class='ocrx_word' id='word_1_11' title='bbox 3542 529 3648 584; x_wconf 70' lang='lat' dir='ltr'><strong>me</strong></span> 
     </span>
    </p>
   </div>
   <div class='ocr_carea' id='block_1_2' title="bbox 342 606 3643 682">
    <p class='ocr_par' dir='ltr' id='par_1_2' title="bbox 342 606 3643 682">
     <span class='ocr_line' id='line_1_2' title="bbox 342 606 3643 682; baseline 0.005 -23"><span class='ocrx_word' id='word_1_12' title='bbox 342 608 397 661; x_wconf 89' lang='lat' dir='ltr'><strong>in</strong></span> <span class='ocrx_word' id='word_1_13' title='bbox 425 607 503 660; x_wconf 87' lang='lat' dir='ltr'><strong>eis</strong></span> <span class='ocrx_word' id='word_1_14' title='bbox 530 617 853 661; x_wconf 84' lang='lat' dir='ltr'><strong>curaverunt</strong></span> <span class='ocrx_word' id='word_1_15' title='bbox 880 607 1138 676; x_wconf 87' lang='lat' dir='ltr'><strong>prolicere</strong></span> <span class='ocrx_word' id='word_1_16' title='bbox 1157 621 1387 662; x_wconf 90' lang='lat' dir='ltr'><strong>mecum.</strong></span> <span class='ocrx_word' id='word_1_17' title='bbox 1416 606 1548 661; x_wconf 86' lang='lat' dir='ltr'><strong>Nam</strong></span> <span class='ocrx_word' id='word_1_18' title='bbox 1571 609 1614 662; x_wconf 88' lang='lat' dir='ltr'><strong>si</strong></span> <span class='ocrx_word' id='word_1_19' title='bbox 1638 618 1936 672; x_wconf 77' lang='lat' dir='ltr'><strong>curassent,</strong></span> <span class='ocrx_word' id='word_1_20' title='bbox 1967 610 2297 665; x_wconf 71' lang='lat' dir='ltr'><strong>invenissent</strong></span> <span class='ocrx_word' id='word_1_21' title='bbox 2322 612 2475 665; x_wconf 86' lang='lat' dir='ltr'><strong>istam</strong></span> <span class='ocrx_word' id='word_1_22' title='bbox 2503 614 2849 682; x_wconf 70' lang='lat' dir='ltr'><strong>qtmslinnem</strong></span> <span class='ocrx_word' id='word_1_23' title='bbox 2872 616 3163 670; x_wconf 82' lang='lat' dir='ltr'><strong>secundum</strong></span> <span class='ocrx_word' id='word_1_24' title='bbox 3191 618 3465 673; x_wconf 88' lang='lat' dir='ltr'><strong>veritatem</strong></span> <span class='ocrx_word' id='word_1_25' title='bbox 3496 620 3643 675; x_wconf 83' lang='lat' dir='ltr'><strong>divi-</strong></span> 
     </span>
    </p>
   </div>
   <div class='ocr_carea' id='block_1_3' title="bbox 342 697 3648 780">
    <p class='ocr_par' dir='ltr' id='par_1_3' title="bbox 342 697 3648 780">
     <span class='ocr_line' id='line_1_3' title="bbox 342 697 3648 780; baseline 0.005 -29"><span class='ocrx_word' id='word_1_26' title='bbox 342 714 535 752; x_wconf 82' lang='lat' dir='ltr'><strong>narum</strong></span> <span class='ocrx_word' id='word_1_27' title='bbox 564 697 965 768; x_wconf 86' lang='lat' dir='ltr'><strong>Scripturarum</strong></span> <span class='ocrx_word' id='word_1_28' title='bbox 995 698 1225 753; x_wconf 78' lang='lat' dir='ltr'><strong>solutam</strong></span> <span class='ocrx_word' id='word_1_29' title='bbox 1260 698 1314 752; x_wconf 89' lang='lat' dir='ltr'><strong>in</strong></span> <span class='ocrx_word' id='word_1_30' title='bbox 1338 699 1512 769; x_wconf 90' lang='lat' dir='ltr'><strong>primo</strong></span> <span class='ocrx_word' id='word_1_31' title='bbox 1538 699 1670 755; x_wconf 93' lang='lat' dir='ltr'><strong>libro</strong></span> <span class='ocrx_word' id='word_1_32' title='bbox 1696 699 1922 754; x_wconf 88' lang='lat' dir='ltr'><strong>duorum</strong></span> <span class='ocrx_word' id='word_1_33' title='bbox 1943 743 1959 768; x_wconf 94' lang='lat'><strong>,</strong></span> <span class='ocrx_word' id='word_1_34' title='bbox 1989 718 2123 772; x_wconf 87' lang='lat' dir='ltr'><strong>quos</strong></span> <span class='ocrx_word' id='word_1_35' title='bbox 2156 703 2221 757; x_wconf 89' lang='lat' dir='ltr'><strong>ad</strong></span> <span class='ocrx_word' id='word_1_36' title='bbox 2250 703 2415 757; x_wconf 79' lang='lat' dir='ltr'><strong>beatae</strong></span> <span class='ocrx_word' id='word_1_37' title='bbox 2444 704 2713 758; x_wconf 76' lang='lat' dir='ltr'><strong>memoriae</strong></span> <span class='ocrx_word' id='word_1_38' title='bbox 2744 704 3141 774; x_wconf 87' lang='lat' dir='ltr'><strong>Simplicianum</strong></span> <span class='ocrx_word' id='word_1_39' title='bbox 3172 709 3396 779; x_wconf 90' lang='lat' dir='ltr'><strong>scripsi,</strong></span> <span class='ocrx_word' id='word_1_40' title='bbox 3436 711 3648 780; x_wconf 81' lang='lat' dir='ltr'><strong>episco-</strong></span> 
     </span>
    </p>
   </div>
   <div class='ocr_carea' id='block_1_4' title="bbox 347 790 3165 866">
    <p class='ocr_par' dir='ltr' id='par_1_4' title="bbox 347 790 3165 866">
     <span class='ocr_line' id='line_1_4' title="bbox 347 790 3165 866; baseline 0.002 -22"><span class='ocrx_word' id='word_1_41' title='bbox 347 806 475 859; x_wconf 91' lang='lat' dir='ltr'><strong>pum</strong></span> <span class='ocrx_word' id='word_1_42' title='bbox 500 790 914 846; x_wconf 83' lang='lat' dir='ltr'><strong>Mediolanensis</strong></span> <span class='ocrx_word' id='word_1_43' title='bbox 939 790 1219 857; x_wconf 71' lang='lat' dir='ltr'><strong>Ecclesim,</strong></span> <span class='ocrx_word' id='word_1_44' title='bbox 1245 792 1414 845; x_wconf 83' lang='lat' dir='ltr'><strong>sancti</strong></span> <span class='ocrx_word' id='word_1_45' title='bbox 1446 791 1711 846; x_wconf 83' lang='lat' dir='ltr'><strong>Ambrosii</strong></span> <span class='ocrx_word' id='word_1_46' title='bbox 1737 807 2123 858; x_wconf 86' lang='lat' dir='ltr'><strong>successorem,</strong></span> <span class='ocrx_word' id='word_1_47' title='bbox 2156 796 2206 848; x_wconf 89' lang='lat' dir='ltr'><strong>in</strong></span> <span class='ocrx_word' id='word_1_48' title='bbox 2238 796 2353 863; x_wconf 90' lang='lat' dir='ltr'><strong>ipso</strong></span> <span class='ocrx_word' id='word_1_49' title='bbox 2380 795 2601 849; x_wconf 78' lang='lat' dir='ltr'><strong>exordio</strong></span> <span class='ocrx_word' id='word_1_50' title='bbox 2628 797 2964 866; x_wconf 80' lang='lat' dir='ltr'><strong>episcOpatus</strong></span> <span class='ocrx_word' id='word_1_51' title='bbox 2990 799 3113 853; x_wconf 90' lang='lat' dir='ltr'><strong>mei.</strong></span> <span class='ocrx_word' id='word_1_52' title='bbox 3146 818 3165 851; x_wconf 71' lang='grc' dir='ltr'>ι</span> 
     </span>
    </p>
   </div>
   <div class='ocr_carea' id='block_1_5' title="bbox 419 882 3648 961">
    <p class='ocr_par' dir='ltr' id='par_1_5' title="bbox 419 882 3648 961">
     <span class='ocr_line' id='line_1_5' title="bbox 419 882 3648 961; baseline 0.004 -26"><span class='ocrx_word' id='word_1_53' title='bbox 419 883 557 935; x_wconf 83' lang='lat' dir='ltr'><strong>Ibid.</strong></span> <span class='ocrx_word' id='word_1_54' title='bbox 589 884 728 954; x_wconf 77' lang='lat' dir='ltr'><strong>infra</strong></span> <span class='ocrx_word' id='word_1_55' title='bbox 750 899 770 937; x_wconf 91' lang='lat'><strong><em>:</em></strong></span> <span class='ocrx_word' id='word_1_56' title='bbox 796 913 867 923; x_wconf 95' lang='lat'><strong><em>—</em></strong></span> <span class='ocrx_word' id='word_1_57' title='bbox 901 901 920 934; x_wconf 72' lang='grc' dir='ltr'>ι</span> <span class='ocrx_word' id='word_1_58' title='bbox 951 882 1091 937; x_wconf 88' lang='lat' dir='ltr'><strong>Ecce</strong></span> <span class='ocrx_word' id='word_1_59' title='bbox 1117 897 1282 952; x_wconf 89' lang='lat' dir='ltr'><strong>quare</strong></span> <span class='ocrx_word' id='word_1_60' title='bbox 1326 882 1437 938; x_wconf 74' lang='lat' dir='ltr'><strong>dixi</strong></span> <span class='ocrx_word' id='word_1_61' title='bbox 1468 883 1759 952; x_wconf 75' lang='lat' dir='ltr'><strong>superius,</strong></span> <span class='ocrx_word' id='word_1_62' title='bbox 1806 884 1909 940; x_wconf 92' lang='lat' dir='ltr'><strong>hoc</strong></span> <span class='ocrx_word' id='word_1_63' title='bbox 1946 886 2241 954; x_wconf 84' lang='lat' dir='ltr'><strong>apostolico</strong></span> <span class='ocrx_word' id='word_1_64' title='bbox 2279 886 2545 956; x_wconf 66' lang='lat' dir='ltr'><strong>prmcipue</strong></span> <span class='ocrx_word' id='word_1_65' title='bbox 2593 888 2897 944; x_wconf 90' lang='lat' dir='ltr'><strong>testimonio</strong></span> <span class='ocrx_word' id='word_1_66' title='bbox 2932 888 2971 959; x_wconf 95' lang='grc' dir='ltr'>(Ι</span> <span class='ocrx_word' id='word_1_67' title='bbox 2998 886 3116 944; x_wconf 85' lang='lat' dir='ltr'><strong>Cor.</strong></span> <span class='ocrx_word' id='word_1_68' title='bbox 3150 906 3220 956; x_wconf 78' lang='grc' dir='ltr'><strong>ιν,</strong></span> <span class='ocrx_word' id='word_1_69' title='bbox 3253 889 3307 961; x_wconf 83' lang='grc'><strong>7)</strong></span> <span class='ocrx_word' id='word_1_70' title='bbox 3354 892 3514 947; x_wconf 89' lang='lat' dir='ltr'><strong>etiam</strong></span> <span class='ocrx_word' id='word_1_71' title='bbox 3561 910 3648 949; x_wconf 88' lang='lat' dir='ltr'><strong>me</strong></span> 
     </span>
    </p>
   </div>
   <div class='ocr_carea' id='block_1_6' title="bbox 274 972 3645 1049">
    <p class='ocr_par' dir='ltr' id='par_1_6' title="bbox 274 972 3645 1049">
     <span class='ocr_line' id='line_1_6' title="bbox 274 972 3645 1049; baseline 0.004 -22"><span class='ocrx_word' id='word_1_72' title='bbox 274 992 285 997; x_wconf 55' lang='grc' dir='ltr'><strong>λ</strong></span> <span class='ocrx_word' id='word_1_73' title='bbox 348 974 522 1043; x_wconf 77' lang='lat' dir='ltr'><strong>ipsum</strong></span> <span class='ocrx_word' id='word_1_74' title='bbox 552 973 715 1029; x_wconf 82' lang='lat' dir='ltr'><strong>fuisse</strong></span> <span class='ocrx_word' id='word_1_75' title='bbox 741 975 1068 1040; x_wconf 91' lang='lat' dir='ltr'><strong>convictum,</strong></span> <span class='ocrx_word' id='word_1_76' title='bbox 1096 990 1216 1029; x_wconf 92' lang='lat' dir='ltr'><strong>cum</strong></span> <span class='ocrx_word' id='word_1_77' title='bbox 1248 972 1314 1029; x_wconf 91' lang='lat' dir='ltr'><strong>dc</strong></span> <span class='ocrx_word' id='word_1_78' title='bbox 1341 973 1445 1030; x_wconf 90' lang='lat' dir='ltr'><strong>hac</strong></span> <span class='ocrx_word' id='word_1_79' title='bbox 1470 989 1531 1029; x_wconf 92' lang='lat' dir='ltr'><strong>re</strong></span> <span class='ocrx_word' id='word_1_80' title='bbox 1561 974 1718 1029; x_wconf 86' lang='lat' dir='ltr'><strong>aliter</strong></span> <span class='ocrx_word' id='word_1_81' title='bbox 1746 989 2024 1044; x_wconf 87' lang='lat' dir='ltr'><strong>saperem;</strong></span> <span class='ocrx_word' id='word_1_82' title='bbox 2053 992 2212 1047; x_wconf 85' lang='lat' dir='ltr'><strong>quam</strong></span> <span class='ocrx_word' id='word_1_83' title='bbox 2243 977 2371 1031; x_wconf 89' lang='lat' dir='ltr'><strong>mihi</strong></span> <span class='ocrx_word' id='word_1_84' title='bbox 2403 978 2546 1033; x_wconf 88' lang='lat' dir='ltr'><strong>Deus</strong></span> <span class='ocrx_word' id='word_1_85' title='bbox 2573 981 2624 1032; x_wconf 91' lang='lat' dir='ltr'><strong>in</strong></span> <span class='ocrx_word' id='word_1_86' title='bbox 2652 978 2751 1034; x_wconf 87' lang='lat' dir='ltr'><strong>hac</strong></span> <span class='ocrx_word' id='word_1_87' title='bbox 2776 980 3072 1049; x_wconf 64' lang='lat' dir='ltr'><strong>quaestione</strong></span> <span class='ocrx_word' id='word_1_88' title='bbox 3098 981 3350 1037; x_wconf 88' lang='lat' dir='ltr'><strong>solvenda</strong></span> <span class='ocrx_word' id='word_1_89' title='bbox 3369 1025 3382 1049; x_wconf 89' lang='lat'><strong>,</strong></span> <span class='ocrx_word' id='word_1_90' title='bbox 3414 998 3535 1038; x_wconf 92' lang='lat' dir='ltr'><strong>cum</strong></span> <span class='ocrx_word' id='word_1_91' title='bbox 3577 984 3645 1039; x_wconf 90' lang='lat' dir='ltr'><strong>ad</strong></span> 
     </span>
    </p>
   </div>
   <div class='ocr_carea' id='block_1_7' title="bbox 350 1066 2121 1138">
    <p class='ocr_par' dir='ltr' id='par_1_7' title="bbox 350 1066 2121 1138">
     <span class='ocr_line' id='line_1_7' title="bbox 350 1066 2121 1138; baseline 0.001 -16"><span class='ocrx_word' id='word_1_92' title='bbox 350 1070 663 1138; x_wconf 83' lang='lat' dir='ltr'><strong>episcopum</strong></span> <span class='ocrx_word' id='word_1_93' title='bbox 690 1066 1116 1138; x_wconf 88' lang='lat' dir='ltr'><strong>Simplicianum,</strong></span> <span class='ocrx_word' id='word_1_94' title='bbox 1140 1067 1278 1122; x_wconf 88' lang='lat' dir='ltr'><strong>sicut</strong></span> <span class='ocrx_word' id='word_1_95' title='bbox 1298 1066 1428 1131; x_wconf 83' lang='lat' dir='ltr'><strong>dixi,</strong></span> <span class='ocrx_word' id='word_1_96' title='bbox 1456 1067 1769 1134; x_wconf 89' lang='lat' dir='ltr'><strong>scriberem,</strong></span> <span class='ocrx_word' id='word_1_97' title='bbox 1802 1068 2075 1123; x_wconf 89' lang='lat' dir='ltr'><strong>revelavit.</strong></span> <span class='ocrx_word' id='word_1_98' title='bbox 2101 1088 2121 1124; x_wconf 75' lang='grc' dir='ltr'><strong><em>ι</em></strong></span> 
     </span>
    </p>
   </div>
   <div class='ocr_carea' id='block_1_8' title="bbox 1362 1172 2619 1228">
    <p class='ocr_par' dir='ltr' id='par_1_8' title="bbox 1362 1172 2619 1228">
     <span class='ocr_line' id='line_1_8' title="bbox 1362 1172 2619 1228; baseline 0.002 -16"><span class='ocrx_word' id='word_1_99' title='bbox 1362 1173 1430 1212; x_wconf 71' lang='grc' dir='ltr'><strong>ΒΧ</strong></span> <span class='ocrx_word' id='word_1_100' title='bbox 1459 1172 1612 1213; x_wconf 68' lang='grc' dir='ltr'><strong>ιιωιο</strong></span> <span class='ocrx_word' id='word_1_101' title='bbox 1637 1173 1705 1212; x_wconf 82' lang='lat' dir='ltr'><strong>DE</strong></span> <span class='ocrx_word' id='word_1_102' title='bbox 1732 1172 1869 1214; x_wconf 61' lang='lat' dir='ltr'><strong>D030</strong></span> <span class='ocrx_word' id='word_1_103' title='bbox 1897 1174 2367 1228; x_wconf 64' lang='lat' dir='ltr'><strong>PERSEVERANTDE,</strong></span> <span class='ocrx_word' id='word_1_104' title='bbox 2398 1175 2519 1216; x_wconf 75' lang='lat' dir='ltr'><strong>CAP.</strong></span> <span class='ocrx_word' id='word_1_105' title='bbox 2548 1176 2619 1215; x_wconf 74' lang='lat' dir='ltr'><strong>XX</strong></span> 
     </span>
    </p>
   </div>
   <div class='ocr_carea' id='block_1_9' title="bbox 438 1249 3646 1327">
    <p class='ocr_par' dir='ltr' id='par_1_9' title="bbox 438 1249 3646 1327">
     <span class='ocr_line' id='line_1_9' title="bbox 438 1249 3646 1327; baseline 0.002 -22"><span class='ocrx_word' id='word_1_106' title='bbox 438 1271 458 1304; x_wconf 71' lang='grc' dir='ltr'>ι</span> <span class='ocrx_word' id='word_1_107' title='bbox 487 1251 703 1307; x_wconf 82' lang='lat' dir='ltr'><strong>Plenius</strong></span> <span class='ocrx_word' id='word_1_108' title='bbox 748 1265 939 1322; x_wconf 88' lang='lat' dir='ltr'><strong>sapere</strong></span> <span class='ocrx_word' id='word_1_109' title='bbox 981 1250 1121 1322; x_wconf 71' lang='lat' dir='ltr'><strong>ccepi</strong></span> <span class='ocrx_word' id='word_1_110' title='bbox 1169 1250 1221 1305; x_wconf 92' lang='lat' dir='ltr'><strong>in</strong></span> <span class='ocrx_word' id='word_1_111' title='bbox 1271 1265 1335 1305; x_wconf 88' lang='lat' dir='ltr'><strong>ea</strong></span> <span class='ocrx_word' id='word_1_112' title='bbox 1377 1249 1737 1320; x_wconf 86' lang='lat' dir='ltr'><strong>disputatione</strong></span> <span class='ocrx_word' id='word_1_113' title='bbox 1777 1267 1938 1322; x_wconf 90' lang='lat' dir='ltr'><strong>quam</strong></span> <span class='ocrx_word' id='word_1_114' title='bbox 1978 1251 2168 1323; x_wconf 85' lang='lat' dir='ltr'><strong>scripsi</strong></span> <span class='ocrx_word' id='word_1_115' title='bbox 2208 1251 2277 1307; x_wconf 90' lang='lat' dir='ltr'><strong>ad</strong></span> <span class='ocrx_word' id='word_1_116' title='bbox 2322 1252 2492 1308; x_wconf 65' lang='lat' dir='ltr'><strong>beatae</strong></span> <span class='ocrx_word' id='word_1_117' title='bbox 2536 1254 2810 1309; x_wconf 60' lang='lat' dir='ltr'><strong>memoriae</strong></span> <span class='ocrx_word' id='word_1_118' title='bbox 2854 1252 3292 1325; x_wconf 89' lang='lat' dir='ltr'><strong>Simplicianum,</strong></span> <span class='ocrx_word' id='word_1_119' title='bbox 3338 1258 3646 1327; x_wconf 89' lang='lat' dir='ltr'><strong>episcopum</strong></span> 
     </span>
    </p>
   </div>
   <div class='ocr_carea' id='block_1_10' title="bbox 350 1343 3647 1420">
    <p class='ocr_par' dir='ltr' id='par_1_10' title="bbox 350 1343 3647 1420">
     <span class='ocr_line' id='line_1_10' title="bbox 350 1343 3647 1420; baseline 0.002 -20"><span class='ocrx_word' id='word_1_120' title='bbox 350 1345 762 1400; x_wconf 77' lang='lat' dir='ltr'><strong>Mediolanensis</strong></span> <span class='ocrx_word' id='word_1_121' title='bbox 800 1344 1092 1411; x_wconf 73' lang='lat' dir='ltr'><strong>Ecclesize,</strong></span> <span class='ocrx_word' id='word_1_122' title='bbox 1140 1344 1193 1399; x_wconf 92' lang='lat' dir='ltr'><strong>in</strong></span> <span class='ocrx_word' id='word_1_123' title='bbox 1222 1344 1327 1400; x_wconf 91' lang='lat' dir='ltr'><strong>mei</strong></span> <span class='ocrx_word' id='word_1_124' title='bbox 1366 1343 1704 1415; x_wconf 89' lang='lat' dir='ltr'><strong>episc0patus</strong></span> <span class='ocrx_word' id='word_1_125' title='bbox 1746 1344 2000 1412; x_wconf 78' lang='lat' dir='ltr'><strong>exordio,</strong></span> <span class='ocrx_word' id='word_1_126' title='bbox 2045 1344 2259 1417; x_wconf 87' lang='lat' dir='ltr'><strong>quando</strong></span> <span class='ocrx_word' id='word_1_127' title='bbox 2287 1354 2343 1401; x_wconf 93' lang='lat' dir='ltr'><strong>et</strong></span> <span class='ocrx_word' id='word_1_128' title='bbox 2380 1346 2591 1401; x_wconf 89' lang='lat' dir='ltr'><strong>initium</strong></span> <span class='ocrx_word' id='word_1_129' title='bbox 2622 1345 2741 1403; x_wconf 83' lang='lat' dir='ltr'><strong>ﬁdei</strong></span> <span class='ocrx_word' id='word_1_130' title='bbox 2781 1345 2982 1402; x_wconf 90' lang='lat' dir='ltr'><strong>donum</strong></span> <span class='ocrx_word' id='word_1_131' title='bbox 3025 1349 3119 1403; x_wconf 87' lang='lat' dir='ltr'><strong>Dei</strong></span> <span class='ocrx_word' id='word_1_132' title='bbox 3159 1363 3279 1404; x_wconf 86' lang='lat' dir='ltr'><strong>esse</strong></span> <span class='ocrx_word' id='word_1_133' title='bbox 3322 1351 3543 1420; x_wconf 82' lang='lat' dir='ltr'><strong>cognovi</strong></span> <span class='ocrx_word' id='word_1_134' title='bbox 3592 1361 3647 1405; x_wconf 90' lang='lat' dir='ltr'><strong>et</strong></span> 
     </span>
    </p>
   </div>
   <div class='ocr_carea' id='block_1_11' title="bbox 344 1440 629 1494">
    <p class='ocr_par' dir='ltr' id='par_1_11' title="bbox 344 1440 629 1494">
     <span class='ocr_line' id='line_1_11' title="bbox 344 1440 629 1494; baseline -0.004 -2"><span class='ocrx_word' id='word_1_135' title='bbox 344 1440 576 1494; x_wconf 77' lang='lat' dir='ltr'><strong>asserui.</strong></span> <span class='ocrx_word' id='word_1_136' title='bbox 608 1456 629 1491; x_wconf 74' lang='grc' dir='ltr'><strong><em>ι</em></strong></span> 
     </span>
    </p>
   </div>
   <div class='ocr_carea' id='block_1_12' title="bbox 419 1526 3647 1606">
    <p class='ocr_par' dir='ltr' id='par_1_12' title="bbox 419 1526 3647 1606">
     <span class='ocr_line' id='line_1_12' title="bbox 419 1526 3647 1606; baseline 0.003 -25"><span class='ocrx_word' id='word_1_137' title='bbox 419 1527 559 1585; x_wconf 82' lang='lat' dir='ltr'><strong>Ibid.</strong></span> <span class='ocrx_word' id='word_1_138' title='bbox 592 1546 708 1599; x_wconf 77' lang='lat' dir='ltr'><strong>mp.</strong></span> <span class='ocrx_word' id='word_1_139' title='bbox 735 1528 799 1582; x_wconf 73' lang='grc'><strong>21</strong></span> <span class='ocrx_word' id='word_1_140' title='bbox 826 1546 841 1584; x_wconf 91' lang='lat'><strong>:</strong></span> <span class='ocrx_word' id='word_1_141' title='bbox 866 1558 936 1569; x_wconf 94' lang='lat'><strong><em>—</em></strong></span> <span class='ocrx_word' id='word_1_142' title='bbox 965 1545 985 1580; x_wconf 73' lang='grc' dir='ltr'><strong><em>ι</em></strong></span> <span class='ocrx_word' id='word_1_143' title='bbox 1014 1526 1245 1583; x_wconf 83' lang='lat' dir='ltr'><strong>Videant</strong></span> <span class='ocrx_word' id='word_1_144' title='bbox 1282 1536 1458 1583; x_wconf 91' lang='lat' dir='ltr'><strong>utrum</strong></span> <span class='ocrx_word' id='word_1_145' title='bbox 1487 1527 1539 1581; x_wconf 92' lang='lat' dir='ltr'><strong>in</strong></span> <span class='ocrx_word' id='word_1_146' title='bbox 1579 1528 1735 1598; x_wconf 89' lang='lat' dir='ltr'><strong>primi</strong></span> <span class='ocrx_word' id='word_1_147' title='bbox 1766 1527 1886 1583; x_wconf 86' lang='lat' dir='ltr'><strong>libri</strong></span> <span class='ocrx_word' id='word_1_148' title='bbox 1929 1529 2315 1601; x_wconf 89' lang='lat' dir='ltr'><strong>posterioribus</strong></span> <span class='ocrx_word' id='word_1_149' title='bbox 2346 1530 2581 1601; x_wconf 87' lang='lat' dir='ltr'><strong>partibus</strong></span> <span class='ocrx_word' id='word_1_150' title='bbox 2601 1572 2616 1598; x_wconf 93' lang='lat'><strong>,</strong></span> <span class='ocrx_word' id='word_1_151' title='bbox 2647 1546 2833 1587; x_wconf 91' lang='lat' dir='ltr'><strong>eorum</strong></span> <span class='ocrx_word' id='word_1_152' title='bbox 2864 1532 3088 1587; x_wconf 84' lang='lat' dir='ltr'><strong>duorum</strong></span> <span class='ocrx_word' id='word_1_153' title='bbox 3132 1549 3266 1605; x_wconf 91' lang='lat' dir='ltr'><strong>quos</strong></span> <span class='ocrx_word' id='word_1_154' title='bbox 3306 1536 3413 1590; x_wconf 92' lang='lat' dir='ltr'><strong>mei</strong></span> <span class='ocrx_word' id='word_1_155' title='bbox 3438 1537 3647 1606; x_wconf 86' lang='lat' dir='ltr'><strong>episco-</strong></span> 
     </span>
    </p>
   </div>
   <div class='ocr_carea' id='block_1_13' title="bbox 345 1624 3651 1699">
    <p class='ocr_par' dir='ltr' id='par_1_13' title="bbox 345 1624 3651 1699">
     <span class='ocr_line' id='line_1_13' title="bbox 345 1624 3651 1699; baseline 0.001 -18"><span class='ocrx_word' id='word_1_156' title='bbox 345 1638 504 1697; x_wconf 87' lang='lat' dir='ltr'><strong>patus</strong></span> <span class='ocrx_word' id='word_1_157' title='bbox 536 1629 706 1693; x_wconf 91' lang='lat' dir='ltr'><strong>initio,</strong></span> <span class='ocrx_word' id='word_1_158' title='bbox 737 1637 1024 1699; x_wconf 86' lang='lat' dir='ltr'><strong>antequam</strong></span> <span class='ocrx_word' id='word_1_159' title='bbox 1064 1626 1348 1697; x_wconf 82' lang='lat' dir='ltr'><strong>Pelagiana</strong></span> <span class='ocrx_word' id='word_1_160' title='bbox 1378 1624 1597 1680; x_wconf 69' lang='lat' dir='ltr'><strong>hteresis</strong></span> <span class='ocrx_word' id='word_1_161' title='bbox 1624 1634 1924 1696; x_wconf 86' lang='lat' dir='ltr'><strong>appareret,</strong></span> <span class='ocrx_word' id='word_1_162' title='bbox 1957 1625 2023 1681; x_wconf 89' lang='lat' dir='ltr'><strong>ad</strong></span> <span class='ocrx_word' id='word_1_163' title='bbox 2052 1624 2453 1696; x_wconf 88' lang='lat' dir='ltr'><strong>Simplicianum</strong></span> <span class='ocrx_word' id='word_1_164' title='bbox 2482 1625 2933 1682; x_wconf 85' lang='lat' dir='ltr'><strong>Mediolanensem</strong></span> <span class='ocrx_word' id='word_1_165' title='bbox 2961 1627 3273 1697; x_wconf 90' lang='lat' dir='ltr'><strong>episcopum</strong></span> <span class='ocrx_word' id='word_1_166' title='bbox 3303 1629 3490 1698; x_wconf 90' lang='lat' dir='ltr'><strong>scripsi</strong></span> <span class='ocrx_word' id='word_1_167' title='bbox 3516 1672 3531 1695; x_wconf 93' lang='lat'><strong>,</strong></span> <span class='ocrx_word' id='word_1_168' title='bbox 3564 1646 3651 1684; x_wconf 84' lang='lat' dir='ltr'><strong>rc-</strong></span> 
     </span>
    </p>
   </div>
   <div class='ocr_carea' id='block_1_14' title="bbox 343 1718 3648 1793">
    <p class='ocr_par' dir='ltr' id='par_1_14' title="bbox 343 1718 3648 1793">
     <span class='ocr_line' id='line_1_14' title="bbox 343 1718 3648 1793; baseline -0 -14"><span class='ocrx_word' id='word_1_169' title='bbox 343 1724 610 1779; x_wconf 89' lang='lat' dir='ltr'><strong>manserit</strong></span> <span class='ocrx_word' id='word_1_170' title='bbox 636 1721 836 1793; x_wconf 89' lang='lat' dir='ltr'><strong>aliquid</strong></span> <span class='ocrx_word' id='word_1_171' title='bbox 862 1736 970 1793; x_wconf 92' lang='lat' dir='ltr'><strong>quo</strong></span> <span class='ocrx_word' id='word_1_172' title='bbox 991 1729 1211 1776; x_wconf 82' lang='lat' dir='ltr'><strong>vocetur</strong></span> <span class='ocrx_word' id='word_1_173' title='bbox 1236 1719 1288 1773; x_wconf 91' lang='lat' dir='ltr'><strong>in</strong></span> <span class='ocrx_word' id='word_1_174' title='bbox 1319 1718 1539 1774; x_wconf 91' lang='lat' dir='ltr'><strong>dubium</strong></span> <span class='ocrx_word' id='word_1_175' title='bbox 1560 1760 1575 1784; x_wconf 93' lang='lat'><strong>,</strong></span> <span class='ocrx_word' id='word_1_176' title='bbox 1621 1720 1844 1788; x_wconf 83' lang='lat' dir='ltr'><strong>gratiam</strong></span> <span class='ocrx_word' id='word_1_177' title='bbox 1892 1719 1983 1774; x_wconf 90' lang='lat' dir='ltr'><strong>Dei</strong></span> <span class='ocrx_word' id='word_1_178' title='bbox 2011 1735 2117 1775; x_wconf 92' lang='lat' dir='ltr'><strong>non</strong></span> <span class='ocrx_word' id='word_1_179' title='bbox 2156 1718 2448 1776; x_wconf 88' lang='lat' dir='ltr'><strong>secundum</strong></span> <span class='ocrx_word' id='word_1_180' title='bbox 2473 1719 2662 1774; x_wconf 84' lang='lat' dir='ltr'><strong>merita</strong></span> <span class='ocrx_word' id='word_1_181' title='bbox 2694 1728 2874 1774; x_wconf 89' lang='lat' dir='ltr'><strong>nostra</strong></span> <span class='ocrx_word' id='word_1_182' title='bbox 2917 1720 3029 1774; x_wconf 82' lang='lat' dir='ltr'><strong>dari</strong></span> <span class='ocrx_word' id='word_1_183' title='bbox 3059 1738 3074 1775; x_wconf 89' lang='lat'>:</span> <span class='ocrx_word' id='word_1_184' title='bbox 3100 1728 3155 1774; x_wconf 90' lang='lat' dir='ltr'><strong>et</strong></span> <span class='ocrx_word' id='word_1_185' title='bbox 3202 1729 3377 1775; x_wconf 92' lang='lat' dir='ltr'><strong>utrum</strong></span> <span class='ocrx_word' id='word_1_186' title='bbox 3424 1722 3493 1776; x_wconf 90' lang='lat' dir='ltr'><strong>ibi</strong></span> <span class='ocrx_word' id='word_1_187' title='bbox 3544 1740 3648 1778; x_wconf 88' lang='lat' dir='ltr'><strong>non</strong></span> 
     </span>
    </p>
   </div>
   <div class='ocr_carea' id='block_1_15' title="bbox 338 1810 3649 1886">
    <p class='ocr_par' dir='ltr' id='par_1_15' title="bbox 338 1810 3649 1886">
     <span class='ocr_line' id='line_1_15' title="bbox 338 1810 3649 1886; baseline -0.001 -15"><span class='ocrx_word' id='word_1_188' title='bbox 338 1816 480 1879; x_wconf 68' lang='lat' dir='ltr'><strong>satis,</strong></span> <span class='ocrx_word' id='word_1_189' title='bbox 503 1816 726 1886; x_wconf 78' lang='lat' dir='ltr'><strong>egerim,</strong></span> <span class='ocrx_word' id='word_1_190' title='bbox 756 1814 915 1870; x_wconf 88' lang='lat' dir='ltr'><strong>etiam</strong></span> <span class='ocrx_word' id='word_1_191' title='bbox 944 1813 1151 1867; x_wconf 89' lang='lat' dir='ltr'><strong>initium</strong></span> <span class='ocrx_word' id='word_1_192' title='bbox 1184 1810 1307 1867; x_wconf 93' lang='lat' dir='ltr'><strong>lidei</strong></span> <span class='ocrx_word' id='word_1_193' title='bbox 1345 1826 1467 1866; x_wconf 91' lang='lat' dir='ltr'><strong>esse</strong></span> <span class='ocrx_word' id='word_1_194' title='bbox 1492 1810 1691 1866; x_wconf 90' lang='lat' dir='ltr'><strong>donum</strong></span> <span class='ocrx_word' id='word_1_195' title='bbox 1719 1811 1813 1866; x_wconf 90' lang='lat' dir='ltr'><strong>Dci</strong></span> <span class='ocrx_word' id='word_1_196' title='bbox 1834 1820 1933 1877; x_wconf 86' lang='lat' dir='ltr'><strong>;&#39;et</strong></span> <span class='ocrx_word' id='word_1_197' title='bbox 1962 1822 2136 1867; x_wconf 92' lang='lat' dir='ltr'><strong>utrum</strong></span> <span class='ocrx_word' id='word_1_198' title='bbox 2172 1828 2234 1865; x_wconf 85' lang='lat' dir='ltr'><strong>ex</strong></span> <span class='ocrx_word' id='word_1_199' title='bbox 2264 1812 2329 1866; x_wconf 91' lang='lat' dir='ltr'><strong>iis</strong></span> <span class='ocrx_word' id='word_1_200' title='bbox 2353 1827 2470 1880; x_wconf 84' lang='lat' dir='ltr'><strong>quae</strong></span> <span class='ocrx_word' id='word_1_201' title='bbox 2501 1812 2572 1866; x_wconf 90' lang='lat' dir='ltr'><strong>ibi</strong></span> <span class='ocrx_word' id='word_1_202' title='bbox 2607 1812 2747 1867; x_wconf 88' lang='lat' dir='ltr'><strong>dicta</strong></span> <span class='ocrx_word' id='word_1_203' title='bbox 2789 1822 2942 1877; x_wconf 90' lang='lat' dir='ltr'><strong>sunt,</strong></span> <span class='ocrx_word' id='word_1_204' title='bbox 2976 1830 3080 1868; x_wconf 91' lang='lat' dir='ltr'><strong>non</strong></span> <span class='ocrx_word' id='word_1_205' title='bbox 3109 1825 3499 1885; x_wconf 83' lang='lat' dir='ltr'><strong>consequenter</strong></span> <span class='ocrx_word' id='word_1_206' title='bbox 3530 1817 3649 1870; x_wconf 84' lang='lat' dir='ltr'><strong>elu-</strong></span> 
     </span>
    </p>
   </div>
   <div class='ocr_carea' id='block_1_16' title="bbox 337 1901 3648 1976">
    <p class='ocr_par' dir='ltr' id='par_1_16' title="bbox 337 1901 3648 1976">
     <span class='ocr_line' id='line_1_16' title="bbox 337 1901 3648 1976; baseline 0.001 -16"><span class='ocrx_word' id='word_1_207' title='bbox 337 1914 483 1970; x_wconf 86' lang='lat' dir='ltr'><strong>ceat,</strong></span> <span class='ocrx_word' id='word_1_208' title='bbox 512 1904 612 1960; x_wconf 89' lang='lat' dir='ltr'><strong>etsi</strong></span> <span class='ocrx_word' id='word_1_209' title='bbox 632 1919 742 1960; x_wconf 89' lang='lat' dir='ltr'><strong>non</strong></span> <span class='ocrx_word' id='word_1_210' title='bbox 771 1903 841 1958; x_wconf 91' lang='lat' dir='ltr'><strong>sit</strong></span> <span class='ocrx_word' id='word_1_211' title='bbox 861 1917 1199 1975; x_wconf 82' lang='lat' dir='ltr'><strong>expressum,</strong></span> <span class='ocrx_word' id='word_1_212' title='bbox 1227 1902 1389 1957; x_wconf 90' lang='lat' dir='ltr'><strong>etiam</strong></span> <span class='ocrx_word' id='word_1_213' title='bbox 1415 1916 1584 1972; x_wconf 91' lang='lat' dir='ltr'><strong>usque</strong></span> <span class='ocrx_word' id='word_1_214' title='bbox 1606 1901 1658 1956; x_wconf 91' lang='lat' dir='ltr'><strong>in</strong></span> <span class='ocrx_word' id='word_1_215' title='bbox 1686 1901 1845 1957; x_wconf 85' lang='lat' dir='ltr'><strong>linem</strong></span> <span class='ocrx_word' id='word_1_216' title='bbox 1877 1903 2328 1972; x_wconf 88' lang='lat' dir='ltr'><strong>perseverantiam</strong></span> <span class='ocrx_word' id='word_1_217' title='bbox 2352 1903 2564 1959; x_wconf 90' lang='lat' dir='ltr'><strong>nonnisi</strong></span> <span class='ocrx_word' id='word_1_218' title='bbox 2592 1903 2660 1959; x_wconf 92' lang='lat' dir='ltr'><strong>ab</strong></span> <span class='ocrx_word' id='word_1_219' title='bbox 2685 1919 2751 1959; x_wconf 90' lang='lat' dir='ltr'><strong>eo</strong></span> <span class='ocrx_word' id='word_1_220' title='bbox 2770 1902 2977 1972; x_wconf 91' lang='lat' dir='ltr'><strong>donari,</strong></span> <span class='ocrx_word' id='word_1_221' title='bbox 3002 1905 3089 1975; x_wconf 88' lang='lat' dir='ltr'><strong>qui</strong></span> <span class='ocrx_word' id='word_1_222' title='bbox 3124 1920 3223 1961; x_wconf 92' lang='lat' dir='ltr'><strong>nos</strong></span> <span class='ocrx_word' id='word_1_223' title='bbox 3244 1908 3648 1976; x_wconf 70' lang='lat' dir='ltr'><strong>praedestinavit</strong></span> 
     </span>
    </p>
   </div>
   <div class='ocr_carea' id='block_1_17' title="bbox 337 1995 1236 2067">
    <p class='ocr_par' dir='ltr' id='par_1_17' title="bbox 337 1995 1236 2067">
     <span class='ocr_line' id='line_1_17' title="bbox 337 1995 1236 2067; baseline -0.003 -17"><span class='ocrx_word' id='word_1_224' title='bbox 337 1997 395 2051; x_wconf 86' lang='lat' dir='ltr'><strong>in</strong></span> <span class='ocrx_word' id='word_1_225' title='bbox 426 2010 584 2051; x_wconf 90' lang='lat' dir='ltr'><strong>suum</strong></span> <span class='ocrx_word' id='word_1_226' title='bbox 610 2011 835 2067; x_wconf 78' lang='lat' dir='ltr'><strong>regnum</strong></span> <span class='ocrx_word' id='word_1_227' title='bbox 861 2004 914 2050; x_wconf 92' lang='lat' dir='ltr'><strong>et</strong></span> <span class='ocrx_word' id='word_1_228' title='bbox 935 1995 1182 2066; x_wconf 78' lang='lat' dir='ltr'><strong>gloriam.</strong></span> <span class='ocrx_word' id='word_1_229' title='bbox 1214 2012 1236 2047; x_wconf 73' lang='grc' dir='ltr'><strong><em>ι</em></strong></span> 
     </span>
    </p>
   </div>
   <div class='ocr_carea' id='block_1_18' title="bbox 1592 2077 2415 2120">
    <p class='ocr_par' dir='ltr' id='par_1_18' title="bbox 1592 2077 2415 2120">
     <span class='ocr_line' id='line_1_18' title="bbox 1592 2077 2415 2120; baseline 0.004 -3"><span class='ocrx_word' id='word_1_230' title='bbox 1592 2079 1657 2118; x_wconf 74' lang='lat' dir='ltr'><strong>EX</strong></span> <span class='ocrx_word' id='word_1_231' title='bbox 1689 2079 1725 2117; x_wconf 88' lang='lat' dir='ltr'><strong>ll</strong></span> <span class='ocrx_word' id='word_1_232' title='bbox 1756 2077 1899 2118; x_wconf 76' lang='lat' dir='ltr'><strong>TOIIO</strong></span> <span class='ocrx_word' id='word_1_233' title='bbox 1930 2078 2184 2119; x_wconf 74' lang='lat' dir='ltr'><strong>EPISTOLA</strong></span> <span class='ocrx_word' id='word_1_234' title='bbox 2212 2080 2415 2120; x_wconf 71' lang='lat' dir='ltr'><strong>XXXVII.</strong></span> 
     </span>
    </p>
   </div>
   <div class='ocr_carea' id='block_1_19' title="bbox 338 2154 3645 2228">
    <p class='ocr_par' dir='ltr' id='par_1_19' title="bbox 338 2154 3645 2228">
     <span class='ocr_line' id='line_1_19' title="bbox 338 2154 3645 2228; baseline 0.001 -17"><span class='ocrx_word' id='word_1_235' title='bbox 338 2176 363 2211; x_wconf 71' lang='grc' dir='ltr'><strong>ε</strong></span> <span class='ocrx_word' id='word_1_236' title='bbox 398 2157 628 2213; x_wconf 90' lang='lat' dir='ltr'><strong>Domino</strong></span> <span class='ocrx_word' id='word_1_237' title='bbox 652 2156 965 2213; x_wconf 91' lang='lat' dir='ltr'><strong>beatissimo</strong></span> <span class='ocrx_word' id='word_1_238' title='bbox 1004 2165 1059 2212; x_wconf 93' lang='lat' dir='ltr'><strong>et</strong></span> <span class='ocrx_word' id='word_1_239' title='bbox 1095 2154 1477 2213; x_wconf 85' lang='lat' dir='ltr'><strong>venerabiliter</strong></span> <span class='ocrx_word' id='word_1_240' title='bbox 1522 2155 1884 2211; x_wconf 86' lang='lat' dir='ltr'><strong>sincerissima</strong></span> <span class='ocrx_word' id='word_1_241' title='bbox 1915 2154 2174 2212; x_wconf 90' lang='lat' dir='ltr'><strong>charitate</strong></span> <span class='ocrx_word' id='word_1_242' title='bbox 2216 2154 2588 2227; x_wconf 80' lang='lat' dir='ltr'><strong>amplectenda</strong></span> <span class='ocrx_word' id='word_1_243' title='bbox 2629 2156 2767 2228; x_wconf 88' lang='lat' dir='ltr'><strong>patri</strong></span> <span class='ocrx_word' id='word_1_244' title='bbox 2797 2156 3139 2214; x_wconf 70' lang='lat' dir='ltr'><strong>SIIPLICIANO</strong></span> <span class='ocrx_word' id='word_1_245' title='bbox 3182 2159 3548 2225; x_wconf 79' lang='lat' dir='ltr'><strong>Aucusrmus,</strong></span> <span class='ocrx_word' id='word_1_246' title='bbox 3592 2160 3645 2215; x_wconf 91' lang='lat' dir='ltr'><strong>in</strong></span> 
     </span>
    </p>
   </div>
   <div class='ocr_carea' id='block_1_20' title="bbox 333 2251 845 2308">
    <p class='ocr_par' dir='ltr' id='par_1_20' title="bbox 333 2251 845 2308">
     <span class='ocr_line' id='line_1_20' title="bbox 333 2251 845 2308; baseline -0.006 0"><span class='ocrx_word' id='word_1_247' title='bbox 333 2251 569 2308; x_wconf 89' lang='lat' dir='ltr'><strong>Domino</strong></span> <span class='ocrx_word' id='word_1_248' title='bbox 595 2251 845 2306; x_wconf 90' lang='lat' dir='ltr'><strong>salutem.</strong></span> 
     </span>
    </p>
   </div>
   <div class='ocr_carea' id='block_1_21' title="bbox 412 2341 3648 2414">
    <p class='ocr_par' dir='ltr' id='par_1_21' title="bbox 412 2341 3648 2414">
     <span class='ocr_line' id='line_1_21' title="bbox 412 2341 3648 2414; baseline -0.001 -14"><span class='ocrx_word' id='word_1_249' title='bbox 412 2346 467 2400; x_wconf 83' lang='grc'><strong>1.</strong></span> <span class='ocrx_word' id='word_1_250' title='bbox 507 2363 526 2396; x_wconf 83' lang='grc'><em>‹</em></span> <span class='ocrx_word' id='word_1_251' title='bbox 554 2345 745 2399; x_wconf 89' lang='lat' dir='ltr'><strong>Plenas</strong></span> <span class='ocrx_word' id='word_1_252' title='bbox 770 2344 1031 2399; x_wconf 91' lang='lat' dir='ltr'><strong>bonorum</strong></span> <span class='ocrx_word' id='word_1_253' title='bbox 1062 2341 1376 2414; x_wconf 82' lang='lat' dir='ltr'><strong>gaudiorum</strong></span> <span class='ocrx_word' id='word_1_254' title='bbox 1407 2342 1631 2410; x_wconf 88' lang='lat' dir='ltr'><strong>litteras,</strong></span> <span class='ocrx_word' id='word_1_255' title='bbox 1654 2341 1795 2412; x_wconf 89' lang='lat' dir='ltr'><strong>quod</strong></span> <span class='ocrx_word' id='word_1_256' title='bbox 1816 2342 1890 2396; x_wconf 89' lang='lat' dir='ltr'><strong>sis</strong></span> <span class='ocrx_word' id='word_1_257' title='bbox 1912 2357 2119 2397; x_wconf 81' lang='lat' dir='ltr'><strong>memor</strong></span> <span class='ocrx_word' id='word_1_258' title='bbox 2140 2342 2275 2407; x_wconf 89' lang='lat' dir='ltr'><strong>mei,</strong></span> <span class='ocrx_word' id='word_1_259' title='bbox 2307 2357 2521 2414; x_wconf 90' lang='lat' dir='ltr'><strong>meque,</strong></span> <span class='ocrx_word' id='word_1_260' title='bbox 2553 2351 2611 2397; x_wconf 93' lang='lat' dir='ltr'><strong>ut</strong></span> <span class='ocrx_word' id='word_1_261' title='bbox 2634 2342 2801 2407; x_wconf 87' lang='lat' dir='ltr'><strong>soles,</strong></span> <span class='ocrx_word' id='word_1_262' title='bbox 2828 2341 3048 2413; x_wconf 78' lang='lat' dir='ltr'><strong>diligas,</strong></span> <span class='ocrx_word' id='word_1_263' title='bbox 3076 2357 3385 2413; x_wconf 76' lang='lat' dir='ltr'><strong>magnrrque</strong></span> <span class='ocrx_word' id='word_1_264' title='bbox 3412 2343 3648 2413; x_wconf 86' lang='lat' dir='ltr'><strong>gratula-</strong></span> 
     </span>
    </p>
   </div>
   <div class='ocr_carea' id='block_1_22' title="bbox 334 2435 3646 2509">
    <p class='ocr_par' dir='ltr' id='par_1_22' title="bbox 334 2435 3646 2509">
     <span class='ocr_line' id='line_1_22' title="bbox 334 2435 3646 2509; baseline -0.001 -18"><span class='ocrx_word' id='word_1_265' title='bbox 334 2439 472 2493; x_wconf 88' lang='lat' dir='ltr'><strong>tioni</strong></span> <span class='ocrx_word' id='word_1_266' title='bbox 516 2440 607 2494; x_wconf 91' lang='lat' dir='ltr'><strong>tibi</strong></span> <span class='ocrx_word' id='word_1_267' title='bbox 651 2438 723 2494; x_wconf 90' lang='lat' dir='ltr'><strong>sit</strong></span> <span class='ocrx_word' id='word_1_268' title='bbox 764 2437 1019 2509; x_wconf 89' lang='lat' dir='ltr'><strong>quidquid</strong></span> <span class='ocrx_word' id='word_1_269' title='bbox 1050 2437 1102 2491; x_wconf 92' lang='lat' dir='ltr'><strong>in</strong></span> <span class='ocrx_word' id='word_1_270' title='bbox 1140 2452 1227 2492; x_wconf 92' lang='lat' dir='ltr'><strong>me</strong></span> <span class='ocrx_word' id='word_1_271' title='bbox 1257 2436 1519 2491; x_wconf 92' lang='lat' dir='ltr'><strong>donorum</strong></span> <span class='ocrx_word' id='word_1_272' title='bbox 1559 2452 1777 2491; x_wconf 89' lang='lat' dir='ltr'><strong>suorum</strong></span> <span class='ocrx_word' id='word_1_273' title='bbox 1816 2436 2077 2492; x_wconf 89' lang='lat' dir='ltr'><strong>Dominus</strong></span> <span class='ocrx_word' id='word_1_274' title='bbox 2102 2435 2346 2491; x_wconf 80' lang='lat' dir='ltr'><strong>conferre</strong></span> <span class='ocrx_word' id='word_1_275' title='bbox 2371 2435 2619 2504; x_wconf 86' lang='lat' dir='ltr'><strong>dignatus</strong></span> <span class='ocrx_word' id='word_1_276' title='bbox 2646 2443 2730 2490; x_wconf 91' lang='lat' dir='ltr'><strong>est</strong></span> <span class='ocrx_word' id='word_1_277' title='bbox 2754 2435 3119 2490; x_wconf 86' lang='lat' dir='ltr'><strong>misericordia</strong></span> <span class='ocrx_word' id='word_1_278' title='bbox 3147 2450 3264 2502; x_wconf 88' lang='lat' dir='ltr'><strong>sua,</strong></span> <span class='ocrx_word' id='word_1_279' title='bbox 3295 2452 3398 2490; x_wconf 86' lang='lat' dir='ltr'><strong>non</strong></span> <span class='ocrx_word' id='word_1_280' title='bbox 3440 2436 3646 2491; x_wconf 84' lang='lat' dir='ltr'><strong>meritis</strong></span> 
     </span>
    </p>
   </div>
   <div class='ocr_carea' id='block_1_23' title="bbox 332 2526 3646 2600">
    <p class='ocr_par' dir='ltr' id='par_1_23' title="bbox 332 2526 3646 2600">
     <span class='ocr_line' id='line_1_23' title="bbox 332 2526 3646 2600; baseline 0 -13"><span class='ocrx_word' id='word_1_281' title='bbox 332 2532 497 2595; x_wconf 89' lang='lat' dir='ltr'><strong>meis,</strong></span> <span class='ocrx_word' id='word_1_282' title='bbox 530 2533 723 2587; x_wconf 87' lang='lat' dir='ltr'><strong>missas</strong></span> <span class='ocrx_word' id='word_1_283' title='bbox 752 2546 975 2586; x_wconf 87' lang='lat' dir='ltr'><strong>munere</strong></span> <span class='ocrx_word' id='word_1_284' title='bbox 1001 2526 1309 2586; x_wconf 87' lang='lat' dir='ltr'><strong>Sanctitatis</strong></span> <span class='ocrx_word' id='word_1_285' title='bbox 1336 2540 1441 2583; x_wconf 74' lang='lat' dir='ltr'><strong>tua:</strong></span> <span class='ocrx_word' id='word_1_286' title='bbox 1465 2529 1647 2600; x_wconf 91' lang='lat' dir='ltr'><strong>accepi</strong></span> <span class='ocrx_word' id='word_1_287' title='bbox 1676 2547 1690 2584; x_wconf 91' lang='lat'><strong>:</strong></span> <span class='ocrx_word' id='word_1_288' title='bbox 1730 2530 1784 2583; x_wconf 90' lang='lat' dir='ltr'><strong>in</strong></span> <span class='ocrx_word' id='word_1_289' title='bbox 1812 2529 2006 2600; x_wconf 90' lang='lat' dir='ltr'><strong>quibus</strong></span> <span class='ocrx_word' id='word_1_290' title='bbox 2042 2528 2291 2584; x_wconf 71' lang='lat' dir='ltr'><strong>allectum</strong></span> <span class='ocrx_word' id='word_1_291' title='bbox 2330 2530 2383 2584; x_wconf 92' lang='lat' dir='ltr'><strong>in</strong></span> <span class='ocrx_word' id='word_1_292' title='bbox 2411 2544 2499 2583; x_wconf 91' lang='lat' dir='ltr'><strong>me</strong></span> <span class='ocrx_word' id='word_1_293' title='bbox 2536 2538 2817 2598; x_wconf 87' lang='lat' dir='ltr'><strong>paternum</strong></span> <span class='ocrx_word' id='word_1_294' title='bbox 2846 2528 2914 2583; x_wconf 92' lang='lat' dir='ltr'><strong>de</strong></span> <span class='ocrx_word' id='word_1_295' title='bbox 2953 2537 3043 2583; x_wconf 94' lang='lat' dir='ltr'><strong>tuo</strong></span> <span class='ocrx_word' id='word_1_296' title='bbox 3069 2529 3454 2599; x_wconf 86' lang='lat' dir='ltr'><strong>benignissimo</strong></span> <span class='ocrx_word' id='word_1_297' title='bbox 3484 2532 3646 2587; x_wconf 81' lang='lat' dir='ltr'><strong>corde</strong></span> 
     </span>
    </p>
   </div>
   <div class='ocr_carea' id='block_1_24' title="bbox 331 2620 3646 2703">
    <p class='ocr_par' dir='ltr' id='par_1_24' title="bbox 331 2620 3646 2703">
     <span class='ocr_line' id='line_1_24' title="bbox 331 2620 3646 2703; baseline 0 -27"><span class='ocrx_word' id='word_1_298' title='bbox 331 2639 448 2679; x_wconf 82' lang='lat' dir='ltr'><strong>non</strong></span> <span class='ocrx_word' id='word_1_299' title='bbox 473 2625 809 2694; x_wconf 82' lang='lat' dir='ltr'><strong>repentinum</strong></span> <span class='ocrx_word' id='word_1_300' title='bbox 835 2632 891 2677; x_wconf 90' lang='lat' dir='ltr'><strong>et</strong></span> <span class='ocrx_word' id='word_1_301' title='bbox 913 2638 1109 2679; x_wconf 90' lang='lat' dir='ltr'><strong>novum</strong></span> <span class='ocrx_word' id='word_1_302' title='bbox 1138 2620 1313 2685; x_wconf 86' lang='lat' dir='ltr'><strong>hausi,</strong></span> <span class='ocrx_word' id='word_1_303' title='bbox 1341 2622 1436 2677; x_wconf 88' lang='lat' dir='ltr'><strong>sed</strong></span> <span class='ocrx_word' id='word_1_304' title='bbox 1461 2633 1739 2692; x_wconf 83' lang='lat' dir='ltr'><strong>expertum</strong></span> <span class='ocrx_word' id='word_1_305' title='bbox 1771 2624 1925 2692; x_wconf 91' lang='lat' dir='ltr'><strong>plane</strong></span> <span class='ocrx_word' id='word_1_306' title='bbox 1951 2622 2328 2692; x_wconf 90' lang='lat' dir='ltr'><strong>cognitumque</strong></span> <span class='ocrx_word' id='word_1_307' title='bbox 2352 2620 2835 2703; x_wconf 37' lang='lat' dir='ltr'><strong>repetivindomine</strong></span> <span class='ocrx_word' id='word_1_308' title='bbox 2856 2620 3165 2675; x_wconf 90' lang='lat' dir='ltr'><strong>beatissime</strong></span> <span class='ocrx_word' id='word_1_309' title='bbox 3192 2631 3244 2674; x_wconf 91' lang='lat' dir='ltr'><strong>et</strong></span> <span class='ocrx_word' id='word_1_310' title='bbox 3268 2620 3646 2677; x_wconf 81' lang='lat' dir='ltr'><strong>venerabiliter</strong></span> 
     </span>
    </p>
   </div>
   <div class='ocr_carea' id='block_1_25' title="bbox 333 2711 1975 2783">
    <p class='ocr_par' dir='ltr' id='par_1_25' title="bbox 333 2711 1975 2783">
     <span class='ocr_line' id='line_1_25' title="bbox 333 2711 1975 2783; baseline 0 -16"><span class='ocrx_word' id='word_1_311' title='bbox 333 2716 699 2769; x_wconf 76' lang='lat' dir='ltr'><strong>sincerissima</strong></span> <span class='ocrx_word' id='word_1_312' title='bbox 720 2714 990 2769; x_wconf 89' lang='lat' dir='ltr'><strong>charitate</strong></span> <span class='ocrx_word' id='word_1_313' title='bbox 1016 2711 1409 2783; x_wconf 84' lang='lat' dir='ltr'><strong>amplectende.</strong></span> <span class='ocrx_word' id='word_1_314' title='bbox 1948 2716 1975 2737; x_wconf 49' lang='grc' dir='ltr'><strong>’θ</strong></span> 
     </span>
    </p>
   </div>
   <div class='ocr_carea' id='block_1_26' title="bbox 408 2801 3641 2873">
    <p class='ocr_par' dir='ltr' id='par_1_26' title="bbox 408 2801 3641 2873">
     <span class='ocr_line' id='line_1_26' title="bbox 408 2801 3641 2873; baseline -0.001 -14"><span class='ocrx_word' id='word_1_315' title='bbox 408 2806 465 2859; x_wconf 72' lang='lat'><strong>‘2.</strong></span> <span class='ocrx_word' id='word_1_316' title='bbox 505 2826 521 2858; x_wconf 78' lang='grc' dir='ltr'>ι</span> <span class='ocrx_word' id='word_1_317' title='bbox 548 2805 701 2861; x_wconf 88' lang='lat' dir='ltr'><strong>Unde</strong></span> <span class='ocrx_word' id='word_1_318' title='bbox 722 2815 910 2860; x_wconf 82' lang='lat' dir='ltr'><strong>autem</strong></span> <span class='ocrx_word' id='word_1_319' title='bbox 941 2814 1083 2861; x_wconf 85' lang='lat' dir='ltr'><strong>tanta</strong></span> <span class='ocrx_word' id='word_1_320' title='bbox 1111 2813 1295 2859; x_wconf 83' lang='lat' dir='ltr'><strong>exorta</strong></span> <span class='ocrx_word' id='word_1_321' title='bbox 1323 2812 1406 2860; x_wconf 90' lang='lat' dir='ltr'><strong>est</strong></span> <span class='ocrx_word' id='word_1_322' title='bbox 1448 2802 1673 2859; x_wconf 82' lang='lat' dir='ltr'><strong>felicitas</strong></span> <span class='ocrx_word' id='word_1_323' title='bbox 1716 2802 1976 2857; x_wconf 88' lang='lat' dir='ltr'><strong>litterario</strong></span> <span class='ocrx_word' id='word_1_324' title='bbox 2015 2802 2185 2857; x_wconf 88' lang='lat' dir='ltr'><strong>labori</strong></span> <span class='ocrx_word' id='word_1_325' title='bbox 2231 2810 2452 2864; x_wconf 90' lang='lat' dir='ltr'><strong>nostro,</strong></span> <span class='ocrx_word' id='word_1_326' title='bbox 2480 2817 2587 2873; x_wconf 84' lang='lat' dir='ltr'><strong>quo</strong></span> <span class='ocrx_word' id='word_1_327' title='bbox 2617 2802 2669 2857; x_wconf 93' lang='lat' dir='ltr'><strong>in</strong></span> <span class='ocrx_word' id='word_1_328' title='bbox 2700 2801 2958 2856; x_wconf 89' lang='lat' dir='ltr'><strong>librorum</strong></span> <span class='ocrx_word' id='word_1_329' title='bbox 3002 2801 3357 2871; x_wconf 89' lang='lat' dir='ltr'><strong>quorumdam</strong></span> <span class='ocrx_word' id='word_1_330' title='bbox 3400 2804 3641 2857; x_wconf 82' lang='lat' dir='ltr'><strong>conscri-</strong></span> 
     </span>
    </p>
   </div>
   <div class='ocr_carea' id='block_1_27' title="bbox 335 2894 3640 2969">
    <p class='ocr_par' dir='ltr' id='par_1_27' title="bbox 335 2894 3640 2969">
     <span class='ocr_line' id='line_1_27' title="bbox 335 2894 3640 2969; baseline -0.001 -17"><span class='ocrx_word' id='word_1_331' title='bbox 335 2900 522 2968; x_wconf 90' lang='lat' dir='ltr'><strong>ptione</strong></span> <span class='ocrx_word' id='word_1_332' title='bbox 563 2898 873 2953; x_wconf 86' lang='lat' dir='ltr'><strong>sudavimus</strong></span> <span class='ocrx_word' id='word_1_333' title='bbox 894 2940 908 2962; x_wconf 92' lang='lat'><strong>,</strong></span> <span class='ocrx_word' id='word_1_334' title='bbox 940 2907 1052 2952; x_wconf 89' lang='lat' dir='ltr'><strong>uta</strong></span> <span class='ocrx_word' id='word_1_335' title='bbox 1081 2906 1169 2952; x_wconf 91' lang='lat' dir='ltr'><strong>tua</strong></span> <span class='ocrx_word' id='word_1_336' title='bbox 1201 2896 1518 2969; x_wconf 85' lang='lat' dir='ltr'><strong>Dignatioue</strong></span> <span class='ocrx_word' id='word_1_337' title='bbox 1545 2894 1887 2965; x_wconf 80' lang='lat' dir='ltr'><strong>legerentur?</strong></span> <span class='ocrx_word' id='word_1_338' title='bbox 1917 2895 2018 2949; x_wconf 91' lang='lat' dir='ltr'><strong>nisi</strong></span> <span class='ocrx_word' id='word_1_339' title='bbox 2046 2898 2167 2965; x_wconf 89' lang='lat' dir='ltr'><strong>quia</strong></span> <span class='ocrx_word' id='word_1_340' title='bbox 2206 2895 2462 2949; x_wconf 91' lang='lat' dir='ltr'><strong>Dominus</strong></span> <span class='ocrx_word' id='word_1_341' title='bbox 2483 2937 2498 2961; x_wconf 93' lang='lat'><strong>,</strong></span> <span class='ocrx_word' id='word_1_342' title='bbox 2529 2895 2615 2949; x_wconf 91' lang='lat' dir='ltr'><strong>cui</strong></span> <span class='ocrx_word' id='word_1_343' title='bbox 2646 2894 2856 2949; x_wconf 84' lang='lat' dir='ltr'><strong>subdita</strong></span> <span class='ocrx_word' id='word_1_344' title='bbox 2886 2904 2971 2949; x_wconf 84' lang='lat' dir='ltr'><strong>est</strong></span> <span class='ocrx_word' id='word_1_345' title='bbox 2994 2894 3172 2949; x_wconf 89' lang='lat' dir='ltr'><strong>anima</strong></span> <span class='ocrx_word' id='word_1_346' title='bbox 3201 2909 3337 2960; x_wconf 91' lang='lat' dir='ltr'><strong>mea,</strong></span> <span class='ocrx_word' id='word_1_347' title='bbox 3372 2896 3640 2949; x_wconf 78' lang='lat' dir='ltr'><strong>conSuIari</strong></span> 
     </span>
    </p>
   </div>
   <div class='ocr_carea' id='block_1_28' title="bbox 339 2986 3643 3058">
    <p class='ocr_par' dir='ltr' id='par_1_28' title="bbox 339 2986 3643 3058">
     <span class='ocr_line' id='line_1_28' title="bbox 339 2986 3643 3058; baseline -0.001 -14"><span class='ocrx_word' id='word_1_348' title='bbox 339 2992 511 3045; x_wconf 79' lang='lat' dir='ltr'><strong>Vulttil</strong></span> <span class='ocrx_word' id='word_1_349' title='bbox 543 3007 700 3045; x_wconf 90' lang='lat' dir='ltr'><strong>curas</strong></span> <span class='ocrx_word' id='word_1_350' title='bbox 732 3006 909 3055; x_wconf 90' lang='lat' dir='ltr'><strong>meas,</strong></span> <span class='ocrx_word' id='word_1_351' title='bbox 942 2998 995 3046; x_wconf 91' lang='lat' dir='ltr'><strong>et</strong></span> <span class='ocrx_word' id='word_1_352' title='bbox 1019 3006 1049 3045; x_wconf 91' lang='lat' dir='ltr'><strong>a</strong></span> <span class='ocrx_word' id='word_1_353' title='bbox 1091 2990 1283 3045; x_wconf 91' lang='lat' dir='ltr'><strong>timore</strong></span> <span class='ocrx_word' id='word_1_354' title='bbox 1313 3004 1562 3044; x_wconf 89' lang='lat' dir='ltr'><strong>recreare</strong></span> <span class='ocrx_word' id='word_1_355' title='bbox 1582 3031 1596 3055; x_wconf 90' lang='lat'><strong>,</strong></span> <span class='ocrx_word' id='word_1_356' title='bbox 1624 3004 1731 3058; x_wconf 91' lang='lat' dir='ltr'><strong>quo</strong></span> <span class='ocrx_word' id='word_1_357' title='bbox 1762 3004 1846 3041; x_wconf 90' lang='lat' dir='ltr'><strong>me</strong></span> <span class='ocrx_word' id='word_1_358' title='bbox 1875 2987 1928 3040; x_wconf 94' lang='lat' dir='ltr'><strong>in</strong></span> <span class='ocrx_word' id='word_1_359' title='bbox 1961 2986 2155 3041; x_wconf 90' lang='lat' dir='ltr'><strong>talibus</strong></span> <span class='ocrx_word' id='word_1_360' title='bbox 2179 2988 2430 3056; x_wconf 89' lang='lat' dir='ltr'><strong>operibus</strong></span> <span class='ocrx_word' id='word_1_361' title='bbox 2454 3003 2675 3042; x_wconf 89' lang='lat' dir='ltr'><strong>necesse</strong></span> <span class='ocrx_word' id='word_1_362' title='bbox 2698 2996 2781 3042; x_wconf 92' lang='lat' dir='ltr'><strong>est</strong></span> <span class='ocrx_word' id='word_1_363' title='bbox 2804 3001 2926 3042; x_wconf 87' lang='lat' dir='ltr'><strong>esse</strong></span> <span class='ocrx_word' id='word_1_364' title='bbox 2952 2986 3260 3054; x_wconf 91' lang='lat' dir='ltr'><strong>sollicitum,</strong></span> <span class='ocrx_word' id='word_1_365' title='bbox 3288 2986 3474 3041; x_wconf 91' lang='lat' dir='ltr'><strong>necubi</strong></span> <span class='ocrx_word' id='word_1_366' title='bbox 3505 2986 3643 3042; x_wconf 81' lang='lat' dir='ltr'><strong>forte</strong></span> 
     </span>
    </p>
   </div>
   <div class='ocr_carea' id='block_1_29' title="bbox 328 3076 3630 3153">
    <p class='ocr_par' dir='ltr' id='par_1_29' title="bbox 328 3076 3630 3153">
     <span class='ocr_line' id='line_1_29' title="bbox 328 3076 3630 3153; baseline -0.003 -13"><span class='ocrx_word' id='word_1_367' title='bbox 328 3085 603 3141; x_wconf 83' lang='lat' dir='ltr'><strong>indoctior</strong></span> <span class='ocrx_word' id='word_1_368' title='bbox 625 3086 704 3140; x_wconf 88' lang='lat' dir='ltr'><strong>vel</strong></span> <span class='ocrx_word' id='word_1_369' title='bbox 740 3084 1021 3150; x_wconf 89' lang='lat' dir='ltr'><strong>incautior,</strong></span> <span class='ocrx_word' id='word_1_370' title='bbox 1049 3083 1291 3153; x_wconf 90' lang='lat' dir='ltr'><strong>quamvis</strong></span> <span class='ocrx_word' id='word_1_371' title='bbox 1319 3083 1372 3137; x_wconf 91' lang='lat' dir='ltr'><strong>in</strong></span> <span class='ocrx_word' id='word_1_372' title='bbox 1407 3081 1719 3152; x_wconf 90' lang='lat' dir='ltr'><strong>planissimo</strong></span> <span class='ocrx_word' id='word_1_373' title='bbox 1747 3095 1938 3149; x_wconf 89' lang='lat' dir='ltr'><strong>campo</strong></span> <span class='ocrx_word' id='word_1_374' title='bbox 1968 3079 2240 3145; x_wconf 86' lang='lat' dir='ltr'><strong>veritatis,</strong></span> <span class='ocrx_word' id='word_1_375' title='bbox 2275 3078 2564 3133; x_wconf 77' lang='lat' dir='ltr'><strong>oﬂ‘endam.</strong></span> <span class='ocrx_word' id='word_1_376' title='bbox 2601 3076 2732 3132; x_wconf 88' lang='lat' dir='ltr'><strong>Cum</strong></span> <span class='ocrx_word' id='word_1_377' title='bbox 2764 3080 2907 3133; x_wconf 91' lang='lat' dir='ltr'><strong>enim</strong></span> <span class='ocrx_word' id='word_1_378' title='bbox 2933 3078 3025 3133; x_wconf 91' lang='lat' dir='ltr'><strong>tibi</strong></span> <span class='ocrx_word' id='word_1_379' title='bbox 3054 3077 3228 3148; x_wconf 89' lang='lat' dir='ltr'><strong>placet</strong></span> <span class='ocrx_word' id='word_1_380' title='bbox 3255 3078 3399 3148; x_wconf 93' lang='lat' dir='ltr'><strong>quod</strong></span> <span class='ocrx_word' id='word_1_381' title='bbox 3428 3079 3630 3142; x_wconf 89' lang='lat' dir='ltr'><strong>scribo,</strong></span> 
     </span>
    </p>
   </div>
   <div class='ocr_carea' id='block_1_30' title="bbox 330 3169 3640 3244">
    <p class='ocr_par' dir='ltr' id='par_1_30' title="bbox 330 3169 3640 3244">
     <span class='ocr_line' id='line_1_30' title="bbox 330 3169 3640 3244; baseline -0.001 -17"><span class='ocrx_word' id='word_1_382' title='bbox 330 3176 458 3228; x_wconf 85' lang='lat' dir='ltr'><strong>novi</strong></span> <span class='ocrx_word' id='word_1_383' title='bbox 481 3175 563 3228; x_wconf 90' lang='lat' dir='ltr'><strong>cui</strong></span> <span class='ocrx_word' id='word_1_384' title='bbox 590 3175 825 3243; x_wconf 87' lang='lat' dir='ltr'><strong>placeat;</strong></span> <span class='ocrx_word' id='word_1_385' title='bbox 858 3174 1107 3244; x_wconf 88' lang='lat' dir='ltr'><strong>quoniam</strong></span> <span class='ocrx_word' id='word_1_386' title='bbox 1131 3174 1250 3242; x_wconf 84' lang='lat' dir='ltr'><strong>quis</strong></span> <span class='ocrx_word' id='word_1_387' title='bbox 1274 3182 1324 3227; x_wconf 90' lang='lat' dir='ltr'><strong>te</strong></span> <span class='ocrx_word' id='word_1_388' title='bbox 1346 3172 1605 3226; x_wconf 89' lang='lat' dir='ltr'><strong>inhabitet</strong></span> <span class='ocrx_word' id='word_1_389' title='bbox 1626 3171 1768 3225; x_wconf 90' lang='lat' dir='ltr'><strong>novi.</strong></span> <span class='ocrx_word' id='word_1_390' title='bbox 1795 3170 1937 3225; x_wconf 83' lang='lat' dir='ltr'><strong>idem</strong></span> <span class='ocrx_word' id='word_1_391' title='bbox 1960 3171 2156 3243; x_wconf 88' lang='lat' dir='ltr'><strong>quippe</strong></span> <span class='ocrx_word' id='word_1_392' title='bbox 2186 3172 2425 3225; x_wconf 89' lang='lat' dir='ltr'><strong>omnium</strong></span> <span class='ocrx_word' id='word_1_393' title='bbox 2458 3185 2737 3224; x_wconf 90' lang='lat' dir='ltr'><strong>munerum</strong></span> <span class='ocrx_word' id='word_1_394' title='bbox 2760 3169 3110 3240; x_wconf 88' lang='lat' dir='ltr'><strong>spiritualium</strong></span> <span class='ocrx_word' id='word_1_395' title='bbox 3135 3170 3449 3225; x_wconf 90' lang='lat' dir='ltr'><strong>distributor</strong></span> <span class='ocrx_word' id='word_1_396' title='bbox 3476 3180 3640 3241; x_wconf 87' lang='lat' dir='ltr'><strong>atque</strong></span> 
     </span>
    </p>
   </div>
   <div class='ocr_carea' id='block_1_31' title="bbox 326 3262 3636 3336">
    <p class='ocr_par' dir='ltr' id='par_1_31' title="bbox 326 3262 3636 3336">
     <span class='ocr_line' id='line_1_31' title="bbox 326 3262 3636 3336; baseline -0.001 -16"><span class='ocrx_word' id='word_1_397' title='bbox 326 3267 552 3336; x_wconf 83' lang='lat' dir='ltr'><strong>largitor</strong></span> <span class='ocrx_word' id='word_1_398' title='bbox 576 3282 670 3335; x_wconf 85' lang='lat' dir='ltr'><strong>per</strong></span> <span class='ocrx_word' id='word_1_399' title='bbox 692 3273 838 3319; x_wconf 89' lang='lat' dir='ltr'><strong>tuam</strong></span> <span class='ocrx_word' id='word_1_400' title='bbox 859 3265 1179 3320; x_wconf 89' lang='lat' dir='ltr'><strong>sententiam</strong></span> <span class='ocrx_word' id='word_1_401' title='bbox 1201 3263 1538 3319; x_wconf 74' lang='lat' dir='ltr'><strong>confirmabit</strong></span> <span class='ocrx_word' id='word_1_402' title='bbox 1558 3263 1914 3317; x_wconf 87' lang='lat' dir='ltr'><strong>obedientiam</strong></span> <span class='ocrx_word' id='word_1_403' title='bbox 1938 3277 2133 3317; x_wconf 89' lang='lat' dir='ltr'><strong>meam.</strong></span> <span class='ocrx_word' id='word_1_404' title='bbox 2158 3262 2423 3333; x_wconf 87' lang='lat' dir='ltr'><strong>Quidquid</strong></span> <span class='ocrx_word' id='word_1_405' title='bbox 2445 3263 2585 3317; x_wconf 86' lang='lat' dir='ltr'><strong>enim</strong></span> <span class='ocrx_word' id='word_1_406' title='bbox 2611 3262 2806 3317; x_wconf 86' lang='lat' dir='ltr'><strong>habent</strong></span> <span class='ocrx_word' id='word_1_407' title='bbox 2832 3263 2917 3317; x_wconf 89' lang='lat' dir='ltr'><strong>illa</strong></span> <span class='ocrx_word' id='word_1_408' title='bbox 2945 3264 3141 3334; x_wconf 88' lang='lat' dir='ltr'><strong>scripta</strong></span> <span class='ocrx_word' id='word_1_409' title='bbox 3166 3262 3520 3318; x_wconf 86' lang='lat' dir='ltr'><strong>delectatione</strong></span> <span class='ocrx_word' id='word_1_410' title='bbox 3550 3274 3636 3318; x_wconf 89' lang='lat' dir='ltr'><strong>tua</strong></span> 
     </span>
    </p>
   </div>
   <div class='ocr_carea' id='block_1_32' title="bbox 324 3351 3627 3426">
    <p class='ocr_par' dir='ltr' id='par_1_32' title="bbox 324 3351 3627 3426">
     <span class='ocr_line' id='line_1_32' title="bbox 324 3351 3627 3426; baseline 0.001 -17"><span class='ocrx_word' id='word_1_411' title='bbox 324 3357 576 3425; x_wconf 86' lang='lat' dir='ltr'><strong>dignum,</strong></span> <span class='ocrx_word' id='word_1_412' title='bbox 605 3356 658 3409; x_wconf 90' lang='lat' dir='ltr'><strong>in</strong></span> <span class='ocrx_word' id='word_1_413' title='bbox 691 3368 811 3408; x_wconf 88' lang='lat' dir='ltr'><strong>meo</strong></span> <span class='ocrx_word' id='word_1_414' title='bbox 838 3354 1139 3409; x_wconf 89' lang='lat' dir='ltr'><strong>ministerio</strong></span> <span class='ocrx_word' id='word_1_415' title='bbox 1159 3354 1295 3409; x_wconf 81' lang='lat' dir='ltr'><strong>dixit</strong></span> <span class='ocrx_word' id='word_1_416' title='bbox 1316 3355 1474 3418; x_wconf 90' lang='lat' dir='ltr'><strong>Deus,</strong></span> <span class='ocrx_word' id='word_1_417' title='bbox 1500 3353 1631 3417; x_wconf 83' lang='lat' dir='ltr'><strong>Fiat,</strong></span> <span class='ocrx_word' id='word_1_418' title='bbox 1657 3363 1711 3408; x_wconf 92' lang='lat' dir='ltr'><strong>et</strong></span> <span class='ocrx_word' id='word_1_419' title='bbox 1731 3351 1930 3408; x_wconf 82' lang='lat' dir='ltr'><strong>factum</strong></span> <span class='ocrx_word' id='word_1_420' title='bbox 1956 3362 2065 3418; x_wconf 88' lang='lat' dir='ltr'><strong>est;</strong></span> <span class='ocrx_word' id='word_1_421' title='bbox 2084 3353 2138 3407; x_wconf 94' lang='lat' dir='ltr'><strong>in</strong></span> <span class='ocrx_word' id='word_1_422' title='bbox 2167 3361 2255 3407; x_wconf 88' lang='lat' dir='ltr'><strong>tua</strong></span> <span class='ocrx_word' id='word_1_423' title='bbox 2283 3368 2412 3408; x_wconf 91' lang='lat' dir='ltr'><strong>vero</strong></span> <span class='ocrx_word' id='word_1_424' title='bbox 2442 3353 2824 3423; x_wconf 86' lang='lat' dir='ltr'><strong>approbatione</strong></span> <span class='ocrx_word' id='word_1_425' title='bbox 2846 3353 2976 3409; x_wconf 86' lang='lat' dir='ltr'><strong>vidit</strong></span> <span class='ocrx_word' id='word_1_426' title='bbox 2996 3354 3136 3410; x_wconf 91' lang='lat' dir='ltr'><strong>Deus</strong></span> <span class='ocrx_word' id='word_1_427' title='bbox 3156 3354 3278 3426; x_wconf 89' lang='lat' dir='ltr'><strong>quia</strong></span> <span class='ocrx_word' id='word_1_428' title='bbox 3302 3355 3499 3409; x_wconf 88' lang='lat' dir='ltr'><strong>bonum</strong></span> <span class='ocrx_word' id='word_1_429' title='bbox 3522 3366 3627 3413; x_wconf 86' lang='lat' dir='ltr'><strong>est.</strong></span> 
     </span>
    </p>
   </div>
   <div class='ocr_carea' id='block_1_33' title="bbox 400 3445 3640 3517">
    <p class='ocr_par' dir='ltr' id='par_1_33' title="bbox 400 3445 3640 3517">
     <span class='ocr_line' id='line_1_33' title="bbox 400 3445 3640 3517; baseline 0 -16"><span class='ocrx_word' id='word_1_430' title='bbox 400 3448 456 3501; x_wconf 81' lang='grc'><strong>5.</strong></span> <span class='ocrx_word' id='word_1_431' title='bbox 496 3466 513 3498; x_wconf 73' lang='grc' dir='ltr'>ι</span> <span class='ocrx_word' id='word_1_432' title='bbox 542 3446 972 3514; x_wconf 73' lang='lat' dir='ltr'><strong>Qumstiunculas</strong></span> <span class='ocrx_word' id='word_1_433' title='bbox 1002 3461 1153 3514; x_wconf 90' lang='lat' dir='ltr'><strong>sane,</strong></span> <span class='ocrx_word' id='word_1_434' title='bbox 1183 3462 1314 3517; x_wconf 90' lang='lat' dir='ltr'><strong>quas</strong></span> <span class='ocrx_word' id='word_1_435' title='bbox 1343 3446 1471 3500; x_wconf 90' lang='lat' dir='ltr'><strong>mibi</strong></span> <span class='ocrx_word' id='word_1_436' title='bbox 1499 3445 1808 3502; x_wconf 89' lang='lat' dir='ltr'><strong>enodandas</strong></span> <span class='ocrx_word' id='word_1_437' title='bbox 1832 3446 2022 3516; x_wconf 88' lang='lat' dir='ltr'><strong>jubere</strong></span> <span class='ocrx_word' id='word_1_438' title='bbox 2050 3445 2298 3517; x_wconf 89' lang='lat' dir='ltr'><strong>dignatus</strong></span> <span class='ocrx_word' id='word_1_439' title='bbox 2317 3461 2406 3512; x_wconf 92' lang='lat' dir='ltr'><strong>es,</strong></span> <span class='ocrx_word' id='word_1_440' title='bbox 2430 3448 2529 3501; x_wconf 90' lang='lat' dir='ltr'><strong>etsi</strong></span> <span class='ocrx_word' id='word_1_441' title='bbox 2555 3461 2670 3500; x_wconf 84' lang='lat' dir='ltr'><strong>mea</strong></span> <span class='ocrx_word' id='word_1_442' title='bbox 2700 3447 2949 3502; x_wconf 88' lang='lat' dir='ltr'><strong>tarditate</strong></span> <span class='ocrx_word' id='word_1_443' title='bbox 2976 3448 3276 3517; x_wconf 92' lang='lat' dir='ltr'><strong>implicatus</strong></span> <span class='ocrx_word' id='word_1_444' title='bbox 3303 3464 3407 3502; x_wconf 92' lang='lat' dir='ltr'><strong>non</strong></span> <span class='ocrx_word' id='word_1_445' title='bbox 3435 3448 3640 3502; x_wconf 85' lang='lat' dir='ltr'><strong>intelli-</strong></span> 
     </span>
    </p>
   </div>
   <div class='ocr_carea' id='block_1_34' title="bbox 318 3538 3634 3611">
    <p class='ocr_par' dir='ltr' id='par_1_34' title="bbox 318 3538 3634 3611">
     <span class='ocr_line' id='line_1_34' title="bbox 318 3538 3634 3611; baseline -0.001 -16"><span class='ocrx_word' id='word_1_446' title='bbox 318 3556 532 3611; x_wconf 67' lang='grc' dir='ltr'><strong>ιρι-θη),</strong></span> <span class='ocrx_word' id='word_1_447' title='bbox 554 3541 657 3595; x_wconf 91' lang='lat' dir='ltr'><strong>tuis</strong></span> <span class='ocrx_word' id='word_1_448' title='bbox 681 3540 886 3594; x_wconf 87' lang='lat' dir='ltr'><strong>meritis</strong></span> <span class='ocrx_word' id='word_1_449' title='bbox 906 3539 1121 3609; x_wconf 88' lang='lat' dir='ltr'><strong>adjutus</strong></span> <span class='ocrx_word' id='word_1_450' title='bbox 1141 3540 1425 3610; x_wconf 87' lang='lat' dir='ltr'><strong>aperirem.</strong></span> <span class='ocrx_word' id='word_1_451' title='bbox 1444 3539 1673 3594; x_wconf 87' lang='lat' dir='ltr'><strong>Tantum</strong></span> <span class='ocrx_word' id='word_1_452' title='bbox 1698 3539 1825 3594; x_wconf 89' lang='lat' dir='ltr'><strong>illud</strong></span> <span class='ocrx_word' id='word_1_453' title='bbox 1848 3554 2051 3610; x_wconf 61' lang='lat' dir='ltr'><strong>quaeso,</strong></span> <span class='ocrx_word' id='word_1_454' title='bbox 2077 3549 2134 3593; x_wconf 92' lang='lat' dir='ltr'><strong>ut</strong></span> <span class='ocrx_word' id='word_1_455' title='bbox 2155 3554 2251 3611; x_wconf 92' lang='lat' dir='ltr'><strong>pro</strong></span> <span class='ocrx_word' id='word_1_456' title='bbox 2272 3554 2389 3595; x_wconf 89' lang='lat' dir='ltr'><strong>mea</strong></span> <span class='ocrx_word' id='word_1_457' title='bbox 2414 3538 2717 3595; x_wconf 81' lang='lat' dir='ltr'><strong>inﬁrmitate</strong></span> <span class='ocrx_word' id='word_1_458' title='bbox 2736 3540 3041 3610; x_wconf 83' lang='lat' dir='ltr'><strong>depreceris</strong></span> <span class='ocrx_word' id='word_1_459' title='bbox 3060 3541 3256 3606; x_wconf 89' lang='lat' dir='ltr'><strong>Deum;</strong></span> <span class='ocrx_word' id='word_1_460' title='bbox 3279 3549 3336 3595; x_wconf 91' lang='lat' dir='ltr'><strong>et</strong></span> <span class='ocrx_word' id='word_1_461' title='bbox 3356 3541 3469 3595; x_wconf 91' lang='lat' dir='ltr'><strong>sive</strong></span> <span class='ocrx_word' id='word_1_462' title='bbox 3492 3541 3542 3594; x_wconf 92' lang='lat' dir='ltr'><strong>iu</strong></span> <span class='ocrx_word' id='word_1_463' title='bbox 3570 3541 3634 3594; x_wconf 80' lang='lat' dir='ltr'><strong>iis</strong></span> 
     </span>
    </p>
   </div>
   <div class='ocr_carea' id='block_1_35' title="bbox 323 3631 3634 3705">
    <p class='ocr_par' dir='ltr' id='par_1_35' title="bbox 323 3631 3634 3705">
     <span class='ocr_line' id='line_1_35' title="bbox 323 3631 3634 3705; baseline -0 -18"><span class='ocrx_word' id='word_1_464' title='bbox 323 3634 522 3703; x_wconf 81' lang='lat' dir='ltr'><strong>quibus</strong></span> <span class='ocrx_word' id='word_1_465' title='bbox 553 3650 639 3689; x_wconf 90' lang='lat' dir='ltr'><strong>me</strong></span> <span class='ocrx_word' id='word_1_466' title='bbox 663 3647 924 3688; x_wconf 87' lang='lat' dir='ltr'><strong>exercere</strong></span> <span class='ocrx_word' id='word_1_467' title='bbox 948 3633 1174 3703; x_wconf 86' lang='lat' dir='ltr'><strong>benigne</strong></span> <span class='ocrx_word' id='word_1_468' title='bbox 1204 3642 1530 3705; x_wconf 87' lang='lat' dir='ltr'><strong>paterneque</strong></span> <span class='ocrx_word' id='word_1_469' title='bbox 1550 3632 1795 3695; x_wconf 86' lang='lat' dir='ltr'><strong>voluisti,</strong></span> <span class='ocrx_word' id='word_1_470' title='bbox 1829 3632 1941 3687; x_wconf 87' lang='lat' dir='ltr'><strong>sive</strong></span> <span class='ocrx_word' id='word_1_471' title='bbox 1980 3632 2033 3686; x_wconf 89' lang='lat' dir='ltr'><strong>in</strong></span> <span class='ocrx_word' id='word_1_472' title='bbox 2071 3632 2189 3687; x_wconf 88' lang='lat' dir='ltr'><strong>aliis</strong></span> <span class='ocrx_word' id='word_1_473' title='bbox 2227 3647 2580 3702; x_wconf 61' lang='lat' dir='ltr'><strong>quaecumque</strong></span> <span class='ocrx_word' id='word_1_474' title='bbox 2606 3642 2782 3689; x_wconf 82' lang='lat' dir='ltr'><strong>nostra</strong></span> <span class='ocrx_word' id='word_1_475' title='bbox 2817 3634 2868 3687; x_wconf 94' lang='lat' dir='ltr'><strong>in</strong></span> <span class='ocrx_word' id='word_1_476' title='bbox 2897 3642 3015 3687; x_wconf 88' lang='lat' dir='ltr'><strong>tuas</strong></span> <span class='ocrx_word' id='word_1_477' title='bbox 3040 3642 3251 3687; x_wconf 90' lang='lat' dir='ltr'><strong>sanctas</strong></span> <span class='ocrx_word' id='word_1_478' title='bbox 3280 3648 3467 3687; x_wconf 89' lang='lat' dir='ltr'><strong>manus</strong></span> <span class='ocrx_word' id='word_1_479' title='bbox 3496 3631 3634 3688; x_wconf 81' lang='lat' dir='ltr'><strong>forte</strong></span> 
     </span>
    </p>
   </div>
   <div class='ocr_carea' id='block_1_36' title="bbox 327 3724 3637 3797">
    <p class='ocr_par' dir='ltr' id='par_1_36' title="bbox 327 3724 3637 3797">
     <span class='ocr_line' id='line_1_36' title="bbox 327 3724 3637 3797; baseline -0.001 -16"><span class='ocrx_word' id='word_1_480' title='bbox 327 3726 700 3797; x_wconf 75' lang='lat' dir='ltr'><strong>pervenerint,</strong></span> <span class='ocrx_word' id='word_1_481' title='bbox 732 3727 860 3797; x_wconf 89' lang='lat' dir='ltr'><strong>quia</strong></span> <span class='ocrx_word' id='word_1_482' title='bbox 888 3725 1025 3782; x_wconf 84' lang='lat' dir='ltr'><strong>sicut</strong></span> <span class='ocrx_word' id='word_1_483' title='bbox 1062 3726 1155 3780; x_wconf 93' lang='lat' dir='ltr'><strong>Dei</strong></span> <span class='ocrx_word' id='word_1_484' title='bbox 1185 3725 1341 3793; x_wconf 91' lang='lat' dir='ltr'><strong>data,</strong></span> <span class='ocrx_word' id='word_1_485' title='bbox 1370 3726 1449 3781; x_wconf 93' lang='lat' dir='ltr'><strong>sic</strong></span> <span class='ocrx_word' id='word_1_486' title='bbox 1473 3726 1633 3781; x_wconf 88' lang='lat' dir='ltr'><strong>etiam</strong></span> <span class='ocrx_word' id='word_1_487' title='bbox 1665 3740 1779 3781; x_wconf 90' lang='lat' dir='ltr'><strong>mea</strong></span> <span class='ocrx_word' id='word_1_488' title='bbox 1809 3733 1984 3781; x_wconf 89' lang='lat' dir='ltr'><strong>errata</strong></span> <span class='ocrx_word' id='word_1_489' title='bbox 2015 3738 2282 3796; x_wconf 85' lang='lat' dir='ltr'><strong>cognosco</strong></span> <span class='ocrx_word' id='word_1_490' title='bbox 2301 3767 2314 3791; x_wconf 93' lang='lat'><strong>,</strong></span> <span class='ocrx_word' id='word_1_491' title='bbox 2346 3740 2453 3779; x_wconf 93' lang='lat' dir='ltr'><strong>non</strong></span> <span class='ocrx_word' id='word_1_492' title='bbox 2493 3727 2665 3780; x_wconf 86' lang='lat' dir='ltr'><strong>solum</strong></span> <span class='ocrx_word' id='word_1_493' title='bbox 2709 3740 2891 3780; x_wconf 89' lang='lat' dir='ltr'><strong>curam</strong></span> <span class='ocrx_word' id='word_1_494' title='bbox 2933 3725 3159 3797; x_wconf 82' lang='lat' dir='ltr'><strong>legentis</strong></span> <span class='ocrx_word' id='word_1_495' title='bbox 3199 3724 3477 3795; x_wconf 88' lang='lat' dir='ltr'><strong>impendas</strong></span> <span class='ocrx_word' id='word_1_496' title='bbox 3496 3765 3511 3793; x_wconf 91' lang='lat'><strong>,</strong></span> <span class='ocrx_word' id='word_1_497' title='bbox 3541 3725 3637 3781; x_wconf 84' lang='lat' dir='ltr'><strong>sed</strong></span> 
     </span>
    </p>
   </div>
   <div class='ocr_carea' id='block_1_37' title="bbox 330 3817 1668 3888">
    <p class='ocr_par' dir='ltr' id='par_1_37' title="bbox 330 3817 1668 3888">
     <span class='ocr_line' id='line_1_37' title="bbox 330 3817 1668 3888; baseline -0.003 -15"><span class='ocrx_word' id='word_1_498' title='bbox 330 3819 490 3873; x_wconf 89' lang='lat' dir='ltr'><strong>etiam</strong></span> <span class='ocrx_word' id='word_1_499' title='bbox 521 3833 810 3874; x_wconf 90' lang='lat' dir='ltr'><strong>censuram</strong></span> <span class='ocrx_word' id='word_1_500' title='bbox 835 3818 1151 3888; x_wconf 87' lang='lat' dir='ltr'><strong>corrigentis</strong></span> <span class='ocrx_word' id='word_1_501' title='bbox 1174 3833 1441 3873; x_wconf 88' lang='lat' dir='ltr'><strong>assumas.</strong></span> <span class='ocrx_word' id='word_1_502' title='bbox 1464 3817 1617 3873; x_wconf 84' lang='lat' dir='ltr'><strong>Vale.</strong></span> <span class='ocrx_word' id='word_1_503' title='bbox 1650 3836 1668 3869; x_wconf 75' lang='grc' dir='ltr'><strong><em>ι</em></strong></span> 
     </span>
    </p>
   </div>
   <div class='ocr_carea' id='block_1_38' title="bbox 1138 3918 1408 3927">
    <p class='ocr_par' dir='ltr' id='par_1_38' title="bbox 1138 3918 1408 3927">
     <span class='ocr_line' id='line_1_38' title="bbox 1138 3918 1408 3927; baseline 0 -2"><span class='ocrx_word' id='word_1_504' title='bbox 1138 3918 1408 3927; x_wconf 77' lang='lat'><strong>——-———</strong></span> 
     </span>
    </p>
   </div>
   <div class='ocr_carea' id='block_1_39' title="bbox 1427 3917 1793 3926">
    <p class='ocr_par' dir='ltr' id='par_1_39' title="bbox 1427 3917 1793 3926">
     <span class='ocr_line' id='line_1_39' title="bbox 1427 3917 1793 3926; baseline -0.005 0"><span class='ocrx_word' id='word_1_505' title='bbox 1427 3917 1793 3926; x_wconf 54' lang='grc' dir='ltr'>Μ</span> 
     </span>
    </p>
   </div>
   <div class='ocr_carea' id='block_1_40' title="bbox 2280 3918 2661 3925">
    <p class='ocr_par' dir='ltr' id='par_1_40' title="bbox 2280 3918 2661 3925">
     <span class='ocr_line' id='line_1_40' title="bbox 2280 3918 2661 3925; baseline -0.005 0"><span class='ocrx_word' id='word_1_506' title='bbox 2280 3918 2363 3925; x_wconf 67' lang='grc' dir='ltr'><strong>,σ-.</strong></span> <span class='ocrx_word' id='word_1_507' title='bbox 2383 3918 2543 3925; x_wconf 70' lang='grc'><strong>-.,.-.-</strong></span> <span class='ocrx_word' id='word_1_508' title='bbox 2558 3919 2661 3924; x_wconf 67' lang='lat'><strong>.____._.</strong></span> 
     </span>
    </p>
   </div>
   <div class='ocr_carea' id='block_1_41' title="bbox 683 3916 3127 4167">
    <p class='ocr_par' dir='ltr' id='par_1_41' title="bbox 683 3916 3127 4167">
     <span class='ocr_line' id='line_1_41' title="bbox 683 3916 3127 4167; baseline -0.002 -7"><span class='ocrx_word' id='word_1_509' title='bbox 683 3916 3127 4167; x_wconf 34' lang='lat' dir='ltr'><strong>meﬁsrﬁvi</strong></span> 
     </span>
    </p>
   </div>
   <div class='ocr_carea' id='block_1_42' title="bbox 1331 4203 2677 4291">
    <p class='ocr_par' dir='ltr' id='par_1_42' title="bbox 1331 4203 2677 4291">
     <span class='ocr_line' id='line_1_42' title="bbox 1331 4203 2677 4291; baseline -0.002 -2"><span class='ocrx_word' id='word_1_510' title='bbox 1331 4205 2093 4291; x_wconf 88' lang='lat' dir='ltr'><strong>HIPPONENSIS</strong></span> <span class='ocrx_word' id='word_1_511' title='bbox 2145 4203 2677 4287; x_wconf 88' lang='lat' dir='ltr'><strong>EPISCOPI</strong></span> 
     </span>
    </p>
   </div>
   <div class='ocr_carea' id='block_1_43' title="bbox 1054 4310 2902 4459">
    <p class='ocr_par' dir='ltr' id='par_1_43' title="bbox 1054 4310 2902 4459">
     <span class='ocr_line' id='line_1_43' title="bbox 1054 4310 2902 4459; baseline 0.001 -2"><span class='ocrx_word' id='word_1_512' title='bbox 1054 4331 1257 4457; x_wconf 57' lang='lat' dir='ltr'><strong>ac</strong></span> <span class='ocrx_word' id='word_1_513' title='bbox 1306 4311 1883 4459; x_wconf 59' lang='lat' dir='ltr'><strong>meme</strong></span> <span class='ocrx_word' id='word_1_514' title='bbox 1929 4310 2902 4458; x_wconf 55' lang='lat' dir='ltr'><strong>amationibus</strong></span> 
     </span>
    </p>
   </div>
   <div class='ocr_carea' id='block_1_44' title="bbox 714 4523 2347 4698">
    <p class='ocr_par' dir='ltr' id='par_1_44' title="bbox 714 4526 2337 4698">
     <span class='ocr_line' id='line_1_44' title="bbox 714 4526 2337 4698; baseline -0.006 1"><span class='ocrx_word' id='word_1_515' title='bbox 714 4533 1064 4698; x_wconf 83' lang='grc' dir='ltr'><strong>ΑΙ)</strong></span> <span class='ocrx_word' id='word_1_516' title='bbox 1225 4526 2337 4692; x_wconf 82' lang='lat' dir='ltr'><strong>SIMPLIC</strong></span> 
     </span>
    </p>
   </div>
   <div class='ocr_carea' id='block_1_45' title="bbox 1618 4523 3251 4698">
    <p class='ocr_par' dir='ltr' id='par_1_45' title="bbox 1618 4523 3251 4693">
     <span class='ocr_line' id='line_1_45' title="bbox 1618 4523 3251 4693; baseline 0.004 -11"><span class='ocrx_word' id='word_1_517' title='bbox 1618 4523 3251 4693; x_wconf 80' lang='lat' dir='ltr'><strong>[PLICIANUM</strong></span> 
     </span>
    </p>
   </div>
   <div class='ocr_carea' id='block_1_46' title="bbox 1353 4753 2605 4883">
    <p class='ocr_par' dir='ltr' id='par_1_46' title="bbox 1353 4753 2605 4883">
     <span class='ocr_line' id='line_1_46' title="bbox 1353 4753 2605 4883; baseline -0.003 -1"><span class='ocrx_word' id='word_1_518' title='bbox 1353 4770 1874 4883; x_wconf 73' lang='lat' dir='ltr'><strong>LIBRI</strong></span> <span class='ocrx_word' id='word_1_519' title='bbox 1932 4770 2306 4883; x_wconf 80' lang='grc' dir='ltr'><strong>Ι)Πο</strong></span> <span class='ocrx_word' id='word_1_520' title='bbox 2388 4753 2418 4815; x_wconf 86' lang='grc'>¹</span> <span class='ocrx_word' id='word_1_521' title='bbox 2463 4753 2605 4878; x_wconf 71' lang='grc' dir='ltr'>(α).</span> 
     </span>
    </p>
   </div>
   <div class='ocr_carea' id='block_1_47' title="bbox 1773 4920 2199 4977">
    <p class='ocr_par' dir='ltr' id='par_1_47' title="bbox 1773 4920 2199 4977">
     <span class='ocr_line' id='line_1_47' title="bbox 1773 4920 2199 4977; baseline 0.005 -6"><span class='ocrx_word' id='word_1_522' title='bbox 1773 4920 2199 4977; x_wconf 43' lang='lat' dir='ltr'><strong>«gemmeo</strong></span> 
     </span>
    </p>
   </div>
   <div class='ocr_carea' id='block_1_48' title="bbox 1383 4998 2621 5112">
    <p class='ocr_par' dir='ltr' id='par_1_48' title="bbox 1383 4998 2621 5112">
     <span class='ocr_line' id='line_1_48' title="bbox 1383 4998 2621 5112; baseline -0.003 0"><span class='ocrx_word' id='word_1_523' title='bbox 1383 5002 1867 5112; x_wconf 87' lang='lat' dir='ltr'><strong>LIBER</strong></span> <span class='ocrx_word' id='word_1_524' title='bbox 1958 4998 2621 5110; x_wconf 83' lang='lat' dir='ltr'><strong>PRIMUS.</strong></span> 
     </span>
    </p>
   </div>
   <div class='ocr_carea' id='block_1_49' title="bbox 955 5161 2996 5236">
    <p class='ocr_par' dir='ltr' id='par_1_49' title="bbox 955 5161 2996 5236">
     <span class='ocr_line' id='line_1_49' title="bbox 955 5161 2996 5236; baseline -0.005 -13"><span class='ocrx_word' id='word_1_525' title='bbox 955 5180 1007 5223; x_wconf 88' lang='lat' dir='ltr'><strong>tn</strong></span> <span class='ocrx_word' id='word_1_526' title='bbox 1029 5184 1128 5236; x_wconf 86' lang='lat' dir='ltr'><strong>quo</strong></span> <span class='ocrx_word' id='word_1_527' title='bbox 1142 5168 1427 5233; x_wconf 77' lang='lat' dir='ltr'><strong>simpliciani</strong></span> <span class='ocrx_word' id='word_1_528' title='bbox 1450 5168 1752 5231; x_wconf 69' lang='lat' dir='ltr'><strong>quaestiones</strong></span> <span class='ocrx_word' id='word_1_529' title='bbox 1776 5177 1839 5214; x_wconf 87' lang='lat' dir='ltr'><strong>ex</strong></span> <span class='ocrx_word' id='word_1_530' title='bbox 1866 5161 2071 5227; x_wconf 82' lang='lat' dir='ltr'><strong>Epistola</strong></span> <span class='ocrx_word' id='word_1_531' title='bbox 2095 5162 2224 5213; x_wconf 79' lang='lat' dir='ltr'><strong>Pauli</strong></span> <span class='ocrx_word' id='word_1_532' title='bbox 2247 5162 2306 5212; x_wconf 90' lang='lat' dir='ltr'><strong>ad</strong></span> <span class='ocrx_word' id='word_1_533' title='bbox 2333 5170 2565 5214; x_wconf 76' lang='lat' dir='ltr'><strong>Romanos</strong></span> <span class='ocrx_word' id='word_1_534' title='bbox 2579 5164 2691 5215; x_wconf 63' lang='lat' dir='ltr'><strong>duae</strong></span> <span class='ocrx_word' id='word_1_535' title='bbox 2713 5173 2996 5217; x_wconf 84' lang='lat' dir='ltr'><strong>tractantur.</strong></span> 
     </span>
    </p>
   </div>
   <div class='ocr_carea' id='block_1_50' title="bbox 390 5269 3633 5348">
    <p class='ocr_par' dir='ltr' id='par_1_50' title="bbox 390 5269 3633 5348">
     <span class='ocr_line' id='line_1_50' title="bbox 390 5269 3633 5348; baseline -0.009 0"><span class='ocrx_word' id='word_1_536' title='bbox 390 5280 1174 5348; x_wconf 61' lang='lat' dir='ltr'><strong>[‘azrnto.-—Gratissimam</strong></span> <span class='ocrx_word' id='word_1_537' title='bbox 1198 5277 1353 5348; x_wconf 84' lang='lat' dir='ltr'><strong>plane</strong></span> <span class='ocrx_word' id='word_1_538' title='bbox 1370 5284 1529 5345; x_wconf 88' lang='lat' dir='ltr'><strong>atque</strong></span> <span class='ocrx_word' id='word_1_539' title='bbox 1549 5272 1920 5329; x_wconf 88' lang='lat' dir='ltr'><strong>suavissimam</strong></span> <span class='ocrx_word' id='word_1_540' title='bbox 2030 5269 2501 5337; x_wconf 81' lang='lat' dir='ltr'><strong>interrogationum</strong></span> <span class='ocrx_word' id='word_1_541' title='bbox 2534 5281 2740 5324; x_wconf 88' lang='lat' dir='ltr'><strong>tuarum</strong></span> <span class='ocrx_word' id='word_1_542' title='bbox 2770 5269 3129 5339; x_wconf 89' lang='lat' dir='ltr'><strong>dignationem</strong></span> <span class='ocrx_word' id='word_1_543' title='bbox 3159 5271 3467 5343; x_wconf 84' lang='lat' dir='ltr'><strong>mihi,—patcr</strong></span> <span class='ocrx_word' id='word_1_544' title='bbox 3491 5275 3633 5331; x_wconf 90' lang='lat' dir='ltr'><strong>Sim-</strong></span> 
     </span>
    </p>
   </div>
   <div class='ocr_carea' id='block_1_51' title="bbox 381 5358 3628 5459">
    <p class='ocr_par' dir='ltr' id='par_1_51' title="bbox 381 5358 3628 5459">
     <span class='ocr_line' id='line_1_51' title="bbox 381 5358 3628 5459; baseline -0.003 -27"><span class='ocrx_word' id='word_1_545' title='bbox 381 5409 397 5438; x_wconf 75' lang='grc' dir='ltr'>ι</span> <span class='ocrx_word' id='word_1_546' title='bbox 426 5401 619 5453; x_wconf 65' lang='lat' dir='ltr'><strong>mulus</strong></span> <span class='ocrx_word' id='word_1_547' title='bbox 651 5401 703 5449; x_wconf 68' lang='lat' dir='ltr'><strong>in</strong></span> <span class='ocrx_word' id='word_1_548' title='bbox 744 5394 1076 5459; x_wconf 54' lang='lat' dir='ltr'><strong>antiquissimo</strong></span> <span class='ocrx_word' id='word_1_549' title='bbox 1117 5391 1395 5459; x_wconf 58' lang='grc' dir='ltr'><strong>ορψρίερεί</strong></span> <span class='ocrx_word' id='word_1_550' title='bbox 1435 5388 1561 5439; x_wconf 57' lang='grc' dir='ltr'><strong>ωηο</strong></span> <span class='ocrx_word' id='word_1_551' title='bbox 1600 5396 1714 5440; x_wconf 58' lang='grc' dir='ltr'><strong>εει,</strong></span> <span class='ocrx_word' id='word_1_552' title='bbox 1743 5386 1925 5440; x_wconf 56' lang='lat' dir='ltr'><strong>Aureli,-</strong></span> <span class='ocrx_word' id='word_1_553' title='bbox 2033 5361 2281 5459; x_wconf 71' lang='lat' dir='ltr'><strong>plicianc,</strong></span> <span class='ocrx_word' id='word_1_554' title='bbox 2305 5360 2493 5414; x_wconf 89' lang='lat' dir='ltr'><strong>misisti</strong></span> <span class='ocrx_word' id='word_1_555' title='bbox 2525 5358 2753 5429; x_wconf 89' lang='lat' dir='ltr'><strong>:quibus</strong></span> <span class='ocrx_word' id='word_1_556' title='bbox 2774 5359 2873 5459; x_wconf 73' lang='lat' dir='ltr'><strong>nisi</strong></span> <span class='ocrx_word' id='word_1_557' title='bbox 2898 5360 3222 5459; x_wconf 73' lang='lat' dir='ltr'><strong>respondere</strong></span> <span class='ocrx_word' id='word_1_558' title='bbox 3246 5378 3495 5427; x_wconf 87' lang='lat' dir='ltr'><strong>conarer,</strong></span> <span class='ocrx_word' id='word_1_559' title='bbox 3524 5384 3628 5422; x_wconf 90' lang='lat' dir='ltr'><strong>non</strong></span> 
     </span>
    </p>
   </div>
   <div class='ocr_carea' id='block_1_52' title="bbox 324 5450 1957 5530">
    <p class='ocr_par' dir='ltr' id='par_1_52' title="bbox 324 5450 1348 5530">
     <span class='ocr_line' id='line_1_52' title="bbox 324 5450 1348 5530; baseline -0.015 -13"><span class='ocrx_word' id='word_1_560' title='bbox 324 5450 577 5530; x_wconf 48' lang='lat' dir='ltr'><strong>augusti—nt;</strong></span> <span class='ocrx_word' id='word_1_561' title='bbox 604 5450 678 5512; x_wconf 15' lang='lat' dir='ltr'><strong>iud</strong></span> <span class='ocrx_word' id='word_1_562' title='bbox 716 5450 1010 5522; x_wconf 66' lang='lat' dir='ltr'><strong>interrogata</strong></span> <span class='ocrx_word' id='word_1_563' title='bbox 1032 5451 1348 5518; x_wconf 80' lang='lat' dir='ltr'><strong>simpliciam&#39;.</strong></span> 
     </span>
    </p>
   </div>
   <div class='ocr_carea' id='block_1_53' title="bbox 1999 5450 3632 5530">
    <p class='ocr_par' dir='ltr' id='par_1_53' title="bbox 2032 5450 3632 5522">
     <span class='ocr_line' id='line_1_53' title="bbox 2032 5450 3632 5522; baseline 0.004 -17"><span class='ocrx_word' id='word_1_564' title='bbox 2032 5451 2205 5505; x_wconf 84' lang='lat' dir='ltr'><strong>solum</strong></span> <span class='ocrx_word' id='word_1_565' title='bbox 2227 5457 2532 5517; x_wconf 79' lang='lat' dir='ltr'><strong>contumax,</strong></span> <span class='ocrx_word' id='word_1_566' title='bbox 2564 5464 2748 5505; x_wconf 88' lang='lat' dir='ltr'><strong>verum</strong></span> <span class='ocrx_word' id='word_1_567' title='bbox 2776 5450 2934 5505; x_wconf 88' lang='lat' dir='ltr'><strong>etiam</strong></span> <span class='ocrx_word' id='word_1_568' title='bbox 2962 5450 3199 5522; x_wconf 83' lang='lat' dir='ltr'><strong>ingratus</strong></span> <span class='ocrx_word' id='word_1_569' title='bbox 3225 5454 3530 5511; x_wconf 74' lang='lat' dir='ltr'><strong>existerent.</strong></span> <span class='ocrx_word' id='word_1_570' title='bbox 3567 5458 3632 5512; x_wconf 87' lang='lat' dir='ltr'><strong>Et</strong></span> 
     </span>
    </p>
   </div>
   <div class='ocr_carea' id='block_1_54' title="bbox 380 5537 1163 5611">
    <p class='ocr_par' dir='ltr' id='par_1_54' title="bbox 380 5537 1163 5611">
     <span class='ocr_line' id='line_1_54' title="bbox 380 5537 1163 5611; baseline -0.015 -13"><span class='ocrx_word' id='word_1_571' title='bbox 380 5548 458 5611; x_wconf 80' lang='grc' dir='ltr'><strong>(α)</strong></span> <span class='ocrx_word' id='word_1_572' title='bbox 492 5544 664 5608; x_wconf 84' lang='lat' dir='ltr'><strong>Scripti</strong></span> <span class='ocrx_word' id='word_1_573' title='bbox 688 5543 882 5593; x_wconf 88' lang='lat' dir='ltr'><strong>circiter</strong></span> <span class='ocrx_word' id='word_1_574' title='bbox 904 5551 1031 5589; x_wconf 87' lang='lat' dir='ltr'><strong>anno</strong></span> <span class='ocrx_word' id='word_1_575' title='bbox 1050 5537 1163 5588; x_wconf 78' lang='grc'><strong>597.</strong></span> 
     </span>
    </p>
   </div>
   <div class='ocr_carea' id='block_1_55' title="bbox 2740 3917 3032 3926">
    <p class='ocr_par' dir='ltr' id='par_1_55' title="bbox 2740 3917 3032 3926">
     <span class='ocr_line' id='line_1_55' title="bbox 2740 3917 3032 3926; baseline 0.003 -1"><span class='ocrx_word' id='word_1_576' title='bbox 2740 3917 3032 3926; x_wconf 72' lang='lat'><strong>.__._—__</strong></span> 
     </span>
    </p>
   </div>
   <div class='ocr_carea' id='block_1_56' title="bbox 320 3916 3609 3969">
    <p class='ocr_par' dir='ltr' id='par_1_56' title="bbox 320 3916 3609 3969">
     <span class='ocr_line' id='line_1_56' title="bbox 411 3916 3032 3927; baseline 0 -1"><span class='ocrx_word' id='word_1_577' title='bbox 411 3920 414 3922; x_wconf 61' lang='grc' dir='ltr'><strong>ν</strong></span> <span class='ocrx_word' id='word_1_578' title='bbox 736 3918 1408 3927; x_wconf 74' lang='lat'><strong>——_—————-——-</strong></span> <span class='ocrx_word' id='word_1_579' title='bbox 1427 3916 2363 3926; x_wconf 68' lang='lat'><strong>——-———————————————————-———</strong></span> <span class='ocrx_word' id='word_1_580' title='bbox 2383 3917 3032 3926; x_wconf 36' lang='lat' dir='ltr'><strong>—--—v-——a—-ro————_</strong></span> 
     </span>
     <span class='ocr_line' id='line_1_57' title="bbox 320 3916 3609 3969; baseline -0 -2"><span class='ocrx_word' id='word_1_581' title='bbox 320 3916 3609 3969; x_wconf 61' lang='lat' dir='ltr'><em>W</em></span> 
     </span>
    </p>
   </div>
   <div class='ocr_carea' id='block_1_57' title="bbox 1511 5626 2446 5673">
    <p class='ocr_par' dir='ltr' id='par_1_57' title="bbox 1511 5626 2446 5673">
     <span class='ocr_line' id='line_1_58' title="bbox 1511 5626 2446 5673; baseline -0.003 -1"><span class='ocrx_word' id='word_1_582' title='bbox 1511 5631 1801 5673; x_wconf 71' lang='lat' dir='ltr'><strong>ADIONITIO</strong></span> <span class='ocrx_word' id='word_1_583' title='bbox 1837 5632 1921 5671; x_wconf 81' lang='lat' dir='ltr'><strong>PP.</strong></span> <span class='ocrx_word' id='word_1_584' title='bbox 1961 5626 2446 5673; x_wconf 65' lang='lat' dir='ltr'><strong>BENEDICTISORUI.</strong></span> 
     </span>
    </p>
   </div>
   <div class='ocr_carea' id='block_1_58' title="bbox 379 5705 3636 5784">
    <p class='ocr_par' dir='ltr' id='par_1_58' title="bbox 379 5705 3636 5784">
     <span class='ocr_line' id='line_1_59' title="bbox 379 5705 3636 5784; baseline -0.002 -16"><span class='ocrx_word' id='word_1_585' title='bbox 645 5724 760 5768; x_wconf 87' lang='lat' dir='ltr'><strong>sunt</strong></span> <span class='ocrx_word' id='word_1_586' title='bbox 784 5714 978 5784; x_wconf 79' lang='lat' dir='ltr'><strong>(biduo</strong></span> <span class='ocrx_word' id='word_1_587' title='bbox 999 5711 1134 5784; x_wconf 74' lang='lat' dir='ltr'><strong>libri)</strong></span> <span class='ocrx_word' id='word_1_588' title='bbox 1158 5712 1216 5763; x_wconf 85' lang='lat' dir='ltr'><strong>ad</strong></span> <span class='ocrx_word' id='word_1_589' title='bbox 1241 5711 1589 5784; x_wconf 59' lang='lat' dir='ltr'><strong>ferbeiensem</strong></span> <span class='ocrx_word' id='word_1_590' title='bbox 1623 5710 1846 5784; x_wconf 72' lang='lat' dir='ltr'><strong>codicem</strong></span> <span class='ocrx_word' id='word_1_591' title='bbox 1872 5722 2118 5784; x_wconf 62' lang='lat' dir='ltr'><strong>perquam</strong></span> <span class='ocrx_word' id='word_1_592' title='bbox 2142 5706 2404 5784; x_wconf 75' lang='lat' dir='ltr'><strong>egregium</strong></span> <span class='ocrx_word' id='word_1_593' title='bbox 2438 5714 2565 5784; x_wconf 68' lang='lat' dir='ltr'><strong>ante</strong></span> <span class='ocrx_word' id='word_1_594' title='bbox 2593 5705 2912 5784; x_wconf 46' lang='lat' dir='ltr'><strong>millesimam</strong></span> <span class='ocrx_word' id='word_1_595' title='bbox 2945 5706 3271 5784; x_wconf 67' lang='lat' dir='ltr'><strong>descriptum,</strong></span> <span class='ocrx_word' id='word_1_596' title='bbox 3307 5708 3368 5784; x_wconf 82' lang='lat' dir='ltr'><strong>ad</strong></span> <span class='ocrx_word' id='word_1_597' title='bbox 3409 5718 3636 5784; x_wconf 77' lang='lat' dir='ltr'><strong>veterem</strong></span> 
     </span>
    </p>
   </div>
   <div class='ocr_carea' id='block_1_59' title="bbox 312 5769 3633 5843">
    <p class='ocr_par' dir='ltr' id='par_1_59' title="bbox 312 5769 3633 5843">
     <span class='ocr_line' id='line_1_60' title="bbox 312 5769 3633 5843; baseline 0.009 -9"><span class='ocrx_word' id='word_1_598' title='bbox 312 5769 1164 5843; x_wconf 58' lang='lat' dir='ltr'><strong>mammegavehsisswesiaé.</strong></span> <span class='ocrx_word' id='word_1_599' title='bbox 1200 5776 1258 5843; x_wconf 65' lang='lat' dir='ltr'><strong>es!</strong></span> <span class='ocrx_word' id='word_1_600' title='bbox 1289 5774 1718 5843; x_wconf 56' lang='lat' dir='ltr'><strong>Geuoveteanum,</strong></span> <span class='ocrx_word' id='word_1_601' title='bbox 1753 5769 2071 5843; x_wconf 57' lang='grc' dir='ltr'><strong>ιτίοιότξριίημ</strong></span> <span class='ocrx_word' id='word_1_602' title='bbox 2095 5769 2425 5828; x_wconf 46' lang='lat' dir='ltr'><strong>sorbeam,</strong></span> <span class='ocrx_word' id='word_1_603' title='bbox 2458 5769 2520 5843; x_wconf 55' lang='lat' dir='ltr'><strong>ad</strong></span> <span class='ocrx_word' id='word_1_604' title='bbox 2554 5778 2659 5843; x_wconf 61' lang='lat' dir='ltr'><strong>&quot;res</strong></span> <span class='ocrx_word' id='word_1_605' title='bbox 2692 5772 2969 5843; x_wconf 57' lang='grc' dir='ltr'><strong>δἐιίωορξε</strong></span> <span class='ocrx_word' id='word_1_606' title='bbox 3013 5770 3074 5819; x_wconf 64' lang='grc' dir='ltr'><strong>δι’</strong></span> <span class='ocrx_word' id='word_1_607' title='bbox 3111 5769 3353 5843; x_wconf 69' lang='grc' dir='ltr'><strong>¹εοιίο9εε</strong></span> <span class='ocrx_word' id='word_1_608' title='bbox 3391 5776 3633 5843; x_wconf 49' lang='lat' dir='ltr'><strong>imm?“</strong></span> 
     </span>
    </p>
   </div>
   <div class='ocr_carea' id='block_1_60' title="bbox 312 5832 3629 5911">
    <p class='ocr_par' dir='ltr' id='par_1_60' title="bbox 312 5832 3629 5911">
     <span class='ocr_line' id='line_1_61' title="bbox 312 5832 3629 5911; baseline 0.008 -18"><span class='ocrx_word' id='word_1_609' title='bbox 493 5832 802 5911; x_wconf 66' lang='lat' dir='ltr'><strong>velquatuotj</strong></span> <span class='ocrx_word' id='word_1_610' title='bbox 826 5832 1379 5911; x_wconf 52' lang='grc' dir='ltr'><strong>θςιφωξιιιῑφομθεωε</strong></span> <span class='ocrx_word' id='word_1_611' title='bbox 1417 5848 1506 5909; x_wconf 65' lang='lat' dir='ltr'><strong>aer</strong></span> <span class='ocrx_word' id='word_1_612' title='bbox 1539 5836 1864 5911; x_wconf 41' lang='lat' dir='ltr'><strong>venisses</strong></span> <span class='ocrx_word' id='word_1_613' title='bbox 1878 5833 2175 5911; x_wconf 50' lang='lat'><strong>1969939?</strong></span> <span class='ocrx_word' id='word_1_614' title='bbox 2187 5846 2215 5911; x_wconf 62' lang='lat' dir='ltr'><strong>i</strong></span> <span class='ocrx_word' id='word_1_615' title='bbox 2226 5832 2823 5911; x_wconf 47' lang='lat' dir='ltr'><strong>esseoeeﬂswﬁﬁe</strong></span> <span class='ocrx_word' id='word_1_616' title='bbox 2846 5832 3227 5911; x_wconf 56' lang='lat' dir='ltr'><strong>E‘E‘l‘???‘£§x§“&quot;</strong></span> <span class='ocrx_word' id='word_1_617' title='bbox 3256 5839 3328 5880; x_wconf 63' lang='grc' dir='ltr'><strong>επ·</strong></span> <span class='ocrx_word' id='word_1_618' title='bbox 3358 5840 3409 5883; x_wconf 76' lang='grc' dir='ltr'><strong>ει</strong></span> <span class='ocrx_word' id='word_1_619' title='bbox 3432 5841 3564 5892; x_wconf 69' lang='grc' dir='ltr'><strong>ιονη</strong></span> <span class='ocrx_word' id='word_1_620' title='bbox 3588 5838 3629 5889; x_wconf 57' lang='grc' dir='ltr'><strong>ίκ</strong></span> 
     </span>
    </p>
   </div>
   <div class='ocr_carea' id='block_1_61' title="bbox 314 5894 3166 5961">
    <p class='ocr_par' dir='ltr' id='par_1_61' title="bbox 314 5894 3166 5961">
     <span class='ocr_line' id='line_1_62' title="bbox 314 5894 3166 5961; baseline -0.005 -4"><span class='ocrx_word' id='word_1_621' title='bbox 314 5894 401 5961; x_wconf 59' lang='lat' dir='ltr'><strong>Esi</strong></span> <span class='ocrx_word' id='word_1_622' title='bbox 417 5894 625 5957; x_wconf 68' lang='lat' dir='ltr'><strong>Jbannis&#39;</strong></span> <span class='ocrx_word' id='word_1_623' title='bbox 642 5894 970 5960; x_wconf 81' lang='lat' dir='ltr'><strong>Amerbacbii,</strong></span> <span class='ocrx_word' id='word_1_624' title='bbox 1005 5899 1238 5949; x_wconf 87' lang='lat' dir='ltr'><strong>Desiderii</strong></span> <span class='ocrx_word' id='word_1_625' title='bbox 1284 5894 1493 5956; x_wconf 73' lang='lat' dir='ltr'><strong>Erasini,</strong></span> <span class='ocrx_word' id='word_1_626' title='bbox 1525 5904 1578 5947; x_wconf 90' lang='lat' dir='ltr'><strong>et</strong></span> <span class='ocrx_word' id='word_1_627' title='bbox 1609 5896 1975 5945; x_wconf 85' lang='lat' dir='ltr'><strong>Lovaniensium</strong></span> <span class='ocrx_word' id='word_1_628' title='bbox 2003 5894 2358 5957; x_wconf 80' lang='lat' dir='ltr'><strong>&#39;I‘hcologorum</strong></span> <span class='ocrx_word' id='word_1_629' title='bbox 2391 5907 2540 5956; x_wconf 87' lang='lat' dir='ltr'><strong>opera</strong></span> <span class='ocrx_word' id='word_1_630' title='bbox 2563 5896 2821 5958; x_wconf 85' lang='lat' dir='ltr'><strong>studioque</strong></span> <span class='ocrx_word' id='word_1_631' title='bbox 2844 5897 3166 5944; x_wconf 78' lang='lat' dir='ltr'><strong>concinnatas.</strong></span> 
     </span>
    </p>
   </div>
   <div class='ocr_carea' id='block_1_62' title="bbox 398 5977 3587 6069">
    <p class='ocr_par' dir='ltr' id='par_1_62' title="bbox 398 5977 3587 6069">
     <span class='ocr_line' id='line_1_63' title="bbox 398 5977 3587 6069; baseline -0.004 -20"><span class='ocrx_word' id='word_1_632' title='bbox 398 5988 926 6069; x_wconf 76' lang='lat' dir='ltr'><strong>Comparavimus</strong></span> <span class='ocrx_word' id='word_1_633' title='bbox 954 5991 1255 6065; x_wconf 75' lang='lat' dir='ltr'><strong>prwterea</strong></span> <span class='ocrx_word' id='word_1_634' title='bbox 1281 6002 1380 6045; x_wconf 83' lang='lat' dir='ltr'><strong>eas</strong></span> <span class='ocrx_word' id='word_1_635' title='bbox 1412 6000 1614 6043; x_wconf 81' lang='lat' dir='ltr'><strong>omnes</strong></span> <span class='ocrx_word' id='word_1_636' title='bbox 1644 5979 1949 6042; x_wconf 77' lang='lat' dir='ltr'><strong>editiones</strong></span> <span class='ocrx_word' id='word_1_637' title='bbox 1975 5978 2162 6040; x_wconf 77' lang='lat' dir='ltr'><strong>initio</strong></span> <span class='ocrx_word' id='word_1_638' title='bbox 2196 5978 2770 6055; x_wconf 79' lang='lat' dir='ltr'><strong>lletractationum,</strong></span> <span class='ocrx_word' id='word_1_639' title='bbox 2803 5986 2948 6038; x_wconf 79' lang='lat' dir='ltr'><strong>(om.</strong></span> <span class='ocrx_word' id='word_1_640' title='bbox 2980 5979 3038 6054; x_wconf 82' lang='grc'><strong>1,</strong></span> <span class='ocrx_word' id='word_1_641' title='bbox 3066 5986 3455 6040; x_wconf 65' lang='lat' dir='ltr'><strong>memoratas.</strong></span> <span class='ocrx_word' id='word_1_642' title='bbox 3503 5977 3587 6037; x_wconf 74' lang='grc' dir='ltr'><strong>Μ.</strong></span> 
     </span>
    </p>
   </div>
  </div>
