4084 6518
519 490 622 545 C015

514 609 603 665 illa
625 607 835 679 quidem
864 619 982 676 quzc
1012 602 1080 658 dc
1102 603 1265 658 Paulo
1285 602 1529 672 apostolo
1548 600 1888 656 dissolvenda
1914 616 2107 670 propo-

512 701 694 766 suisti,
717 701 824 768 jam
855 712 885 751 a
911 695 1066 752 nobis
1103 704 1256 749 erant
1297 703 1586 762 utcumque
1625 691 1862 746 discussa
1894 691 2110 745 litteris-

512 807 617 862 que
649 788 896 843 mandata
924 789 963 841 ⁸.
990 785 1095 841 Sed
1125 795 1299 840 tamen
1335 783 1522 840 eadem
1565 783 1680 853 ipsa
1708 782 1868 837 verba
1897 791 2111 852 aposto-

514 884 612 938 lica
634 896 984 950 tenoremque
1009 877 1393 933 sententiarum
1415 918 1428 938 ,
1463 892 1566 929 non
1611 882 1898 929 contentus
1928 872 2105 943 inqui-

510 974 704 1028 sitione
749 980 909 1040 atque
935 967 1285 1038 explicatione
1331 967 1630 1036 praeterita,
1679 981 1744 1019 ne
1782 964 1906 1034 quid
1955 964 2008 1018 in
2045 977 2108 1017 ea

515 1064 869 1136 negligentius
913 1061 1266 1132 prmterissem
1288 1098 1303 1122 ,
1333 1059 1537 1114 cautius
1563 1059 1922 1126 attentiusque
1944 1056 2107 1110 rima-

514 1170 598 1214 tus
638 1174 778 1212 sum.
821 1155 936 1210 Non
968 1154 1110 1210 enim
1141 1163 1194 1206 tu
1234 1167 1295 1206 ea
1343 1151 1701 1220 percontanda
1750 1163 2034 1216 censeres,
2063 1148 2108 1202 si

512 1265 698 1304 eorum
730 1247 1028 1300 intellectus
1058 1242 1226 1297 facilis
1251 1250 1408 1312 atque
1437 1240 1718 1310 expeditus
1747 1241 1900 1294 foret.

585 1339 857 1408 QUIEST.
902 1336 1132 1391 PRIMA.
1174 1364 1246 1374 -—
1273 1337 1322 1389 i.
1365 1333 1472 1386 Lex
1496 1334 1564 1386 ad
1590 1332 1711 1404 quid
1736 1333 1876 1386 data.
1907 1331 2106 1387 Concu-

516 1434 759 1503 piseentiu
788 1441 938 1484 aucta
961 1447 1050 1500 per
1071 1429 1249 1500 legem.
1279 1427 1552 1481 Peccatum
1579 1427 1828 1497 quomodo
1852 1434 2105 1478 mortuum

513 1537 620 1579 erat
647 1527 755 1580 sine
776 1526 898 1594 lege.
942 1522 1208 1588 Quomodo
1245 1521 1442 1574 revixit.
1476 1519 1605 1590 Lege
1631 1520 1741 1590 quis
1771 1519 1902 1572 male
1928 1519 2105 1572 utitur.

417 1657 423 1663 -
517 1620 623 1673 Lex
641 1620 841 1671 nonnisi
864 1635 894 1669 (ι
921 1613 1268 1684 spiritualibus
1293 1613 1548 1682 impletur.
1572 1611 1811 1665 Carnales
1841 1610 2110 1678 dupliciter

517 1711 658 1764 dicti.
691 1707 966 1778 ()riginalis
1005 1705 1195 1775 peccati
1235 1720 1400 1773 pmna.
1434 1701 1541 1756 Lex
1580 1701 1766 1772 peccati
1799 1702 1848 1753 in
1876 1699 2109 1754 membris

496 1801 656 1872 .quid.
699 1799 821 1853 Loci
842 1799 893 1852 in
921 1797 1101 1865 quibus
1132 1794 1213 1848 lex
1247 1793 1404 1848 videri
1430 1793 1586 1864 possit
1614 1793 1714 1845 dici
1739 1791 1893 1845 mala.
1925 1789 2111 1860 Legem

511 1912 618 1950 esse
651 1894 852 1948 bonam.
889 1889 1289 1944 Manichaeorum
1316 1903 1455 1940 error
1493 1885 1556 1938 de
1585 1885 1733 1938 veteri
1763 1883 1886 1954 lege.
1919 1882 2104 1952 Expli-

514 1997 695 2039 cantur
733 1983 1051 2047 testimonia,
1077 1981 1258 2050 quibus
1301 1979 1383 2032 lex
1421 1976 1578 2030 videri
1607 1975 1763 2044 possit
1809 1992 1908 2028 non
1957 1976 2109 2029 bona.

514 2077 646 2133 Nam
672 2093 736 2132 ex
767 2091 832 2130 eo
852 2075 971 2128 loco
1002 2073 1088 2126 ubi
1110 2071 1364 2140 scriptum
1393 2077 1475 2122 est
1493 2109 1508 2132 ,
1539 2067 1674 2132 Quid
1701 2083 1818 2137 ergo
1847 2066 2110 2119 dicemus?

516 2167 627 2222 Lex
669 2175 927 2236 peccatum
966 2163 1074 2217 est?
1104 2161 1279 2223 Absit;
1308 2175 1473 2228 usque
1518 2157 1581 2212 ad
1614 2173 1735 2211 eum
1783 2157 1990 2222 locum,
2021 2155 2110 2210 ubi

515 2261 626 2326 ait,
671 2258 840 2328 Igitur
884 2256 966 2310 lex
1009 2253 1193 2308 volenti
1239 2252 1362 2305 milii
1410 2251 1592 2304 bonum
1641 2259 1827 2312 est;et
1881 2257 2108 2314 caetera,

515 2348 680 2404 credo
708 2362 874 2417 usque
899 2345 964 2399 ad
993 2343 1117 2398 illud
1134 2384 1150 2409 ,
1182 2341 1340 2396 Miser
1365 2357 1455 2410 ego
1483 2341 1631 2394 homo
1652 2382 1667 2404 ,
1689 2340 1800 2409 quis
1828 2355 1907 2393 me
1931 2339 2114 2392 libera-

515 2440 584 2493 bit
605 2438 668 2494 de
692 2453 900 2509 corpore
924 2436 1095 2489 mortis
1118 2435 1269 2504 hujus
1287 2435 1312 2487 2’
1333 2431 1507 2486 Gratia
1528 2430 1618 2484 Dei
1647 2448 1736 2499 per
1759 2431 1934 2484 Jesutn
1957 2429 2111 2484 Chri-

511 2541 647 2585 stum
674 2529 948 2582 Dominum
969 2536 1197 2579 nostrum
1223 2524 1398 2594 (Rom.
1424 2539 1514 2585 vn,
1547 2521 1692 2592 7-25)
1723 2539 1735 2574 :
1760 2521 1984 2592 primatu
2013 2536 2110 2576 nos

511 2622 729 2678 voluisti
769 2619 1005 2676 enodare
1044 2617 1414 2686 quaestionem.
1443 2614 1559 2681 Quo
1591 2613 1707 2667 loco
1733 2613 1946 2668 videtur
1978 2611 2110 2666 mihi

512 2714 800 2784 Apostolus
851 2711 1262 2778 transligurassc
1311 2706 1364 2760 in
1411 2721 1474 2760 se
1521 2705 1792 2759 hominem
1840 2704 1941 2758 sub
1992 2705 2110 2773 lege

513 2806 777 2877 positum,
807 2802 957 2872 cujus
991 2799 1169 2854 verbis
1211 2813 1278 2853 ex
1324 2810 1551 2866 persona
1598 2809 1693 2849 sua
1737 2794 1992 2864 loquitur.
2046 2793 2112 2848 Et

515 2896 644 2968 quia
673 2895 830 2965 paulo
870 2899 994 2946 ante
1033 2889 1272 2952 dixerat,
1308 2885 1557 2940 Evacuati
1584 2900 1756 2937 sumus
1784 2900 1815 2936 a
1845 2885 1950 2954 lege
1977 2899 2114 2936 mor-

514 2988 609 3050 tis,
641 2987 693 3039 in
722 3001 821 3054 qua
865 2978 1232 3044 detinebantur,
1274 2977 1346 3030 ita
1385 2985 1439 3028 ut
1485 2974 1759 3029 serviamus
1802 2975 1853 3027 in
1898 2974 2114 3027 novitate

513 3079 755 3149 spiritus,
783 3085 828 3130 ct
858 3091 959 3128 non
990 3074 1043 3126 in
1072 3079 1311 3124 vetustate
1338 3069 1549 3132 littercc,
1575 3075 1734 3136 atque
1774 3065 1841 3120 ita
1880 3082 1975 3135 per
1998 3063 2113 3120 ha‘c

514 3170 675 3226 verba
702 3168 855 3240 quasi
883 3162 1288 3236 reprehendisse
1328 3161 1501 3232 legem
1550 3168 1732 3230 posset
1757 3159 1954 3223 videri;
1988 3158 2114 3212 sub-

512 3264 642 3336 jecit
667 3262 876 3326 statim,
915 3259 1053 3324 Quid
1096 3272 1213 3328 ergo
1256 3253 1518 3309 dicemus?
1543 3251 1650 3306 Lex
1692 3261 1952 3323 peccatum
1999 3250 2113 3306 est?

515 3355 678 3410 Absit.
712 3353 817 3408 Sed
839 3362 1098 3422 peccatum
1128 3365 1228 3402 non
1271 3346 1480 3417 cognovi
1509 3345 1605 3398 nisi
1646 3360 1738 3414 per
1764 3344 1943 3414 legem.
1975 3341 2114 3394 Nam

515 3446 972 3515 concupiscentiam
1001 3439 1281 3496 nesciebam
1307 3479 1322 3506 ,
1351 3438 1446 3492 nisi
1475 3435 1558 3490 lex
1600 3436 1814 3500 diceret,
1844 3432 1965 3488 Non
1991 3449 2114 3488 con-

516 3542 762 3612 cupisces.

586 3633 642 3686 2.
684 3631 782 3686 Hic
807 3642 991 3682 rursus
1019 3632 1224 3689 movet,
1255 3622 1310 3679 Si
1336 3622 1418 3677 lex
1449 3636 1553 3674 non
1583 3629 1665 3676 est
1694 3627 1989 3689 peccatum,
2019 3617 2114 3672 sed

517 3722 831 3780 insinuatrix
855 3721 876 3750 ¹
906 3717 1128 3788 peccati,
1153 3714 1497 3770 nihilominus
1517 3712 1600 3766 his
1620 3711 1796 3766 verbis
1823 3710 2116 3779 reprehen-

517 3816 681 3870 ditur.
711 3814 887 3880 Quare
915 3806 1316 3878 intelligendum
1354 3813 1465 3869 est,
1497 3805 1667 3874 legem
1707 3803 1773 3857 ad
1812 3803 1912 3857 hoc
1935 3801 2113 3857 datam

517 3922 659 3975 esse,
680 3921 784 3961 non
813 3912 870 3957 ut
897 3909 1172 3971 peccatum
1193 3897 1536 3960 inscreretur,
1566 3909 1738 3964 neque
1766 3903 1822 3948 ut
1849 3893 2114 3962 exstirpa-

517 4009 689 4065 rctur,
717 3996 811 4052 sed
862 4005 1068 4050 tantum
1101 4000 1160 4047 ut
1205 3991 1685 4052 demonstraretur,
1731 4002 1839 4057 quo
1882 3987 2114 4040 animam

520 4090 806 4144 humanam
832 4085 984 4156 quasi
1030 4084 1098 4138 de
1137 4080 1441 4136 innocentia
1483 4093 1727 4134 securam
1773 4079 1885 4148 ipsa
1914 4075 2116 4147 peccati

517 4178 972 4235 demonstratione
1001 4189 1146 4228 ream
1173 4171 1372 4226 faceret
1402 4187 1415 4223 :
1445 4181 1502 4224 ut
1531 4170 1651 4238 quia
1693 4176 1969 4238 peccatum
2000 4167 2119 4221 sine

518 4276 686 4342 gratia
722 4270 812 4324 Dei
843 4267 979 4321 vinci
1008 4282 1110 4321 non
1142 4274 1352 4333 posset,
1383 4263 1493 4331 ipsa
1533 4269 1712 4314 reatus
1759 4257 2117 4314 Sollicitudine

520 4365 586 4417 ad
618 4357 1010 4431 percipiendam
1059 4353 1281 4425 gratiam
1325 4361 1748 4406 converteretur.
1799 4348 1979 4419 Itaque
2009 4363 2118 4404 non

521 4457 630 4518 ait,
665 4454 945 4506 l‘eccatum
976 4463 1080 4501 non
1115 4445 1212 4500 feci
1233 4485 1248 4509 ,
1279 4444 1376 4497 nisi
1410 4457 1503 4512 per
1536 4442 1740 4510 legem;
1769 4439 1863 4494 sed
1883 4480 1898 4505 ,
1926 4438 2118 4493 Pecca-

523 4558 628 4600 tum
671 4562 770 4598 non
799 4540 1038 4612 cognovi,
1081 4538 1174 4591 nisi
1211 4553 1300 4606 per
1340 4535 1519 4605 legem.
1557 4533 1743 4602 Neque
1778 4547 1965 4586 rursus
2005 4531 2114 4598 ait,

523 4639 654 4694 Nam
684 4631 1165 4703 eoncnpiseentiatn
1195 4644 1300 4682 non
1331 4626 1620 4689 habebam,
1655 4624 1754 4679 nisi
1786 4623 1871 4678 lex
1893 4622 2116 4686 diceret,

524 4731 638 4785 Non
666 4727 1048 4794 concupisces;
1078 4719 1171 4775 sed
1200 4720 1303 4782 ait,
1335 4717 1801 4788 Concupiscentiam
1840 4713 2118 4768 nesciebam

524 4825 622 4878 nisi
649 4825 730 4877 lex
758 4821 978 4883 diceret,
1025 4813 1144 4868 Non
1174 4811 1515 4880 concupisces.
1551 4809 1698 4865 Unde
1740 4818 1961 4880 apparet
1990 4822 2119 4862 con-

521 4913 904 4987 cupiscentiam
957 4923 1052 4980 per
1101 4906 1272 4976 legem
1322 4917 1428 4958 non
1480 4900 1848 4967 insilam,sed
1897 4899 2119 4956 demon—

523 5015 765 5063 stratam.

595 5101 648 5153 5.
689 5097 1034 5163 Consequens
1061 5099 1237 5143 autem
1266 5091 1462 5141 eratut
1485 5081 1736 5153 quoniam
1769 5079 2002 5135 nondum
2025 5095 2117 5134 ac-

525 5199 678 5261 cepta
705 5189 872 5259 gratia
916 5181 1364 5255 concupiscentia
1405 5176 1579 5232 resisti
1619 5191 1723 5229 non
1753 5182 1994 5244 poterat,
2020 5189 2118 5226 au-

525 5290 738 5354 geretur
757 5279 946 5341 etiam;
971 5278 1090 5346 quia
1121 5275 1352 5342 majores
1379 5269 1519 5324 vires
1547 5267 1708 5321 habet
1734 5265 2121 5334 concupiscen-

527 5376 595 5429 tia
648 5368 872 5425 crimine
924 5364 1374 5435 praevaricationis
1439 5361 1733 5430 adjuncto,
1786 5372 1905 5412 cum
1957 5355 2118 5410 etiam

530 5475 714 5520 contra
761 5461 930 5529 legem
961 5457 1118 5518 facit,
1147 5471 1304 5524 quam
1334 5453 1376 5506 si
1407 5453 1543 5505 nulla
1577 5451 1692 5520 lege
1724 5448 2115 5518 prol.iberetur.

524 5561 926 5625 Consequentur
957 5552 1135 5618 itaque
1180 5546 1484 5615 snbjungit,
1520 5543 1796 5597 Occasione
1823 5551 1990 5592 autem
2027 5555 2116 5590 ac-

590 5676 604 5705 ι
634 5677 766 5727 Post,
793 5662 1056 5727 litterisqu
1084 5659 1338 5727 mandata,
1365 5658 1632 5727 victorious
1667 5649 1992 5727 codex-soliis.
2014 5651 2120 5727 btet;

524 5711 770 5785 addi-timid
789 5711 1193 5792 quenmdmodum
1215 5711 1444 5790 exposita.
1464 5719 1558 5789 sint
1593 5721 1771 5784 prtpter
1796 5711 1952 5764 libelli
1974 5712 2120 5822 li‘qjus

526 5804 708 5822 .-.ροηηι
761 5793 875 5822 ,ὅριοι
900 5788 996 5822 dum
1016 5791 1188 5822 nni-ala
1209 5789 1347 5822 orm)!
1379 5795 1487 5822 1mm
1505 5817 1517 5822 -
1541 5778 1894 5822 consulerandu
1911 5788 2002 5822 orn
2039 5787 2120 5822 en-

523 5778 731 5853 iti-fluat,
740 5778 766 5841 ’ξ
779 5778 875 5843 icut
890 5788 996 5851 jam
1013 5791 1188 5853 parata
1209 5778 1347 5832 eram
1360 5780 1488 5853 misi
1505 5817 1518 5837 ,
1541 5778 1894 5853 causs'tteranda
1911 5778 2123 5839 pruden-

527 5844 740 5910 iiié'tmé.
766 5844 1251 5915 'Imn'proséq'.'il“r.=
1279 5844 1568 5915 5641"!"er
1593 5847 1689 5915 9‘9-
1751 5900 1783 5915 -.
1911 5906 1920 5915 .
1991 5899 2020 5915 ..
2081 5897 2088 5906 .

593 5899 740 5968 δ’Ᾱ-ινῐῖί
765 5899 1287 5966 (Ξῐῄέέἷίηδεηῖἱηαιιεα.
1325 5913 1463 5954 Favet
1503 5900 1814 5950 tforbeiensis
1847 5899 2119 5947 vetustissi-

529 5997 636 6035 nius
658 5980 832 6041 codex,
859 5977 942 6041 qui
966 5974 1131 6032 habet,
1155 5968 1503 6020 insemiratrix.

1106 484 1193 543 DE
1233 483 1544 541 DIVERSIS
1582 482 2105 554 QUASSTIONIBUS
2143 483 2235 539 AD
2273 482 2769 551 SIMPLICIANUM,
2814 485 2870 542 S.
2913 485 3276 545 AUGUSTINI

3702 489 3807 544 θοι

2217 613 2396 671 cepta,
2448 612 2704 669 peccatum
2753 619 2841 674 per
2881 605 3176 658 mandatum
3219 615 3480 674 operatum
3524 616 3595 660 est
3637 609 3691 660 in
3724 625 3806 662 me

2218 710 2415 748 onmem
2440 695 2917 766 concupiscentiam.
2943 695 3070 750 Erat
3089 696 3230 750 enim
3260 706 3315 750 et
3337 707 3460 751 ante
3490 696 3684 770 legem,
3710 698 3807 754 sed

2219 801 2324 841 non
2342 785 2516 840 omnis
2539 795 2674 851 crat,
2693 785 2905 856 quando
2930 787 3130 842 crimen
3156 787 3605 857 przevaricationis
3633 789 3810 846 adhuc

2217 877 2427 934 deerat.
2459 878 2612 935 Unde
2640 877 2744 936 alio
2788 880 2906 936 loco
2942 879 3109 936 dicit:
3142 879 3239 936 Ubi
3265 881 3399 936 enim
3443 898 3545 937 non
3588 891 3658 936 est
3688 881 3808 952 lex,

2217 985 2308 1022 nec
2328 970 2675 1038 prwvaricatio
2701 968 2879 1043 (Rom.
2911 987 2987 1038 Iv,
3021 972 3126 1040 15).

2287 1061 2340 1115 4.
2382 1059 2533 1128 Quod
2579 1069 2754 1115 autem
2801 1061 3064 1132 adjnngit,
3099 1063 3224 1118 Sine
3245 1063 3353 1134 lege
3377 1064 3510 1118 enim
3545 1073 3802 1135 peccatum

2216 1159 2469 1205 mortuum
2490 1161 2596 1213 est;
2623 1167 2716 1221 pro
2739 1168 2803 1206 eo
2827 1153 3054 1223 positum
3084 1162 3197 1217 est,
3227 1170 3289 1209 ac
3316 1156 3358 1209 si
3385 1155 3604 1220 diceret,
3630 1155 3805 1216 Latet,

2217 1241 2319 1297 hoc
2345 1252 2456 1309 est,
2491 1253 2756 1297 mortuum
2789 1256 3002 1314 putatur
3031 1264 3043 1298 :
3071 1246 3212 1315 quod
3255 1246 3410 1316 paulo
3443 1256 3562 1316 post
3587 1248 3810 1302 eviden-

2218 1335 2322 1390 tius
2369 1335 2608 1390 dicturus
2653 1344 2754 1390 est.
2802 1335 2913 1408 Ego
2954 1347 3154 1404 autem,
3188 1339 3390 1408 inquit,
3423 1339 3643 1393 vivebam
3698 1342 3809 1394 sine

2218 1429 2325 1498 lege
2352 1429 2628 1498 aliquando
2651 1445 2668 1482 :
2691 1428 2741 1484 id
2771 1439 2848 1482 est
2869 1471 2884 1496 ,
2914 1431 3056 1486 nulla
3085 1447 3150 1486 ex
3174 1443 3392 1502 peccato
3429 1444 3598 1488 morte
3631 1444 3804 1489 terre-

2219 1519 2314 1573 bar
2345 1520 2390 1585 ¹;
2423 1520 2544 1590 quia
2573 1536 2676 1574 non
2717 1522 3032 1590 apparebat,
3066 1537 3185 1576 cum
3226 1523 3310 1576 lex
3343 1537 3448 1577 non
3487 1535 3662 1590 esset,
3699 1527 3809 1577 Ad-

2217 1615 2440 1668 veniente
2479 1624 2646 1667 autem
2693 1614 2966 1678 mandato,
3011 1626 3272 1682 peccatum
3311 1616 3528 1680 revixit;
3555 1615 3654 1670 hoc
3685 1628 3764 1671 est
3788 1658 3804 1681 ,

2215 1704 2477 1776 apparuit.
2510 1703 2620 1775 Ego
2665 1717 2829 1758 autent
2875 1715 3097 1759 mortuus
3133 1723 3243 1760 sum
3266 1724 3286 1762 :
3307 1707 3358 1760 id
3389 1716 3502 1773 est,
3537 1718 3806 1762 mortuum

2217 1813 2304 1852 me
2348 1811 2469 1853 esse
2518 1796 2777 1866 cognovi;
2810 1797 2894 1851 vel
2947 1797 3068 1867 quia
3121 1809 3302 1853 reatus
3349 1800 3806 1868 prtevaricationis

2217 1896 2424 1945 certum
2471 1890 2659 1945 mortis
2700 1890 3015 1958 supplicium
3059 1891 3433 1946 comminatur.
3479 1891 3621 1948 Sane
3661 1893 3806 1963 quod

2216 1981 2327 2047 ait,
2359 1981 2629 2036 Peccatum
2659 1981 2835 2034 revixit
2864 1981 3156 2035 adveniente
3181 1981 3424 2036 mandato
3441 2025 3456 2048 ,
3480 1983 3610 2037 satis
3635 1983 3804 2054 signi-

2218 2073 2392 2127 ficavit
2431 2073 2533 2128 hoc
2562 2073 2720 2127 modo
2759 2072 3040 2141 aliquando
3067 2073 3260 2128 vixisse
3299 2083 3576 2144 peccatum
3596 2117 3611 2142 ,
3643 2075 3696 2130 id
3725 2085 3810 2130 est

2218 2176 2403 2220 notum
2421 2165 2642 2230 fuisse',
2667 2165 2803 2219 sicut
2831 2165 3078 2227 arbitror,
3108 2165 3159 2219 in
3190 2164 3626 2235 praevaricatione
3649 2167 3805 2236 primi

2218 2257 2480 2320 hominis,
2511 2256 2632 2326 quia
2661 2263 2715 2308 et
2751 2255 2862 2323 ipse
2893 2253 3198 2308 mandatum
3239 2265 3518 2325 acceperat
3543 2254 3699 2326 (Gen.
3734 2272 3770 2312 n
3790 2298 3806 2321 ,

2220 2351 2332 2419 17).
2363 2348 2494 2403 Nam
2524 2357 2578 2402 et
2601 2347 2707 2400 alio
2751 2347 2869 2400 loco
2899 2346 3059 2409 dicit,
3093 2344 3280 2399 Mulier
3314 2357 3483 2400 autem
3519 2349 3728 2401 seducta
3754 2349 3809 2403 in

2219 2441 2629 2514 prazvaricatione
2657 2442 2789 2510 facta
2809 2449 2881 2492 est
2903 2437 2922 2468 ³
2954 2437 3001 2504 (ι
3021 2436 3156 2491 Tim.
3181 2453 3246 2504 n,
3279 2435 3368 2510 H)
3389 2454 3401 2490 :
3421 2447 3475 2494 et
3505 2438 3716 2503 iterum,
3742 2436 3808 2492 In

2216 2532 2546 2589 similitudine
2568 2530 2996 2602 prwvaricationis
3037 2529 3190 2597 Adw,
3214 2532 3301 2600 qui
3339 2538 3408 2584 est
3441 2534 3608 2602 [arma
3649 2530 3810 2600 futuri

2219 2627 2394 2698 (Rom.
2427 2642 2480 2690 v,
2507 2625 2615 2694 M).
2642 2623 2757 2678 Non
2784 2623 2927 2678 enim
2950 2631 3124 2692 potest
3153 2621 3505 2689 reviviscere,
3536 2621 3640 2677 nisi
3668 2622 3811 2694 quod

2217 2716 2678 2788 vixitaliquando.
2710 2713 2818 2769 Sed
2855 2725 3122 2768 mortuum
3153 2714 3351 2781 fuerat,
3385 2713 3438 2770 id
3467 2721 3549 2769 est
3574 2714 3811 2770 occulta-

2219 2819 2330 2866 tum
2350 2851 2368 2877 ,
2395 2823 2515 2864 cum
2545 2806 2796 2862 mortales
2835 2805 2942 2858 nati
2971 2804 3085 2860 sine
3123 2802 3375 2858 mandato
3407 2804 3540 2874 legis
3565 2803 3812 2860 homines

2217 2901 2489 2965 viverent,
2520 2906 2806 2968 sequentes
2845 2894 3307 2964 concupiscentias
3351 2895 3526 2949 carnis
3554 2894 3671 2950 sine
3703 2895 3808 2949 ulla

2218 2993 2521 3066 cognitione
2544 3033 2559 3058 ,
2591 2990 2714 3063 quia
2751 2990 2869 3043 sine
2898 2988 3002 3042 ulla
3047 2985 3430 3057 prohibitione.
3461 2987 3632 3057 Ergo,
3664 2985 3808 3058 Ego,

2219 3085 2420 3158 inquit,
2447 3083 2673 3138 vivebam
2701 3081 2809 3136 sine
2841 3080 2950 3152 lege
2968 3078 3264 3150 aliquando.
3295 3076 3451 3134 Unde
3471 3075 3809 3143 manifestat,

2220 3195 2330 3234 non
2365 3194 2430 3234 ex
2462 3191 2688 3248 persona
2723 3190 2817 3229 sua
2847 3177 3088 3244 praprie,
3118 3171 3213 3226 sed
3250 3170 3574 3242 generaliter
3596 3187 3664 3226 ex
3692 3187 3813 3242 per-

2219 3285 2350 3326 sona
2403 3268 2601 3324 veteris
2631 3267 2652 3298 ‘
2685 3265 2921 3320 hominis
2972 3280 3030 3318 se
3075 3262 3242 3334 loqui.
3291 3263 3597 3317 Adveniente
3645 3274 3814 3318 autem

2221 3361 2464 3416 mandato
2488 3366 2748 3430 peccatum
2775 3357 2971 3410 revixit.
3003 3355 3115 3427 Ego
3139 3365 3307 3409 autem
3344 3365 3569 3409 mortuus
3589 3371 3740 3421 sum;
3769 3369 3814 3410 et

2219 3455 2478 3508 inventum
2517 3460 2587 3506 cst
2617 3451 2740 3504 mihi
2769 3450 3063 3502 mandatum
3098 3449 3234 3518 quod
3263 3458 3371 3503 erat
3411 3450 3464 3502 in
3502 3450 3684 3513 vitam,
3720 3454 3816 3504 hoc

2221 3562 2328 3601 esse
2371 3545 2425 3599 in
2467 3553 2698 3598 mortem.
2740 3539 2987 3595 Mandalo
3030 3542 3171 3596 enim
3217 3540 3260 3595 si
3303 3541 3601 3605 obediatur,
3631 3542 3816 3611 utique

2221 3638 2328 3693 vita
2365 3644 2468 3692 est.
2510 3634 2616 3690 Sed
2661 3633 2931 3688 inventum
2960 3641 3043 3686 est
3078 3646 3198 3687 esse
3227 3633 3278 3686 in
3307 3644 3568 3695 mortem,
3597 3631 3724 3686 dum
3759 3634 3820 3687 ῆι

2222 3736 2408 3784 contra
2433 3724 2740 3781 mandatum
2761 3765 2776 3789 ,
2808 3733 2864 3777 ut
2891 3739 2994 3776 non
3022 3722 3192 3777 solum
3221 3731 3496 3792 peccatum
3523 3721 3634 3785 flat,
3671 3722 3817 3792 quod

2223 3822 2386 3877 etiam
2435 3827 2558 3873 ante
2601 3816 2909 3872 mandatum
2962 3815 3148 3882 ﬁebat,
3179 3814 3272 3870 sed
3321 3817 3421 3870 hoc
3455 3815 3818 3871 abundantius

2223 3924 2278 3972 et
2303 3911 2654 3985 perniciosius
2670 3953 2685 3978 ,
2714 3918 2774 3964 ut
2791 3909 2900 3980 jam
2931 3922 2962 3962 a
2986 3909 3188 3963 sciente
3208 3916 3261 3962 et
3279 3907 3666 3978 pnnvaricante
3688 3922 3818 3976 pec-

2224 4015 2394 4064 cetur.

2297 4097 2352 4154 5.
2395 4094 2670 4149 Peccatum
2715 4093 2878 4159 enim,
2924 4091 3124 4162 inquit,
3167 4091 3430 4145 occasione
3474 4101 3681 4161 accepta
3726 4109 3820 4162 per

2225 4188 2550 4253 mandatum,
2585 4185 2766 4256 fefellit
2786 4201 2899 4249 me,
2928 4194 2972 4236 et
3013 4200 3101 4252 per
3135 4182 3265 4236 illud
3299 4182 3497 4236 occidit.
3531 4181 3816 4237 Peccatum

2226 4298 2333 4336 tum
2380 4281 2612 4348 legitime
2659 4286 2811 4331 utens
2841 4275 2917 4346 (α)
2955 4275 3102 4345 lege,
3151 4289 3223 4328 ex
3261 4273 3618 4344 prohibitione
3657 4283 3820 4328 aucto

2224 4371 2527 4436 desiderio,
2550 4367 2756 4423 dulcius
2791 4365 2985 4420 factum
3017 4374 3127 4428 est,
3157 4372 3212 4418 et
3245 4363 3365 4418 ideo
3400 4363 3602 4418 fefellit.
3631 4362 3818 4418 Fallax

2225 4465 2369 4519 enim
2399 4459 2629 4517 dulcedo
2656 4467 2776 4524 est,
2809 4471 2966 4527 quam
2999 4455 3180 4524 plures
3222 4463 3381 4523 atquc
3425 4453 3656 4522 majores
3698 4469 3819 4522 pue-

2227 4572 2415 4613 narum
2446 4550 2834 4610 amaritudines
2862 4555 3278 4617 consequuntur.
3311 4545 3444 4613 Quia
3473 4561 3602 4616 ergo
3627 4546 3693 4600 ab
3720 4546 3819 4598 ho-

2198 4650 2458 4718 .minibus
2499 4645 2732 4700 nondum
2763 4641 3092 4712 spiritualem
3132 4639 3354 4710 gratiam
3399 4637 3820 4710 percipientibus

2227 4742 2444 4798 suavius
2468 4737 2766 4792 admittitur
2789 4732 2931 4802 quod
2958 4741 3188 4796 vetatur,
3218 4729 3351 4784 fallit
3376 4739 3648 4800 peccatum
3684 4729 3817 4783 falsa

2225 4831 2532 4890 dulcedine.
2561 4827 2692 4894 Quia
2721 4839 2851 4881 vero
2876 4823 3036 4878 etiam
3063 4820 3268 4877 accedit
3291 4833 3470 4876 reatus
3499 4821 3820 4891 prmvarica-

2227 4927 2387 4984 tionis
2406 4965 2422 4989 ,
2453 4921 2671 4978 occidit.

2298 5017 2352 5073 6.
2396 5015 2575 5081 Itaque
2601 5013 2681 5066 lex
2700 5009 2902 5081 quidem
2922 5014 3097 5061 sancta
3115 5047 3130 5071 ,
3153 5015 3201 5060 et
3231 5005 3526 5058 mandatum
3551 5013 3780 5058 sanctum
3801 5046 3816 5064 .

2226 5122 2271 5167 et
2289 5113 2521 5184 justum,
2550 5115 2596 5159 et
2627 5106 2832 5158 bonum.
2869 5099 3111 5156 Jubenda
3145 5099 3288 5153 cnim
3329 5098 3515 5168 jubet,
3549 5106 3603 5152 et
3629 5098 3819 5167 prohi-

2229 5204 2399 5261 benda
2429 5199 2694 5270 prohibet.
2731 5195 2880 5263 Quod
2895 5209 3013 5265 ergo
3033 5193 3219 5246 bonum
3246 5201 3348 5257 est,
3380 5191 3505 5244 mihi
3535 5195 3722 5262 factum
3745 5201 3821 5242 est

2228 5295 2404 5352 mors?
2435 5293 2591 5346 Absit.
2627 5291 2681 5345 In
2711 5291 2848 5344 male
2888 5297 3070 5340 utente
3111 5286 3307 5356 quippe
3343 5285 3527 5338 vitium
3559 5292 3674 5349 est,
3711 5301 3820 5337 nnn

2230 5395 2282 5447 in
2311 5388 2559 5445 mandato
2591 5386 2737 5455 ipso,
2767 5381 2910 5453 quod
2939 5381 3136 5436 bonum
3159 5389 3259 5434 est.
3283 5377 3545 5446 Quoniam
3570 5373 3709 5432 bona
3736 5385 3822 5429 est

2296 5581 2311 5612 ι
2337 5586 2430 5627 sex
2456 5582 2586 5632 Mss,
2613 5569 2826 5622 tenebar.

2293 5645 2312 5674 ²
2336 5628 2641 5688 corbeieuSis
2665 5642 2769 5692 315.,
2791 5639 2955 5682 natum
2977 5628 3142 5694 fuisse.

2294 5705 2314 5736 ³
2339 5710 2404 5751 Ita
2439 5709 2542 5748 Mss.
2580 5700 2717 5759 juxta
2757 5689 2988 5759 graecum;
3024 5700 3080 5742 At
3103 5691 3238 5753 editi,
3260 5689 3428 5742 Mulier
3445 5695 3603 5740 autem
3628 5691 3678 5742 in
3701 5701 3809 5755 pra’

2230 5762 2515 5815 runcatione
2538 5757 2737 5809 seducta
2759 5757 2866 5815 fuit.

2295 5814 2324 5858 ⁸⁷
2341 5826 2502 5882 Abest,
2527 5818 2728 5879 veteris,
2752 5814 2780 5868 a
2805 5818 3044 5868 Victorino
3079 5815 3246 5867 codice
3288 5823 3339 5866 et
3362 5814 3692 5867 vetustissimo
3706 5818 3816 5860 mr-

2234 5889 2440 5937 beiensi.

2298 5963 2348 6010 tu
2355 5965 2368 6012 λ
2394 5955 2550 6007 I-‘orte,
2578 5941 2738 5994 utenti.
