4136 6518
337 424 437 482 105

334 540 453 606 lex,
477 537 523 593 si
553 536 674 607 quis
693 550 758 590 ea
782 533 1017 605 legitime
1036 539 1214 587 utatur
1247 531 1287 603 (Ι
1318 527 1451 584 Tim.
1479 544 1531 595 ι,
1560 526 1641 600 8).
1670 526 1806 582 Male
1832 542 1926 580 au-

331 638 441 683 tem
464 628 632 682 utitur
661 626 798 697 lege,
821 629 912 695 qui
932 638 1041 678 non
1065 639 1123 678 se
1147 621 1327 680 subdit
1356 620 1465 675 Deo
1492 619 1575 689 pia
1604 617 1923 683 lmmilitate,

332 731 392 775 ut
416 736 513 791 per
527 719 754 790 gratiam
779 717 866 773 lex
890 717 1057 787 possit
1088 714 1317 786 impleri.
1339 714 1518 784 Itaque
1535 710 1601 767 ad
1629 710 1762 765 nihil
1783 709 1926 764 aliud

330 812 527 882 accipit
574 812 779 881 legem,
812 808 902 879 qui
947 823 1054 861 non
1102 822 1165 861 ea
1211 806 1445 876 legitime
1493 806 1677 870 utitur,
1723 801 1825 856 nisi
1872 810 1931 854 ut

331 911 614 972 peccatum
644 900 762 970 ejus
792 897 933 969 quod
965 897 1164 952 latebat
1190 907 1316 951 ante
1344 894 1764 967 prohibitionem
1786 934 1801 959 ,
1830 907 1927 961 ap—

334 1008 525 1063 parere
570 992 788 1061 incipiat
829 1005 922 1059 per
966 988 1477 1059 praevaricationem.
1521 985 1587 1039 Et
1631 984 1734 1039 hoc
1772 1000 1930 1052 supra
1980 1040 1983 1043 ι

334 1086 581 1147 modum;
610 1084 734 1153 quia
757 1082 867 1153 jam
889 1096 991 1136 non
1019 1081 1188 1136 solum
1220 1088 1495 1150 peccatum
1528 1077 1586 1131 fit
1605 1119 1619 1142 ,
1648 1077 1741 1131 sed
1770 1076 1927 1131 etiam

333 1185 522 1230 contra
569 1174 898 1228 mandatum.
940 1173 1193 1242 Sequitur
1230 1186 1394 1241 ergo,
1420 1180 1473 1224 et
1518 1167 1755 1238 adjuugit
1782 1185 1794 1220 :
1824 1164 1928 1221 Sed

338 1276 595 1336 peccatum
613 1307 629 1331 ,
654 1276 710 1319 ut
739 1273 985 1335 appareat
1008 1275 1292 1335 peccatum,
1319 1278 1406 1332 per
1433 1262 1617 1314 bonum
1647 1260 1772 1312 mihi
1810 1274 1925 1327 ope-

334 1367 505 1410 ratum
546 1366 619 1411 est
656 1365 901 1421 mortem,
932 1364 987 1408 ut
1023 1356 1112 1424 ﬁat
1148 1370 1307 1424 supra
1348 1352 1553 1405 modum
1583 1360 1815 1421 peccator
1841 1358 1926 1401 aut

330 1460 599 1519 peccatum
639 1466 728 1519 per
755 1448 1073 1501 mandatum.
1099 1445 1253 1501 Unde
1298 1443 1605 1499 manifestat
1631 1459 1738 1513 quo
1765 1456 1924 1496 sensu

329 1540 531 1595 dixerit
561 1541 843 1611 superius,
872 1539 1002 1594 Sine
1042 1538 1150 1610 lege
1193 1538 1326 1592 enim
1373 1546 1635 1607 peccatum
1677 1544 1929 1588 mortuum

330 1642 446 1697 est;
478 1647 584 1686 non
609 1632 733 1701 quia
772 1646 879 1686 non
925 1642 1074 1697 erat,
1102 1630 1195 1684 sed
1226 1630 1348 1699 quia
1380 1645 1485 1684 non
1515 1628 1806 1698 apparebat
1834 1645 1847 1681 :
1876 1636 1931 1682 et

329 1722 608 1792 quomodo
633 1722 835 1776 dictum
865 1722 967 1788 sit,
1001 1719 1276 1774 Peccatum
1314 1719 1529 1781 revixit;
1558 1734 1663 1772 non
1699 1728 1755 1771 ut
1786 1725 1933 1772 esset

330 1812 480 1881 quod
503 1822 620 1867 erat
645 1822 700 1868 et
733 1824 859 1867 ante
888 1813 1096 1882 legem,
1126 1809 1219 1864 sed
1253 1819 1310 1864 ut
1338 1816 1651 1880 appareret,
1679 1808 1929 1878 quoniam

330 1905 497 1960 ﬁebat
522 1914 711 1959 contra
740 1905 912 1975 legem
937 1921 951 1957 :
977 1899 1409 1974 quandoquidem
1442 1900 1545 1955 hoc
1564 1901 1681 1955 loco
1705 1901 1799 1965 ait,
1826 1899 1931 1954 Sed

328 2005 598 2067 peccatum
616 2037 633 2061 ,
662 2006 718 2049 ut
742 2005 985 2067 appareat
1010 2004 1271 2065 peccatum
1293 2032 1309 2058 ,
1336 2010 1425 2063 per
1452 1994 1634 2047 bonum
1660 1992 1784 2045 mihi
1808 2009 1927 2063 Ope-

328 2098 501 2142 ratum
526 2100 598 2143 est
619 2098 848 2142 mortem.
872 2088 988 2143 Non
1010 2088 1154 2142 enim
1176 2088 1281 2152 ait,
1308 2095 1367 2140 ut
1385 2086 1455 2140 sit
1478 2094 1787 2157 peccatum;
1812 2084 1928 2152 sed,

327 2191 392 2234 stt
415 2190 661 2251 appareat
686 2190 967 2251 peccatum.

406 2273 459 2326 7.
493 2270 695 2325 Deinde
742 2270 1013 2340 subjungit
1053 2283 1306 2335 causam,
1334 2282 1432 2322 cur
1474 2268 1545 2322 ila
1588 2270 1657 2322 sit
1685 2286 1699 2323 :
1727 2268 1931 2324 Scimus

327 2364 491 2429 enim,
520 2363 712 2432 inquit,
739 2364 858 2427 quia
885 2362 966 2416 lea:
990 2362 1273 2430 spiritualis
1299 2369 1409 2425 est;
1435 2377 1525 2431 ego
1553 2372 1719 2414 autem
1743 2378 1929 2415 carna-

328 2455 403 2509 lis
430 2470 566 2508 sum.
592 2452 647 2507 ln
669 2468 777 2523 quo
797 2453 925 2507 satis
946 2451 1179 2506 ostendit
1207 2467 1312 2506 non
1342 2467 1499 2522 posse
1530 2451 1737 2521 impleri
1761 2452 1930 2522 legem

334 2546 439 2599 nisi
471 2561 499 2598 a
527 2544 895 2615 spiritualibus
920 2586 935 2613 ,
964 2544 1055 2615 qui
1087 2561 1193 2598 non
1224 2545 1358 2598 fiunt
1401 2544 1501 2599 nisi
1544 2560 1639 2613 per
1683 2545 1927 2614 gratiam.

329 2637 608 2709 Spirituali
636 2638 781 2694 enim
811 2638 914 2708 legi
955 2646 1156 2708 quanto
1202 2636 1260 2692 fit
1296 2638 1521 2708 quisque
1565 2637 1829 2703 similior,
1877 2636 1930 2691 id

328 2741 460 2796 est,
508 2740 707 2800 quanto
758 2730 927 2800 magis
981 2738 1038 2786 et
1088 2731 1201 2800 ipse
1256 2729 1310 2783 in
1376 2729 1708 2798 spiritualem
1763 2729 1931 2800 surgit

334 2820 619 2887 affectum,
648 2828 796 2875 tanto
831 2836 948 2875 eam
987 2823 1155 2891 magis
1190 2819 1412 2889 implet;
1454 2820 1577 2890 quia
1632 2828 1780 2874 tanto
1819 2835 1933 2873 ma-

328 2914 421 2983 gis
458 2928 519 2968 ea
567 2911 894 2978 delectatur,
922 2912 1033 2982 jam
1062 2929 1167 2967 non
1194 2912 1294 2967 sub
1330 2911 1447 2982 ejus
1473 2928 1636 2967 onere
1663 2912 1892 2967 afﬂictus
1912 2954 1928 2980 ,

333 3002 433 3058 sed
487 3002 601 3072 ejus
654 3002 855 3057 lumine
911 3011 1226 3072 vegetatus:
1263 3003 1386 3073 quia
1444 3011 1767 3073 praeceptum
1820 3002 1928 3056 Do-

330 3095 469 3149 mini
496 3094 725 3149 lucidum
744 3103 828 3149 est
850 3094 1153 3149 illuminans
1176 3094 1386 3161 oculos,
1412 3104 1466 3149 et
1488 3095 1571 3150 lex
1602 3095 1810 3149 Domini
1826 3095 1931 3149 im-

334 3186 603 3241 maculata
649 3194 969 3241 convertens
992 3186 1197 3241 animas
1224 3185 1394 3257 (Psal.
1420 3202 1571 3251 xvin,
1599 3185 1633 3240 8
1657 3228 1669 3252 ,
1695 3185 1785 3255 9);
1811 3201 1934 3258 gra-

316 3277 408 3355 tia
433 3278 666 3332 donante
692 3288 908 3347 peccata
933 3320 949 3345 ,
978 3288 1033 3332 et
1071 3276 1382 3331 infundente
1410 3278 1656 3346 Spiritum
1694 3278 1926 3332 Charita-

336 3368 441 3433 tis,
474 3383 579 3438 quo
599 3376 653 3423 et
694 3384 798 3423 non
822 3369 892 3423 sit
919 3369 1143 3423 molesta
1166 3410 1182 3435 ,
1210 3378 1264 3423 et
1289 3369 1359 3423 sit
1398 3370 1558 3424 etiam
1589 3368 1824 3438 jucunda
1846 3370 1933 3439 ju-

333 3461 503 3515 stitia.
548 3459 689 3515 Sane
730 3476 852 3515 cum
878 3460 1138 3523 dixisset,
1176 3459 1289 3531 Ego
1318 3468 1488 3513 autem
1516 3461 1739 3516 carnalis
1777 3476 1931 3524 sum;

331 3551 612 3607 contexuit
640 3551 803 3605 etiam
844 3552 1015 3622 qualis
1043 3551 1291 3604 carnalis.
1330 3549 1590 3620 Appellati
1636 3560 1761 3605 sunt
1786 3551 1928 3605 enim

328 3641 403 3695 ad
430 3640 715 3710 quemdam
747 3640 963 3695 modum
992 3641 1258 3702 carnales,
1291 3641 1401 3710 jam
1432 3642 1593 3695 etiam
1634 3642 1733 3697 sub
1758 3642 1927 3712 gratia

332 3733 632 3799 constituti,
669 3732 780 3802 jam
811 3732 1069 3802 redempti
1105 3733 1363 3802 sanguine
1406 3733 1611 3787 Domini
1638 3774 1653 3798 ,
1674 3743 1727 3787 et
1758 3734 1927 3788 renati

334 3838 433 3892 per
460 3821 638 3888 tidem,
665 3822 858 3892 quibus
887 3823 1026 3876 idem
1059 3824 1331 3890 apostolus
1359 3822 1488 3877 dicit
1520 3840 1533 3875 :
1565 3822 1630 3875 Et
1656 3840 1779 3895 ego,
1813 3829 1927 3894 {ra-

333 3926 462 3981 tres,
492 3932 591 3969 non
618 3918 763 3984 potui
791 3914 926 3984 loqui
954 3915 1088 3969 vobis
1111 3915 1257 3983 quasi
1278 3908 1652 3984 spirituatibus,
1675 3916 1765 3970 sed
1782 3918 1929 3987 quasi

331 4007 666 4070 carnalibus;
692 4016 929 4078 tanquam
959 4008 1186 4076 parvulis
1224 4007 1279 4061 in
1308 4006 1509 4061 Christo
1551 4010 1630 4062 lac
1674 4009 1809 4063 vobis
1836 4026 1928 4080 po-

333 4108 443 4151 tum
473 4096 611 4161 dedi,
652 4113 754 4150 non
777 4112 945 4150 escam
975 4096 1015 4165 (1
1046 4096 1162 4149 Cor.
1194 4111 1282 4161 ιιι,
1326 4097 1351 4150 1
1377 4137 1391 4161 ,
1419 4096 1500 4166 2).
1533 4096 1684 4165 Quod
1710 4099 1923 4168 dicens,

332 4190 517 4258 utique
543 4186 779 4242 ostendit
803 4188 913 4256 jam
943 4197 1157 4241 renatos
1189 4187 1350 4241 luisse
1394 4203 1488 4257 per
1525 4188 1745 4258 gratiam
1772 4233 1787 4256 ,
1837 4192 1927 4263 qui

332 4288 489 4333 erant
519 4279 725 4347 parvuli
770 4279 824 4332 in
863 4276 1079 4331 Christo
1106 4286 1160 4331 et
1203 4279 1335 4332 lacte
1368 4280 1625 4347 potandi,
1669 4290 1723 4334 et
1747 4290 1924 4337 tamen

332 4387 428 4427 eos
453 4372 628 4427 adhuc
654 4371 896 4426 carnales
925 4379 1096 4425 vocat.
1126 4371 1228 4437 Qui
1249 4382 1426 4425 autem
1456 4372 1688 4426 nendum
1722 4382 1805 4428 est
1827 4375 1927 4429 sub

330 4464 537 4533 gratia,
566 4462 662 4517 sed
687 4462 788 4517 sub
817 4461 933 4533 lege
956 4502 970 4526 ,
998 4460 1078 4514 ita
1104 4462 1335 4516 earnalis
1361 4471 1483 4528 est,
1513 4472 1571 4517 ut
1595 4464 1829 4519 nondum
1856 4467 1928 4520 sit

332 4564 553 4610 renatus
588 4570 620 4609 a
650 4562 905 4624 peccato,
958 4553 1051 4609 sed
1089 4555 1442 4611 venumdatus
1484 4556 1586 4611 sub
1624 4566 1842 4626 peccato
1866 4559 1921 4624 ¹;

332 4648 588 4717 quoniam
641 4647 872 4715 pretium
917 4645 1208 4701 mortifera:
1245 4647 1537 4715 voluptatis
1585 4649 1923 4720 amplectitur

332 4740 674 4794 dulcedinem
720 4738 863 4793 illam
908 4754 1011 4808 qua
1059 4737 1281 4805 fallitur,
1330 4749 1385 4795 et
1426 4740 1721 4797 delectatur
1762 4743 1924 4797 etiam

332 4839 519 4884 contra
547 4831 718 4901 legem
747 4828 945 4891 facere,
974 4845 1095 4884 cum
1138 4838 1289 4883 tanto
1318 4831 1487 4901 magis
1524 4830 1692 4898 libet,
1724 4842 1925 4902 quanto

336 4921 514 4975 minus
540 4922 685 4975 licet.
727 4920 841 4988 Qua
868 4920 1130 4975 suavitate
1158 4922 1257 4974 l'rui
1286 4936 1393 4975 non
1422 4930 1596 4989 potest
1618 4923 1769 4991 quasi
1799 4938 1925 4992 pre-

336 5012 412 5064 tio
447 5011 773 5065 conditionis
816 5026 928 5065 suae
952 5052 967 5072 ,
1012 5011 1114 5067 nisi
1154 5020 1377 5079 cogatur
1407 5021 1655 5081 tanquam
1685 5025 1922 5083 emptum

335 5100 661 5169 mancipium
688 5102 893 5155 servire
937 5101 1164 5157 libidini.
1208 5100 1383 5157 Sentit
1421 5102 1563 5157 enim
1607 5118 1666 5157 se
1709 5118 1923 5159 servum

331 5192 665 5251 dominantis
703 5191 1031 5261 cupiditatis,
1072 5193 1162 5263 qui
1190 5192 1541 5264 prohibetur,
1583 5203 1641 5249 et
1677 5208 1737 5251 se
1780 5205 1927 5251 recte

334 5284 607 5356 prohiberi
633 5284 929 5351 cognoscit,
956 5292 1012 5339 et
1038 5293 1215 5339 tamen
1244 5283 1390 5341 facit.

404 5377 458 5431 8.
508 5375 663 5443 Quod
690 5375 824 5429 enim
851 5390 1034 5445 aperor
1054 5417 1070 5439 ,
1102 5374 1210 5441 ait,
1239 5375 1439 5446 ignoro.
1469 5375 1585 5431 Non
1625 5376 1697 5430 ita
1726 5376 1815 5432 hic
1842 5376 1925 5431 di-

330 5480 477 5524 ctum
505 5480 609 5532 est,
640 5469 840 5540 ignora,
869 5467 1018 5538 quasi
1037 5482 1264 5539 peccare
1287 5482 1346 5522 se
1373 5468 1594 5524 nesciat.
1624 5468 1757 5523 Nam
1794 5483 1926 5524 con-

334 5562 557 5615 trarium
584 5563 687 5615 erit
715 5559 857 5631 quod
897 5560 1065 5627 dixit,
1110 5558 1220 5617 Sed
1259 5570 1519 5629 peccatum
1542 5603 1557 5627 ,
1595 5572 1649 5614 ut
1682 5575 1929 5632 appareat

331 5662 618 5720 peccatum,
647 5667 737 5721 per
761 5652 945 5704 bonum
970 5650 1095 5705 mihi
1123 5661 1387 5723 operatum
1410 5661 1482 5706 est
1507 5662 1756 5717 mrtem;
1783 5661 1838 5707 et
1865 5653 1928 5707 il-

327 5786 586 5910 ﬂ;
605 5785 695 5837 sub
716 5786 819 5851 lege
840 5800 872 5837 a
894 5794 1104 5849 peccato.
1122 5795 1177 5838 At
1207 5795 1335 5849 Mss.,
1357 5786 1448 5841 sub
1468 5738 1694 5855 peccato;
1717 5784 1819 5851 vel,
1842 5786 1929 5839 sub

633 5926 910 5989 Paruum.
950 5922 1086 5983 XL.

1713 411 1914 469 LIBER
1951 409 2222 469 PRIMUS.

3519 419 3621 475 {06

2038 524 2131 579 lud
2158 525 2432 595 superius,
2464 525 2571 581 Sed
2599 538 2858 598 peccatum
2880 546 2982 583 non
3005 531 3212 601 cognovi
3235 571 3248 594 ,
3295 530 3392 585 nisi
3429 547 3519 602 per
3547 532 3617 585 le-

2032 632 2163 686 gem.
2193 616 2470 685 Quomodo
2507 618 2648 672 enim
2684 627 2921 688 apparet,
2961 628 3054 673 aut
3079 619 3348 690 quomodo
3370 620 3624 690 cognovit

2032 710 2174 779 quod
2202 711 2451 781 ignorat?
2479 709 2585 767 Sed
2613 713 2683 766 ita
2713 712 2911 766 dictum
2938 723 3049 778 est,
3079 714 3347 784 quomodo
3375 714 3620 770 dicturus

2032 811 2115 857 est
2145 803 2399 859 Dominus
2430 804 2604 875 impiis
2626 847 2642 872 ,
2677 804 2797 860 Non
2824 807 2938 860 novi
2964 823 3049 861 vos
3076 806 3286 879 (Matth.
3315 825 3418 863 xxv
3443 849 3459 875 ,
3504 807 3617 881 l2).

2033 891 2214 962 Neque
2238 896 2379 948 enim
2407 893 2605 965 aliquid
2643 896 2808 950 Deum
2842 896 3010 960 latet,
3049 897 3263 967 quando
3302 900 3471 953 vultus
3502 898 3615 952 Do-

2031 985 2155 1038 mini
2178 1002 2331 1056 super
2355 986 2590 1057 facientes
2616 988 2772 1054 mala,
2803 997 2859 1041 ut
2881 989 3058 1058 perdat
3080 987 3142 1042 de
3167 998 3299 1043 terra
3324 990 3620 1045 memoriam

2031 1092 2205 1129 eorum
2232 1075 2402 1150 (Psal.
2431 1093 2623 1141 xxxiii,
2648 1078 2757 1149 17).
2787 1078 2894 1135 Sed
2919 1079 3147 1135 dicimur
3165 1081 3449 1150 aliquando
3470 1084 3619 1152 igno-

2030 1184 2152 1231 rare
2189 1170 2328 1239 quod
2357 1186 2460 1224 non
2499 1171 2874 1241 approbamus.
2906 1172 2977 1226 lta
3004 1188 3132 1244 ergo
3156 1174 3264 1236 ait,
3300 1174 3449 1241 Quod
3485 1176 3621 1229 enim

2030 1275 2232 1329 operor,
2256 1261 2464 1332 ignoro;
2496 1262 2545 1316 id
2570 1273 2671 1328 est,
2702 1279 2804 1317 non
2826 1264 3083 1334 approbo.
3110 1263 3262 1332 Quod
3287 1280 3621 1335 consequen-

2032 1358 2113 1405 ter
2153 1353 2421 1418 ostendit,
2453 1352 2671 1421 dicens,
2722 1355 2845 1409 Non
2874 1357 3007 1410 enim
3038 1358 3174 1426 quod
3198 1358 3330 1422 volo,
3362 1359 3458 1412 hoc
3485 1375 3622 1428 ago;

2028 1444 2116 1498 sed
2144 1446 2278 1513 quod
2306 1445 2411 1512 odi,
2444 1447 2575 1501 illud
2603 1448 2758 1517 facio.
2788 1448 2940 1516 Quod
2973 1464 3099 1519 ergo
3128 1450 3221 1513 ait,
3245 1449 3359 1514 odi,
3392 1449 3495 1505 hoc
3519 1452 3615 1515 ait,

2029 1536 2206 1605 ignoro
2235 1550 2253 1589 :
2278 1537 2399 1607 quia
2442 1547 2497 1593 et
2538 1539 2734 1607 quibus
2762 1539 3000 1599 dicturus
3036 1550 3117 1595 est
3158 1541 3452 1606 Dominus,
3497 1540 3619 1596 Non

2030 1626 2145 1679 novi
2170 1642 2291 1691 vos;
2316 1626 2383 1683 de
2411 1626 2496 1682 his
2525 1629 2601 1681 illi
2626 1629 2824 1685 dicitur
2845 1672 2858 1692 ,
2907 1629 3107 1697 Odisti,
3155 1629 3372 1685 Domine
3393 1673 3410 1697 ,
3448 1648 3620 1685 omnes

2029 1719 2115 1788 qui
2144 1730 2418 1789 operantur
2444 1720 2763 1788 iniquitatem
2793 1722 2965 1794 (Psal.
2994 1739 3047 1790 ν,
3082 1722 3156 1797 7).

2101 1809 2155 1866 9.
2184 1811 2246 1868 Si
2282 1822 2449 1867 autem
2487 1814 2624 1884 quod
2663 1815 2811 1881 nolo,
2851 1820 2946 1869 hoc
2980 1816 3148 1887 facio;
3186 1817 3441 1871 consentio
3484 1817 3627 1887 legi,
3706 1820 3715 1837 ’

2030 1902 2268 1971 quoniam
2295 1903 2427 1957 bona
2454 1916 2545 1958 est.
2582 1905 2693 1961 Hoc
2718 1906 2859 1961 enim
2896 1922 3004 1962 non
3035 1909 3179 1974 vult,
3207 1908 3347 1978 quod
3386 1916 3441 1963 et
3483 1908 3568 1963 lex
3602 1926 3616 1962 :

2031 2006 2152 2044 nam
2185 1992 2286 2046 hoc
2310 2002 2452 2047 vetat
2477 1994 2584 2049 lex.
2609 1994 2890 2051 Consentit
2914 2013 3041 2067 ergo
3069 1998 3205 2068 legi,
3234 2014 3339 2051 non
3366 1999 3417 2052 iu
3444 2013 3619 2068 quan-

2030 2090 2142 2138 tum
2171 2085 2293 2139 facit
2317 2086 2458 2155 quod
2482 2088 2567 2141 illa
2594 2087 2862 2157 prohibet,
2891 2088 2986 2144 sed
3014 2090 3066 2143 in
3096 2100 3352 2160 quantum
3381 2105 3486 2144 non
3510 2087 3623 2144 vult

2033 2178 2170 2248 quod
2200 2178 2345 2233 facit.
2378 2180 2617 2235 Vincitur
2654 2182 2799 2236 enim
2838 2183 3076 2237 nondum
3102 2199 3200 2254 per
3222 2183 3446 2254 gratiam
3487 2182 3622 2239 libeo

2034 2277 2198 2333 ratus,
2238 2270 2480 2339 quamvis
2502 2271 2609 2339 jam
2639 2286 2735 2341 per
2762 2272 2934 2343 legem
2969 2284 3023 2327 et
3050 2275 3258 2328 noverit
3282 2290 3341 2329 se
3369 2274 3511 2329 male
3536 2273 3621 2328 fa-

2034 2374 2175 2424 cere,
2202 2369 2254 2413 et
2283 2362 2433 2415 nolit.
2464 2362 2614 2429 Quod
2644 2378 2775 2418 vero
2800 2364 3060 2434 sequitur,
3091 2374 3147 2420 et
3173 2363 3321 2431 dicit,
3351 2362 3507 2418 Nunc
3525 2381 3623 2418 au-

2036 2458 2131 2503 tem
2149 2451 2264 2520 jam
2292 2468 2508 2527 nonego
2534 2469 2717 2522 operor
2740 2453 2891 2520 illud,
2920 2454 3010 2507 sed
3039 2454 3093 2506 id
3115 2453 3253 2522 quod
3278 2453 3331 2507 in
3360 2470 3441 2508 me
3468 2454 3624 2508 habi-

2035 2550 2103 2593 tat
2132 2551 2411 2610 peccatum;
2428 2558 2535 2596 non
2566 2542 2686 2598 ideo
2713 2542 2860 2609 dicit,
2879 2544 3000 2614 quia
3023 2560 3127 2598 non
3153 2546 3421 2600 consentit
3444 2544 3511 2600 ad
3537 2544 3628 2600 l'a-

2034 2632 2278 2686 ciendum
2309 2642 2607 2703 peccatum,
2654 2635 2899 2703 quamvis
2937 2636 3037 2706 legi
3082 2637 3383 2692 consentiat
3419 2636 3487 2692 ad
3517 2637 3622 2695 hoc

2035 2722 2460 2792 improbandum.
2492 2724 2749 2794 Loquitur
2789 2726 2934 2780 enim
2961 2725 3137 2780 adhuc
3160 2741 3227 2782 ex
3256 2741 3485 2796 persona
3519 2727 3623 2783 ho-

2034 2812 2191 2866 minis
2216 2812 2316 2867 sub
2338 2813 2451 2883 lege
2474 2814 2747 2868 constituti
2777 2813 2888 2885 (a),
2920 2815 3156 2870 nondum
3187 2815 3288 2870 sub
3308 2817 3503 2887 gratia,
3530 2819 3624 2889 qui

2034 2905 2271 2975 profecto
2301 2906 2529 2961 trahitur
2560 2907 2629 2962 ad
2660 2907 2797 2962 male
2825 2907 3154 2977 cperandum
3191 2909 3625 2979 concupiscentia

2029 2996 2344 3054 dominante
2364 3006 2522 3068 atque
2541 2997 2759 3054 fallente
2781 2998 3064 3055 dulcedine
3091 3000 3295 3069 peccati
3326 3001 3576 3071 prohibiti
3599 3042 3619 3067 ,

2030 3090 2274 3163 quamvis
2316 3107 2386 3146 ex
2430 3100 2582 3161 parte
2622 3092 2824 3147 notitize
2863 3093 2993 3163 legis
3037 3093 3140 3147 hoc
3187 3095 3471 3165 improbet.
3516 3096 3625 3152 Sed

2033 3192 2312 3254 propterea
2337 3182 2488 3244 dicit.
2513 3181 2635 3238 Non
2657 3201 2747 3254 ego
2771 3200 2951 3253 operor
2975 3184 3125 3249 illud,
3148 3186 3271 3255 quia
3299 3188 3471 3242 victus
3491 3204 3625 3259 ope-

2032 3284 2200 3328 ratur.
2230 3271 2505 3343 Cupiditas
2525 3275 2719 3344 quippe
2746 3274 2797 3328 id
2823 3284 3094 3344 operatur,
3125 3277 3209 3330 cui
3238 3278 3510 3347 superanti
3530 3294 3624 3334 ce-

2031 3364 2193 3419 ditur.
2231 3363 2298 3421 Ut
2325 3374 2499 3419 autem
2540 3381 2645 3419 non
2676 3364 2933 3431 cedatur,
2978 3366 3151 3437 sitque
3195 3383 3348 3423 mens
3389 3368 3625 3425 hominis

2031 3456 2289 3510 adversus
2314 3456 2660 3526 cupiditatem
2690 3456 2961 3512 robustior
2981 3498 2996 3522 ,
3024 3459 3193 3529 gratia
3224 3458 3351 3514 facit
3369 3501 3383 3526 ,
3412 3459 3480 3517 de
3516 3476 3621 3532 qua

2032 3556 2153 3618 post
2175 3547 2412 3603 dicturus
2441 3557 2541 3603 est.

2104 3638 2191 3691 10.
2227 3637 2349 3693 Scio
2373 3638 2537 3705 enim,
2568 3638 2776 3709 inquit,
2805 3640 2924 3707 quia
2959 3658 3059 3695 non
3086 3641 3277 3698 habitat
3300 3647 3356 3699 in
3386 3663 3497 3712 nte,
3526 3650 3622 3705 hoc

2031 3738 2102 3781 est
2127 3732 2181 3781 in
2206 3745 2356 3781 carne
2380 3745 2524 3793 mea,
2553 3728 2759 3782 bonum.
2803 3728 2881 3783 Ex
2914 3745 2979 3785 eo
3004 3731 3145 3801 quod
3175 3734 3309 3799 scit,
3353 3740 3622 3793 consentit

2033 3818 2133 3887 legi
2169 3837 2181 3872 :
2212 3833 2276 3872 ex
2308 3833 2374 3873 eo
2405 3828 2583 3872 autem
2610 3818 2749 3888 quod
2777 3818 2902 3874 facit
2921 3859 2936 3884 ,
2960 3821 3100 3875 cedit
3126 3835 3366 3891 peccato.
3396 3825 3549 3895 Quod
3575 3830 3624 3884 si

2032 3912 2223 3981 quau-it
2247 3910 2436 3981 aliquis
2466 3911 2607 3964 unde
2633 3911 2735 3965 hoc
2763 3912 2865 3966 scit
2886 3953 2902 3977 ,
2931 3914 3073 3981 quod
3116 3915 3244 3969 dicit
3284 3916 3525 3976 habitare
3564 3922 3620 3977 in

2031 4018 2192 4056 carne
2217 4017 2311 4056 sua
2338 4017 2443 4056 non
2475 4002 2658 4072 utique
2684 4003 2903 4068 bonum,
2930 4004 2982 4057 id
3004 4013 3088 4059 est
3107 4017 3382 4075 peccatum
3410 4027 3423 4062 :
3455 4012 3618 4080 unde,

2031 4092 2131 4147 nisi
2155 4108 2219 4147 ex
2249 4092 2467 4148 traduce
2492 4093 2826 4147 mortalitatis
2845 4103 2900 4149 et
2917 4094 3227 4151 assiduitate
3247 4098 3531 4170 voluptatis
3554 4103 3571 4134 ί
3596 4104 3621 4158 2

2032 4184 2163 4240 Illud
2193 4193 2274 4240 est
2299 4201 2362 4240 ex
2395 4200 2550 4255 ptena
2574 4186 2849 4256 originalis
2874 4189 3098 4257 peccati,
3131 4188 3232 4246 hoc
3257 4200 3345 4247 est
3369 4207 3436 4249 ex
3461 4208 3621 4265 pana

2030 4276 2347 4346 frequentati
2382 4277 2604 4346 peccati.
2635 4274 2766 4332 Cum
2792 4277 2881 4333 illo
2909 4279 2959 4332 in
2987 4278 3124 4335 banc
3144 4281 3303 4338 vitam
3327 4286 3616 4355 nascimur,

2032 4367 2135 4422 hoc
2165 4368 2388 4422 vivendo
2414 4367 2679 4423 addimus.
2708 4368 2839 4436 Quae
2876 4368 2983 4423 duo
3006 4410 3022 4437 ,
3050 4371 3292 4441 scilicet,
3324 4384 3573 4447 tanquam
3596 4382 3617 4412 '

2033 4470 2216 4514 natura
2246 4470 2301 4513 et
2327 4458 2680 4527 consuetudo,
2708 4460 2990 4530 conjuncta
3015 4501 3032 4528 ,
3076 4463 3499 4524 robustissimam
3536 4470 3613 4525 fa-

2028 4553 2173 4607 ciunt
2204 4562 2258 4607 et
2294 4552 2696 4606 invictissimam
2722 4553 3065 4623 cupiditatem
3086 4597 3101 4623 ,
3131 4559 3274 4629 quod
3311 4574 3467 4618 vocat
3492 4581 3617 4634 pec-

2029 4653 2229 4710 catum,
2251 4654 2306 4699 et
2329 4643 2457 4698 dicit
2481 4643 2720 4699 habitare
2746 4644 2798 4699 in
2829 4660 2990 4702 carne
3013 4662 3129 4714 sua,
3160 4650 3212 4706 id
3236 4662 3339 4719 est,
3366 4654 3617 4711 domina-

2032 4749 2142 4794 tum
2173 4738 2460 4810 quemdam
2490 4748 2545 4795 et
2585 4738 2735 4808 quasi
2782 4754 3003 4809 regnum
3039 4742 3303 4799 obtinere.
3342 4746 3495 4804 Unde
3536 4761 3620 4805 est

2032 4830 2161 4885 illud
2202 4832 2253 4885 in
2287 4830 2497 4885 Psalmo
2523 4871 2537 4892 ,
2570 4829 2718 4902 Elegi
2752 4828 2905 4904 σὺ]ἱεί
2940 4832 2993 4887 in
3020 4833 3171 4889 domo
3210 4836 3418 4893 Domini
3455 4845 3617 4912 magis

2029 4940 2182 4994 quam
2199 4921 2426 4977 habitare
2444 4921 2496 4975 in
2510 4922 2845 4976 tabernaculis
2861 4932 3177 4991 peccatorum
3200 4924 3371 4998 (Psal.
3395 4946 3614 4998 Lxxxm,

2034 5015 2153 5086 lt);
2181 5013 2332 5085 quasi
2363 5028 2469 5067 non
2499 5013 2732 5077 habitet,
2763 5014 3005 5083 quamvis
3036 5014 3106 5069 ibi
3138 5016 3229 5083 sit,
3260 5019 3349 5086 qui
3378 5019 3616 5089 abjectns

2033 5105 2102 5160 ibi
2130 5104 2153 5136 ⁸
2181 5113 2264 5160 est
2282 5144 2298 5167 ,
2330 5103 2647 5171 ubicumque
2675 5101 2743 5156 sit
2774 5120 2788 5155 :
2815 5102 2958 5157 unde
2984 5104 3214 5159 insinuat
3236 5106 3615 5168 habitationem

2030 5211 2155 5251 cum
2184 5193 2413 5265 quodam
2444 5192 2738 5263 principatu
2766 5192 3188 5262 intelligendam.
3218 5196 3272 5253 Si
3301 5211 3481 5256 autem
3524 5218 3616 5274 per

2032 5288 2253 5357 gratiam
2288 5284 2377 5338 ﬁat
2406 5284 2457 5337 in
2488 5282 2642 5337 nobis
2665 5281 2809 5353 quod
2837 5282 2942 5338 alio
2971 5283 3092 5340 loco
3112 5285 3275 5356 dicit,
3306 5288 3375 5346 Ut
3404 5309 3506 5347 non
3534 5311 3620 5348 rc-

2033 5392 2148 5450 gues
2174 5384 2431 5445 peccatum
2455 5373 2511 5426 in
2537 5383 2706 5426 nostra
2729 5374 2934 5428 mortali
2956 5391 3167 5445 corpore
3192 5379 3261 5432 ad
3284 5381 3617 5438 obedientium

2033 5468 2295 5523 desideriis
2318 5466 2425 5536 ejus
2451 5462 2626 5536 (Rom.
2652 5479 2727 5530 vr,
2754 5462 2866 5537 l2),
2884 5460 2995 5535 jam
3017 5482 3116 5523 nec
3137 5468 3375 5530 habitare
3405 5474 3621 5545 proprie

2098 5663 2114 5727 φ
2140 5668 2249 5712 Mss.
2272 5660 2558 5727 sorbonieus
2579 5667 2631 5712 et
2651 5662 2974 5727 Corbeiensis,
2998 5662 3263 5719 voltmtatis.

2099 5726 2119 5757 ²
2152 5730 2227 5772 Er.
2261 5724 2453 5782 omittit,
2486 5728 2730 5785 tanquam.

2101 5787 2121 5850 ξ
2155 5792 2275 5850 πω
2303 5785 2511 5834 Vaticani
2544 5786 2738 5850 axiices
2766 5792 3203 5850 carentjarticuta.
3235 5791 3319 5843 ibt.

2100 5846 2175 5903 (α)
2208 5853 2224 5894 t
2250 5853 2453 5896 uetraet.
2479 5859 2584 5907 cap.
2614 5848 2658 5897 1.

3009 5936 3341 6011 (QuatreJ
