4136 6520
350 548 451 587 tum
471 539 734 602 operatum
767 540 840 585 est
865 530 918 584 in
946 546 1023 583 me
1047 544 1243 584 omnem
1280 526 1757 600 concupiscentiam.
1798 525 1937 597 Quid

348 633 429 678 est
462 623 605 677 enim
632 621 799 689 aliud,
831 631 1093 692 operatum
1136 631 1211 675 est
1250 621 1303 674 in
1329 636 1409 674 me
1446 635 1646 673 omnem
1697 618 1940 688 concupi-

349 714 621 779 scentiam;
649 730 807 785 quam
825 713 875 768 id
903 713 1044 784 quod
1066 712 1139 767 ibi
1159 721 1262 778 est,
1286 722 1341 766 ut
1362 712 1643 767 abundaret
1661 710 1941 765 delictum?

355 805 482 861 Vide
510 820 726 876 quoque
769 817 946 859 utrum
996 813 1257 860 consonet
1307 805 1469 859 etiam
1521 804 1608 858 illa
1638 803 1935 869 sententia,

352 905 400 949 ut
418 896 509 965 ﬁat
530 912 686 966 supra
713 895 919 949 modum
950 903 1184 965 peccator
1203 906 1288 948 aut
1313 904 1575 965 peccatum
1597 910 1687 964 per
1712 891 1935 946 manda-

354 1000 473 1043 tum.
523 986 638 1042 Hoc
689 987 961 1051 estenim,
1013 997 1066 1040 ut
1096 988 1186 1056 ﬁat
1210 1003 1367 1057 supra
1394 985 1599 1039 modum
1645 995 1941 1055 peccatum;

354 1081 487 1153 quod
515 1090 617 1145 est,
649 1080 1000 1134 utabundaret
1034 1080 1295 1133 delictum.
1352 1076 1407 1132 Si
1443 1078 1601 1148 igitur
1644 1076 1941 1132 ostenderi~

357 1189 470 1231 mus
492 1174 689 1229 bonum
723 1188 844 1227 esse
887 1171 1228 1237 mandatum,
1261 1171 1407 1226 unde
1449 1170 1735 1225 occasione
1782 1183 1938 1224 acce-

358 1278 437 1336 pta
469 1276 741 1336 peccatum
772 1274 1051 1334 operatum
1078 1274 1162 1318 est
1186 1278 1400 1318 omnem
1420 1260 1935 1331 concupiscentiam,

356 1367 408 1410 ut
436 1358 583 1412 [iuret
602 1371 763 1426 supra
786 1355 1025 1421 modum;
1050 1354 1210 1409 simul
1234 1352 1585 1408 ostendemus
1602 1351 1794 1406 bonam
1819 1363 1939 1405 esse

355 1448 540 1518 legem,
589 1462 709 1518 qua:
757 1446 1077 1501 subintravit
1126 1452 1185 1498 ut
1223 1443 1521 1499 abundaret
1562 1440 1838 1507 delictum,
1883 1437 1938 1493 id

351 1550 449 1607 est,
495 1547 553 1593 ut
594 1547 909 1609 operaretur
972 1545 1245 1607 peccatum
1286 1550 1502 1590 omnem
1530 1532 1935 1603 concupiscen-

352 1633 495 1696 tiam,
529 1640 585 1685 et
613 1630 769 1686 ﬁeret
794 1645 952 1699 supra
980 1630 1219 1683 modum.
1254 1628 1490 1682 Audiant
1514 1641 1644 1697 ergo
1688 1625 1937 1680 eumdem

348 1722 641 1792 apostolum
671 1721 958 1784 dicentem,
990 1720 1124 1787 Quid
1159 1736 1275 1788 ergo
1320 1718 1581 1773 dicemus?
1609 1716 1717 1771 Lex
1748 1733 1937 1788 pecca-

349 1823 449 1866 tum
481 1813 595 1867 est?
619 1811 782 1866 Absit.
816 1813 949 1875 lloc,
986 1811 1252 1882 inquiunt,
1283 1809 1351 1865 de
1374 1810 1493 1881 lege
1512 1808 1708 1864 Christi
1737 1807 1936 1862 dictum

347 1914 450 1971 est;
484 1904 590 1961 hoc
615 1914 718 1970 est,
748 1904 817 1959 de
860 1905 975 1973 lege
996 1904 1200 1974 gratia).
1244 1901 1630 1972 Respondeant
1660 1902 1841 1970 itaque
1871 1899 1939 1953 de

346 2012 440 2068 qua
467 1996 763 2067 intelligant
811 1994 939 2049 illud
993 1994 1137 2065 quod
1185 1993 1429 2064 sequitur
1459 2009 1472 2045 :
1508 1992 1616 2047 Sed
1641 2007 1733 2062 ego
1764 2006 1941 2061 pecca-

346 2100 446 2142 tum
471 2105 574 2141 non
596 2087 827 2159 cognovi,
859 2086 957 2140 nisi
980 2102 1071 2156 per
1097 2085 1275 2155 legem.
1308 2080 1449 2136 Nam
1474 2077 1933 2152 concupiscentiam

346 2179 640 2244 nesciebam,
690 2179 791 2233 nisi
832 2177 913 2231 lea:
960 2176 1165 2241 diceret,
1192 2174 1316 2229 Non
1370 2174 1712 2244 concupisces.
1768 2173 1937 2225 Occa-

345 2286 477 2324 sione
496 2282 669 2323 autem
697 2279 925 2337 accepta,
951 2277 1211 2337 peccatum
1238 2283 1329 2335 per
1352 2272 1651 2319 mandatum
1676 2271 1938 2334 operatum

344 2371 413 2415 est
434 2361 486 2415 in
511 2377 593 2414 me
611 2376 811 2415 omnem
838 2358 1316 2422 concupiscentiam.
1346 2357 1487 2412 Ecce
1514 2357 1800 2411 verborum
1821 2355 1932 2427 ipsa

342 2455 610 2509 contextio
621 2454 753 2509 satis
770 2451 969 2507 indicat
982 2449 1049 2506 de
1063 2466 1166 2522 qua
1180 2451 1297 2521 lege
1308 2449 1525 2519 dixerit,
1542 2449 1653 2504 Lex
1676 2434 1937 2518 peccatum

342 2548 447 2602 est?
464 2546 633 2603 Absit.
666 2547 743 2602 De
772 2546 864 2601 illa
890 2546 1116 2613 scilicet,
1144 2560 1241 2615 per
1269 2543 1423 2614 cujus
1445 2541 1755 2598 mandatum
1774 2555 1934 2595 oeca-

342 2640 418 2695 sio
445 2638 548 2695 t‘uit
574 2647 819 2711 peccato,
848 2647 906 2694 ut
931 2647 1247 2709 operaretur
1289 2651 1507 2692 omnem
1543 2635 1935 2705 concupiscen-

342 2734 479 2787 tiam.
506 2732 588 2788 De
612 2733 699 2787 illa
726 2747 855 2803 ergo
897 2747 1018 2803 quae
1052 2729 1368 2786 subintravit
1411 2739 1472 2783 ut
1511 2726 1810 2782 abundaret
1842 2725 1934 2778 de-

341 2822 539 2892 lictum,
576 2838 735 2895 quam
789 2831 977 2893 putant
1018 2822 1097 2877 illi
1124 2821 1341 2877 malam.
1368 2819 1474 2876 Sed
1500 2819 1626 2891 quid
1673 2818 1930 2890 apertius,

339 2929 491 2986 quam
520 2914 584 2969 id
612 2913 752 2985 quod
777 2914 938 2986 paulo
962 2924 1085 2985 post
1113 2912 1208 2979 ait,
1240 2912 1266 2966 Ι
1276 2921 1422 2982 taque
1452 2910 1534 2966 lea:
1568 2910 1772 2983 quidem
1809 2924 1932 2963 sau-

336 3018 431 3073 cta,
452 3018 500 3061 et
530 3008 833 3061 mandatum
860 3016 1115 3073 sanctum,
1146 3015 1195 3060 et
1226 3008 1445 3076 justum,
1468 3015 1514 3058 et
1553 3005 1780 3059 bonum?
1820 3002 1932 3058 Hoc

335 3114 512 3154 rursus
544 3098 732 3153 dicunt
759 3113 866 3154 non
912 3098 979 3154 de
1006 3098 1097 3152 illa
1124 3097 1243 3168 lege
1266 3114 1385 3168 quae
1406 3096 1611 3152 Judzeis
1660 3095 1783 3151 data
1824 3103 1927 3160 est,

331 3191 422 3247 sed
450 3191 516 3248 de
557 3191 845 3263 Evangelia
870 3191 1073 3247 dictum
1104 3201 1207 3247 est.
1248 3190 1660 3245 Manicltmorum
1682 3198 1766 3244 est
1785 3188 1927 3244 enim

333 3291 437 3337 tam
462 3282 818 3339 inerrabiliter
842 3298 983 3338 caaca
1012 3284 1111 3338 ista
1144 3283 1487 3354 perversitas.
1519 3281 1633 3335 Non
1659 3281 1802 3335 enim
1849 3287 1931 3332 at-

335 3372 555 3427 tendunt
584 3374 728 3444 quod
774 3374 1169 3443 apertissimum
1210 3386 1265 3427 et
1294 3370 1787 3426 manifestissimum
1838 3383 1927 3422 se-

329 3462 525 3532 quitur,
558 3462 715 3530 Quod
738 3481 855 3533 ergo
880 3464 1063 3516 bonum
1090 3474 1184 3528 est,
1228 3464 1353 3516 mihi
1382 3465 1573 3533 factum
1626 3471 1699 3515 est
1747 3476 1883 3514 mors
1903 3459 1929 3513 .9

329 3555 487 3609 Absit.
533 3555 649 3611 Sed
676 3565 955 3625 peccatum,
1006 3567 1059 3609 ut
1086 3564 1331 3627 appareat
1383 3564 1660 3623 peccatum,
1709 3569 1798 3625 per
1840 3552 1927 3606 bo-

328 3665 444 3701 num
489 3649 622 3702 mihi
646 3658 908 3717 apemtum
937 3658 1009 3703 est
1039 3658 1270 3713 mortem,
1297 3658 1363 3718 {ut
1390 3647 1481 3715 fiat
1528 3664 1685 3717 supra
1720 3645 1925 3699 modum

324 3749 556 3808 peccator
605 3748 698 3793 aut
745 3749 1005 3809 peccatum
1041 3756 1129 3810 per
1168 3738 1464 3791 mandatum
1501 3753 1519 3790 :
1546 3740 1648 3791 hac
1676 3747 1777 3799 est,
1830 3749 1926 3803 per

323 3832 637 3888 mandatum
664 3843 928 3898 sanctum,
956 3842 1009 3886 et
1037 3833 1260 3901 justum,
1311 3840 1366 3884 et
1395 3831 1617 3893 bonum;
1664 3829 1806 3898 quod
1839 3836 1922 3882 ta-

321 3940 440 3980 men
469 3927 802 3982 snbintravit
834 3934 891 3979 ut
936 3925 1234 3979 abundaret
1263 3930 1563 3994 peccatum,
1588 3922 1688 3977 hoc
1732 3931 1835 3988 est,
1866 3931 1925 3975 ut

319 4016 467 4071 tieret
492 4030 667 4088 supra
699 4017 935 4071 modum.

388 4108 475 4163 17.
508 4108 628 4164 Cur
647 4122 779 4177 ergo
809 4108 1113 4161 ministratio
1144 4106 1318 4160 mortis
1346 4104 1562 4171 dicitur,
1596 4105 1641 4159 si
1670 4109 1807 4159 bona
1836 4114 1923 4158 est

312 4198 433 4257 lex?
459 4201 597 4270 Quia
637 4210 895 4271 peccatum
926 4209 978 4252 ut
1003 4209 1248 4271 appareat
1276 4209 1561 4270 peccatum,
1605 4215 1695 4268 per
1734 4199 1921 4250 bonum

311 4294 434 4348 mihi
454 4302 736 4367 operatum
764 4302 839 4346 est
874 4301 1104 4345 mortem.
1128 4290 1238 4346 Nec
1279 4291 1511 4358 mireris,
1554 4305 1675 4345 cum
1704 4289 1770 4343 de
1806 4290 1918 4358 ipsa

312 4386 707 4454 praedicatione
731 4384 1005 4455 Evangelii
1049 4384 1250 4438 dictum
1277 4383 1345 4437 sit
1375 4400 1388 4436 :
1412 4382 1593 4437 Christi
1610 4382 1768 4435 bonus
1794 4381 1921 4434 odor

310 4493 484 4533 sumus
506 4475 647 4543 Deo,
675 4477 733 4529 in
756 4476 819 4531 iis
843 4476 929 4547 qui
954 4475 1084 4529 salvi
1108 4476 1260 4545 ﬁunt,
1293 4485 1338 4529 et
1366 4476 1419 4528 in
1444 4475 1505 4528 iis
1548 4475 1635 4544 qui
1682 4482 1919 4544 pereunt;

309 4570 425 4625 aliis
466 4572 684 4643 quidem
716 4569 843 4623 odor
870 4570 985 4624 υὶιιε
1009 4570 1062 4623 in
1091 4572 1261 4635 vitam,
1290 4569 1407 4622 aliis
1431 4578 1600 4623 autem
1623 4568 1749 4621 odor
1778 4584 1918 4619 mor-

310 4664 371 4717 tis
417 4664 475 4719 in
526 4672 754 4718 mortem
806 4661 869 4733 (ll
899 4659 1018 4717 Cor.
1048 4677 1107 4727 lt,
1137 4661 1224 4727 15,
1260 4660 1367 4731 16).
1410 4659 1491 4714 Ad
1524 4659 1740 4715 Judatos
1773 4659 1916 4713 enim

307 4754 445 4810 dicta
474 4764 565 4811 est
587 4754 678 4809 lex
709 4752 1033 4807 ministratio
1061 4752 1269 4818 mortis,
1302 4750 1368 4805 ad
1398 4765 1531 4820 quos
1572 4759 1624 4804 et
1656 4750 1707 4803 in
1742 4747 1918 4818 lapide

305 4847 507 4917 scripta
555 4855 647 4902 est
693 4843 759 4898 ad
786 4859 975 4898 eorum
1018 4842 1269 4897 duritiam
1322 4840 1672 4912 ﬁgurandam;
1714 4838 1917 4892 nonad

306 4951 397 4992 eos
440 4940 535 5009 qui
595 4938 777 5008 legem
836 4951 930 5005 per
980 4933 1297 4990 charitatem
1343 4933 1584 5001 implent.
1640 4929 1915 4985 Plenitudo

305 5030 447 5085 enim
476 5031 634 5101 legis,
667 5028 911 5081 cliaritas.
941 5024 1061 5099 Ipsa
1084 5026 1227 5081 enim
1253 5024 1363 5092 lex,
1392 5041 1511 5094 qua:
1535 5024 1585 5076 in
1612 5021 1802 5078 litteris
1835 5030 1919 5076 est

303 5120 527 5191 ﬁgurata
554 5118 814 5189 lapideis,
851 5118 1000 5185 dicit,
1034 5115 1158 5172 Non
1183 5116 1512 5178 adulterabis,
1552 5113 1671 5168 Non
1706 5113 1917 5167 homici-

302 5214 443 5268 dium
496 5214 692 5285 facies,
736 5211 858 5265 Non
912 5210 1182 5280 furaberis,
1237 5208 1358 5263 Non
1402 5209 1759 5280 concupisces,
1804 5216 1912 5262 etc.

300 5307 471 5376 Quam
499 5308 690 5378 legem
711 5303 1151 5375 dicitApostolus
1176 5302 1386 5371 impleri
1433 5316 1530 5371 per
1574 5299 1910 5363 charitatem,

300 5398 370 5456 ita
396 5400 638 5471 loquens
671 5413 687 5449 :
715 5395 816 5463 Qui
859 5395 992 5450 enim
1024 5395 1192 5465 diligit
1230 5392 1450 5447 alterum
1478 5394 1520 5457 ¹,
1553 5391 1713 5463 legem
1734 5391 1915 5460 imple-

297 5492 383 5544 cit.
410 5489 582 5555 Nam,
638 5485 769 5541 Non
812 5486 1138 5549 adulterabis,
1194 5482 1313 5538 Non
1360 5484 1686 5537 homicidium
1733 5482 1909 5553 pecies,

299 5582 421 5638 Non
442 5580 737 5654 [uraberis,
787 5576 907 5633 Non
950 5577 1312 5649 concupisces;
1340 5585 1387 5629 et
1414 5574 1616 5644 siquod
1650 5583 1722 5628 est
1768 5572 1911 5627 aliud

294 5674 631 5736 mandatum,
665 5672 726 5725 in
747 5669 840 5724 hoc
872 5686 1101 5725 sermone
1136 5667 1521 5740 recapitulatur,
1554 5664 1747 5736 Diliges
1792 5681 1910 5737 pro-

294 5812 372 5915 ’τι
408 5806 578 5868 lditi,
614 5801 918 5870 proximum.
960 5811 1012 5854 Αι
1044 5810 1172 5865 ms,
1205 5801 1410 5854 alterum
1430 5815 1446 5865 ;
1466 5802 1603 5865 juxta
1629 5812 1799 5864 gnem,
1833 5804 1911 5848 ton

336 5881 477 5915 ενοιι.

336 5881 459 5919 ενωι
469 5909 477 5917 .

1742 408 1941 466 LIBER
1980 409 2249 468 PRIMUS.

2047 528 2240 619 mimum
2263 539 2400 582 tuum
2423 539 2661 603 tanquam
2683 544 2729 589 te
2748 536 3107 610 ipsum(Rom.
3134 559 3246 611 xm,
3274 544 3435 618 8-10)
3467 563 3482 606 :
3510 552 3637 619 quia

2047 629 2101 711 et
2129 618 2232 674 hoc
2250 620 2301 674 in
2323 621 2512 677 eadem
2542 625 2658 695 lege
2684 628 2938 697 scriptum
2968 642 3069 687 est.
3113 633 3220 690 Cur
3262 635 3416 693 uirtus
3444 644 3635 711 peccati

2048 710 2149 777 lex,
2186 713 2231 767 si
2257 713 2343 768 lex
2370 714 2508 771 bona
2534 720 2662 773 est?
2687 718 2819 786 Quia
2846 736 3125 792 peccatum
3148 742 3246 797 per
3274 729 3473 786 bonum
3497 747 3632 802 ape-

2047 810 2218 903 ratum
2247 814 2327 859 est
2372 813 2624 875 mortem,
2664 818 2722 864 ut
2751 810 2840 865 ﬁat
2882 829 3042 883 supra
3096 817 3331 885 modum,
3375 820 3481 877 hoc
3528 834 3635 891 est,

2046 902 2279 962 majores
2299 902 2439 950 vires
2473 912 2537 951 ex
2566 902 3009 968 praevaricatione
3035 908 3320 976 concipiat.
3361 909 3471 966 Cur
3498 929 3637 967 mor-

2045 983 2119 1036 tui
2140 1001 2313 1040 sumus
2353 987 2449 1058 legi
2493 1006 2585 1060 per
2627 1007 2809 1061 corpus
2859 994 3062 1061 Christi,
3106 998 3151 1052 si
3193 998 3334 1054 bona
3378 1011 3462 1057 est
3506 1004 3637 1058 lex?

2044 1074 2177 1142 Quin
2227 1080 2421 1132 mortui
2459 1095 2645 1135 sumus
2689 1084 2791 1154 legi
2836 1084 3113 1140 damnanti
3144 1088 3184 1155 ί,
3216 1089 3426 1145 liberati
3456 1067 3543 1147 ab
3566 1110 3636 1149 ea

2044 1166 2236 1234 affectu
2263 1185 2419 1239 quem
2448 1171 2534 1226 lex
2560 1174 2708 1242 punit
2731 1186 2784 1229 et
2813 1174 3051 1232 damnat.
3084 1178 3339 1235 Usitatius
3372 1183 3514 1237 enim
3541 1200 3637 1239 vo-

2044 1269 2193 1313 catur
2216 1260 2318 1327 lex,
2342 1264 2554 1331 quando
2581 1265 2813 1321 minatur
2831 1277 2886 1323 et
2927 1277 3091 1325 terret
3107 1280 3162 1326 et
3174 1271 3427 1329 vindicat.
3453 1274 3636 1347 Itaque

2045 1349 2183 1404 idem
2209 1364 2533 1423 praeceptum
2568 1357 2878 1415 timentibus
2922 1361 3007 1417 lex
3034 1373 3137 1431 est,
3171 1366 3473 1422 amantibus
3512 1384 3633 1439 gra-

2046 1441 2115 1494 tia
2138 1452 2239 1499 est.
2268 1445 2394 1500 lude
2431 1457 2516 1501 est
2539 1448 2664 1503 illud
2694 1450 2746 1504 in
2796 1453 3084 1524 Evangelia
3116 1473 3131 1510 :
3161 1455 3390 1531 Lexper
3411 1459 3630 1532 Moysen

2042 1534 2163 1586 data
2207 1546 2300 1603 est,
2331 1538 2498 1607 gratia
2548 1548 2595 1593 et
2637 1542 2818 1596 ueritas
2860 1561 2949 1615 per
2968 1544 3148 1600 Iesum
3193 1547 3453 1603 Christum
3494 1555 3633 1623 facta

2042 1635 2112 1717 est
2134 1624 2311 1699 (Joan.
2332 1645 2369 1695 ι,
2397 1630 2507 1701 l7).
2535 1632 2732 1689 Eadem
2764 1636 2958 1707 quippe
2998 1637 3082 1693 lex
3111 1655 3229 1711 qua:
3277 1658 3373 1713 per
3413 1644 3631 1717 Moysen

2041 1715 2163 1771 data
2192 1728 2299 1785 est,
2332 1730 2386 1775 ut
2433 1722 2828 1794 formidaretur,
2860 1729 3030 1798 gratia
3060 1740 3116 1785 et
3169 1733 3366 1789 veritas
3407 1715 3513 1806 per
3538 1737 3633 1795 Je-

2040 1824 2158 1863 sum
2183 1811 2451 1869 Christum
2495 1817 2633 1872 facta
2660 1830 2760 1885 est,
2794 1831 2855 1875 ut
2888 1822 3220 1893 impleretur.
3253 1825 3341 1882 Sic
3389 1844 3517 1899 ergo
3552 1829 3637 1885 di-

2039 1910 2183 1957 ctum
2206 1914 2310 1967 est,
2335 1907 2531 1962 Μοντιιί
2548 1912 2667 1964 estis
2683 1912 2800 1983 legi,
2826 1928 2889 1968 ac
2909 1915 2953 1968 si
2976 1914 3265 1983 diceretur,
3292 1919 3483 1976 Mortui
3500 1924 3635 1977 estis

2039 1995 2302 2089 supplicio
2329 1998 2481 2069 legis,
2512 2018 2602 2073 per
2626 2019 2809 2072 corpus
2833 2002 3042 2072 Christi,
3071 2022 3168 2077 per
3188 2010 3331 2076 quod
3363 2022 3488 2067 sunt
3532 2012 3630 2070 de-

2042 2085 2163 2141 licta
2190 2088 2402 2157 donata,
2432 2107 2551 2163 qua:
2595 2093 2834 2165 legitimo
2880 2098 3144 2167 supplicio
3171 2103 3629 2174 constringebant.

2038 2176 2145 2233 Cur
2169 2183 2428 2250 passiones
2454 2195 2777 2255 peccatorum
2804 2204 2919 2259 qua:
2947 2205 3037 2259 per
3084 2191 3246 2262 legem
3282 2204 3419 2261 sunt,
3448 2212 3629 2266 opera-

2040 2271 2224 2326 bantur
2241 2273 2295 2327 in
2315 2276 2781 2346 membris.nostris,
2806 2289 2860 2333 ut
2888 2281 3259 2350 fructiﬁcarent
3278 2286 3449 2351 morti,
3474 2287 3520 2340 si
3544 2287 3629 2341 lex

2040 2360 2177 2415 bona
2208 2363 2329 2418 est?
2353 2364 2486 2431 Quia
2517 2366 2634 2422 illas
2684 2367 2774 2423 hic
2812 2369 2981 2425 voluit
3019 2370 3246 2445 intelligi
3286 2385 3630 2445 peccatorum

2040 2453 2335 2521 passiones,
2360 2456 2428 2511 de
2451 2458 2644 2527 quibus
2664 2458 2776 2528 jam
2805 2475 2950 2532 saepe
2983 2462 3185 2519 dictum
3224 2475 3327 2533 est,
3365 2483 3627 2539 augmen-

2040 2555 2150 2600 tnm
2169 2549 2615 2618 concupiscentia:
2636 2551 2704 2607 de
2725 2552 3103 2621 prohibitione,
3137 2566 3192 2613 et
3218 2571 3426 2615 reatum
3456 2577 3631 2632 paena:

2036 2635 2105 2691 de
2131 2639 2612 2706 praevaricatione:
2643 2641 2743 2697 hoc
2785 2652 2887 2710 est,
2911 2646 3031 2715 quia
3079 2664 3169 2716 per
3216 2648 3404 2705 bonum
3450 2668 3633 2723 operu-

2038 2736 2144 2781 tum
2167 2738 2240 2782 est
2259 2740 2488 2799 mortem,
2512 2742 2566 2784 ut
2600 2733 2691 2802 ﬁat
2724 2750 2882 2806 supra
2902 2737 3108 2791 modum
3135 2753 3369 2810 peccator
3394 2752 3483 2797 aut
3510 2762 3631 2814 pec-

2037 2827 2204 2872 catum
2225 2835 2317 2889 per
2339 2822 2658 2877 mandatum.
2691 2823 2802 2879 Cur
2821 2825 3020 2881 liberati
3046 2845 3220 2884 sumus
3243 2848 3275 2885 a
3303 2832 3412 2904 lege
3428 2837 3627 2903 mortis,

2036 2911 2207 2981 inqua
2234 2912 2592 2976 detinebamur,
2618 2916 2690 2969 ita
2725 2925 2779 2970 ut
2806 2920 3082 2975 serviamus
3105 2922 3159 2977 in
3203 2925 3422 2980 nouitate
3471 2929 3630 2998 spiri-

2036 3010 2138 3067 tus,
2169 3010 2217 3055 et
2241 3019 2343 3057 non
2392 3004 2444 3058 in
2468 3016 2714 3062 vetustate
2737 3007 2937 3075 littera,
2970 3012 3014 3065 si
3042 3012 3128 3067 lex
3154 3013 3291 3068 bona
3335 3016 3457 3070 est?
3481 3020 3628 3085 Quo-

2037 3091 2178 3145 niam
2207 3092 2291 3146 lcx
2318 3092 2493 3148 littera
2518 3107 2601 3151 est
2627 3098 2706 3152 eis
2722 3100 2810 3169 qui
2834 3116 2938 3154 non
2968 3116 3089 3157 eam
3120 3104 3347 3175 implent
3389 3123 3485 3176 per
3528 3112 3631 3179 spi-

2037 3186 2196 3237 ritum
2216 3184 2511 3253 charitatis,
2540 3202 2647 3257 quo
2680 3191 2911 3258 pertinet
2956 3191 3359 3251 Testamentum
3390 3198 3624 3255 Novum.

2038 3272 2219 3345 Itaque
2248 3277 2447 3330 mortui
2472 3288 2694 3347 peccato
2724 3279 3019 3336 liberantur
3042 3298 3073 3338 a
3115 3284 3315 3355 littera,
3346 3303 3450 3358 qua
3482 3290 3627 3346 deti-

2034 3375 2233 3421 nentur
2253 3368 2331 3422 rei
2361 3369 2450 3438 qui
2479 3385 2585 3424 non
2622 3370 2847 3442 implent
2889 3374 3033 3444 quod
3071 3377 3328 3447 scriptum
3370 3390 3473 3435 est.
3514 3380 3626 3437 Lex

2032 3459 2173 3511 enim
2200 3459 2327 3525 quid
2348 3460 2491 3514 aliud
2521 3477 2678 3531 quam
2697 3464 2807 3516 sola
2838 3464 3014 3519 littera
3041 3474 3125 3520 est
3168 3469 3248 3522 eis
3276 3469 3367 3539 qui
3398 3485 3519 3525 eam
3542 3473 3619 3527 le-

2030 3566 2158 3620 gere
2200 3564 2483 3619 noverunt,
2514 3563 2568 3609 et
2612 3554 2837 3624 implere
2866 3573 2971 3612 non
3021 3560 3272 3628 possunt?
3313 3561 3429 3617 Non
3480 3565 3621 3620 enim

2032 3645 2308 3714 ignoratur
2321 3645 2390 3700 ab
2419 3647 2500 3702 eis
2530 3647 2723 3717 quibus
2748 3651 3053 3720 conscripta
3075 3661 3161 3707 est
3188 3672 3202 3707 :
3230 3654 3325 3710 sed
3368 3658 3621 3726 quoniam

2032 3734 2083 3787 in
2111 3744 2317 3789 tantum
2358 3746 2483 3791 nota
2513 3746 2617 3805 est,
2660 3738 2713 3792 in
2740 3748 3004 3807 quantum
3044 3742 3244 3811 scripta
3273 3743 3486 3814 legitur,
3514 3762 3621 3802 non

2030 3828 2083 3880 in
2104 3836 2359 3897 quantum
2390 3827 2584 3884 dilecta
2611 3829 2906 3900 perﬁcitur,
2950 3832 3084 3886 nihil
3124 3842 3209 3888 est
3245 3836 3388 3891 aliud
3429 3839 3623 3894 talibus

2030 3920 2131 3974 nisi
2156 3922 2354 3985 littera;
2403 3936 2523 3991 quae
2553 3921 2731 3977 littera
2767 3937 2872 3976 non
2903 3934 2983 3977 est
3024 3924 3257 3993 adjutrix
3305 3927 3617 3997 legentium,

2028 4013 2121 4068 sed
2153 4014 2302 4068 testis
2318 4013 2670 4081 peccantium.
2687 4013 2769 4068 Ab
2790 4015 2905 4082 ejus
2927 4030 3054 4085 ergo
3076 4016 3418 4074 damnatione
3448 4020 3617 4076 'lihe-

2026 4115 2212 4160 rantur
2235 4106 2326 4176 qui
2354 4121 2450 4175 per
2475 4106 2719 4176 spiritum
2748 4107 3093 4174 innovantur,
3120 4118 3177 4161 ut
3214 4109 3326 4178 jam
3351 4127 3459 4167 non
3495 4114 3606 4168 sint

2026 4200 2241 4271 obligati
2272 4199 2463 4253 littera:
2488 4198 2555 4253 ad
2585 4214 2824 4269 poenam:
2873 4200 2968 4254 sed
2999 4200 3292 4257 intellectui
3322 4218 3419 4272 per
3460 4204 3619 4274 justi-
3712 4188 3715 4189 ν

2027 4293 2155 4347 tiam
2195 4293 2450 4363 copulati.
2481 4291 2608 4347 lnde
2629 4302 2712 4347 est
2736 4302 2790 4348 et
2819 4293 2945 4347 illud
2974 4304 2988 4341 :
3018 4292 3211 4348 Littera
3233 4296 3435 4361 occidit,
3462 4299 3615 4368 spiri-

2028 4393 2108 4437 tus
2137 4394 2304 4437 autem
2330 4383 2545 4453 rivi/icat
2580 4381 2647 4456 (ll
2672 4383 2789 4440 Cor.
2817 4400 2895 4451 ιιι,
2927 4385 3003 4454 6).
3037 4385 3146 4440 Lex
3185 4387 3328 4441 enim
3380 4396 3612 4444 tantum-

2026 4475 2186 4531 modo
2212 4476 2348 4531 lecta
2378 4485 2433 4530 et
2462 4491 2568 4530 non
2594 4475 2861 4531 intellecta
2889 4477 2973 4533 vel
3004 4493 3111 4533 non
3160 4478 3398 4549 impleta,
3431 4483 3615 4553 utique

2026 4567 2223 4620 occidit
2256 4577 2414 4621 :tunc
2436 4570 2577 4621 enim
2611 4568 2912 4636 appellatur
2950 4568 3138 4623 littera.
3170 4569 3403 4642 Spiritus
3445 4584 3612 4627 autem

2026 4658 2246 4725 viviﬁcat
2264 4672 2284 4721 ;
2315 4658 2435 4727 quia
2468 4657 2729 4727 plenitudo
2762 4659 2887 4729 legis
2910 4670 2979 4714 est
3003 4661 3246 4727 charitas,
3278 4678 3398 4733 qua:
3423 4663 3615 4733 diffusa

2025 4757 2098 4802 est
2124 4748 2178 4801 in
2202 4747 2436 4802 cordibus
2472 4750 2656 4803 nostris
2683 4765 2772 4818 per
2802 4749 3051 4820 Spiritum
3074 4762 3309 4808 sanctum
3334 4755 3421 4823 qui
3467 4758 3616 4810 datus

2023 4848 2097 4893 est
2116 4837 2257 4894 nobis
2284 4838 2458 4911 (Rom.
2489 4857 2540 4906 ν,
2567 4841 2643 4911 5).

2024 4934 2243 4999 Ωυεετ.
2270 4932 2333 4986 ll.
2354 4964 2429 4975 —
2448 4933 2811 5007 Argumentum
2830 4934 2996 5004 Epist.
3026 4934 3094 4987 ad
3112 4935 3261 4988 Rom.
3285 4934 3462 4988 Gratia
3490 4937 3613 5005 ﬁdei
3678 4928 3699 5007 ιν*

2099 5026 2334 5098 prmcedit
2362 5025 2494 5080 bona
2519 5043 2692 5097 opera.
2709 5025 2886 5079 Gratia
2902 5026 3023 5095 ﬁdei
3043 5026 3208 5078 minor
3230 5026 3282 5078 in
3298 5027 3615 5081 catechume-

2097 5118 2196 5183 nis,
2219 5119 2385 5183 maior
2422 5118 2475 5170 in
2502 5118 2707 5171 renatis.
2760 5114 2959 5185 Scopas
3002 5115 3232 5185 Apostoli
3282 5116 3333 5168 in
3383 5120 3615 5187 Mtpla

2094 5209 2256 5264 Iacob
2284 5219 2331 5264 et
2364 5208 2521 5262 Esau.
2547 5208 2692 5261 Bona
2718 5223 2870 5276 apera
2899 5221 2963 5259 ea:
2992 5206 3179 5276 gratia,
3223 5222 3322 5260 nou
3360 5208 3527 5277 gratia
3553 5226 3617 5263 ex

2095 5301 2348 5371 operibus.
2385 5298 2649 5363 Quomodo
2666 5299 2812 5368 justa
2840 5298 3013 5351 electio
3041 5296 3204 5352 Iacob
3233 5305 3280 5353 et
3325 5300 3612 5370 reprobatio

2098 5393 2256 5447 Esau.
2307 5390 2502 5446 Electio
2520 5389 2679 5443 Iacob
2702 5407 2767 5443 an
2809 5408 2871 5444 ex
2900 5391 3214 5460 prwscientia
3252 5394 3442 5462 futura:
3470 5392 3610 5461 ﬁdei.

2098 5481 2290 5536 Electio
2315 5498 2377 5535 ea:
2398 5482 2563 5552 gratia
2592 5492 2641 5535 et
2660 5482 2918 5551 proposito
2943 5479 3061 5536 Dei.
3079 5481 3157 5535 An
3169 5482 3299 5547 fides
3323 5482 3455 5536 inter
3476 5483 3612 5537 dona

2093 5576 2271 5645 gratiae
2290 5583 2597 5628 numeretur.
2649 5573 2914 5641 Quomodo
2930 5575 3075 5645 justa
3116 5574 3397 5645 reprobatio
3444 5572 3607 5628 Esau.

2088 5733 2103 5763 ί
2140 5737 2295 5792 tinet
2314 5726 2539 5792 plerique
2561 5736 2762 5779 veteres
2782 5728 2994 5792 codices,
3020 5725 3445 5792 dominanti._‘rum
3468 5728 3610 5789 infra,

2023 5798 2145 5851 loco,
2170 5790 2395 5851 minatur,
2424 5790 2639 5855 quinque
2666 5805 2730 5855 ex
2754 5791 2927 5855 iisdem
2943 5796 3047 5840 Mss.
3067 5791 3268 5850 habent,
3287 5790 3575 5844 (tondeatur.

2087 5860 2106 5887 ¹
2144 5862 2214 5905 Er.
2244 5868 2298 5905 ac
2322 5862 2425 5905 tres
2445 5853 2579 5916 Mss,
2604 5853 2939 5906 dominatione.
