4136 6546
498 465 587 519 HI

567 585 724 638 Fides
753 583 942 634 donum
965 578 1058 632 Dei
1083 579 1378 633 miserentis.
1423 577 1527 633 Cur
1559 579 1746 631 donum
1790 579 1909 647 ﬁdei
1962 577 2077 632 sub-

561 687 781 728 tractum
805 673 868 727 ab
897 671 1054 726 Esau.
1083 673 1162 725 An
1190 688 1253 726 ea:
1283 673 1598 740 pra’scientia
1629 675 1814 743 futura:
1841 671 2076 725 uolunta-

462 794 483 834 χ
565 769 627 821 tis
651 763 962 834 improbatus
987 762 1130 816 Esau
1151 774 1196 817 et
1221 767 1531 834 approbatus
1572 763 1754 818 Jacob.
1795 763 1940 818 Bona
1987 780 2075 818 υο-

565 868 735 916 tuntas
781 865 834 917 in
862 864 1002 919 nobis
1033 865 1089 934 ﬁt
1114 874 1354 934 operante
1382 863 1510 917 Deo.
1555 862 1762 917 Vocatio
1789 881 1855 916 an
1904 863 1968 917 sit
1996 866 2072 935 ef-

565 955 744 1012 fectrix
768 959 911 1011 bona:
939 958 1230 1010 voluntatis.
1285 955 1492 1010 Vocatio
1530 973 1774 1023 congrua.
1804 954 1905 1008 Cur
1935 953 2077 1008 Esau

557 1060 655 1097 non
679 1057 1013 1116 congruenter
1034 1058 1252 1101 uocatus.
1286 1045 1562 1101 Obduratio
1587 1046 1678 1100 Dei
1721 1062 1834 1114 qua:
1860 1047 1943 1098 sit.
1976 1045 2078 1100 So-

557 1134 684 1186 lutio
710 1137 1004 1205 quastionis
1033 1138 1098 1190 de
1116 1136 1466 1206 reprobatione
1489 1136 1647 1190 Esau.
1683 1136 1867 1190 Omnes
1913 1136 2076 1190 homi-

558 1242 645 1277 nes
667 1243 768 1279 una
793 1244 958 1281 massa
983 1230 1190 1298 peccati.
1228 1229 1493 1294 Quomodo
1519 1227 1656 1282 Esau
1684 1228 1819 1281 Deus
1845 1229 1960 1281 odio
1983 1228 2078 1280 ha-

557 1317 683 1381 buit,
712 1319 798 1386 qui
827 1318 956 1372 nihil
982 1320 1087 1372 odit
1126 1336 1298 1373 eorum
1323 1335 1434 1389 qua:
1463 1321 1596 1387 fecit.
1631 1317 1905 1372 Peccatum
1928 1319 2069 1387 quid.

569 1406 704 1459 Vasa
773 1409 1067 1476 perditionis
1113 1410 1182 1462 ad
1264 1427 1409 1464 usum
1476 1410 1796 1463 correctionis
1856 1410 2074 1463 aliorum

556 1501 705 1568 fiunt.
750 1499 924 1555 Vocati
952 1519 1051 1555 non
1081 1519 1272 1568 ontnes,
1300 1504 1390 1556 sed
1411 1519 1473 1555 ea:
1510 1501 1740 1555 omnibus
1779 1511 1826 1554 et
1873 1501 2072 1554 Iudicis

551 1603 596 1643 et
622 1591 882 1645 Gentibus.
918 1590 1140 1645 Intentio
1169 1593 1395 1662 Apostoli
1421 1595 1472 1645 in
1517 1592 1747 1661 Epistola
1788 1592 1854 1645 ad
1883 1591 2070 1646 Roma-

551 1700 661 1737 nos.
696 1682 889 1736 Electio
915 1685 1094 1754 gratia:
1116 1701 1267 1752 quam
1295 1685 1512 1736 occulta.

551 1775 600 1828 1.
634 1773 738 1828 Sed
765 1773 896 1842 jam,
915 1784 968 1826 ιιι
996 1775 1244 1838 arbitror,
1264 1784 1471 1843 tempus
1499 1783 1581 1828 est
1609 1774 1673 1828 ad
1701 1774 1858 1827 aliam
1893 1783 2067 1827 trans—

478 1866 555 1918 ire
581 1865 954 1933 quaestionem,
981 1881 1138 1933 quam
1171 1865 1248 1918 sic
1301 1865 1644 1933 proposuisti,
1674 1873 1732 1918 ut
1757 1865 1821 1918 ab
1841 1880 1906 1918 eo
1927 1864 2068 1934 quod

473 1956 731 2025 scriptum
770 1964 892 2021 est,
926 1953 1047 2008 Non
1075 1955 1240 2009 solum
1267 1965 1436 2008 autem
1467 1956 1482 1986 ¹
1504 1997 1519 2020 ,
1547 1957 1636 2008 sed
1674 1965 1722 2008 et
1761 1955 1984 2010 Rebecca
2009 1971 2071 2008 ea:

471 2063 575 2100 uno
621 2047 887 2100 concubitu
915 2047 1102 2101 habens
1147 2046 1300 2100 Isaac
1338 2049 1495 2116 patris
1541 2048 1718 2101 nostri.
1767 2047 1894 2102 Cum
1934 2049 2068 2102 enint

472 2136 699 2189 nondum
741 2137 848 2190 nati
886 2148 1084 2202 essent,
1119 2155 1275 2209 neque
1304 2139 1499 2208 aliquid
1526 2140 1738 2210 egissent
1770 2141 1954 2193 bonum
1981 2151 2070 2194 aut

473 2228 666 2279 malum
685 2242 704 2292 ;
726 2241 895 2297 usque
919 2227 985 2281 ad
1013 2227 1064 2282 id
1097 2227 1236 2297 quod
1263 2229 1518 2298 scriptum
1544 2238 1645 2294 est,
1674 2228 1790 2282 Nisi
1820 2228 2068 2283 Dominus

471 2318 682 2371 sabaotlt
701 2318 982 2388 reliquisset
1002 2318 1143 2372 nobis
1164 2335 1350 2385 semen,
1373 2321 1505 2372 sicut
1535 2319 1762 2374 Sodoma
1790 2321 1914 2391 facti
1935 2337 2068 2374 esse-

473 2425 604 2473 mus,
625 2417 668 2461 et
690 2409 817 2462 sicut
838 2407 1122 2463 Gomorrlta
1139 2410 1326 2464 similes
1363 2411 1668 2484 fuissemus(
1693 2411 1841 2466 Rom.
1862 2427 1932 2477 ιχ,
1974 2412 2069 2466 10-

470 2499 563 2570 29)
585 2517 597 2552 :
624 2508 731 2553 tota
759 2500 872 2569 ipsa
890 2501 1160 2555 contextio
1181 2500 1476 2555 disseratur
1497 2519 1511 2564 ;
1531 2510 1584 2556 et
1609 2501 1846 2572 profecto
1877 2511 1960 2558 est
1985 2503 2065 2558 la-

468 2589 755 2644 tebrosior.
786 2589 894 2645 Sed
927 2600 1092 2656 certe,
1110 2592 1322 2661 qualem
1356 2601 1407 2647 te
1435 2608 1557 2663 erga
1589 2609 1675 2648 me
1697 2594 1852 2660 novi,
1876 2594 2065 2663 jubere

466 2681 598 2734 mihi
641 2690 698 2736 ut
743 2681 1006 2751 aperirem
1042 2682 1141 2736 ista
1172 2698 1279 2737 non
1323 2698 1509 2752 posses
1538 2685 1580 2750 ’,
1614 2685 1715 2739 nisi
1760 2700 1790 2738 a
1841 2685 2064 2739 Domino

463 2774 833 2844 deprecareris
860 2784 919 2830 ut
945 2791 1178 2846 possem.
1211 2776 1367 2844 Quod
1404 2777 1673 2848 adjutorio
1703 2776 1954 2832 ﬁdentior
1986 2779 2066 2832 fa-

461 2875 604 2932 ctus,
633 2866 936 2936 aggredior.

533 2955 590 3008 2.
632 2957 699 3010 Et
728 2956 902 3026 primo
931 2956 1281 3012 intentionem
1309 2958 1549 3026 Apostoli
1571 2999 1588 3025 ,
1629 2975 1748 3029 quae
1773 2975 1871 3031 per
1900 2969 2062 3017 totam

465 3046 758 3114 Epistolam
781 3047 940 3117 viget,
965 3047 1174 3112 tenebo,
1209 3063 1364 3118 quam
1391 3050 1687 3103 consulam.
1720 3050 1846 3105 Haec
1869 3060 1951 3106 est
1971 3069 2062 3108 au-

465 3144 596 3201 tem,
633 3146 688 3188 ut
711 3136 778 3190 de
805 3150 1026 3206 operum
1059 3139 1263 3192 meritis
1291 3153 1450 3192 nemo
1472 3139 1747 3209 glorietur,
1778 3141 1845 3194 de
1869 3143 2063 3211 quibus

466 3227 736 3281 audebant
773 3227 1022 3282 Israelita:
1058 3229 1309 3299 gloriari,
1342 3230 1484 3299 quod
1527 3231 1666 3285 datm
1692 3233 1792 3286 sibi
1819 3234 1920 3303 legi
1946 3248 2062 3287 ser-

470 3321 690 3384 vissent,
719 3330 772 3373 et
793 3336 858 3374 ex
881 3319 982 3375 hoc
1009 3323 1366 3392 evangelicam
1391 3325 1612 3393 gratiam
1644 3334 1891 3394 tanquam
1915 3327 2062 3380 debi-

466 3424 573 3465 tam
605 3413 810 3467 meritis
853 3414 965 3468 suis
993 3416 1361 3484 percepissent
1384 3458 1399 3480 ,
1440 3419 1563 3485 quia
1593 3417 1695 3486 legi
1735 3419 2059 3474 serviebant.

466 3504 619 3559 Unde
664 3505 920 3560 nolebant
945 3507 1188 3562 eamdem
1225 3510 1449 3577 gratiam
1480 3508 1595 3563 dari
1617 3509 1908 3575 Gentibus,
1942 3520 2061 3565 tan-

462 3611 622 3663 quam
663 3595 892 3667 indignis
930 3597 1032 3652 nisi
1073 3597 1290 3653 Judaica
1329 3609 1663 3655 sacramenta
1701 3602 2058 3670 susciperent.

462 3687 594 3749 Quae
633 3696 750 3739 orta
788 3688 1011 3755 quaestio
1059 3688 1111 3742 in
1157 3691 1536 3758 Apostolorum
1578 3691 1797 3746 Actibus
1840 3694 2062 3748 solvitur

465 3774 601 3842 (Act.
635 3775 749 3844 xv).
780 3775 899 3830 Non
926 3777 1068 3831 enim
1099 3777 1463 3849 intelligebant
1485 3823 1500 3846 ,
1547 3783 1669 3850 quia
1713 3797 1780 3836 eo
1814 3784 1928 3853 ipso
1956 3800 2060 3854 quo

463 3868 633 3936 gratia
660 3878 742 3924 est
767 3870 1092 3940 evangelica,
1126 3871 1378 3941 operibus
1409 3889 1514 3926 non
1545 3873 1806 3928 debetur:
1836 3876 2059 3944 alioquin

463 3962 628 4029 gratia
641 3961 756 4030 jam
783 3977 884 4016 non
904 3971 978 4016 est
1003 3964 1170 4033 gratia
1201 3961 1375 4034 (Rom.
1409 3980 1493 4028 at,
1523 3964 1601 4036 6).
1630 3965 1697 4019 Ει
1727 3967 1908 4020 multis
1930 3968 2060 4022 locis

461 4057 564 4108 hoc
592 4069 735 4123 saepe
765 4063 1007 4121 testatur,
1043 4054 1164 4110 ﬁdei
1189 4057 1413 4126 gratiam
1439 4072 1754 4126 prazponens
1783 4059 2056 4129 operibus,

393 4192 404 4202 .
462 4160 568 4199 non
615 4154 674 4199 ut
701 4159 863 4214 Opera
891 4146 1231 4216 exstinguat,
1278 4150 1371 4202 sed
1413 4157 1470 4202 ut
1514 4150 1762 4206 ostendat
1803 4168 1909 4207 non
1940 4168 2060 4209 esse

460 4251 624 4306 opera
669 4235 1026 4306 praacedentia
1073 4239 1330 4308 gratiam,
1381 4243 1476 4294 sed
1520 4243 1949 4312 consequentia:
2007 4256 2062 4299 ut

460 4327 666 4382 scilicet
694 4344 801 4383 non
827 4343 885 4382 se
914 4329 1140 4399 quisque
1161 4331 1451 4386 arbitretur
1476 4333 1596 4388 ideo
1617 4337 1922 4404 percepisse
1940 4352 2060 4408 gra-

464 4419 624 4485 tiam,
652 4418 774 4489 quia
811 4419 949 4474 bene
974 4431 1225 4490 operatus
1269 4432 1352 4477 est
1378 4439 1392 4488 ;
1425 4425 1518 4478 sed
1546 4425 1684 4480 bene
1716 4430 1926 4497 operari
1955 4446 2060 4485 non

463 4524 622 4580 posse
644 4549 660 4577 ,
689 4510 790 4565 nisi
818 4526 914 4580 per
935 4510 1094 4565 ﬁdem
1122 4515 1423 4582 perceperit
1447 4517 1691 4586 gratiam.
1747 4517 1932 4589 Incipit
1960 4535 2060 4575 au-

466 4613 572 4655 tem
604 4601 766 4658 homo
793 4604 1069 4673 percipere
1090 4607 1312 4676 gratiam
1335 4649 1349 4674 ,
1378 4623 1446 4662 ex
1468 4625 1576 4679 quo
1602 4612 1787 4682 incipit
1813 4613 1921 4668 Deo
1944 4630 2063 4670 cre-

462 4695 624 4761 dere,
653 4695 736 4749 vel
768 4695 977 4749 interna
1013 4697 1094 4750 vel
1120 4706 1339 4752 externa
1367 4699 1729 4758 admonitione
1774 4715 1950 4759 motus
1993 4707 2059 4760 ad

463 4784 642 4839 fidem.
671 4783 777 4839 Sed
810 4785 1032 4840 interest
1057 4786 1249 4855 quibus
1275 4789 1516 4843 articulis
1541 4802 1838 4862 tempormn
1869 4795 1952 4850 vel
1974 4811 2063 4852 ce-

462 4873 760 4931 lebratione
787 4887 1245 4932 sacramentorum
1267 4881 1435 4949 gratia
1461 4883 1668 4951 plenior
1687 4893 1738 4939 et
1764 4887 2062 4944 evidentior

459 4967 788 5023 inl'undatur.
822 4969 936 5024 Non
963 4971 1107 5024 enim
1132 4972 1502 5028 catecbutneni
1536 4990 1640 5030 non
1668 4979 1927 5048 credunt,
1971 4992 2062 5036 aut

461 5072 588 5112 Vero
625 5059 911 5114 Cornelius
949 5076 1058 5115 non
1085 5060 1338 5116 credebat
1366 5063 1506 5130 Deo,
1541 5081 1660 5119 cum
1702 5067 2061 5140 eleemosynis

464 5155 518 5199 et
546 5149 874 5204 orationibus
901 5151 1116 5222 dignum
1144 5167 1203 5207 se
1229 5152 1494 5223 prazberet
1522 5157 1607 5209 cui
1635 5158 1855 5227 angelus
1881 5161 2062 5217 mitte-

465 5249 612 5293 retur
644 5238 779 5311 (Act.
813 5258 848 5295 ι
869 5283 885 5308 ,
919 5244 1037 5312 Μ)
1063 5262 1076 5298 :
1117 5244 1212 5300 sed
1239 5246 1384 5301 nullo
1415 5247 1576 5303 modo
1597 5249 1697 5303 ista
1724 5262 2056 5322 cperaretur,

466 5330 564 5384 nisi
596 5339 720 5384 ante
749 5331 1096 5402 credidisset;
1125 5337 1272 5392 nullo
1297 5338 1458 5394 modo
1487 5349 1667 5396 autem
1703 5342 2054 5410 credidisset,

529 5507 544 5538 ί
580 5507 702 5556 Bditi
723 5520 835 5556 cum
857 5507 1056 5573 vulgata
1072 5516 1441 5566 consentientes
1455 5531 1466 5566 :
1482 5527 1581 5569 Non
1600 5519 1753 5571 solum
1773 5530 1932 5573 autem
1953 5521 2057 5573 illa.

466 5577 516 5644 Alt.
545 5571 1042 5644 lassat-)onvenieutes
1062 5587 1174 5644 cuin
1191 5587 1350 5644 graeca
1374 5576 1585 5644 lectione
1609 5571 1808 5633 minime
1840 5571 2055 5644 addunt,

462 5629 565 5698 illa.
591 5631 947 5709 υιιζιιιξθςιιιιειιι
971 5636 1102 5709 vocis
1126 5629 1230 5683 loco
1255 5637 1302 5682 in
1319 5639 1528 5709 antiquis
1551 5629 2056 5709 iniiinii;illisit];

466 5644 565 5698 tua.
591 5644 947 5739 ctqusuqtnuem
971 5646 1102 5682 vocis
1126 5644 1230 5683 loco
1255 5644 1302 5682 in
1319 5644 1528 5700 antiquis
1551 5644 1710 5694 latinis
1730 5647 1888 5694 tiihliis
1911 5661 2056 5709 repe-

466 5705 565 5738 rn-e
591 5699 694 5762 est“,
710 5751 722 5762 _
745 5754 754 5762 .
777 5705 796 5740 ι
816 5703 833 5740 :
857 5693 946 5762 sed
964 5704 1190 5744 neutram
1214 5709 1384 5762 vocem
1407 5699 1590 5762 legisse
1616 5706 1808 5754 videtur
1833 5712 2057 5762 augusti—

466 5765 577 5810 nus,
599 5753 683 5859 qui
709 5751 804 5810 hic,
831 5766 876 5801 n.
894 5753 942 5812 5,
963 5763 1097 5816 putat
1121 5747 1503 5818 propositionem
1512 5747 1589 5812 ἶῖ
1600 5747 2054 5831 dri'sbiiiin"iz}it2?pi',

466 5826 607 5859 comi)
629 5814 701 5859 eri
725 5813 1084 5859 Sttbintellectis
1107 5818 1243 5859 hisce
1275 5821 1464 5859 vei-him
1494 5829 1618 5859 tamn
1641 5832 1903 5859 nvnmiccno
1932 5843 2000 5859 ηρ.

466 5813 1084 5889 εοεηριεςι-ειιιιιιξιειιέσιιε
1107 5813 1243 5866 titsc‘e
1275 5821 1467 5881 verbis,
1493 5813 2022 5889 ιειιειὸῂιῖόᾱίιὲὲιῖξὶῖἐὶῖ

532 5876 553 5908 ³
580 5873 660 5924 Sic
676 5880 782 5922 Mss.
808 5874 925 5923 Editi
949 5891 1083 5938 vero,
1114 5892 1312 5940 possem.

1003 465 1090 521 DE
1133 464 1444 521 DlVEliSlS
1480 463 2002 534 ΟυίΕΞΤΙΟΝΙΒυδ
2042 467 2061 519 .4

2168 463 2671 536 SIMPLICIANUM,
2714 471 2771 525 S.
2816 471 3178 529 AUGUSTINI

3677 476 3781 534 ΗΞ

2183 578 2283 632 nisi
2313 580 2394 635 vel
2416 583 2635 637 secretis
2664 598 2760 654 per
2789 585 2898 639 visa
2923 587 3116 640 mentis
3142 593 3232 640 aut
3255 584 3471 655 spiritus
3489 629 3505 654 ,
3537 585 3620 643 vel
3656 605 3775 645 ma-

2178 668 2542 727 nifestioribus
2567 689 2661 744 per
2681 690 2870 730 sensus
2890 677 3128 747 corporis
3147 677 3597 734 admonitionibus
3615 696 3776 737 voca-

2181 771 2346 816 retur.
2371 762 2474 817 Sed
2500 764 2550 817 in
2581 765 2896 835 quibusdam
2928 775 3072 821 tanta
3095 777 3176 822 est
3202 770 3367 838 gratia
3391 769 3546 834 ﬁdei,
3573 782 3772 841 quanta

2181 867 2285 908 non
2327 855 2521 910 sufﬁcit
2549 858 2614 911 ad
2655 859 2998 913 obtinendum
3044 876 3263 931 regnum
3295 863 3592 930 cmlorum;
3633 865 3774 918 sicut

2179 945 2233 1000 in
2256 947 2674 1016 catechumenis,
2703 950 2839 1005 sicut
2867 951 2918 1005 in
2947 953 3062 1022 ipso
3090 954 3336 1009 Cornelio
3362 965 3645 1026 antequam
3673 957 3773 1012 Sa-

2178 1050 2570 1095 cramentorum
2605 1042 3006 1112 participatione
3030 1045 3460 1115 incorporaretur
3493 1049 3767 1103 Ecclesire.

2180 1129 2236 1183 In
2262 1133 2578 1200 quibusdam
2610 1150 2738 1190 vero
2780 1146 2919 1190 tanta
2948 1147 3062 1199 est,
3095 1149 3149 1192 ιιι
3171 1139 3279 1207 jam
3319 1142 3528 1208 corpori
3567 1140 3766 1196 Christi

2178 1227 2233 1273 et
2257 1231 2440 1275 sancto
2472 1223 2560 1276 Dei
2607 1225 2804 1294 templo
2848 1226 3185 1295 deputentur.
3219 1227 3482 1298 Templum
3511 1233 3646 1284 enim
3676 1231 3770 1285 Dei

2178 1319 2404 1364 sanctum
2447 1323 2552 1378 est,
2585 1314 2753 1383 inquit
2781 1316 3100 1387 Apostolus,
3147 1319 3282 1384 quod
3320 1321 3435 1374 estis
3461 1337 3545 1375 vos
3578 1321 3620 1392 (Ι
3647 1322 3766 1376 Cor.

2179 1415 2267 1466 ιιι,
2295 1401 2408 1472 17).
2444 1404 2509 1457 Et
2535 1405 2648 1474 ipse
2690 1406 2945 1461 Dominus
2965 1451 2978 1469 ,
3020 1407 3134 1463 Nisi
3161 1412 3273 1479 quis
3302 1422 3505 1465 renatus
3530 1413 3680 1483 fuerit
3704 1430 3772 1468 ex

2177 1509 2308 1562 aqua
2331 1503 2375 1547 et
2403 1494 2601 1566 Spiritu
2627 1506 2821 1565 sancto,
2851 1515 2951 1552 non
2980 1500 3184 1553 intrabit
3211 1502 3261 1554 in
3293 1517 3500 1572 regnum
3525 1503 3768 1556 cielorum

2178 1580 2354 1653 (Joan.
2387 1601 2464 1650 tn,
2492 1585 2572 1656 5).
2604 1587 2762 1642 Fiunt
2789 1604 2917 1658 ergo
2948 1590 3314 1646 ineltoationes
3345 1593 3587 1662 quzedam
3619 1593 3762 1657 ﬁdei,

2173 1675 2612 1743 conceptionibus
2654 1677 2856 1732 similes
2891 1694 2906 1732 :
2939 1695 3043 1733 non
3095 1689 3269 1734 tamen
3299 1683 3470 1735 solum
3511 1684 3718 1751 concipi
3747 1725 3762 1747 ,

2173 1762 2266 1816 sed
2292 1764 2451 1818 etiam
2484 1767 2627 1820 nasci
2657 1782 2791 1836 opus
2817 1780 2896 1822 est
2916 1812 2928 1830 ,
2962 1779 3020 1824 ut
3047 1770 3112 1824 ad
3136 1772 3295 1826 vitam
3327 1774 3668 1840 perveniatur
3691 1791 3769 1827 ze-

2174 1860 2398 1906 ternam.
2429 1854 2569 1908 Nihil
2600 1866 2773 1910 tamen
2808 1858 2995 1912 horum
3041 1862 3156 1914 sine
3183 1862 3350 1929 gratia
3381 1863 3768 1918 misericordia!

2174 1942 2265 1996 Dei
2301 1961 2314 1998 :
2347 1945 2467 2014 quia
2499 1955 2554 2001 et
2578 1961 2736 2016 opera
2764 1949 2807 2002 si
2837 1965 2939 2019 qua
2971 1961 3095 2004 sunt
3123 1951 3257 2004 bona
3281 1992 3294 2012 ,
3323 1964 3726 2022 consequuntur
3748 1995 3765 2016 ,

2172 2043 2230 2089 ut
2253 2034 2452 2091 dictum
2481 2047 2580 2104 est,
2616 2039 2756 2093 illam
2782 2042 3028 2109 gratiam,
3056 2058 3158 2096 non
3189 2044 3513 2112 praecedunt.

2243 2128 2296 2184 5.
2336 2129 2504 2196 Quam
2537 2145 2648 2184 rem
2693 2131 3012 2200 persuadere
3052 2135 3339 2204 Apostolus
3380 2136 3595 2199 volens,
3639 2136 3772 2206 quia'

2171 2219 2308 2274 sicut
2333 2221 2439 2274 alio
2461 2220 2580 2275 loco
2603 2223 2752 2288 dicit,
2783 2223 2959 2277 Gratia
2980 2226 3110 2278 enim
3134 2225 3230 2280 Dei
3253 2227 3381 2280 salvi
3409 2228 3532 2298 facti
3556 2231 3774 2292 sumus,’

2171 2319 2218 2364 et
2248 2311 2263 2342 ¹
2297 2329 2397 2366 non
2424 2329 2486 2366 ea:
2516 2313 2677 2376 nobis.
2701 2315 2789 2368 sed
2817 2313 2914 2368 Dei
2942 2316 3129 2369 donum
3155 2327 3226 2372 est
3251 2334 3269 2371 :
3294 2335 3392 2372 non
3419 2335 3480 2372 ea:
3506 2319 3764 2389 operibus,

2171 2418 2235 2456 ne
2260 2406 2390 2475 forte
2429 2404 2540 2470 quis
2574 2405 2849 2458 extollatur
2884 2405 3098 2476 (Ep/tes.
3141 2423 3208 2473 ιι,
3241 2410 3273 2463 8
3294 2451 3308 2474 ,
3346 2409 3434 2477 9);
3465 2409 3532 2462 de
3564 2412 3643 2464 his
3671 2414 3764 2481 qui

2171 2491 2405 2544 nondum
2437 2492 2543 2546 nati
2580 2503 2766 2561 erant,
2805 2495 3184 2550 documentum
3215 2498 3378 2553 dedit.
3422 2499 3588 2554 Nemo
3617 2503 3762 2555 enim

2173 2593 2354 2651 posset
2371 2583 2551 2638 dicere
2577 2584 2716 2653 quod
2740 2585 2993 2653 operibus
3016 2600 3380 2655 promeruerat
3409 2591 3572 2645 Deum
3598 2591 3766 2648 Jacob

2171 2673 2407 2726 nondum
2441 2683 2594 2728 natus
2619 2717 2634 2740 ,
2666 2685 2723 2728 ut
2747 2675 2999 2730 divinitus
3025 2677 3314 2740 diceretur,
3348 2679 3412 2733 Et
3453 2685 3618 2750 major
3657 2699 3768 2736 ser-

2170 2765 2266 2818 viet
2291 2767 2493 2819 minori.
2524 2767 2684 2837 Ergo,
2716 2766 2836 2822 Non
2860 2770 3052 2833 solum,
3079 2771 3266 2840 inquit,
3303 2771 3446 2826 Isaac
3467 2774 3765 2842 promissus

2170 2865 2280 2921 est,
2323 2873 2443 2910 cum
2475 2857 2674 2912 dictum
2701 2869 2815 2925 est,
2845 2861 2927 2913 Ad
2956 2863 3050 2913 ltoc
3077 2873 3272 2931 tempus
3308 2865 3503 2917 veniam
3526 2907 3542 2931 ,
3581 2877 3629 2918 tt
3667 2869 3766 2922 erit

2173 2946 2322 3000 Sara:
2360 2948 2496 3014 ﬁlius
2523 2965 2543 3002 :
2569 2949 2655 3018 qui
2686 2951 2866 3020 utique
2909 2952 3067 3006 nullis
3111 2953 3364 3022 operibus
3395 2967 3767 3025 promeruerat

2171 3035 2359 3101 Deum,
2388 3046 2445 3090 ut
2473 3040 2774 3094 nasciturus
2805 3043 3237 3110 promitteretur,
3272 3053 3328 3098 ut
3354 3045 3404 3098 in
3432 3045 3578 3102 Isaac
3604 3063 3765 3103 voca-

2170 3135 2318 3180 retur
2345 3142 2529 3182 semen
2556 3129 2821 3194 Abrahae;
2857 3131 2906 3185 id
2933 3141 3047 3198 est,
3079 3133 3150 3186 illi
3193 3137 3522 3204 pertinerent
3547 3137 3613 3192 ad
3640 3153 3764 3194 sor-

2171 3223 2277 3270 tem
2301 3227 2606 3273 sanctorum
2629 3237 2748 3290 qua:
2772 3223 2823 3276 in
2845 3224 3060 3278 Clu-isto
3083 3235 3186 3289 est,
3209 3227 3300 3296 qui
3323 3244 3381 3283 se
3405 3230 3763 3300 intelligerent

2169 3309 2308 3365 ﬁlios
2337 3314 2707 3382 promissionis
2727 3357 2742 3381 ,
2773 3333 2877 3370 non
2905 3319 3269 3386 superbientes
3295 3321 3362 3376 de
3393 3324 3595 3377 meritis
3624 3325 3759 3391 suis,

2169 3401 2265 3455 sed
2304 3403 2489 3471 gratia:
2537 3407 2874 3460 vocationis”
2903 3408 3217 3476 deputantes
3261 3413 3404 3482 quod
3451 3414 3762 3470 colueredes

2169 3502 2352 3546 essent
2378 3491 2612 3556 Christi;
2645 3511 2764 3549 eum
2801 3498 2941 3551 enim
2986 3500 3304 3568 promissum
3332 3512 3414 3557 est
3453 3515 3509 3558 ut
3541 3513 3723 3559 essent
3745 3547 3759 3566 .

2168 3585 2299 3637 nihil
2349 3587 2530 3655 utique
2577 3600 2882 3643 meruerant
2912 3593 2999 3660 qui
3052 3594 3286 3648 nondum
3338 3607 3490 3651 erant
3538 3598 3688 3650 :sed
3715 3609 3766 3652 et

2169 3673 2393 3728 Rebecca
2439 3692 2501 3730 ea:
2535 3693 2635 3730 uno
2673 3681 2937 3734 concubitu
2976 3683 3165 3738 habens
3195 3684 3344 3739 Isaac
3386 3689 3545 3757 patris
3580 3691 3758 3744 nostri.

2171 3766 2585 3835 Vigilantissime
2628 3770 2736 3837 ait,
2787 3789 2850 3826 ex
2889 3791 2988 3826 uno
3036 3779 3302 3832 concubitu
3350 3781 3568 3850 (gemini
3617 3785 3760 3840 enim

2168 3861 2411 3928 concepti
2449 3864 2624 3932 erant)
2655 3881 2668 3916 :
2703 3879 2770 3918 ne
2799 3867 2881 3920 vel
2911 3871 3147 3936 paternis
3175 3873 3378 3927 meritis
3417 3876 3760 3944 tribueretur,

2168 3949 2211 4002 si
2238 3951 2517 4021 quisquam
2550 3952 2687 4009 forte
2712 3955 2949 4020 diceret,
2984 3959 3107 4014 Ideo
3135 3963 3252 4016 talis
3285 3974 3438 4019 natus
3467 3974 3551 4020 est
3582 3967 3757 4034 ﬁlius,

2167 4043 2290 4112 quia
2321 4054 2472 4112 pater
2508 4045 2580 4098 ita
2623 4056 2738 4101 erat
2778 4047 2999 4104 aﬂ'ectus
3029 4051 3121 4106 illo
3151 4054 3202 4107 in
3234 4063 3474 4126 tempore
3501 4074 3608 4128 quo
3634 4076 3758 4116 eum

2168 4134 2307 4188 sevit
2334 4135 2386 4188 in
2418 4145 2573 4191 utero
2600 4139 2818 4204 matris;
2849 4150 2941 4195 aut
2966 4142 3035 4196 ita
3063 4154 3179 4198 erat
3205 4157 3375 4202 mater
3393 4149 3604 4218 alit—cla,
3636 4167 3759 4208 cum

2167 4240 2289 4280 eum
2318 4227 2584 4295 concepit.
2627 4227 2797 4283 Simul
2826 4231 2971 4286 enim
3015 4235 3201 4290 ambos
3241 4253 3348 4291 uno
3387 4249 3630 4310 tempore
3672 4243 3761 4298 ille

2168 4318 2326 4383 sevit,
2358 4317 2548 4374 eodem
2577 4329 2816 4391 tempore
2837 4324 2923 4378 illa
2948 4329 3211 4398 concepit.
3245 4331 3324 4385 Ad
3360 4332 3462 4386 hoc
3481 4349 3760 4390 commen-

2167 4408 2399 4463 dandum
2425 4411 2519 4477 ait,
2548 4427 2612 4466 ea:
2630 4430 2732 4467 uno
2760 4417 3062 4482 concubitu;
3088 4429 3143 4474 ut
3173 4436 3274 4476 nec
3295 4425 3576 4483 astroloais
3604 4428 3761 4483 daret

2167 4442 2399 4463 uanuqu
2425 4442 2519 4477 au,
2548 4442 2611 4466 cui
2632 4442 2732 4467 αηυ
2760 4442 3062 4482 cuncuauu;
3089 4442 3143 4474 ut
3174 4442 3274 4476 nec
3295 4442 3494 4478 aSU‘OIO
3535 4442 3576 4480 IS
3604 4442 3759 4483 aaret

2167 4499 2365 4566 locum,
2387 4502 2470 4556 vel
2497 4502 2576 4556 eis
2598 4505 2772 4573 potius
2792 4522 2928 4577 quos
2948 4510 3310 4580 genethliacos
3333 4498 3759 4586 appellaverunt,

2168 4590 2260 4659 qui
2286 4590 2353 4645 de
2384 4592 2650 4649 natalibus
2690 4600 3020 4654 nascentium
3053 4618 3232 4658 mores
3268 4615 3322 4658 et
3347 4619 3536 4662 eventa
3577 4612 3761 4679 conje-

2146 4690 2337 4758 ',ctant.
2362 4682 2498 4750 Quid
2529 4684 2671 4738 enint
2701 4686 2904 4758 dicant,
2925 4705 3022 4745 cur
3041 4708 3144 4747 una
3167 4698 3515 4766 conceptione
3535 4702 3636 4756 sub
3656 4705 3781 4758 unol

2171 4773 2353 4842 utique
2380 4777 2636 4845 temporis
2680 4789 2909 4847 puncto,
2952 4783 3138 4838 eadem
3180 4785 3531 4856 dispositione
3559 4794 3678 4846 εαξη
3711 4771 3782 4860 et}

2123 4899 2133 4948 κε
2169 4864 2438 4932 siderum,
2485 4875 2542 4921 ut
2584 4868 2792 4925 diversa
2837 4873 3060 4944 singulis
3100 4880 3342 4932 annotari
3386 4883 3608 4936 omnino
3655 4877 3776 4948 non:

2130 4943 2426 5036 lpossent,
2481 4967 2624 5014 tanta
2684 4961 2736 5015 in
2797 4963 2900 5018 illis
2937 4943 3174 5034 geminis
3230 4970 3512 5027 diversitas
3561 4943 3781 5042 fuerit;

2140 5045 2388 5134 ‘prorsus
2431 5063 2536 5103 non
2582 5053 2858 5109 inveniunt
2900 5074 2914 5111 :
2957 5067 3013 5112 et
3041 5060 3191 5114 facile
3219 5063 3686 5129 animadvertunt,
3719 5057 3782 5120 sil

2166 5129 2353 5195 volunt
2374 5184 2387 5205 ,
2419 5158 2674 5212 responsa
2703 5145 2790 5200 illa
2821 5163 2940 5217 qua:
2967 5150 3181 5206 miseris
3221 5153 3528 5218 venditant,
3562 5155 3784 5210 nullius‘

2168 5234 2300 5287 artis
2323 5235 2673 5301 expositione,
2705 5238 2797 5291 sed
2821 5237 3034 5294 fortuita
3056 5243 3359 5312 suspicione
3380 5243 3628 5316 proferri.
3657 5243 3782 5301 Sed‘

2171 5335 2227 5377 ut
2255 5323 2322 5379 de
2348 5341 2407 5378 re
2430 5341 2550 5395 qua:
2575 5330 2746 5398 agitur
2772 5333 2948 5399 potius
2977 5335 3258 5404 loquanmr
3275 5380 3289 5401 ,
3322 5338 3387 5391 ad
3415 5340 3780 5409 frangendam'

2168 5426 2328 5486 atque
2369 5418 2720 5488 dejiciendam
2769 5427 3070 5494 superbiam
3113 5429 3388 5487 hominum
3433 5434 3760 5504 ingratorum

2167 5511 2352 5579 gratiae
2397 5513 2524 5578 Dei,
2557 5523 2608 5568 et
2647 5516 2957 5573 audentiam
2997 5522 3212 5591 gloriari
3252 5523 3320 5580 de
3372 5529 3576 5581 meritis
3618 5529 3760 5593 suis,

2170 5600 2266 5654 ista
2295 5614 2804 5660 commemorantur.
2829 5608 2956 5663 Cum
2984 5612 3116 5666 enim
3138 5614 3364 5670 nondum
3391 5619 3499 5671 nati
3526 5619 3758 5690 fuissent,

2231 5778 2650 5858 {verba
2661 5794 2678 5858 _:
2701 5783 2867 5858 Gratia
2887 5783 3129 5858 enim'Dei
3165 5789 3288 5842 salui
3313 5792 3434 5854 facti
3480 5805 3752 5858 sumtis,et,

2124 5843 2126 5846 '
2166 5837 2344 5908 desunt
2365 5842 2441 5888 hic
2465 5842 2512 5888 in
2538 5848 2609 5889 Er.
2629 5850 2679 5890 et
2705 5843 2951 5908 plerisque
2975 5857 3075 5898 \Iss.

2233 5904 2250 5930 ²
2287 5907 2358 5946 Er.
2379 5911 2426 5950 et
2459 5913 2664 5962 quatuor
2696 5911 2822 5964 Mss,
2855 5904 3027 5969 gratim
3060 5913 3302 5968 vocationi.
