4136 6550
477 573 580 630 H5

392 725 394 727 ›
473 687 711 745 nondum
741 685 876 740 natis
900 694 954 741 et
981 684 1213 739 nondum
1252 683 1450 753 aliquid
1491 682 1724 752 operatis
1748 681 2051 752 exemplum

471 783 654 838 datum
697 780 1020 850 accipiatur,
1052 795 1120 835 ne
1159 780 1334 848 aliqua
1363 777 1552 831 electio
1581 775 1670 830 hic
1697 775 1866 845 possit
1895 773 2057 828 intel-

468 871 580 943 ligi.
615 872 740 927 Cum
777 871 911 925 enim
959 870 1184 924 nondum
1223 869 1330 923 nati
1373 869 1619 938 fuissent,
1660 881 1820 936 neque
1861 862 2057 930 aliquid

469 965 685 1034 egissent
702 963 804 1017 sive
821 964 1007 1016 bonum
1028 962 1131 1014 sive
1151 959 1342 1013 malum
1361 1001 1375 1025 ,
1395 969 1447 1012 ut
1469 955 1744 1011 secundum
1765 954 2056 1009 electionem

468 1057 784 1126 propositum
807 1053 904 1107 Dei
927 1063 1186 1116 maneret;
1211 1051 1260 1104 id
1279 1061 1382 1112 est,
1408 1063 1580 1118 neque
1603 1045 1802 1116 aliquid
1824 1047 2059 1114 egissent

468 1150 668 1201 bonum
699 1155 791 1200 aut
813 1144 1035 1210 malum,
1061 1153 1116 1196 ut
1141 1152 1359 1212 propter
1385 1141 1552 1209 ipsam
1577 1138 1842 1192 actionem
1866 1135 2056 1190 electio

465 1242 644 1310 aliqua
681 1238 835 1294 ﬁeret
869 1237 985 1308 ejus
1025 1235 1114 1306 qui
1149 1236 1286 1290 bene
1326 1242 1508 1303 egerat
1540 1249 1553 1284 :
1584 1246 1704 1285 cum
1741 1244 1868 1300 ergo
1909 1227 2054 1282 nulla

466 1340 613 1388 esset
642 1329 837 1383 electio
862 1327 1000 1382 bene
1027 1327 1228 1396 agentis
1249 1365 1262 1386 ,
1293 1323 1584 1378 secundum
1616 1337 1776 1392 quam
1814 1327 2056 1374 maneret

464 1421 801 1490 propositum
832 1419 954 1484 Dei,
986 1435 1083 1471 non
1123 1433 1185 1470 ea:
1206 1415 1438 1485 operibus
1458 1455 1472 1479 ,
1509 1413 1596 1466 sed
1632 1427 1696 1466 ea:
1733 1420 1968 1473 vocante,
2002 1409 2054 1463 id

463 1521 580 1577 est,
611 1527 674 1565 ex
707 1526 773 1566 eo
801 1511 888 1580 qui
918 1509 1152 1563 vocando
1178 1506 1246 1561 ad
1276 1505 1432 1560 [idem
1476 1503 1643 1575 gratia
1668 1501 1925 1572 justiﬁcat
1949 1501 2053 1554 im-

465 1604 610 1670 pium
632 1642 646 1666 ,
675 1600 863 1654 dictum
893 1610 965 1654 est
1006 1599 1086 1666 ei,
1128 1598 1261 1663 Quia
1298 1598 1464 1667 major
1499 1595 1673 1648 serviet
1702 1593 1903 1647 minori.
1935 1590 2051 1646 Non

461 1708 592 1762 ergo
631 1692 923 1748 secundum
966 1689 1283 1745 electionem
1320 1687 1650 1757 prepositum
1698 1685 1791 1739 Dei
1835 1691 2048 1749 manet,

460 1784 557 1838 sed
601 1801 665 1838 ex
704 1784 979 1854 proposito
1017 1781 1211 1837 electio
1244 1798 1258 1834 :
1289 1780 1339 1833 id
1370 1789 1490 1846 est,
1535 1794 1639 1832 non
1683 1778 1805 1848 quia
1848 1776 2052 1830 invenit

461 1878 602 1930 Deus
622 1891 785 1944 opera
807 1875 945 1929 bona
971 1873 1022 1926 in
1044 1871 1350 1926 hominibus
1373 1887 1491 1940 quae
1515 1869 1694 1939 eligat,
1725 1869 1844 1923 ideo
1871 1875 2052 1922 manet

458 1962 792 2033 propositum
817 1959 1210 2031 justiﬁcatiouis
1237 1959 1432 2027 ipsius;
1456 1956 1551 2011 sed
1574 1956 1696 2027 quia
1720 1955 1846 2010 illud
1871 1963 2050 2009 manet

457 2065 520 2110 ut
540 2054 800 2126 justiﬁcct
837 2053 1118 2108 credentes
1141 2094 1155 2117 ,
1195 2049 1316 2105 ideo
1358 2050 1560 2105 invenit
1598 2063 1760 2118 opera
1798 2063 1917 2118 qua:
1937 2048 2047 2114 jam

453 2148 620 2218 eligat
646 2146 714 2202 ad
756 2161 979 2217 regnum
1007 2145 1288 2199 caelorum.
1318 2142 1453 2198 Nam
1495 2143 1595 2196 nisi
1636 2153 1778 2196 esset
1817 2141 2044 2206 electio,

457 2254 566 2294 non
593 2246 776 2293 essent
801 2236 988 2302 electi,
1023 2251 1120 2290 nec
1146 2243 1292 2289 recte
1319 2234 1606 2298 diceretur,
1640 2233 1766 2300 Quis
1789 2230 2047 2284 accusabit

455 2329 696 2382 adversus
721 2328 901 2381 electos
936 2325 1028 2379 Dei
1069 2326 1238 2398 (Rom.
1274 2341 1386 2389 vm,
1421 2326 1510 2396 55)
1532 2323 1556 2376 Υ
1581 2323 1694 2378 Non
1729 2333 1901 2377 tamen
1935 2322 2042 2376 elc-

453 2421 564 2476 ctio
594 2421 845 2491 pra-cedit
867 2420 1303 2488 justilicationem
1326 2461 1340 2481 ,
1376 2417 1469 2472 sed
1497 2417 1812 2472 electionem
1849 2413 2045 2485 justiﬁ-

453 2512 614 2567 catio.
658 2511 826 2566 Nemo
869 2511 1012 2565 enim
1053 2509 1298 2580 eligitur,
1339 2509 1437 2561 nisi
1466 2507 1573 2578 jam
1615 2507 1820 2562 distans
1855 2507 1924 2561 ab
1951 2507 2043 2562 illo

450 2603 541 2671 qui
581 2603 836 2673 rejicitur.
879 2601 1031 2658 Unde
1059 2600 1202 2671 quod
1231 2601 1430 2654 dictum
1474 2607 1586 2664 est,
1617 2598 1750 2667 Quia
1777 2599 1923 2670 elegit
1949 2616 2042 2653 nos

449 2691 592 2746 Deus
634 2703 750 2746 ante
786 2691 963 2746 mundi
1001 2692 1404 2745 constitutionem
1439 2690 1657 2760 (Ep/tes.
1703 2707 1749 2754 t,
1791 2691 1884 2761 4);
1933 2706 2040 2747 non

449 2781 607 2836 video
630 2781 900 2852 quomodo
937 2782 1007 2834 sit
1031 2781 1233 2836 dictum
1256 2822 1271 2848 ,
1302 2780 1402 2833 nisi
1430 2781 1788 2850 praescientia.
1820 2781 1918 2835 llic
1947 2796 2042 2836 au-

449 2883 558 2928 tem
585 2874 728 2945 quod
754 2875 848 2937 ait,
881 2871 1004 2926 Non
1028 2889 1088 2926 ex
1118 2874 1349 2942 operibus
1369 2913 1384 2938 ,
1413 2870 1502 2925 sed
1527 2888 1590 2924 ea:
1620 2882 1825 2926 vocante
1852 2872 2040 2926 dictum

447 2975 523 3019 est
549 2966 596 3018 ei
613 3007 627 3030 ,
664 2966 795 3030 Quia
825 2966 991 3036 major
1015 2965 1190 3018 serviet
1220 2964 1435 3028 minori;
1459 2979 1564 3019 non
1590 2965 1853 3021 electione
1879 2967 2040 3021 meri-

448 3067 658 3122 torum,
702 3072 823 3126 qua:
855 3064 979 3126 post
1007 3054 1444 3126 jusﬁﬁcationem
1473 3055 1656 3124 gratia:
1685 3057 2033 3126 proveniunt,

448 3148 543 3204 sed
572 3149 888 3203 liberalitate
917 3148 1180 3203 donorum
1214 3149 1304 3203 Dei
1338 3149 1503 3204 voluit
1537 3149 1794 3219 intelligi,
1823 3165 1890 3205 ne
1917 3151 2038 3221 quis

447 3244 517 3298 de
546 3241 798 3312 operibus
823 3242 1128 3296 extollatur.
1154 3239 1330 3295 Gratia
1356 3243 1487 3296 enim
1521 3241 1613 3296 Dei
1645 3243 1776 3296 salvi
1799 3243 1925 3313 facti
1949 3260 2037 3297 su-

446 3349 602 3398 mus;
630 3342 676 3386 et
710 3333 804 3386 hoc
830 3349 931 3386 non
959 3350 1022 3388 ex
1045 3333 1215 3396 nobis,
1238 3332 1328 3387 sed
1367 3333 1457 3388 Dei
1487 3333 1676 3387 donum
1703 3346 1777 3389 est
1803 3352 1822 3389 :
1850 3353 1950 3390 non
1974 3352 2040 3390 ea:

445 3425 710 3495 aperibus,
743 3440 806 3478 ne
835 3425 966 3496 forte
990 3424 1104 3494 quis
1128 3425 1401 3478 extollatur
1427 3423 1538 3496 (Id.
1571 3441 1637 3491 n,
1667 3425 1728 3490 8,
1762 3425 1839 3497 9).

516 3517 570 3572 7.
599 3515 866 3586 Quaeritur
890 3524 1087 3584 autem,
1111 3527 1286 3573 utrum
1316 3518 1395 3572 vel
1420 3517 1552 3572 ﬁdes
1572 3530 1840 3573 mereatur
1866 3519 2037 3573 homi-

446 3610 528 3663 nis
549 3607 1017 3680 justiﬁcatiouem;
1049 3626 1115 3664 an
1145 3625 1270 3664 vero
1313 3624 1414 3665 nec
1451 3609 1572 3664 ﬁdei
1601 3611 1789 3665 merita
1832 3626 2035 3680 praece-

442 3702 574 3754 dant
614 3700 1031 3755 misericordiam
1064 3701 1181 3768 Dei,
1214 3700 1307 3756 sed
1349 3709 1404 3756 ct
1429 3699 1560 3756 ﬁdes
1587 3700 1700 3771 ipsa
1731 3705 1871 3756 inter
1895 3701 2034 3755 dona

442 3792 629 3861 gratiae
659 3799 988 3846 numeretur.
1012 3790 1144 3860 Quia
1167 3799 1220 3845 et
1240 3791 1341 3846 hoc
1367 3791 1483 3846 loco
1503 3806 1622 3846 cum
1635 3791 1887 3857 dixisset,
1913 3790 2034 3845 Non

440 3903 506 3941 ea:
532 3885 806 3958 aperibus;
837 3902 941 3940 non
967 3887 1070 3954 ait,
1116 3885 1209 3941 sed
1239 3901 1306 3942 ex
1334 3885 1434 3940 ﬁde
1462 3885 1651 3939 dictum
1687 3894 1762 3940 est
1793 3886 1838 3938 ei
1857 3926 1870 3949 ,
1903 3886 2033 3950 Quia

442 3979 608 4050 major
633 3979 809 4032 serviet
830 3977 1015 4031 minori
1032 3993 1052 4032 :
1075 3978 1150 4032 ait
1172 3987 1349 4031 autem
1367 4017 1383 4043 ,
1409 3977 1497 4031 sed
1525 3993 1587 4030 ea;
1610 3985 1832 4030 vocante.
1863 3976 2033 4032 Nemo

440 4069 584 4123 enim
609 4069 797 4133 credit,
826 4069 914 4138 qui
945 4083 1048 4121 non
1078 4076 1316 4122 vocatur.
1357 4067 1662 4122 Misericors
1683 4078 1860 4122 autem
1896 4069 2032 4121 Deus

439 4169 617 4227 vocat,
645 4159 806 4214 nullis
832 4159 933 4214 hoc
959 4159 1042 4214 vel
1071 4158 1192 4214 lidei
1225 4159 1428 4212 meritis
1466 4159 1726 4228 largiens;
1769 4159 1889 4229 quia
1919 4175 2032 4213 me-

441 4255 539 4306 rita
571 4251 692 4306 ﬁdei
735 4259 1032 4321 sequuntur
1055 4251 1386 4304 vocationem
1419 4250 1614 4319 potius,
1640 4266 1797 4320 quam
1826 4265 2031 4320 pmice-

438 4342 593 4397 dunt.
629 4339 894 4406 Quomodo
919 4340 1059 4395 enim
1082 4339 1303 4403 credent,
1334 4355 1480 4410 quem
1513 4355 1613 4392 non
1641 4339 1948 4394 audierunt?
1985 4349 2032 4394 et

438 4432 691 4504 quomodo
730 4431 938 4484 audient
965 4431 1073 4484 sine
1118 4430 1425 4500 prwdicante
1455 4427 1629 4502 (Rom.
1672 4445 1731 4496 ι,
1765 4430 1895 4502 14)?
1921 4431 2029 4486 Nisi

440 4541 570 4595 ergo
597 4523 837 4580 vocando
865 4522 1130 4593 prmcedat
1158 4522 1522 4577 misericordia
1547 4523 1661 4589 Dei,
1690 4539 1788 4578 nec
1812 4524 2032 4579 credere

437 4618 718 4687 quisquam
749 4623 953 4684 potest,
989 4622 1047 4668 ut
1073 4629 1136 4669 ex
1167 4614 1267 4667 hoc
1297 4613 1513 4682 incipiat
1529 4612 1831 4682 justiﬁcari,
1864 4624 1917 4669 et
1943 4629 2032 4669 ac-

436 4710 618 4779 cipere
640 4707 946 4762 facultatem
971 4705 1106 4760 bene
1125 4705 1403 4774 aperandi.
1432 4705 1574 4776 Ergo
1593 4715 1717 4760 aute
1738 4721 1896 4761 omne
1918 4723 2032 4762 me-

440 4801 600 4854 ritum
616 4797 895 4868 estgratia.
916 4795 1124 4850 Etenim
1142 4793 1374 4851 Christus
1399 4811 1492 4865 pro
1520 4795 1690 4868 impiis
1703 4806 1930 4850 mortuus
1958 4806 2030 4849 est

442 4891 712 4964 (ld.v,6).
733 4890 811 4944 Ex
839 4897 1065 4942 vocante
1081 4887 1237 4958 igitur
1257 4888 1432 4942 minor
1459 4889 1682 4956 accepit,
1699 4903 1802 4942 non
1820 4905 1886 4942 ex
1910 4888 2028 4942 ullis

435 4986 640 5041 meritis
665 4999 887 5054 operum
911 4996 1153 5047 suorum,
1173 4988 1231 5034 ut
1247 4979 1416 5050 major
1439 4979 1489 5034 ei
1505 4980 1729 5034 serviret
1753 4999 1765 5031 :
1797 4991 1849 5034 ut
1869 4981 2026 5034 etiam

434 5077 575 5146 quod
605 5077 880 5146 scriptum,
911 5072 1076 5128 Iacob
1101 5071 1291 5137 dilexi,
1320 5085 1386 5127 ex
1409 5081 1633 5126 vocante
1661 5070 1731 5126 sit
1757 5071 1888 5136 Deo,
1919 5087 2024 5125 non

433 5182 499 5223 ex
531 5176 785 5236 operante
815 5165 1002 5221 Jacob.

504 5259 560 5313 8.
593 5258 728 5326 Quid
753 5259 948 5313 deinde
975 5257 1116 5313 Esau
1136 5300 1151 5324 ,
1179 5255 1321 5328 quod
1357 5256 1525 5314 servit
1562 5255 1775 5320 minori,
1808 5264 1859 5310 et
1885 5256 2024 5325 quod

429 5351 690 5420 scriptum
717 5357 820 5414 est,
845 5346 989 5400 Esau
1008 5359 1175 5403 autem
1194 5348 1311 5402 odio
1332 5349 1502 5412 habui,
1523 5347 1716 5417 quibus
1737 5347 1890 5401 malis
1915 5349 2027 5401 suis

429 5441 534 5498 hoc
563 5440 777 5505 meruit,
806 5453 924 5492 eum
955 5446 1010 5491 et
1036 5438 1149 5506 ipse
1179 5439 1410 5493 nondum
1441 5447 1597 5493 natus
1624 5438 1828 5504 luisset,
1853 5453 2026 5507 neque

428 5531 630 5604 aliquid
660 5532 858 5602 egisset
886 5527 1009 5583 boni
1035 5537 1128 5582 aut
1161 5529 1318 5593 mali,
1365 5528 1575 5598 quando
1603 5529 1803 5583 dictum
1827 5539 1928 5594 est,
1957 5528 2025 5583 Et

429 5626 598 5697 major
629 5622 808 5678 serviet
839 5619 1069 5674 minori?
1099 5620 1178 5672 An
1227 5618 1363 5674 forte
1403 5621 1849 5689 quemadmodum
1894 5621 2024 5676 illud

431 5714 499 5770 de
523 5712 692 5769 Jacob
721 5711 884 5767 nullis
913 5710 1118 5763 meritis
1149 5709 1301 5764 bona:
1331 5708 1553 5763 actionis
1582 5709 1779 5765 dictum
1805 5719 1920 5778 est,
1953 5713 2020 5767 ita

435 5805 575 5860 Esau
605 5803 766 5858 nullis
799 5800 1006 5856 meritis
1056 5799 1210 5854 mala:
1236 5799 1462 5854 actionis
1498 5799 1749 5856 odiosus?
1779 5801 1834 5856 Si
1878 5802 2022 5857 enim

430 5897 552 5967 quia
568 5894 881 5968 prtesciebat
900 5895 1042 5950 Deus
1054 5893 1228 5949 futura
1245 5892 1362 5963 ejus
1379 5907 1540 5963 opera
1562 5893 1718 5960 mala,
1742 5905 2023 5966 propterea

429 6005 549 6046 eum
582 5988 976 6062 prtedestinavit
996 5996 1054 6046 ut
1080 5989 1300 6046 serviret
1321 5986 1541 6052 minori;
1578 5999 1852 6058 propterea
1885 6008 2020 6062 pra:-

1027 569 1116 626 DE
1158 569 1474 626 DIVERSIS
1510 569 2028 637 QUIESTIONIBUS
2065 569 2155 624 AD
2191 567 2690 636 SIMPLICIANUM,
2731 565 2790 621 S.
2831 567 3194 628 AUGUSTINI

3650 577 3761 640 "6

2169 680 2450 736 destinavit
2476 690 2530 736 et
2556 681 2723 738 Jacob
2749 691 2806 738 ut
2829 685 2877 739 ei
2905 686 3076 756 major
3116 690 3378 757 serviret,
3421 693 3547 764 quia
3575 695 3758 751 futura

2163 771 2279 838 ejus
2305 771 2442 826 bona
2467 787 2628 843 Opera
2665 776 3014 844 praesciebat,
3053 787 3108 834 et
3141 780 3328 836 falsum
3364 793 3448 839 est
3468 784 3580 856 jam
3610 786 3758 857 quod

2161 862 2269 928 ait,
2301 862 2420 917 Non
2460 880 2525 918 ea:
2548 865 2798 934 operibus.
2829 866 2887 922 Si
2914 877 3090 924 autem
3118 886 3301 926 verum
3348 885 3433 930 est
3470 877 3612 945 quod
3645 893 3754 933 non

2162 966 2227 1006 ex
2256 953 2524 1022 operibus,
2557 962 2612 1008 et
2638 955 2759 1010 inde
2786 955 2884 1011 hoc
2907 958 3117 1029 probat,
3148 962 3270 1030 quia
3296 962 3363 1018 de
3389 966 3625 1021 nondum
3658 983 3756 1022 na-

2163 1040 2231 1094 tis
2253 1041 2592 1114 nondumque
2616 1044 2813 1114 aliquid
2835 1049 3066 1116 operatis
3090 1049 3192 1104 hoc
3219 1051 3454 1119 dictum;
3488 1055 3630 1113 unde
3653 1073 3755 1114 nec

2160 1145 2228 1185 ex
2260 1130 2381 1199 ﬁde,
2406 1148 2525 1202 qum
2547 1134 2599 1187 in
2636 1135 2868 1190 nondum
2895 1138 3031 1191 natis
3056 1139 3301 1195 similiter
3332 1143 3564 1198 nondum
3593 1157 3709 1201 erat
3733 1164 3749 1201 :

2161 1238 2269 1292 quo
2299 1225 2488 1280 merito
2518 1226 2660 1281 Esau
2695 1228 2818 1282 odio
2863 1228 3091 1285 habetur
3134 1242 3414 1303 antequam
3459 1239 3754 1293 nascatur?

2160 1313 2308 1379 Quod
2337 1316 2481 1369 enim
2512 1315 2634 1372 fecit
2664 1317 2799 1372 Deus
2824 1334 2884 1373 ea
2912 1336 3030 1389 qua:
3051 1321 3318 1392 diligeret,
3347 1326 3493 1380 nulla
3522 1329 3753 1397 quaestio

2161 1415 2258 1461 est.
2288 1406 2342 1462 Si
2380 1417 2557 1462 autem
2587 1409 2827 1464 dicamus
2868 1427 2988 1466 eum
3017 1411 3206 1467 fecisse
3234 1430 3352 1485 qua:
3392 1417 3612 1480 odisset,
3645 1419 3748 1472 ab-

2160 1499 2374 1554 surdum
2402 1511 2500 1565 est,
2527 1512 2841 1557 occurrente
2867 1503 2968 1557 alia
2993 1504 3262 1575 Scriptura
3291 1517 3346 1562 et
3369 1507 3604 1575 dicente,
3634 1508 3750 1564 Ne-

2156 1607 2252 1663 que
2272 1593 2402 1646 enim
2425 1594 2541 1646 odio
2564 1594 2748 1648 habens
2771 1595 2966 1666 aliquid
2984 1598 3342 1661 constituisses,
3369 1608 3416 1654 et
3440 1600 3573 1654 nihil
3591 1602 3748 1655 odisti

2156 1682 2335 1737 horum
2359 1701 2470 1753 qua:
2495 1685 2656 1754 fecisti
2679 1685 2835 1756 (Sap.
2867 1703 2941 1753 χι,
2971 1687 3086 1759 25).
3113 1688 3230 1756 Quo
3258 1691 3400 1746 enim
3440 1693 3630 1746 merito
3659 1694 3745 1748 sol

2155 1773 2323 1830 lactus
2354 1785 2436 1831 est
2462 1777 2570 1844 sol,
2598 1788 2688 1832 aut
2711 1778 2836 1848 quid
2864 1778 3084 1833 oﬁ‘endit
3120 1779 3245 1833 luna
3279 1789 3337 1836 ut
3363 1791 3504 1836 tanta
3536 1783 3625 1836 illo
3655 1784 3743 1836 in-

2155 1862 2347 1929 ferior,
2381 1868 2462 1921 vel
2493 1869 2618 1937 quid
2649 1871 2943 1938 promeruit
2966 1879 3023 1924 ut
3050 1870 3315 1925 sideribus
3340 1874 3551 1927 caeteris
3592 1857 3756 1927 tanto.

2153 1957 2345 2011 clarior
2369 1961 2680 2014 crearetur?
2708 1961 2814 2016 Sed
2859 1963 2972 2016 hmc
3013 1964 3189 2016 omnia
3226 1963 3364 2018 bona
3393 1974 3571 2020 creata
3616 1976 3742 2020 sunt

2151 2064 2372 2118 qua-que
2400 2051 2450 2102 in
2473 2067 2668 2119 genere
2693 2067 2810 2106 suo.
2843 2051 2959 2108 Non
2979 2054 3120 2108 enim
3146 2054 3349 2110 diceret
3371 2057 3534 2123 Deus,
3556 2057 3737 2112 Solem

2150 2138 2342 2208 dilexi,
2375 2141 2551 2195 lunam
2586 2152 2760 2197 autem
2789 2143 2914 2200 odio
2941 2145 3132 2212 habui;
3163 2155 3272 2212 aut,
3305 2147 3509 2202 Lunam
3537 2149 3740 2215 dilexi,

2150 2229 2329 2283 stellas
2364 2238 2540 2285 autem
2580 2232 2704 2286 odio
2748 2233 2942 2288 habui:
2977 2235 3113 2290 sicut
3144 2235 3311 2302 dixit,
3354 2235 3516 2291 Jacob
3545 2239 3738 2307 dilexi,

2150 2319 2292 2375 Esau
2320 2334 2486 2376 autem
2511 2325 2626 2378 odio
2656 2325 2828 2379 habui.
2858 2327 2962 2382 Sed
2992 2328 3080 2382 illa
3108 2329 3284 2383 omnia
3314 2329 3521 2397 dilexit,
3550 2347 3742 2401 quam-

2147 2413 2228 2467 vis
2257 2417 2586 2471 excellentia:
2628 2417 2854 2472 diversis
2895 2418 3144 2490 gradibus
3169 2421 3446 2488 ordinata;
3483 2423 3738 2493 quoniam

2147 2507 2278 2562 vidit
2304 2509 2438 2563 Deus
2468 2511 2589 2582 quia
2619 2511 2756 2566 bona
2782 2521 2924 2576 sunt,
2967 2528 3089 2568 cum
3119 2512 3261 2568 dicto
3286 2515 3401 2584 ejus
3429 2527 3552 2569 sunt
3579 2516 3738 2570 insti-

2148 2607 2259 2654 tuta
2283 2600 2437 2667 (Gen.
2468 2620 2484 2657 ι
2523 2602 2541 2673 )
2570 2621 2582 2657 :
2613 2614 2670 2658 ut
2719 2615 2894 2660 autem
2923 2605 3118 2660 odi;set
3148 2607 3306 2670 Esau,
3337 2608 3437 2660 nisi
3464 2607 3738 2676 iniustitia:

2147 2695 2357 2759 merito,
2394 2696 2646 2764 injustum
2679 2706 2781 2751 est.
2807 2697 2958 2764 Quod
2986 2699 3029 2752 si
3068 2699 3445 2767 concedimus,
3473 2699 3658 2770 incipit
3681 2710 3740 2755 et

2145 2783 2549 2854 Jacobjustilia:
2577 2788 2768 2842 merito
2795 2788 2959 2857 diligi.
2993 2788 3147 2856 Quod
3185 2789 3228 2844 si
3256 2805 3441 2843 verum
3476 2799 3590 2854 est,
3635 2790 3736 2844 fal-

2147 2891 2263 2930 sum
2291 2886 2372 2931 est
2409 2878 2548 2946 quod
2595 2893 2699 2932 non
2729 2893 2793 2933 ex
2838 2879 3109 2948 operibus.
3153 2879 3232 2932 An
3274 2878 3409 2934 forte
3436 2895 3501 2934 ex
3526 2879 3734 2947 justitia

2147 2967 2310 3022 ﬁdei?
2336 2968 2470 3036 Quid
2497 2984 2625 3039 ergo
2665 2981 2716 3024 te
2753 2970 2997 3038 adjuvat,
3025 2968 3155 3025 Cum
3188 2970 3320 3024 enim
3363 2973 3588 3024 nondum
3626 2971 3734 3024 nati

2144 3059 2397 3128 fuissent?
2425 3059 2852 3131 quandoquidem
2897 3061 2948 3115 in
2980 3061 3216 3116 nondum
3257 3069 3382 3116 nato
3409 3075 3507 3116 nec
3525 3060 3732 3132 iustitia

2145 3148 2267 3203 ﬁdei
2299 3159 2508 3219 poterat
2531 3165 2672 3206 esse.

2215 3240 2269 3296 9.
2300 3241 2442 3296 Vidit
2469 3242 2646 3312 itaque
2672 3243 2960 3312 Apostolus
2985 3242 3110 3313 quid
3141 3259 3205 3298 ex
3235 3241 3318 3298 his
3347 3241 3524 3298 verbis
3547 3251 3732 3312 posset

2142 3331 2597 3387 animoaudieutis
2611 3333 2690 3388 vel
2707 3333 2929 3403 legentis
2941 3348 3244 3400 occurrere,
3263 3335 3547 3402 statimque
3559 3333 3733 3403 subje-

2143 3423 2242 3476 cit:
2263 3422 2399 3490 Quid
2411 3441 2526 3493 ergo
2539 3424 2788 3478 dicemus?
2799 3423 3044 3495 numquid
3054 3425 3290 3494 iniquitas
3302 3435 3372 3478 est
3385 3425 3525 3492 apud
3537 3421 3732 3476 Deum?

2142 3514 2304 3569 Absit.
2329 3515 2396 3570 Et
2420 3517 2568 3586 quasi
2590 3515 2790 3571 docens
2812 3516 3079 3586 quomodo
3099 3517 3269 3572 absit:
3302 3516 3472 3587 Moysi
3490 3517 3625 3571 enim
3649 3516 3732 3568 di—

2141 3609 2244 3670 cit,
2285 3607 2489 3678 inquit,
2523 3607 2798 3663 Miscrebor
2825 3610 2907 3662 cui
2947 3610 3177 3664 misertus
3220 3625 3333 3675 ero,
3371 3619 3417 3662 et
3447 3609 3732 3663 misericor-

2139 3697 2280 3752 diam
2295 3699 2540 3768 praestabo
2562 3700 2645 3753 cui
2665 3700 2942 3753 misericors
2963 3700 3125 3769 fuero.
3149 3699 3352 3766 Quibus
3373 3699 3547 3753 verbis
3568 3699 3728 3753 solvit

2139 3790 2525 3860 quzestionem,
2567 3804 2636 3843 an
2677 3790 2854 3859 potius
2895 3790 3094 3845 arctius
3139 3789 3447 3859 colligavit?
3493 3787 3727 3857 ldipsum

2140 3889 2224 3936 est
2247 3881 2387 3934 enim
2419 3879 2559 3949 quod
2590 3881 2819 3935 maxime
2845 3890 3058 3946 movet,
3107 3881 3149 3934 si
3191 3881 3474 3934 miseretur
3506 3880 3588 3932 cui
3623 3878 3727 3931 mi-

2139 3979 2314 4024 sertus
2340 3971 2460 4034 erit,
2491 3979 2543 4025 et
2569 3970 2985 4025 misericordiam
3020 3969 3292 4040 przestabit
3312 3970 3401 4029 cui
3421 3968 3729 4027 misericors

2138 4060 2331 4127 fuerit,
2381 4077 2476 4115 cur
2505 4060 2620 4116 haec
2653 4061 3015 4118 misericordia
3057 4059 3228 4118 defuit
3259 4064 3426 4130 Esau,
3475 4074 3531 4118 ut
3559 4064 3726 4118 etiam

2139 4152 2253 4221 ipse
2282 4168 2376 4222 per
2410 4153 2554 4208 illam
2583 4162 2722 4210 esset
2750 4154 2950 4222 bonus,
2989 4155 3433 4224 quemadmodum
3464 4172 3557 4225 per
3582 4156 3726 4209 illam

2137 4243 2309 4297 bonus
2337 4241 2504 4298 factus
2523 4253 2607 4299 est
2632 4243 2814 4300 Jacub.
2844 4247 2924 4299 An
2947 4245 3066 4300 ideo
3095 4245 3292 4300 dictum
3317 4255 3418 4313 est,
3452 4245 3722 4300 Miserebos

2137 4333 2219 4386 cui
2245 4334 2478 4390 misertus
2502 4352 2606 4402 ero,
2638 4344 2686 4390 et
2718 4337 3110 4391 misericordiam
3133 4341 3381 4408 prtestabo
3416 4339 3500 4392 cui
3527 4337 3725 4392 miseri-

2137 4441 2250 4479 cors
2277 4429 2441 4498 fuero,
2464 4427 2585 4496 quia
2615 4428 2700 4482 cui
2723 4428 2973 4483 misertus
2998 4429 3101 4483 erit
3127 4429 3266 4484 Deus
3288 4439 3345 4483 ut
3368 4445 3488 4484 eum
3513 4431 3726 4494 vocet‘,

2138 4517 2478 4572 miserebitur
2504 4518 2620 4587 ejus
2646 4528 2705 4573 ut
2747 4519 2965 4584 credat;
2997 4531 3051 4575 et
3097 4521 3184 4575 cui
3227 4522 3534 4577 misericors
3566 4519 3730 4578 fuerit

2139 4616 2196 4662 ut
2232 4609 2448 4675 credat,
2495 4610 2913 4665 misericordiam
2940 4612 3247 4681 prtestabit,
3293 4613 3394 4668 hoc
3435 4623 3518 4668 est
3569 4613 3729 4668 faciet

2138 4717 2260 4756 eum
2289 4702 2722 4768 misericordem,
2756 4713 2816 4758 ut
2857 4704 3016 4759 etiam
3061 4705 3198 4760 bene
3243 4707 3534 4776 operetur?
3571 4705 3731 4762 Unde

2136 4792 2506 4859 admonemur,
2553 4810 2652 4850 nec
2694 4795 2820 4864 ipsis
2851 4797 3103 4866 operibus
3135 4799 3511 4854 misericordia:
3539 4815 3728 4870 quem-

2135 4901 2292 4955 quam
2345 4896 2592 4956 oportere
2635 4888 2847 4958 gloriari
2889 4900 2943 4944 et
2983 4891 3202 4957 extolli,
3244 4893 3387 4962 quod
3438 4894 3518 4948 eis
3566 4894 3720 4962 quasi

2133 4976 2246 5030 suis
2278 4977 2442 5030 Deum
2485 4980 2869 5045 promeruerit;
2919 4981 3346 5052 quandoquidem
3395 4991 3454 5036 ut
3501 4982 3725 5037 haberet

2135 5070 2300 5139 ipsam
2330 5070 2747 5126 misericordiam
2775 5072 2863 5126 ille
2895 5073 3160 5141 praestitit,
3183 5075 3272 5144 qui
3299 5075 3722 5130 misericordiam

2134 5163 2406 5232 praestabit
2431 5164 2513 5218 cui
2539 5163 2844 5219 misericors
2867 5165 3043 5219 fuerit.
3072 5165 3223 5233 Quod
3246 5167 3290 5220 si
3311 5181 3428 5222 eam
3453 5166 3725 5221 credendo

2132 5268 2192 5309 se
2218 5255 2478 5308 meruisse
2516 5254 2638 5323 quis
2656 5254 2854 5324 jactat,
2893 5257 3101 5311 noverit
3129 5272 3250 5312 eum
3281 5258 3380 5312 sibi
3410 5258 3724 5328 praestitisse

2132 5355 2189 5400 ut
2217 5346 2494 5410 crederet,
2535 5347 2624 5417 qui
2666 5348 2950 5403 miseretur
2988 5349 3300 5420 inspirando
3344 5349 3540 5417 ﬁdem,
3571 5349 3726 5419 cujus

2130 5437 2380 5491 misertus
2401 5445 2485 5492 est
2513 5445 2571 5492 ut
2593 5439 2766 5494 adhuc
2808 5440 3007 5496 inﬁdeli
3033 5444 3369 5497 vocationem
3400 5441 3720 5511 impertiret.

2129 5528 2246 5582 Jam
2272 5530 2412 5582 enim
2441 5529 2764 5586 discernitur
2793 5531 2962 5586 ﬁdelis
2990 5533 3058 5587 ab
3085 5534 3269 5602 impio.
3301 5532 3440 5598 Quid
3465 5532 3600 5586 enim
3631 5533 3726 5585 ha-

2131 5623 2230 5686 bes,
2262 5622 2464 5691 inquit,
2497 5623 2632 5691 quod
2655 5640 2756 5677 non
2781 5625 3060 5695 accepisti?
3092 5625 3154 5680 Si
3179 5636 3346 5680 autem
3376 5635 3421 5679 et
3446 5626 3724 5695 accepisti,

2128 5713 2254 5786 quid
2281 5713 2516 5784 gloriaris
2543 5715 2689 5784 quasi
2716 5733 2819 5770 non
2845 5719 3096 5788 acceperis
3121 5717 3166 5788 (1
3191 5715 3314 5773 Cor.
3343 5734 3412 5782 tv,
3446 5719 3543 5786 7)?

2201 5803 2289 5859 10.
2319 5803 2483 5859 Recte
2514 5805 2732 5874 quidem
2776 5807 2911 5874 hoc;
2939 5809 3032 5864 sed
3073 5824 3168 5864 cur
3201 5809 3316 5864 hcce
3353 5809 3720 5864 misericordia

2131 5936 2444 6049 “0251?:ng
2457 5950 2568 5989 eum
2587 5945 2717 5991 vocet
2744 5940 3033 5994 nu’sericors.
3061 5943 3224 6001 Abest.
3252 5942 3546 6006 misericors,
3569 5955 3600 5995 ι
3621 5956 3702 5994 me
3715 5983 3731 5989 -

2260 6013 2288 6046 η
2319 6013 2328 6018 “
2431 6013 2459 6047 ⁸.

2260 6013 2331 6047 ius
2352 6013 2459 6047 MSS.
