4136 6536
381 457 484 513 H7

380 573 650 627 subtracta
679 578 761 623 est
786 569 853 624 ali
884 568 1044 635 Esau,
1075 576 1258 623 utnon
1290 568 1366 622 sic
1392 576 1688 631 vocaretur,
1719 578 1774 622 ut
1798 577 1851 622 et
1882 582 1973 621 vo-

381 672 504 718 cato
531 662 880 731 inspiraretur
910 658 1041 716 ﬁdes
1074 661 1123 723 ¹,
1156 668 1209 714 et
1230 658 1455 714 credens
1486 658 1790 713 misericors
1824 657 1975 712 ﬁeret

384 767 445 812 ut
469 756 605 811 bene
634 755 984 825 operaretur?
1032 755 1113 807 An
1161 753 1294 807 forte
1336 752 1459 822 quia
1490 751 1692 805 noluit?
1741 750 1796 806 Si
1846 764 1975 820 ergo

380 848 550 904 Jaeob
575 832 699 902 ideo
720 844 949 900 credidit
986 844 1108 913 quia
1138 842 1334 907 voluit,
1369 858 1475 896 non
1513 842 1561 895 ei
1594 841 1731 895 Deus
1760 839 1978 895 donavit

385 938 583 1003 ﬁdem,
614 936 710 992 sed
756 950 877 990 eam
916 933 1016 989 sibi
1064 934 1175 1003 ipse
1204 932 1434 988 volendo
1478 932 1754 1001 praestitit,
1796 940 1850 986 et
1879 929 1975 983 ha-

384 1027 503 1083 buit
526 1025 723 1096 aliquid
751 1024 894 1094 quod
934 1039 1040 1079 non
1080 1023 1303 1092 accepit.
1336 1022 1415 1076 An
1444 1022 1565 1092 quia
1606 1036 1765 1075 nemo
1801 1028 1977 1090 potest

384 1116 609 1173 credere
635 1115 734 1169 nisi
768 1114 913 1177 velit,
942 1128 1103 1168 nemo
1128 1114 1263 1167 velle
1301 1112 1401 1166 nisi
1429 1120 1666 1176 vocetur,
1695 1125 1855 1165 nemo
1876 1124 1975 1163 au-

388 1218 499 1262 tem
533 1206 631 1260 sibi
672 1213 850 1274 potest
888 1212 1146 1274 praestare
1190 1211 1247 1257 ut
1287 1211 1525 1269 vocetur,
1552 1201 1795 1256 vocando
1836 1200 1976 1256 Deus

387 1306 609 1370 pnestat
654 1306 709 1353 et
745 1296 942 1363 ﬁdem;
997 1296 1117 1366 quia
1167 1296 1285 1350 sine
1332 1294 1612 1349 vocatione
1656 1308 1760 1346 non
1806 1299 1978 1362 potest

384 1393 666 1460 quisquam
712 1388 971 1456 credere,
1014 1388 1257 1459 quamvis
1302 1387 1477 1441 nullus
1515 1384 1698 1440 credat
1742 1382 1977 1438 invitus?

387 1478 652 1545 Quomodo
672 1478 816 1533 enim
841 1477 1063 1541 credent,
1104 1493 1249 1547 quem
1276 1493 1377 1530 non
1403 1474 1710 1528 audierunt?
1738 1482 1826 1527 aut
1850 1488 1977 1541 quo-

382 1570 537 1622 modo
582 1569 792 1623 audient
836 1570 945 1622 sine
984 1568 1331 1639 prtzdicante?
1376 1566 1542 1621 Nemo
1589 1566 1766 1635 itaque
1812 1564 1979 1619 credit

379 1675 492 1714 non
533 1670 795 1716 vocatus:
826 1659 922 1715 sed
967 1674 1071 1714 non
1116 1659 1292 1713 omnis
1331 1658 1501 1713 credit
1537 1666 1775 1712 vocatus.
1825 1654 1980 1710 Multi

379 1752 520 1805 enim
561 1760 681 1806 sunt
707 1752 900 1815 vocati,
935 1751 1085 1821 pauci
1122 1766 1236 1803 vero
1282 1749 1423 1803 electi
1462 1748 1677 1818 (Matth.
1708 1764 1799 1815 xx,
1845 1746 1977 1817 l6):

380 1846 571 1914 utique
598 1846 633 1899 ii
660 1830 749 1915 qui
782 1854 1058 1900 vocantem
1090 1859 1197 1908 non
1226 1851 1693 1913 contempserunt,
1737 1842 1829 1897 sed
1858 1856 1979 1896 cre-

377 1937 563 1992 dendo
578 1938 749 1992 secuti
765 1950 921 2003 sunt;
950 1936 1191 1992 volentes
1212 1944 1390 1991 autem
1414 1936 1531 1991 sine
1551 1934 1713 1990 dubio
1738 1934 1979 1989 credide-

379 2037 529 2081 runt.
560 2028 701 2094 Quid
729 2038 815 2084 est
842 2043 970 2099 ergo
990 2028 1133 2099 quod
1158 2028 1417 2098 sequitur,
1451 2025 1620 2098 Igitur
1648 2042 1748 2079 non
1769 2025 1980 2079 volentis

379 2136 544 2193 neque
558 2123 826 2189 currentis,
845 2121 932 2178 sed
948 2122 1226 2177 miserentis
1243 2130 1314 2176 est
1332 2119 1425 2175 Dei
1441 2121 1468 2176 ?
1483 2121 1564 2175 An
1586 2120 1708 2189 quia
1729 2134 1827 2175 nec
1846 2118 1981 2173 velle

379 2228 675 2283 possumus
695 2214 799 2270 nisi
819 2214 1012 2280 vocati,
1034 2223 1088 2268 et
1108 2213 1241 2269 nihil
1266 2212 1411 2268 valet
1436 2211 1575 2267 velle
1596 2220 1858 2275 nostrum,
1879 2210 1977 2263 nisi

380 2316 441 2357 ut
462 2303 803 2374 perﬁciamus
818 2305 1033 2375 adjuvet
1048 2304 1223 2359 Deus?
1243 2303 1388 2373 Opus
1406 2311 1488 2359 est
1502 2318 1629 2373 ergo
1647 2302 1782 2357 velle
1799 2312 1851 2356 et
1867 2316 1981 2355 cur-

379 2410 528 2450 rere.
560 2395 673 2451 Non
695 2397 838 2451 enim
857 2396 1052 2452 frustra
1069 2396 1361 2460 diceretur,
1386 2392 1455 2448 Et
1476 2395 1528 2448 in
1546 2404 1678 2449 terra
1697 2410 1799 2466 pax
1816 2394 1978 2447 homi-

382 2486 533 2540 nibus
555 2486 701 2541 bona
726 2488 995 2542 voluntatis
1024 2486 1174 2559 (Luc.
1206 2502 1243 2541 It
1267 2527 1283 2551 ,
1317 2486 1462 2557 l4);
1493 2492 1569 2551 et,
1600 2484 1688 2539 Sic
1714 2485 1899 2538 currite
1923 2493 1980 2538 ut

380 2577 822 2647 comprehendatis
848 2576 1020 2649 (lCor.
1053 2576 1266 2649 tx,24).
1299 2576 1424 2631 Non
1450 2584 1627 2631 tamen
1652 2576 1860 2631 volentis
1887 2592 1977 2630 ne-

382 2684 484 2734 que
503 2670 747 2724 currentis
766 2711 781 2736 ,
812 2670 902 2724 sed
932 2670 1209 2724 miserentis
1230 2677 1303 2724 est
1330 2668 1425 2723 Dei
1442 2709 1458 2735 ,
1493 2677 1548 2722 ut
1572 2667 1713 2738 quod
1736 2667 1979 2722 volumus

384 2760 783 2829 adipiscamur,
830 2770 884 2816 et
930 2777 1036 2831 quo
1080 2762 1326 2816 volumus
1369 2761 1764 2831 perveniamus.
1799 2760 1981 2814 Noluit

384 2865 516 2919 ergo
546 2850 686 2907 Esau
711 2861 768 2908 et
798 2868 905 2907 non
931 2852 1168 2907 cucurrit
1199 2869 1211 2905 :
1240 2852 1335 2908 sed
1364 2860 1419 2907 et
1447 2853 1491 2907 si
1517 2852 1773 2907 voluisset
1802 2861 1856 2907 et
1881 2866 1975 2905 cu-

382 2941 673 3008 currisset,
733 2941 827 2996 Dei
872 2941 1139 3011 adjutorio
1180 2942 1546 3012 pervenisset,
1600 2942 1689 3012 qui
1730 2942 1779 2996 ei
1818 2942 1977 2997 etiam

381 3031 526 3087 velle
568 3041 621 3089 et
666 3047 886 3089 currere
929 3035 1170 3091 vocando
1216 3044 1527 3105 praestaret,
1573 3034 1673 3090 nisi
1702 3037 1980 3091 vocatione

379 3132 685 3194 contempta
729 3126 991 3196 reprobus
1020 3126 1191 3182 ﬁeret.
1221 3128 1392 3182 Aliter
1419 3128 1561 3183 enim
1595 3128 1735 3183 Deus
1767 3138 1980 3198 praestat

381 3222 442 3268 ut
478 3215 707 3271 velimus
725 3256 742 3283 ,
780 3217 936 3271 aliter
964 3225 1181 3288 praestat
1209 3217 1351 3288 quod
1380 3218 1724 3274 voluerimus.
1753 3216 1825 3273 Ut
1848 3218 1980 3273 veli-

379 3318 506 3359 mus
530 3305 675 3361 enim
704 3314 762 3360 et
787 3320 941 3361 suum
970 3321 1091 3363 esse
1121 3308 1286 3362 voluit
1309 3315 1365 3363 et
1394 3318 1634 3364 nostrum
1659 3324 1674 3374 ;
1704 3324 1860 3362 suum
1887 3323 1980 3364 vo-

378 3394 592 3463 cando,
632 3404 872 3451 nostrum
916 3396 1210 3469 sequendo.
1254 3397 1409 3466 Quod
1448 3406 1627 3454 autem
1652 3398 1980 3454 voluerimus

378 3488 531 3542 solus
573 3497 788 3557 praestat
810 3530 828 3556 ,
872 3488 925 3543 id
960 3497 1077 3557 est,
1109 3503 1268 3560 posse
1296 3490 1435 3545 bene
1465 3505 1622 3560 agere
1642 3530 1657 3554 ,
1685 3500 1739 3545 et
1767 3505 1981 3560 semper

381 3581 540 3636 beate
567 3582 768 3637 vivere.
804 3581 1182 3638 Verumtamen
1205 3582 1346 3636 Esau
1377 3581 1610 3637 nondum
1641 3590 1816 3647 natus,
1846 3582 1979 3636 nihil

381 3674 578 3728 borum
608 3684 788 3743 posset
814 3674 1069 3730 velle-seu
1099 3674 1261 3731 nolle.
1292 3673 1399 3731 Cur
1417 3690 1547 3746 ergo
1575 3676 1628 3729 in
1656 3684 1808 3730 utero
1835 3676 1980 3745 posi-

377 3774 467 3821 tus
492 3766 823 3835 improbatus
844 3766 964 3821 est?
984 3766 1210 3821 Reditur
1228 3767 1371 3822 enim
1394 3766 1460 3821 ad
1483 3766 1602 3821 illas
1614 3765 1978 3835 difﬁcultates,

379 3875 490 3913 non
540 3859 715 3913 solum
762 3873 859 3913 sua
901 3858 1225 3914 obscuritate
1249 3901 1264 3925 ,
1310 3858 1405 3915 sed
1444 3859 1605 3915 etiam
1646 3868 1828 3914 nostra
1872 3870 1978 3913 tam

378 3952 544 4006 multa
567 3952 886 4021 repetitione
907 3951 1263 4007 molestiores.

448 4046 541 4100 11.
568 4044 680 4099 Cur
706 4046 849 4100 enim
869 4052 953 4101 est
981 4045 1309 4115 improbatus
1339 4041 1479 4098 Esau
1510 4042 1747 4099 nondum
1777 4052 1936 4100 natus
1959 4086 1975 4110 ,

375 4135 471 4208 qui
498 4152 601 4192 nee
624 4135 849 4193 credere
874 4145 1081 4207 poterat
1107 4134 1317 4191 voeanti
1342 4176 1357 4198 ,
1380 4149 1481 4190 nec
1512 4143 1857 4191 contemnere
1880 4152 1981 4190 vo-

374 4230 647 4285 cntionem
686 4228 709 4261 ²
733 4268 748 4292 ,
799 4242 898 4283 nec
943 4227 1067 4282 boni
1111 4226 1194 4283 vel
1243 4226 1365 4281 mali
1404 4225 1603 4297 aliquid
1643 4226 1896 4297 Operari?
1921 4226 1977 4281 Si

376 4322 717 4393 praescientia
743 4322 841 4377 Dei
869 4322 1060 4376 futurae
1088 4322 1241 4376 malae
1268 4321 1556 4375 voluntatis
1582 4320 1729 4389 ejus,
1757 4334 1853 4374 cur
1871 4334 1978 4375 non

375 4422 435 4470 et
462 4413 633 4470 Iacob
655 4412 990 4485 praescieutia
1023 4413 1118 4467 Dei
1149 4412 1471 4482 approbatus
1496 4421 1579 4467 est
1608 4412 1798 4466 futurae
1824 4413 1980 4467 bona:

373 4506 672 4561 voluntatis
709 4505 869 4576 ejus?
893 4504 1048 4571 Quod
1079 4505 1123 4558 si
1154 4504 1322 4559 semel
1347 4504 1678 4559 concesseris
1697 4543 1713 4569 ,
1745 4503 1980 4574 potuisse

373 4613 703 4669 quemquam
747 4597 832 4652 vel
875 4597 1157 4669 approbari
1199 4596 1283 4652 vel
1328 4596 1618 4667 improbari
1647 4611 1715 4652 ex
1747 4612 1814 4653 eo
1838 4597 1981 4669 quod

373 4690 617 4744 nondum
668 4691 719 4743 in
790 4690 885 4744 illo
930 4698 1078 4755 erat,
1125 4688 1219 4744 sed
1265 4689 1387 4759 quia
1431 4688 1573 4745 Deus
1598 4687 1832 4744 futurum
1862 4704 1983 4745 esse

374 4781 702 4853 praesciebat
727 4799 742 4848 ;
788 4783 1070 4837 coniicitur
1103 4798 1225 4837 eum
1254 4782 1492 4853 potuisse
1518 4783 1677 4838 etiam
1705 4798 1770 4838 ex
1797 4783 1976 4852 operi-

374 4877 483 4931 bus
518 4877 822 4946 approbari,
859 4894 980 4947 quae
1024 4877 1077 4931 in
1105 4876 1198 4932 illo
1226 4877 1367 4933 Deus
1391 4875 1563 4932 futura
1588 4892 1707 4933 esse
1735 4878 1982 4947 praescie-

372 4966 508 5032 bat,
564 4967 807 5037 quamvis
854 4966 1090 5021 nondum
1141 4975 1285 5023 esset
1332 4966 1531 5038 aliquid
1582 4976 1871 5039 operatus;
1926 4977 1984 5023 et

372 5058 603 5114 omnino
650 5066 704 5113 te
746 5058 879 5113 nihil
922 5059 1192 5129 adjuvabit
1218 5059 1360 5131 quod
1386 5061 1622 5116 nondmn
1652 5062 1759 5116 nati
1789 5067 1978 5126 erant,

366 5164 500 5205 cum
544 5148 747 5205 dictum
788 5160 963 5217 esset,
1009 5151 1074 5205 Et
1116 5156 1283 5221 major
1313 5153 1490 5206 serviet
1513 5153 1698 5206 minori
1722 5195 1737 5219 ,
1772 5162 1827 5207 ut
1856 5152 1982 5207 hinc

371 5239 636 5296 ostendas
662 5256 768 5295 non
788 5256 855 5296 ex
883 5243 1135 5312 Operibus
1162 5243 1385 5308 dictum,
1414 5243 1537 5313 quia
1564 5244 1797 5298 nondum
1824 5244 1980 5314 quid-

369 5349 536 5405 quam
564 5342 679 5388 em!
706 5344 980 5405 operatus.

452 5423 542 5477 η.
590 5425 682 5479 Illa
724 5425 887 5479 etiam
929 5426 1091 5481 verba
1119 5426 1162 5480 si
1191 5424 1473 5495 diligenter
1500 5425 1744 5481 attendas
1767 5469 1781 5493 ,
1814 5426 1981 5499 Igitur

370 5532 479 5569 non
518 5514 732 5571 volentis
772 5531 931 5586 neque
969 5517 1216 5570 currentis
1238 5558 1253 5583 ,
1304 5516 1394 5570 sed
1433 5516 1711 5572 miserentis
1745 5528 1817 5571 est
1846 5518 1980 5586 Dei;

373 5624 486 5664 non
532 5595 637 5664 hoc
673 5611 963 5680 Apostolus
1000 5622 1283 5682 propterea
1324 5620 1529 5666 tantum
1556 5611 1754 5668 dixisse
1780 5614 1979 5668 videbi-

368 5712 464 5757 tur
487 5744 503 5768 ,
549 5700 695 5773 quod
738 5701 1006 5773 adjutorio
1049 5702 1145 5760 Dei
1170 5702 1237 5759 ad
1268 5702 1322 5760 id
1347 5702 1487 5775 quod
1519 5704 1764 5760 volumus
1791 5721 1977 5780 perve-

440 5838 457 5905 f
484 5846 617 5890 Unus
639 5854 680 5905 eg
695 5840 937 5890 vaticanis
955 5846 1061 5890 ltss.
1087 5842 1166 5891 hic
1181 5842 1328 5905 addit,
1349 5846 1400 5892 ut
1421 5838 1659 5891 crederet.

434 5901 456 5937 ³
478 5903 776 5954 surloonicus
803 5908 903 5963 Max,
928 5912 1191 5955 vocantem.

1767 452 1969 509 LlBER
2011 451 2276 511 PRIMUS.

3561 462 3663 519 H8

2085 566 2331 634 niamus;
2364 565 2457 624 sed
2483 568 2641 625 etiam
2671 584 2734 625 ex
2764 569 2850 625 illa
2882 570 3175 627 intentione
3203 585 3304 644 qua
3331 580 3385 627 et
3411 571 3517 627 alio
3546 572 3664 626 loeo

2079 660 2239 729 dicit,
2279 662 2403 717 Cum
2439 663 2615 717 timore
2655 673 2704 718 et
2730 673 2941 718 tremore
2968 674 3181 719 uestram
3206 666 3429 735 ipsorum
3455 664 3669 719 salutem

2080 754 2357 824 operamini
2378 771 2396 820 ;
2424 754 2560 809 Deus
2591 757 2721 809 enim
2751 766 2823 809 est
2848 756 2935 826 qui
2959 764 3195 825 operatur
3218 757 3272 810 in
3300 756 3437 810 vobis
3465 763 3512 809 et
3541 756 3667 809 velle

2081 855 2125 898 et
2165 845 2367 915 operari
2388 886 2401 908 ,
2450 862 2542 915 pro
2584 847 2713 900 bona
2757 848 3027 900 voluntate.
3058 844 3315 917 (Philipp.
3345 863 3403 914 ιι,
3430 845 3517 911 12,
3548 847 3665 909 15).

2081 935 2180 992 Ubi
2221 940 2348 992 satis
2389 938 2618 993 ostendit
2653 939 2812 994 etiam
2842 940 3008 1007 ipsam
3038 939 3231 993 bonam
3258 940 3586 992 voluntatem
3615 937 3668 991 in

2083 1028 2237 1084 nobis
2266 1038 2521 1099 operante
2552 1031 2660 1084 Deo
2688 1030 2821 1085 fieri.
2850 1030 2982 1085 Nam
3011 1030 3054 1083 si
3085 1040 3365 1100 propterea
3395 1029 3566 1083 solum
3589 1029 3669 1081 di-

2081 1130 2223 1174 ctum
2251 1130 2333 1175 est
2355 1163 2370 1186 ,
2407 1120 2529 1174 Non
2556 1122 2764 1175 volentis
2790 1138 2948 1191 neque
2964 1120 3211 1174 currentis
3229 1161 3245 1186 ,
3277 1120 3365 1173 sed
3394 1119 3671 1173 miserentis

2081 1220 2155 1265 est
2182 1210 2311 1277 Dei,
2343 1212 2463 1281 quia
2486 1212 2729 1265 voluntas
2753 1211 2981 1265 hominis
3009 1209 3121 1263 sola
3152 1223 3255 1263 non
3287 1208 3483 1263 sufﬁcit
3507 1216 3563 1261 ut
3579 1208 3671 1278 ju-

2082 1312 2164 1357 ste
2212 1314 2464 1371 recteque
2504 1303 2742 1355 vivamus
2766 1343 2779 1365 ,
2814 1302 2913 1355 nisi
2944 1301 3258 1371 adjuvemur
3307 1298 3670 1354 misericordia

2084 1396 2175 1450 Dei
2202 1413 2216 1463 ;
2262 1405 2435 1465 potest
2472 1406 2526 1450 et
2553 1396 2654 1451 hoc
2683 1396 2839 1450 modo
2867 1395 2969 1449 dici
2993 1436 3008 1461 ,
3042 1393 3206 1465 Igitur
3233 1409 3339 1448 non
3371 1393 3673 1447 miserentis

2082 1497 2163 1543 est
2204 1488 2331 1554 Dei,
2375 1488 2469 1543 sed
2500 1487 2725 1542 volentis
2750 1494 2833 1542 est
2859 1486 3091 1542 hominis
3115 1527 3130 1554 ,
3158 1485 3279 1556 quia
3308 1483 3673 1539 misericordia

2085 1580 2176 1635 Dei
2209 1581 2322 1635 sola
2349 1596 2454 1635 non
2485 1580 2697 1647 sufﬁcit,
2726 1579 2829 1634 nisi
2854 1593 3147 1633 consensus
3170 1586 3365 1631 nostrae
3385 1574 3673 1629 voluntatis

2082 1670 2327 1725 addatur.
2372 1673 2441 1725 At
2467 1670 2599 1725 illud
2626 1668 2966 1725 manifestum
2997 1677 3080 1724 est
3101 1708 3116 1734 ,
3144 1668 3336 1722 frustra
3369 1679 3466 1720 nos
3496 1665 3670 1730 velle,

2085 1763 2183 1816 nisi
2229 1763 2367 1817 Deus
2405 1764 2723 1817 misereatur
2762 1779 2775 1815 :
2823 1759 2950 1815 illud
2992 1767 3166 1813 autem
3198 1756 3379 1814 nescio
3404 1754 3674 1827 quomodo

2082 1852 2289 1908 dicatur
2310 1895 2324 1919 ,
2355 1852 2550 1907 frustra
2580 1853 2747 1908 Deum
2776 1850 3054 1915 misereri,
3086 1849 3187 1904 nisi
3217 1863 3316 1903 nos
3341 1847 3587 1903 velimus.
3616 1847 3671 1901 Si

2083 1947 2223 2001 enim
2272 1946 2413 2000 Deus
2456 1946 2776 2011 miseretur,
2816 1944 2975 1998 etiam
3015 1941 3258 1995 volumus
3295 1938 3402 1994 :ad
3429 1935 3675 1993 eamdem

2083 2038 2277 2108 quippe
2316 2035 2735 2091 misericordiam
2764 2034 2991 2105 pertinet
3014 2041 3072 2087 ut
3099 2031 3343 2087 velimus.
3377 2028 3515 2083 Deus
3542 2029 3675 2081 enim

2083 2140 2154 2185 est
2194 2132 2278 2200 qui
2317 2140 2556 2201 aperatur
2595 2129 2650 2182 in
2692 2127 2832 2182 nobis
2865 2136 2911 2183 et
2945 2126 3069 2181 velle
3088 2134 3134 2179 et
3158 2124 3359 2194 operari
3381 2164 3396 2188 ,
3426 2138 3518 2192 pro
3543 2120 3685 2174 bona

2082 2222 2353 2275 voluntate.
2385 2220 2516 2274 Nam
2542 2220 2587 2274 si
2613 2232 2917 2289 quaeramus
2941 2223 3117 2271 utrum
3148 2215 3241 2270 Dei
3265 2214 3466 2269 donum
3488 2213 3558 2267 sit
3574 2227 3673 2265 vo-

2083 2311 2258 2366 luntas
2300 2311 2441 2366 bona
2464 2350 2481 2377 ,
2519 2310 2713 2365 mirum
2753 2309 2799 2364 si
2840 2322 3034 2379 negare
3066 2308 3343 2378 quisquam
3369 2304 3581 2358 audeat.
3606 2303 3677 2357 At

2084 2404 2226 2459 enim
2271 2404 2393 2474 quia
2436 2418 2542 2459 non
2570 2402 2826 2474 przecedit
2853 2402 3100 2457 voluntas
3128 2401 3267 2455 bona
3294 2398 3628 2454 vocationem
3656 2438 3673 2463 ,

2083 2497 2177 2552 sed
2224 2496 2436 2551 vocatio
2483 2496 2679 2551 bonam
2725 2495 3050 2550 voluntatem
3079 2535 3094 2560 ,
3143 2504 3420 2563 propterea
3463 2488 3675 2544 vocanti

2086 2589 2196 2644 Deo
2240 2598 2389 2643 recte
2428 2586 2677 2642 tribuitur
2711 2585 2853 2656 quod
2890 2586 3028 2641 bene
3056 2584 3336 2649 volumus,
3366 2582 3519 2636 nobis
3546 2595 3677 2634 vero

2084 2680 2244 2735 tribui
2288 2695 2392 2734 non
2438 2687 2612 2748 potest
2635 2678 2776 2749 quod
2807 2691 3080 2731 vocamur.
3110 2674 3225 2729 Non
3256 2675 3413 2744 igitur
3443 2672 3564 2727 ideo
3588 2670 3669 2725 di-

2084 2781 2227 2827 ctum
2278 2770 2571 2841 putandum
2614 2778 2738 2835 est,
2790 2767 2913 2822 Non
2956 2766 3167 2821 volentis
3209 2781 3368 2836 neque
3395 2762 3673 2827 currentis,

2083 2864 2173 2917 sed
2219 2863 2495 2917 miserentis
2534 2870 2605 2914 est
2651 2859 2775 2923 Dei,
2816 2859 2939 2929 quia
2984 2857 3084 2912 nisi
3124 2855 3238 2926 ejus
3276 2845 3540 2924 adjutorio
3568 2868 3674 2906 non

2087 2966 2367 3023 possumus
2413 2951 2630 3020 adipisci
2679 2949 2821 3020 quod
2859 2950 3101 3002 volumus
3123 2987 3139 3012 ,
3185 2944 3280 3001 sed
3316 2944 3435 3001 ideo
3458 2944 3674 3015 potius,

2084 3045 2206 3116 quia
2230 3045 2330 3099 nisi
2354 3044 2468 3115 ejus
2491 3044 2767 3099 vocatione
2788 3058 2892 3098 non
2919 3042 3181 3096 volumus.

2159 3138 2245 3193 l5.
2286 3135 2392 3193 Sed
2420 3137 2463 3190 si
2494 3136 2701 3191 vacatio
2744 3135 2845 3189 ista
2890 3135 2961 3188 ita
3006 3140 3091 3188 est
3126 3131 3363 3187 eﬁ'ectrix
3393 3130 3548 3184 bona:
3578 3143 3676 3181 vo-

2085 3228 2327 3295 luntatis,
2372 3236 2431 3282 ut
2473 3228 2648 3282 omnis
2688 3242 2807 3282 eam
2847 3232 3067 3281 vocatus
3107 3233 3378 3294 sequatur,
3408 3220 3677 3293 quomodo

2086 3336 2271 3377 verum
2297 3319 2417 3386 erit,
2453 3318 2608 3374 Multi
2635 3320 2816 3386 vocati,
2850 3318 2998 3390 pauci
3024 3315 3382 3384 electi?Quod
3412 3315 3457 3369 si
3488 3330 3674 3369 verum

2085 3421 2188 3479 est,
2206 3421 2261 3467 et
2275 3427 2379 3467 non
2392 3420 2782 3482 consequenter
2799 3410 3063 3465 vocationi
3080 3418 3297 3463 vocatus
3318 3407 3673 3475 obtemperat,

2085 3515 2246 3576 atque
2270 3514 2332 3559 ut
2357 3520 2462 3559 nou
2490 3506 2507 3537 ⁸
2535 3506 2869 3575 obtemperet
2899 3503 2950 3556 in
2982 3502 3097 3571 ejus
3119 3510 3201 3556 est
3227 3500 3455 3570 pusilum
3489 3497 3679 3552 volun-

2058 3605 2216 3664 .tate,
2257 3603 2404 3651 recte
2441 3596 2600 3651 etiam
2639 3595 2743 3651 dici
2774 3603 2971 3665 potest,
3021 3593 3183 3663 lgitur
3226 3608 3329 3645 non
3370 3589 3677 3643 miserentis

2087 3688 2204 3753 Dei,
2234 3687 2330 3743 sed
2354 3688 2581 3743 volentis
2609 3696 2767 3757 atque
2804 3685 3073 3741 currentis
3112 3694 3195 3739 est
3239 3681 3503 3747 hominis;
3550 3679 3674 3750 quia

2087 3777 2450 3833 misericordia
2472 3778 2708 3832 vocantis
2735 3792 2838 3830 non
2865 3774 3080 3843 sufﬁcit,
3105 3774 3205 3829 nisi
3231 3774 3403 3828 vocati
3424 3773 3682 3828 obedien-

2088 3870 2159 3925 tia
2186 3870 2660 3939 consequatur.An
2693 3867 2826 3922 forte
2855 3868 2927 3921 illi
2946 3866 3033 3937 qui
3054 3867 3155 3921 hoc
3183 3865 3342 3919 modo
3367 3865 3538 3919 vocati
3568 3881 3674 3918 non

2087 3962 2449 4027 consentiunt,
2482 3969 2701 4030 possent
2729 3960 2833 4013 alio
2867 3958 3028 4013 modo
3066 3958 3240 4012 vocati
3269 3955 3677 4011 accommodare

2087 4051 2211 4107 ﬁdei
2238 4052 2583 4118 voluntatem,
2621 4059 2677 4105 ut
2703 4060 2757 4107 et
2784 4051 2909 4106 illud
2937 4065 3121 4105 verum
3152 4051 3254 4113 sit,
3300 4048 3453 4103 Multi
3492 4050 3675 4109 vocati,

2088 4143 2238 4215 pauci
2267 4142 2443 4208 electi;
2468 4152 2524 4195 ut
2551 4142 2795 4212 quamvis
2820 4141 2973 4196 multi
2999 4156 3105 4195 uno
3142 4140 3301 4194 modo
3327 4138 3501 4193 voeati
3531 4139 3635 4192 sint
3659 4179 3673 4198 ,

2089 4243 2268 4289 tamen
2297 4234 2422 4304 quia
2450 4249 2554 4289 non
2581 4249 2769 4289 omnes
2794 4248 2900 4288 uno
2925 4233 3085 4288 modo
3108 4232 3285 4287 allecti
3309 4243 3450 4295 sunt,
3481 4232 3551 4285 illi
3578 4231 3677 4285 soli

2087 4332 2381 4395 sequantur
2412 4324 2770 4386 vocationem,
2815 4325 2903 4393 qui
2948 4324 2996 4378 ei
3041 4322 3311 4393 Capiettdtn
3341 4323 3680 4391 reperiuntur

2088 4416 2298 4482 idonei;
2327 4422 2383 4471 et
2408 4416 2535 4471 illud
2561 4430 2668 4470 non
2698 4416 2875 4470 minus
2902 4430 3087 4471 verum
3117 4419 3207 4481 sit,
3234 4413 3405 4486 Igitur
3442 4430 3541 4467 non
3587 4428 3676 4466 vo-

2088 4507 2239 4561 lentis
2267 4521 2427 4576 ncque
2450 4506 2715 4571 canentis,
2749 4505 2837 4560 sed
2875 4506 3158 4560 miserentis
3196 4513 3271 4559 est
3308 4503 3425 4571 Dei,
3455 4505 3542 4573 qui
3577 4501 3678 4557 hoc

2089 4596 2251 4652 modo
2279 4596 2510 4663 vocavit,
2555 4595 2825 4666 quomodo
2870 4606 3053 4667 aptum
3092 4602 3209 4651 erat
3247 4595 3327 4650 eis
3370 4595 3458 4665 qui
3505 4593 3676 4647 secuti

2088 4698 2213 4743 sunt
2232 4687 2606 4743 vocationem?
2626 4686 2709 4742 Ad
2734 4687 2868 4742 alios
2893 4695 3070 4743 autem
3094 4686 3301 4742 vocatio
3322 4685 3533 4757 quidem
3567 4701 3676 4755 peis

2087 4781 2266 4849 venit;
2307 4781 2404 4839 sed
2431 4782 2555 4850 quia
2595 4782 2717 4837 talis
2746 4780 2845 4836 fuit
2871 4796 2975 4851 qua
3017 4780 3221 4837 moveri
3264 4795 3371 4834 non
3414 4788 3674 4851 possent,

2089 4892 2188 4932 nec
2212 4891 2332 4931 eam
2367 4889 2561 4946 capere
2581 4876 2604 4908 ³
2629 4874 2739 4945 apti
2767 4885 2967 4939 essent,
2990 4874 3164 4929 vocati
3192 4873 3405 4944 quidem
3437 4872 3538 4925 dici
3586 4886 3680 4940 p0.-

2089 4976 2305 5022 tuerunt
2349 4966 2443 5021 sed
2472 4981 2580 5020 non
2608 4967 2762 5021 electi
2790 4983 2803 5019 :
2846 4974 2901 5020 et
2940 4980 3046 5020 non
3073 4964 3181 5033 jam
3219 4963 3465 5017 similiter
3493 4976 3679 5015 verum

2086 5059 2369 5128 est,lgitur
2384 5073 2488 5112 non
2517 5056 2821 5113 miserentis
2851 5055 3077 5122 Dei,sed
3106 5053 3333 5109 volentis
3359 5062 3518 5121 atque
3552 5066 3677 5105 cur-

2089 5152 2255 5205 rentis
2278 5157 2361 5202 est
2387 5149 2656 5203 hominis:
2689 5148 2938 5218 quoniam
2970 5162 3075 5200 non
3121 5154 3296 5214 potest
3329 5144 3551 5200 ell'eetus
3582 5145 3682 5197 mi-

2088 5240 2394 5295 sericordiae
2435 5240 2529 5294 Dei
2557 5253 2678 5293 esse
2709 5237 2760 5291 in
2789 5236 3020 5291 hominis
3050 5244 3334 5305 potestate,
3381 5244 3439 5290 ut
3482 5234 3682 5289 frustra

2087 5332 2180 5387 ille
2218 5332 2555 5395 misereatur,
2600 5330 2643 5384 si
2686 5328 2847 5384 homo
2877 5328 3037 5394 nolit;
3073 5328 3195 5398 quia
3241 5328 3286 5383 si
3316 5328 3474 5383 vellet
3518 5328 3679 5383 etiam

2088 5426 2326 5496 ipsorum
2371 5422 2637 5488 misereri,
2687 5432 2868 5492 posset
2897 5422 2967 5476 ita
2998 5435 3219 5486 vocare,
3262 5419 3533 5492 quomodo
3576 5418 3683 5473 Illis

2087 5526 2270 5587 aptum
2313 5524 2475 5578 esset,
2502 5524 2560 5569 ut
2588 5522 2640 5569 et
2670 5523 3013 5570 moverentur
3037 5525 3092 5569 et
3126 5514 3479 5585 intelligerent
3510 5521 3565 5568 et
3589 5527 3675 5567 se-

2087 5616 2399 5679 querentur.
2426 5606 2618 5661 Verum
2648 5616 2731 5663 est
2758 5621 2906 5679 ergo,
2938 5606 3092 5663 Multi
3121 5608 3305 5675 vocati,
3337 5608 3487 5677 pauci
3512 5607 3676 5660 electi.

2149 5780 2166 5811 ¹
2197 5786 2296 5849 ttuc
2310 5786 2416 5830 Mss.
2440 5781 3075 5849 auctoritaterevocavimus
3092 5790 3356 5847 negantem
3375 5782 3685 5845 particulam,

2087 5854 2197 5905 quze
2222 5843 2269 5890 in
2292 5851 2407 5891 ante
2433 5843 2578 5892 editis
2602 5842 2868 5893 exciderat.

2154 5906 2172 5936 ι
2197 5905 2266 5952 sic
2284 5913 2389 5957 Mss.
2416 5914 2467 5956 At
2487 5905 2628 5969 editi,
2644 5911 2695 5955 ut
2714 5919 2820 5955 eum
2847 5918 3033 5967 rapere.
