4136 6538
471 527 576 584 “9

473 641 553 695 Illi
583 641 725 696 enim
766 638 938 700 electi,
969 638 1059 707 qui
1090 647 1446 708 congruenter
1470 636 1641 691 vocati
1668 637 1683 666 ¹
1713 655 1727 690 :
1760 634 1832 688 illi
1872 642 2047 687 autem

470 731 561 803 qui
590 746 695 786 non
724 730 1087 800 congruebant
1116 745 1291 800 neque
1319 727 1856 799 contemperabantur
1895 718 2054 778 voca-

472 822 626 889 tioni,
671 837 774 876 non
811 821 1005 886 electi,
1032 823 1156 893 quia
1187 837 1292 875 non
1337 820 1526 886 secuti,
1576 819 1818 890 quamvis
1862 814 2052 869 vocati.

470 914 599 970 Item
626 930 809 970 verum
838 924 942 982 est,
973 913 1094 968 Non
1120 916 1330 968 volentis
1360 932 1515 984 neque
1543 914 1808 977 currentis,
1842 912 1930 965 sed
1957 910 2055 964 mi-

468 1006 679 1059 serantis
696 1016 766 1059 est
797 1005 928 1070 Dei;
954 1006 1073 1077 quia
1104 1006 1311 1060 etiamsi
1340 1007 1533 1059 multos
1560 1014 1731 1067 vocet,
1762 1019 1947 1059 eorum
1979 1013 2055 1056 ta-

469 1112 592 1151 men
624 1096 930 1162 miseretur,
962 1113 1096 1166 quos
1125 1097 1191 1150 ita
1230 1106 1402 1161 vocat,
1446 1094 1716 1165 quomodo
1756 1095 1833 1147 eis
1878 1095 2053 1147 vi-cari

468 1196 653 1257 aptum
693 1196 799 1253 est,
832 1196 887 1241 ut
916 1196 1225 1258 sequantur.
1272 1187 1487 1241 Falsum
1519 1196 1599 1241 est
1628 1197 1802 1239 autem
1848 1186 1892 1239 si
1934 1185 2056 1255 quis

466 1277 620 1345 dicit,
666 1279 829 1349 lgitur
874 1296 979 1334 non
1022 1280 1323 1335 miserentis
1356 1280 1480 1344 Dei,
1520 1279 1613 1333 sed
1644 1278 1868 1333 volentis
1896 1288 2056 1347 atque

466 1371 732 1425 currentis
760 1381 842 1425 est
869 1371 1099 1426 hominis
1128 1388 1140 1423 :
1172 1372 1291 1441 quia
1330 1370 1525 1425 nullius
1553 1370 1698 1424 Deus
1727 1369 1919 1423 frustra
1952 1369 2054 1421 mi-

467 1470 709 1527 seretur;
738 1462 888 1531 cujus
915 1463 1424 1527 autemqmiseretur,
1451 1462 1527 1516 sic
1552 1476 1673 1514 eum
1702 1470 1885 1524 vocat,
1918 1475 2054 1528 quo-

466 1550 629 1606 modo
657 1552 757 1606 scit
784 1553 832 1607 ei
862 1567 1179 1623 congruere,
1212 1562 1266 1606 ut
1289 1562 1567 1608 vocantem
1596 1568 1699 1606 non
1733 1562 1969 1621 respuat.

542 1642 628 1695 14.
671 1641 769 1697 llic
794 1642 934 1698 dicet
969 1644 1195 1713 aliquis:
1225 1642 1334 1698 Cur
1375 1658 1503 1714 ergo
1546 1643 1687 1698 Esau
1717 1658 1822 1697 non
1868 1643 1945 1697 sic
1974 1650 2056 1696 est

469 1742 729 1799 vocatus,
778 1743 836 1788 ut
882 1734 1041 1790 vellet
1093 1734 1348 1790 obedire?
1409 1734 1664 1790 Videmus
1717 1734 1859 1789 enim
1922 1735 2057 1789 alios

466 1825 624 1878 aliter
670 1824 858 1880 iisdem
904 1826 1064 1881 rebus
1102 1827 1481 1882 demonstratis
1507 1827 1592 1882 vel
1639 1824 1949 1896 signiﬁcatis
1987 1825 2054 1879 ad

467 1914 793 1970 credendum
840 1918 1065 1973 moveri.
1105 1917 1253 1972 Sicut
1283 1918 1510 1987 exempli
1541 1915 1964 1987 gratia,Simeon
1999 1917 2049 1969 in

472 2006 752 2062 Dotninum
790 2017 1027 2063 nostrum
1057 2009 1236 2064 Jesum
1274 2009 1547 2065 Christum
1586 2010 1761 2065 adhuc
1800 2008 2053 2063 infantem

470 2098 745 2165 parvulum
788 2098 1053 2165 credidit,
1089 2100 1286 2169 Spiritu
1333 2102 1383 2155 ei
1426 2101 1693 2155 revelante
1730 2114 2058 2171 cognoscens

474 2186 622 2254 (Luc.
652 2204 687 2242 ll
710 2230 725 2254 ,
755 2188 826 2243 25
846 2190 886 2259 ).
916 2188 1209 2244 Nathanael
1239 2191 1305 2245 ad
1335 2207 1490 2244 unam
1522 2192 1868 2254 sententiam,
1899 2206 2053 2261 quam

469 2280 538 2333 ab
568 2280 661 2335 illo
685 2280 905 2348 audivit,
941 2280 1243 2353 Priusquam
1281 2294 1327 2337 te
1372 2283 1647 2354 Philippus
1676 2293 1903 2351 vocaret,
1942 2300 2057 2337 cum

467 2386 599 2425 esses
624 2374 716 2425 sub
742 2372 919 2427 arbore
943 2374 1045 2443 ﬁci,
1090 2375 1189 2427 vidi
1227 2384 1311 2439 te;
1351 2376 1643 2445 respondit,
1678 2374 1861 2438 Rabbi,
1910 2386 1963 2428 tu
2006 2392 2057 2429 es

466 2461 638 2517 Filius
667 2462 778 2527 Dei,
820 2476 873 2519 tu
902 2483 952 2519 es
988 2484 1078 2521 rat:
1116 2466 1283 2521 Israel
1315 2466 1503 2538 (Joan.
1530 2484 1566 2528 ι.
1598 2468 1667 2523 48
1691 2509 1705 2531 ,
1737 2468 1805 2522 49
1826 2470 1864 2537 ).
1906 2466 2057 2534 Quod

467 2562 617 2608 tanto
646 2564 765 2624 post
805 2556 925 2626 quia
970 2557 1246 2613 confessus
1273 2568 1356 2613 est
1382 2559 1590 2623 Petrus,
1632 2559 1827 2615 meruit
1871 2561 2057 2616 audire

467 2644 610 2714 quod
643 2645 825 2700 beatus
852 2647 941 2711 sit,
970 2657 1025 2702 et
1051 2649 1191 2717 quod
1222 2650 1270 2703 ei
1296 2649 1549 2705 darentur
1570 2651 1747 2705 claves
1774 2651 1920 2720 regni
1948 2666 2058 2706 cu:-

468 2736 641 2791 lorum
672 2734 900 2809 (Matth.
932 2756 1017 2793 xvi
1040 2782 1053 2804 ,
1093 2741 1256 2796 l6-l9
1284 2743 1321 2810 ).
1355 2743 1609 2797 Miraculo
1652 2743 1789 2798 facto
1830 2744 1881 2797 in
1912 2744 2057 2799 Cana

472 2825 727 2890 Calilzeae,
756 2830 896 2899 quod
926 2830 1133 2885 initium
1161 2832 1431 2902 signorum
1458 2834 1587 2889 Jesu
1624 2834 1859 2889 Joannes
1892 2850 2056 2890 evan-

470 2920 659 2987 gelista
688 2933 1092 2990 commemorat,
1120 2940 1255 2993 aqua
1289 2926 1339 2979 in
1369 2926 1550 2980 vinum
1578 2942 1856 2992 conversa,
1888 2928 2061 2983 credi-

474 3011 670 3066 derunt
714 3012 766 3066 in
807 3029 930 3067 enm
961 3014 1202 3085 discipuli
1232 3017 1347 3086 ejus
1378 3017 1576 3087 (Joan.
1608 3036 1665 3085 ιι,
1711 3022 1768 3075 ll
1797 3019 1838 3092 ).
1870 3020 2061 3075 Multos

474 3101 743 3172 loquendo
786 3105 1065 3159 incitavit’
1108 3107 1174 3162 ad
1219 3109 1418 3163 ﬁdem:
1463 3112 1613 3165 multi
1652 3127 1752 3167 nec
1793 3114 2060 3169 suscitatis

473 3195 702 3249 mortuis
725 3196 1087 3252 crediderunt.
1122 3200 1197 3255 De
1222 3216 1380 3256 cruce
1408 3210 1565 3272 atque
1594 3212 1764 3259 morte
1793 3205 1910 3273 ejus
1934 3221 2061 3259 con-

474 3285 649 3339 territi
677 3286 837 3341 etiam
864 3287 1109 3359 discipuli
1140 3290 1466 3359 titubarunt;
1494 3304 1547 3348 et
1573 3303 1745 3349 tamen
1778 3296 1913 3351 latro
1939 3307 2060 3352 tunc

476 3377 724 3446 credidit,
749 3395 871 3435 cum
902 3396 1021 3435 eum
1051 3398 1156 3437 non
1184 3385 1605 3453 prtestantiorem
1622 3387 1823 3442 videret
1848 3389 1898 3441 in
1927 3405 2059 3458 ape-

474 3470 643 3537 ribus,
667 3471 759 3527 sed
787 3474 1058 3529 consortio
1082 3477 1256 3530 crucis
1285 3478 1543 3546 mqualem
1584 3480 1602 3547 (
1629 3479 1756 3532 Luc.
1782 3496 1928 3545 χχιιι,
1961 3482 2059 3536 40-

474 3563 607 3633 43).
640 3564 790 3620 Unus
815 3567 975 3620 etiam
1005 3566 1073 3622 de
1113 3584 1335 3623 numero
1372 3568 1750 3639 discipulorum
1784 3581 1905 3639 post
1946 3572 2063 3641 ejus

475 3655 950 3721 resurrectionem,
990 3672 1095 3712 non
1127 3666 1235 3712 tam
1272 3659 1569 3714 viventibus
1598 3661 1870 3724 membris,
1902 3679 2060 3732 quam

474 3745 779 3801 recentibus
804 3748 1143 3803 cicatricibus
1166 3750 1393 3804 credidit
1415 3749 1593 3820 (Joan.
1618 3768 1709 3815 xx,
1734 3752 1802 3804 27
1826 3751 1845 3822 )
1871 3771 1882 3805 :
1913 3755 2061 3808 inulti

476 3852 542 3890 ex
574 3852 759 3891 eorum
786 3854 1010 3893 numero
1037 3854 1066 3893 a
1096 3841 1288 3910 quibus
1312 3841 1599 3897 cruciﬁxus
1631 3852 1731 3901 est.
1760 3844 1848 3914 qui
1881 3845 2063 3899 viden-

472 3938 555 3982 tes
585 3943 705 3982 eum
737 3929 986 3984 miracula
1015 3930 1295 4013 facientem
1322 3944 1753 4003 contempserant
1788 3936 2063 4006 discipulis

471 4034 597 4074 eum
644 4020 1057 4090 prmdicantibus
1085 4034 1139 4079 et
1167 4025 1220 4079 in
1252 4026 1467 4081 nomine
1492 4028 1609 4095 ejus
1653 4029 1774 4082 talia
1820 4030 2061 4084 facienti-

475 4109 577 4164 bus
619 4111 963 4167 crediderunt
997 4114 1152 4182 (Act.
1198 4130 1315 4170 n-tv
1336 4114 1379 4186 ).
1424 4116 1556 4172 Cum
1604 4134 1732 4187 ergo
1778 4121 1913 4175 alius
1960 4121 2058 4184 sic.

474 4200 614 4255 alius
634 4212 809 4256 autem
830 4204 907 4258 sic
924 4214 1191 4283 moveatur
1215 4206 1279 4260 ad
1304 4207 1790 4281 lidem,eadcmque
1812 4229 1899 4267 res
1919 4228 2062 4283 saepe

474 4290 581 4345 alio
609 4292 767 4346 modo
796 4292 935 4349 dicta
963 4304 1191 4363 moveat,
1220 4296 1325 4352 alio
1350 4299 1510 4354 modo
1531 4301 1667 4355 dicta
1694 4318 1798 4356 non
1829 4314 2059 4369 moveat;

472 4380 742 4449 aliumque
771 4384 1179 4450 moveat,alium
1206 4401 1309 4441 non
1338 4398 1579 4453 moveat;
1608 4392 1727 4460 quis
1754 4393 1945 4448 audeat
1974 4394 2059 4448 di-

473 4488 598 4527 cere
621 4474 854 4530 defuisse
876 4475 986 4530 Deo
1014 4478 1228 4533 modum
1256 4480 1498 4543 vocandi.
1516 4498 1622 4552 quo
1642 4484 1801 4539 etiam
1833 4486 1971 4540 Esau
1993 4487 2061 4541 ad

472 4581 592 4619 eam
618 4565 774 4621 [idem
798 4576 1031 4623 mentem
1053 4570 1363 4640 applicaret,
1387 4573 1819 4645 voluntatemque
1838 4578 2061 4646 conjun-

470 4666 642 4725 εει-ει,
665 4658 834 4727 inqua
864 4659 1356 4727 Jacobjustitlcatus
1373 4664 1488 4718 est?
1508 4665 1662 4732 Quod
1702 4668 1746 4721 si
1770 4676 1912 4721 tanta
1930 4684 2064 4738 quo-

472 4763 577 4816 que
607 4758 781 4817 potest
809 4764 928 4804 esse
954 4751 1239 4807 obstinatio
1264 4755 1566 4818 voluntatis,
1591 4766 1647 4810 ut
1666 4768 1847 4812 contra
1874 4775 2062 4816 omnes

472 4840 660 4894 modos
704 4842 1002 4895 νυεηιίοιιίδ
1045 4842 1361 4899 obdurescat
1387 4849 1581 4902 mentis
1606 4850 1883 4912 aversio’;
1910 4867 2059 4918 qua:-

470 4935 607 4988 ritur
636 4943 808 4988 utrum
830 4935 898 4989 de
917 4935 1095 4990 divina
1118 4951 1273 5004 pmna
1302 4938 1369 4991 sit
1392 4938 1503 5008 ipsa
1530 4939 1744 5003 duritia,
1768 4958 1888 4996 cum
1924 4943 2062 4999 Deus

472 5023 670 5078 deserit
714 5041 816 5080 non
862 5027 941 5082 sic
967 5026 1225 5091 vocando,
1255 5029 1527 5099 quomodo
1554 5030 1619 5084 ad
1660 5031 1818 5086 fidem
1857 5036 2061 5089 moveri

474 5125 667 5182 potest.
698 5116 828 5183 Quis
855 5120 997 5173 enim
1038 5118 1180 5175 dicat
1211 5120 1423 5175 modum
1449 5119 1471 5151 ⁸
1503 5137 1610 5189 quo
1634 5122 1681 5175 ei
1711 5124 2059 5191 persuadere-

474 5215 560 5258 tur
584 5214 643 5258 ιιι
668 5208 930 5271 crederet,
960 5213 1119 5266 etiam
1145 5212 1504 5281 Omnipotenti
1534 5214 1798 5268 defuisse?

548 5295 635 5347 l5.
674 5294 783 5348 Sed
821 5299 943 5365 quid
977 5300 1077 5355 hoc
1118 5305 1427 5369 quaerimus,
1474 5319 1594 5357 cum
1639 5306 1751 5373 ipse
1781 5307 2061 5377 subjungat

477 5386 786 5455 Apostolus,
834 5386 968 5440 Dicit
997 5391 1129 5443 enim
1174 5392 1441 5463 Scriptura
1486 5395 1768 5461 Pharaoni,
1816 5397 1947 5462 Quia
1992 5399 2060 5451 ad

476 5477 567 5530 hoc
592 5487 640 5531 te
666 5477 895 5540 excitari,
917 5489 969 5531 ut
995 5482 1252 5535 ostendant
1274 5486 1325 5538 in
1350 5497 1397 5539 te
1425 5490 1694 5554 potentiam
1725 5506 1907 5555 meam,
1930 5500 1977 5543 et
2006 5500 2059 5542 ut

539 5635 554 5700 ξ
580 5641 702 5682 “tres
721 5632 925 5700 Vaticani
944 5634 1156 5700 codices,
1178 5634 1261 5700 qui
1284 5639 1603 5700 congruebant
1624 5640 1857 5692 occationi

537 5697 557 5727 '
578 5701 649 5743 Er.
672 5703 725 5744 et
746 5694 970 5757 plerique
994 5702 1119 5752 Mss,
1137 5694 1348 5747 invitarit
1366 5694 1379 5747 ξ

541 5757 881 5825 ἒςρςὴθίριιδὶε
896 5764 1000 5825 Μετ,
1023 5757 1220 5807 eversio.
1248 5760 1529 5825 )‘ictorinus,
1551 5764 1787 5825 adversm.

540 5824 559 5847 δ
580 5819 698 5868 Editi
721 5827 870 5884 :(‘um
1066 5827 1193 5884 Deus
1225 5818 1479 5870 deserit....
1506 5822 1612 5884 quis
1633 5824 1777 5876 etiam
1808 5827 1941 5879 dicat
1960 5842 2059 5878 mn-

477 5883 612 5950 dum,
636 5888 731 5930 etc.
754 5881 1061 5950 (orbciensis
1084 5882 1248 5950 codex
1270 5896 1281 5928 :
1308 5892 1427 5950 gum
1449 5881 1557 5950 eunt
1582 5894 1709 5936 Deus
1740 5888 1933 5950 deserit,
1962 5902 2054 5941 etc.

478 5947 594 5989 Tum
608 5954 718 5989 eum
738 5942 842 5992 aliis
867 5950 991 6004 διεδ,
1011 5942 1117 6005 quis
1140 5943 1268 5993 enim
1285 5941 1412 5994 dicat
1445 5946 1656 5997 modum.

1041 520 1125 576 DE
1166 522 1479 580 DIVERSIS
1517 515 2031 591 QUIESTIONIBUS
2070 516 2161 571 AD
2198 516 2697 589 SIMPLICIANUM,
2728 521 2785 577 S.
2825 520 3188 579 AUCUSTINI

3652 525 3755 579 ιΞο

2166 634 2492 688 annuntietur
2516 650 2692 691 nomen
2720 654 2884 692 meum
2906 638 2960 693 in
2984 641 3213 694 universa
3236 640 3408 694 terra?
3434 638 3545 694 Hoc
3567 647 3752 693 autem

2160 722 2387 793 subjecit
2418 725 2700 795 Apostolus
2730 727 3127 795 documentum,
3174 745 3281 799 quo
3328 729 3577 799 probaret
3605 728 3752 798 quod

2162 830 2318 884 supra
2349 816 2576 885 dixerat,
2610 818 2778 891 Igitur
2807 840 2907 876 non
2941 823 3149 877 volentis
3176 840 3333 897 neque
3357 823 3623 889 currentis,
3660 822 3751 876 sed

2163 907 2441 961 miserenlis
2469 922 2540 962 est
2565 909 2679 965 Dei.
2726 912 2997 982 Tanquam
3024 916 3163 968 enim
3203 916 3252 969 ei
3282 916 3570 979 diceretur,
3598 912 3755 969 Unde

2162 996 2263 1051 ltoc
2302 998 2500 1053 doces?
2532 1000 2665 1054 Dicit
2704 1005 2835 1055 enim
2874 1004 3163 1073 Scriptura,
3203 1005 3396 1075 inquit,
3448 1002 3748 1065 Pharaoni,

2167 1089 2299 1155 Quia
2343 1095 2413 1144 ad
2447 1093 2539 1145 hoc
2582 1104 2629 1147 te
2664 1095 2897 1161 excitavi,
2932 1105 2989 1149 ut
3026 1096 3288 1149 ostendam
3316 1096 3369 1148 in
3399 1105 3444 1147 te
3473 1093 3752 1163 potentiam

2164 1196 2343 1247 meam,
2370 1194 2415 1235 et
2436 1193 2489 1236 ut
2508 1186 2832 1239 annuntietur
2852 1203 3031 1241 nomen
3063 1204 3228 1241 meum
3256 1187 3310 1239 in
3335 1187 3566 1239 uniuersa
3591 1194 3750 1238 terra.

2164 1269 2355 1340 Utique
2387 1272 2509 1327 hinc
2538 1276 2822 1332 Ostendens
2853 1278 2993 1347 quod
3035 1295 3136 1333 non
3180 1278 3389 1332 volentis
3434 1293 3589 1343 neque
3624 1292 3751 1329 cur-

2164 1362 2338 1425 rentis,
2376 1364 2464 1416 sed
2491 1366 2767 1420 miserentis
2802 1378 2873 1422 est
2911 1367 3029 1423 Dei.
3069 1368 3458 1437 Concluditque
3487 1368 3577 1429 ita,
3611 1365 3754 1436 Ergo

2165 1452 2309 1521 cujus
2333 1452 2437 1505 vult
2465 1454 2744 1522 miseretur,
2773 1467 2819 1511 et
2847 1475 2993 1527 quem
3019 1460 3122 1511 vult
3149 1458 3402 1521 obdurat;
3446 1472 3566 1511 cum
3591 1470 3754 1524 Supe-

2165 1541 2275 1596 rius
2303 1558 2409 1598 non
2438 1555 2722 1617 utrumque
2747 1549 2944 1604 dictum
2981 1552 3070 1604 sit.
3100 1550 3282 1619 Neque
3309 1549 3451 1604 enim
3480 1547 3753 1617 quomodo

2162 1631 2361 1689 dictum
2392 1646 2495 1704 est,
2528 1637 2649 1693 Non
2674 1642 2884 1696 volentis
2913 1660 3070 1713 neque
3096 1644 3362 1706 currentis,
3394 1643 3481 1696 sed
3512 1647 3754 1696 miseren-

2163 1726 2226 1780 tis
2270 1736 2341 1781 est
2387 1727 2513 1794 Dei;
2538 1731 2615 1786 sic
2655 1733 2816 1787 etiam
2846 1733 3048 1789 dictum
3076 1742 3180 1798 est.
3213 1752 3317 1789 non
3346 1734 3576 1789 nolentis
3602 1736 3618 1764 ¹
3651 1750 3752 1787 ne-

2163 1835 2268 1887 que
2293 1824 2706 1887 contemnentis,
2737 1826 2833 1879 sed
2860 1826 3172 1881 obdurantis
3200 1837 3284 1883 est
3318 1828 3433 1882 Dei.
3481 1826 3629 1882 Unde
3657 1825 3757 1879 da-

2166 1918 2251 1964 tur
2280 1910 2523 1981 intelligi,
2550 1914 2690 1983 quod
2716 1915 2851 1970 infra
2890 1925 3173 1987 utrumque
3210 1918 3404 1987 posuit,
3438 1914 3580 1987 Ergo
3605 1918 3755 1986 cujus

2164 2002 2269 2053 vult
2295 2002 2591 2070 miseretur,
2635 2014 2681 2059 et
2718 2022 2866 2070 quem
2917 2008 3020 2061 vult
3061 2009 3312 2075 obdurat,
3359 2009 3429 2062 ita
3474 2007 3754 2062 sententia:

2164 2093 2428 2162 superiori
2458 2110 2614 2164 posse
2646 2112 2962 2167 congruere,
2992 2110 3050 2153 ut
3077 2098 3359 2153 obduratio
3389 2098 3482 2153 Dei
3512 2099 3583 2153 sit
3610 2098 3757 2154 nolle

2165 2184 2407 2239 misereri
2432 2204 2447 2238 :
2472 2196 2527 2240 ut
2549 2203 2653 2241 non
2675 2189 2741 2241 ab
2758 2190 2852 2243 illo
2868 2190 3129 2260 irrogetur
3147 2190 3340 2260 aliquid
3366 2205 3473 2260 quo
3495 2190 3565 2244 sit
3592 2190 3757 2245 homo

2164 2277 2420 2342 deterior,
2441 2280 2534 2333 sed
2550 2291 2754 2336 tantum
2776 2298 2881 2353 quo
2900 2284 2970 2337 sit
2988 2285 3179 2339 melior
3196 2300 3301 2338 non
3312 2294 3579 2353 erogetur.
3597 2281 3754 2348 Quod

2164 2371 2210 2425 si
2243 2372 2297 2424 fit
2324 2373 2465 2425 nulla
2489 2373 2830 2430 distinctione
2852 2377 3183 2442 meritorum,
3214 2378 3332 2447 quis
3373 2392 3479 2431 non
3510 2384 3757 2444 erumpat

2166 2464 2219 2519 in
2240 2481 2356 2519 eam
2382 2481 2590 2529 vocem,
2614 2483 2772 2535 quam
2801 2469 2899 2522 sibi
2930 2470 3041 2538 ipse
3057 2469 3255 2537 objeeit
3272 2468 3595 2536 Apostolus?
3614 2465 3757 2521 Dicis

2163 2558 2331 2627 itaque
2350 2559 2473 2612 mihi
2492 2578 2508 2613 :
2528 2559 2664 2624 Quid
2683 2561 2850 2614 adhuc
2871 2563 3187 2632 conqueritur
3203 2563 3229 2616 ?
3243 2580 3360 2616 nam
3381 2562 3624 2615 voluntati
3644 2562 3759 2629 ejus

2165 2648 2275 2718 quis
2292 2650 2501 2703 resistit?
2512 2651 2865 2720 Conqueritur
2877 2654 3020 2706 enim
3038 2653 3176 2707 Deus
3187 2668 3330 2722 stupe
3345 2653 3412 2707 de
3427 2652 3755 2717 hominibus,

2167 2740 2303 2793 sicut
2340 2754 2436 2808 per
2460 2741 2874 2797 innumerabiles
2905 2752 3128 2812 apparet
3156 2742 3546 2813 Scripturarum
3584 2743 3756 2806 locos,

2166 2830 2306 2899 quod
2330 2831 2497 2885 nolint
2516 2832 2735 2887 credere
2754 2841 2809 2888 et
2828 2842 2973 2888 recte
2994 2834 3191 2889 vivere.
3217 2835 3368 2890 Unde
3391 2835 3575 2889 fideles
3600 2844 3655 2888 et
3678 2833 3761 2889 fa-

2168 2921 2370 2976 cientes
2383 2922 2704 2977 voluntatem
2724 2924 2815 2978 Dei
2830 2925 3135 2981 conversari
3151 2926 3400 2980 dicuntur
3414 2926 3530 2980 sine
3540 2927 3760 2993 querela

2170 3013 2317 3083 (Luc.
2341 3031 2380 3080 ι,
2403 3015 2481 3083 ϐ),
2508 3015 2648 3084 quod
2674 3016 2741 3071 de
2766 3016 2868 3069 illis
2889 3032 2994 3070 non
3020 3028 3275 3087 queratur
3309 3018 3602 3086 Scriptura.
3626 3015 3760 3083 Sed,

2173 3104 2309 3171 Quid
2334 3106 2673 3175 conqueritur,
2716 3106 2827 3161 ait?
2854 3124 2973 3160 nam
3001 3108 3245 3162 uoluntati
3280 3110 3390 3175 ejus
3416 3109 3525 3177 quis
3548 3108 3758 3171 resistit,

2169 3198 2383 3269 quando
2415 3201 2560 3269 cujus
2589 3200 2694 3254 vult
2720 3201 3001 3266 miseretur,
3026 3212 3073 3255 et
3098 3218 3245 3269 quem
3271 3202 3373 3255 vult
3404 3200 3654 3255 obdurat?
3693 3200 3762 3255 Ει

2172 3300 2347 3345 tamen
2387 3291 2687 3345 intueamur
2714 3294 3009 3361 superiora,
3038 3301 3094 3346 et
3122 3293 3244 3347 inde
3284 3302 3546 3357 nOstram,
3577 3306 3751 3361 quau-

2174 3392 2282 3436 tum
2315 3382 2427 3452 ipse
2455 3383 2709 3437 Dominus
2735 3384 2970 3451 adjuvat,
3000 3384 3319 3438 sententiam
3348 3382 3658 3452 dirigamus.

2245 3475 2334 3529 l6.
2374 3475 2463 3529 Ait
2494 3476 2635 3529 enim
2669 3476 2826 3544 paulo
2854 3486 2999 3539 ante,
3026 3474 3160 3541 Quid
3186 3492 3303 3545 ergo
3325 3473 3760 3527 dicemus?num«-

2171 3566 2295 3635 quid
2348 3565 2588 3633 iniquitas
2642 3575 2711 3619 est
2770 3566 2908 3633 apud
2958 3564 3163 3618 Deum?
3190 3564 3349 3618 Absit.
3371 3564 3451 3619 Sit
3473 3564 3630 3632 igitur
3657 3562 3764 3617 hoc

2175 3660 2345 3711 lixum
2376 3667 2535 3725 atque
2580 3656 2848 3709 immobile
2880 3656 2930 3709 in
2970 3665 3148 3711 mente
3174 3654 3349 3709 sobria
3382 3654 3575 3723 pietate
3602 3662 3762 3722 atque

2172 3748 2347 3802 stabili
2379 3747 2431 3800 in
2456 3746 2558 3801 lide
2578 3747 2620 3810 ³,
2649 3746 2791 3816 quod
2823 3746 2965 3800 nulla
2993 3756 3077 3801 est
3103 3746 3349 3813 iniquitas
3375 3745 3514 3811 apud
3545 3744 3711 3798 Deum
3739 3761 3759 3799 :

2173 3850 2333 3909 atque
2355 3840 2423 3893 ita
2450 3840 2787 3894 tenacissime
2814 3838 3221 3907 firmissimeque
3241 3836 3506 3902 credatur,
3529 3836 3758 3902 idipsum

2172 3931 2314 4001 quod
2363 3931 2505 3985 Deus
2534 3933 2677 3999 cujus
2714 3931 2819 3983 rult
2846 3930 3106 3983 miseretur
3134 3938 3179 3981 et
3206 3944 3353 3997 quem
3390 3929 3493 3980 vult
3521 3927 3757 3992 obdurat,

2175 4022 2275 4075 hoc
2314 4030 2426 4084 est,
2456 4019 2609 4088 cujus
2639 4020 2749 4073 vult
2778 4020 3060 4073 miseretur
3098 4028 3154 4073 et
3189 4022 3342 4087 cujus
3371 4033 3478 4071 non
3507 4017 3620 4071 vult
3651 4032 3759 4070 non

2174 4114 2478 4179 miseretur,
2518 4126 2639 4166 esse
2678 4112 2902 4181 alicujus
2954 4110 3178 4165 occulta:
3220 4120 3377 4179 atque
3414 4109 3483 4164 ab
3526 4109 3760 4163 humano

2174 4202 2390 4256 modqu
2429 4201 2809 4271 investigabilis
2852 4200 3133 4271 aequitatis,
3176 4217 3296 4271 quae
3336 4200 3387 4254 in
3433 4199 3561 4269 ipsis
3599 4199 3761 4253 rebus

2176 4293 2423 4349 humanis
2490 4293 2821 4363 terrenisque
2876 4292 3234 4346 contractibus
3287 4291 3760 4346 animadvertenda

2174 4396 2291 4452 est;
2324 4386 2374 4439 in
2398 4385 2587 4455 quibus
2610 4385 2709 4439 nisi
2737 4399 2981 4454 supernae
2998 4386 3218 4454 justitim
3234 4384 3475 4454 quaedam
3500 4386 3759 4453 impressa

2174 4479 2393 4547 vestigia
2426 4486 2751 4544 teneremus,
2783 4492 3050 4546 nunquam
3078 4477 3130 4531 in
3174 4476 3349 4547 ipsum
3375 4476 3551 4532 cubile
3577 4491 3640 4529 ac
3665 4492 3763 4546 pe-

2172 4573 2377 4627 netrale
2402 4570 2795 4625 sanctissimum
2824 4580 2983 4640 atque
3012 4570 3365 4625 castissimum
3403 4568 3762 4637 spiritualium

2175 4674 2561 4734 praeceptorum
2601 4669 2796 4716 nostra:
2823 4661 3141 4715 inlirmitatis
3171 4662 3465 4727 suSpiceret
3492 4670 3652 4729 atque
3680 4661 3762 4714 in.

2179 4755 2349 4809 hiaret
2370 4755 2614 4807 intentio.
2639 4753 2783 4807 Beati
2813 4753 2901 4823 qui
2927 4753 3162 4808 esuriunt
3187 4762 3242 4807 et
3261 4754 3447 4807 sitiunt
3466 4753 3724 4822 justitiam
3742 4793 3758 4814 ,

2172 4848 2422 4917 quoniam
2456 4846 2554 4915 ipsi
2587 4847 2963 4900 saturabuntur
2990 4845 3203 4915 (Matth.
3234 4862 3289 4908 v,
3322 4846 3419 4913 6).
3452 4847 3507 4900 ln
3538 4846 3633 4899 ista
3666 4846 3763 4915 igi-

2174 4946 2260 4992 tur
2290 4938 2530 4993 siccitate
2554 4938 2675 4991 vitze
2701 4938 3127 5007 conditionisque
3155 4939 3416 5001 mortalis,
3447 4939 3546 4992 nisi
3571 4954 3762 5007 asper-

2172 5038 2387 5098 geretur
2412 5028 2642 5098 desuper
2681 5030 2827 5083 velut
2865 5029 3169 5082 tenuissima
3206 5028 3451 5095 quaedam
3504 5044 3631 5081 aura
3670 5029 3763 5097 ju-

2174 5120 2333 5175 stitize
2354 5161 2369 5184 ,
2400 5120 2555 5172 citius
2584 5134 2971 5184 aresceremus,
3003 5133 3160 5187 quam
3192 5118 3485 5173 sitiremus.
3516 5118 3763 5187 Quapro-

2174 5220 2293 5280 pter
2316 5226 2437 5264 cum
2464 5210 2641 5263 dando
2665 5219 2719 5263 et
2746 5210 3055 5277 accipiendo
3082 5210 3221 5263 inter
3258 5224 3318 5264 se
3358 5209 3633 5263 hominum
3678 5226 3767 5265 $0-

2172 5304 2339 5356 cietas
2369 5310 2734 5364 connectatur,
2767 5301 2961 5354 dentur
2996 5311 3171 5353 autem
3215 5309 3271 5355 et
3313 5301 3643 5369 accipiantur
3680 5302 3765 5356 vel

2173 5395 2349 5449 debita
2378 5394 2463 5448 vel
2493 5409 2596 5447 non
2625 5393 2836 5458 debita;
2874 5395 2991 5464 quis
3026 5409 3131 5447 non
3160 5393 3334 5447 videat
3360 5394 3651 5459 iniquitatis
3679 5409 3766 5446 ar-

2171 5489 2259 5558 gui
2291 5488 2557 5541 neminem
2589 5501 2765 5556 posse,
2799 5486 2886 5556 qui
2914 5485 3055 5553 quod
3084 5486 3183 5538 sibi
3215 5484 3459 5549 debetur,
3489 5486 3765 5553 exegerit?

2174 5594 2272 5633 nec
2301 5595 2421 5633 eum
2448 5590 2613 5642 certe,
2645 5579 2734 5647 qui
2756 5577 2897 5646 quod
2925 5578 2972 5629 ei
3004 5577 3249 5641 debetur,
3272 5576 3474 5631 donare
3501 5576 3765 5630 voluerit?

2175 5668 2273 5723 boc
2298 5680 2473 5724 autem
2505 5685 2608 5722 non
2639 5684 2757 5724 esse
2784 5668 2837 5723 in
2867 5683 3051 5724 eorum
3081 5667 3172 5740 qui
3198 5666 3467 5722 debitores
3495 5677 3638 5730 sunt,
3670 5666 3764 5721 sed

2234 5839 2251 5858 τ
2276 5834 2349 5875 su:
2369 5832 2443 5875 Er.
2473 5833 2525 5875 et
2546 5822 2729 5887 aliquot
2752 5829 2859 5872 Mss.
2879 5829 3084 5887 Alton,
3112 5834 3204 5887 non

2232 5892 2252 5921 ²
2277 5889 2425 5942 Editi,
2464 5882 2643 5934 κιαι)ϋῖ
2672 5885 2801 5946 ﬁde;
2858 5886 3032 5934 omissa
3083 5882 3346 5947 particula.
3394 5882 3463 5941 in.
3506 5895 3651 5947 quam
3695 5895 3754 5929 ex

2170 5950 2448 6001 corbeiensi
2466 5955 2545 5997 Ms.
2575 5960 2869 5999 revocamus.
