4136 6524
277 516 373 573 tat
1198 508 1297 519 “
1435 503 1458 531 ‘

277 630 334 682 in
361 627 479 697 ejus
502 622 587 679 cui
618 621 847 678 debetur
870 616 1128 675 arbitrio?
1168 616 1291 671 llatc
1323 617 1518 687 imago,
1556 614 1660 679 vel,
1690 623 1748 668 ut
1788 628 1876 669 su-

279 736 377 791 pra
424 718 534 773 dixi
563 759 577 783 ,
621 715 907 786 vestigium
955 711 1182 782 negotiis
1225 709 1500 763 hominum
1547 706 1615 761 de
1668 704 1879 775 fastigio

278 824 493 866 summo
516 809 531 839 ⁸
564 806 830 877 :equitatis
860 805 1177 873 impressum
1206 809 1307 853 est.
1339 798 1474 855 Sunt
1505 798 1661 869 igitur
1690 811 1877 851 omnes

280 902 535 957 homines
557 901 575 971 (
597 895 1050 970 quandoquidem,
1082 903 1138 946 ut
1164 891 1450 960 Apostolus
1474 890 1582 953 ait,
1614 887 1679 942 In
1714 887 1880 941 Adam

280 1011 453 1049 omnes
478 993 765 1047 moriuntur
796 989 856 1063 [ι
883 987 1001 1043 Cor.
1032 1004 1121 1051 xv,
1149 983 1270 1057 2:2],
1306 1000 1333 1037 ει
1362 1000 1467 1054 quo
1494 984 1545 1037 in
1574 981 1878 1036 universum

281 1101 455 1155 genus
490 1084 783 1138 humanum
831 1080 981 1149 origo
1010 1078 1225 1133 ducitur
1252 1073 1563 1130 offensionis
1594 1072 1686 1127 Dei
1713 1070 1733 1143 )
1774 1085 1879 1125 una

283 1176 533 1245 quiedam
580 1189 759 1230 massa
804 1172 1049 1242 peccati,
1092 1168 1413 1239 supplicium
1443 1166 1645 1222 debens
1686 1164 1880 1219 divina:

282 1283 615 1337 summaeque
648 1265 893 1336 justitiae,
935 1262 1077 1333 quod
1118 1261 1231 1316 sive
1267 1261 1531 1330 exigatur,
1563 1258 1681 1311 sive
1708 1256 1878 1310 dune-

287 1372 395 1425 tur,
427 1361 569 1415 nulla
598 1371 681 1415 est
712 1358 983 1426 iniquitas.
1014 1358 1056 1410 A
1081 1355 1274 1425 quibus
1312 1362 1492 1406 autem
1537 1348 1875 1419 exigendum,

284 1463 343 1508 et
373 1454 565 1524 quibus
585 1451 894 1507 donandum
925 1434 1015 1517 sit,
1044 1447 1276 1519 superbe
1303 1446 1543 1517 judicant
1569 1443 1876 1525 debitores:

258 1544 736 1616 quemadmodum
760 1542 1007 1603 conducti
1030 1540 1265 1595 adJllam
1286 1540 1495 1594 vineam
1524 1538 1718 1605 injuste
1744 1535 1882 1591 indi-

281 1639 428 1708 gnati
467 1645 613 1700 sunt,
661 1650 785 1690 cum
825 1632 1157 1688 tantumdem
1200 1631 1321 1685 aliis
1364 1629 1676 1694 donaretur,
1707 1642 1881 1699 quan-

284 1737 397 1781 tum
425 1728 529 1782 illis
558 1725 920 1795 redderetur(
949 1723 1137 1777 Matth.
1183 1738 1283 1790 xx,
1331 1721 1390 1776 ll
1420 1720 1461 1792 ).
1507 1718 1687 1790 Itaque
1725 1719 1882 1789 hujus

282 1819 675 1889 impudentiam
706 1816 1018 1889 quaestionis
1048 1816 1119 1869 ita
1169 1813 1406 1869 retundit
1448 1811 1736 1882 Apostolus
1779 1828 1790 1864 :
1838 1809 1883 1863 0

260 1914 453 1975 homo,
480 1923 534 1966 tu
556 1912 668 1983 quis
683 1929 757 1979 es,
780 1912 865 1982 qui
891 1908 1198 1979 respondeas
1223 1906 1331 1961 Deo
1345 1908 1370 1961 ?
1385 1906 1474 1961 Sic
1493 1905 1635 1961 enim
1663 1919 1883 1974 respon—

278 2005 376 2061 det
402 2006 533 2070 Deo,
564 2021 685 2059 cum
738 2005 787 2060 ei
815 2003 1062 2072 displicet
1084 2001 1228 2073 quod
1261 2000 1329 2055 de
1358 1998 1725 2069 peccatoribus
1750 2012 1882 2052 con-

278 2098 526 2168 queritur
559 2097 721 2163 Deus,
750 2097 902 2167 quasi
932 2110 1250 2165 quemquam
1286 2093 1427 2146 Deus
1458 2104 1678 2161 peccare
1705 2098 1880 2161 cogat,

277 2189 326 2244 si
371 2187 741 2243 tantummodo
772 2189 793 2219 ²
833 2186 1147 2258 quibusdam
1194 2184 1535 2255 peccantibus
1575 2182 1882 2237 misericor-

277 2281 421 2335 diam
448 2278 845 2351 justiﬁcationis
861 2294 971 2332 sum
990 2294 1096 2332 non
1118 2273 1535 2347 largiatur,etob
1554 2274 1653 2328 hoc
1675 2273 1884 2327 dicatur

282 2370 555 2425 obdurare
582 2378 868 2439 peccantes
894 2369 1174 2438 quosdam.
1208 2368 1330 2437 quia
1360 2381 1464 2420 nou
1492 2380 1677 2419 eorum
1720 2367 1880 2418 mise-

276 2470 451 2523 retur.
497 2477 602 2514 non
631 2461 754 2531 quia
786 2459 1013 2530 impellit
1057 2470 1113 2512 ut
1162 2468 1403 2527 peccent.
1457 2456 1656 2509 Eorum
1701 2464 1880 2509 autem

277 2566 389 2605 non
418 2551 722 2616 miseretur,
750 2550 945 2619 quibus
972 2548 1396 2603 misericordiam
1439 2562 1543 2602 non
1586 2560 1705 2599 esse
1742 2559 1882 2614 pra:-

278 2645 533 2708 bendam,
564 2644 816 2713 aequitate
853 2642 1213 2698 occultissima
1252 2651 1308 2697 et
1336 2640 1405 2695 ab
1434 2640 1685 2695 humanis
1711 2640 1883 2694 sensi-

279 2738 391 2792 bus
430 2738 785 2793 remotissima
805 2736 1028 2807 judicat.
1058 2734 1422 2792 lnscrutabilia
1464 2734 1607 2788 enim
1649 2744 1776 2788 sunt
1796 2734 1885 2798 ju-

278 2829 421 2884 dicia
454 2830 590 2899 ejus,
618 2839 674 2885 et
698 2829 1094 2900 investigabiles
1119 2829 1219 2883 vite
1251 2829 1417 2898 ipsius
1447 2824 1622 2899 (Rom.
1652 2843 1725 2894 xi,
1764 2826 1879 2895 55).

276 2921 639 2993 Conqueritur
663 2932 843 2977 autem
870 2921 1012 2992 juste
1037 2921 1104 2976 de
1125 2919 1521 2992 peccatoribus,
1542 2929 1793 2989 tanquam
1815 2919 1883 2973 de

280 3014 374 3069 his
400 3027 537 3085 quos
568 3028 790 3084 peccare
820 3012 934 3083 ipse
976 3028 1082 3067 non
1110 3011 1271 3083 cogit.
1319 3011 1485 3066 Simul
1523 3012 1681 3065 etiam
1728 3019 1785 3063 ut
1829 3009 1881 3063 hi

276 3119 508 3174 quorum
561 3105 868 3169 miseretur,
919 3103 1057 3157 hanc
1103 3117 1318 3173 quoque
1369 3100 1601 3157 habeant
1644 3101 1883 3156 vocatio-

277 3210 450 3258 nem;
502 3202 559 3249 ut
600 3195 730 3251 dum
774 3195 1122 3265 conqueritur
1168 3186 1310 3249 Deus
1356 3194 1425 3249 de
1467 3194 1879 3265 peccatoribus,

277 3296 715 3357 compungantur
740 3286 924 3351 corde,
952 3296 1110 3356 atque
1140 3286 1205 3340 ad
1244 3285 1360 3355 ejus
1400 3285 1624 3356 gratiam
1651 3299 1882 3340 conver-

278 3388 484 3433 tantur.
506 3378 657 3433 Juste
680 3393 810 3447 ergo
834 3378 1199 3447 conqueritur,
1225 3384 1279 3429 et
1309 3375 1750 3432 misericorditer.

355 3472 445 3524 l7.
484 3470 589 3525 Sed
634 3470 677 3524 si
721 3470 822 3523 hoc
846 3476 1055 3533 movet,
1088 3466 1228 3538 quod
1258 3465 1512 3520 voluntati
1552 3466 1670 3535 ejus
1708 3466 1883 3520 nullus

276 3563 509 3628 resistit,
541 3562 663 3631 quia
694 3561 777 3615 cui
808 3561 919 3614 vult
947 3559 1215 3625 subvenit,
1247 3567 1301 3614 et
1329 3573 1485 3629 quem
1513 3557 1625 3611 vult
1648 3557 1881 3624 deserit;

282 3671 412 3710 cum
443 3664 497 3710 et
525 3654 615 3709 ille
640 3654 725 3708 cui
754 3652 1023 3718 subvenit,
1052 3660 1107 3707 et
1136 3651 1227 3705 ille
1253 3667 1410 3722 quem
1442 3650 1662 3714 deserit,
1691 3664 1757 3705 ex
1789 3666 1883 3704 ea-

278 3752 409 3806 dem
439 3765 613 3805 massa
642 3751 749 3805 sint
780 3759 1140 3820 peccatorum,
1169 3757 1224 3804 et
1249 3749 1493 3819 quamvis
1520 3749 1711 3804 debeat
1736 3758 1885 3802 uter-

277 3858 388 3913 que
424 3841 745 3911 supplicium
767 3882 781 3903 ,
810 3841 877 3895 ab
905 3854 1009 3895 uno
1040 3849 1217 3894 tamen
1244 3841 1505 3909 exigatur,
1532 3840 1687 3893 alteri
1715 3838 1885 3892 done-

276 3944 409 3988 tur:
434 3934 478 3987 si
512 3934 613 3987 hoc
656 3949 786 4003 ergo
824 3941 1030 3997 movet;
1063 3929 1107 3986 Ο
1138 3932 1309 3998 homo,
1348 3940 1401 3983 tu
1430 3932 1542 4000 quis
1570 3947 1652 3998 es,
1691 3930 1776 3999 qui
1802 3945 1884 3983 re-

275 4027 535 4095 spondeas
556 4026 703 4080 Deo?
728 4026 972 4080 Arbitror
992 4026 1133 4080 enim
1162 4024 1265 4080 sub
1285 4024 1471 4079 eadem
1501 4024 1888 4094 signiﬁcatione

280 4119 540 4187 positum,
563 4118 704 4187 quod
735 4117 935 4171 dictum
964 4126 1067 4181 est,
1096 4118 1247 4171 homo
1269 4133 1288 4183 ;
1314 4117 1415 4169 sub
1443 4132 1545 4186 qua
1574 4125 1627 4170 et
1653 4114 1780 4168 illud
1809 4113 1889 4167 di-

279 4208 445 4271 citur,
478 4207 667 4261 Nonne
696 4209 921 4262 homines
952 4210 1087 4273 estis,
1117 4218 1164 4262 et
1189 4208 1465 4262 secundum
1496 4208 1745 4261 hominem
1770 4222 1886 4258 ant—

280 4301 519 4354 bulatis?
546 4299 621 4355 lbi
654 4302 797 4354 enim
827 4300 1069 4355 carnales
1109 4307 1163 4355 et
1195 4299 1454 4354 animales
1495 4307 1747 4353 notantur
1788 4297 1890 4353 hoc

284 4392 528 4457 nomine,
559 4392 753 4461 quibus
795 4392 1008 4459 dicitur,
1040 4390 1161 4445 Non
1204 4392 1344 4461 potui
1386 4392 1525 4461 loqui
1566 4391 1702 4445 vobis
1745 4391 1891 4461 quasi

282 4486 652 4554 spiritualibus,
696 4486 786 4539 sed
826 4486 972 4556 quasi
1012 4484 1338 4548 carnalibus;
1365 4493 1419 4538 ct
1449 4483 1575 4538 illud
1599 4526 1613 4545 .
1645 4482 1890 4537 Nondum

288 4578 423 4630 enim
467 4578 709 4647 poteratis
736 4594 753 4630 :
781 4577 870 4629 sed
900 4593 1057 4646 neque
1083 4576 1251 4628 adhuc
1279 4576 1483 4642 potestis
1501 4618 1515 4637 ,
1551 4575 1719 4628 adhuc
1758 4576 1890 4629 enim

285 4671 410 4722 estis
438 4670 671 4723 carnales
697 4668 739 4737 (Ι
772 4668 887 4723 Cor.
919 4685 996 4734 ιιι,
1025 4666 1151 4740 1-4),
1180 4680 1234 4722 et
1266 4668 1416 4730 illud,
1447 4668 1692 4722 Animalis
1721 4680 1891 4723 autem

286 4764 443 4815 homo
492 4778 593 4813 non
638 4762 847 4831 percipit
886 4777 1000 4831 quw
1042 4770 1159 4814 sunt
1185 4760 1409 4829 Spiritus
1432 4758 1528 4813 Dei
1551 4758 1661 4827 (Id.
1688 4776 1744 4825 tt,
1778 4760 1887 4830 Η).

285 4852 382 4906 llis
422 4868 555 4921 ergo
587 4852 804 4916 dicitur,
850 4852 894 4906 0
925 4853 1095 4917 homo,
1136 4861 1190 4905 tu
1224 4851 1336 4923 quis
1365 4868 1438 4918 es,
1471 4853 1555 4921 qui
1585 4851 1892 4920 respondeas

287 4943 441 4999 Deo?
483 4943 747 5015 Numquid
777 4944 897 4997 dicit
928 4944 1223 5014 ﬁgmentum
1250 4943 1295 4997 ei
1328 4944 1412 5012 qui
1442 4959 1494 4997 se
1516 4943 1685 5011 ﬁnxit,
1722 4944 1892 5010 Quare

282 5052 368 5090 me
395 5036 468 5089 sic
496 5036 699 5105 fecisti?
723 5035 821 5088 Aut
853 5052 951 5088 non
978 5034 1123 5088 habet
1152 5043 1446 5105 potestatem
1472 5034 1663 5105 ﬁgulus
1695 5035 1808 5099 luti,
1831 5051 1894 5089 ea:

284 5128 463 5182 eadem
485 5128 841 5196 conspersione
861 5129 1029 5197 facere
1048 5126 1190 5180 aliud
1210 5126 1409 5197 quidem
1436 5141 1523 5179 vas
1547 5128 1599 5180 in
1629 5129 1888 5191 honorem,

282 5220 435 5274 aliud
459 5221 513 5273 in
542 5217 941 5273 contumeliam?
970 5218 1047 5272 Eo
1079 5219 1194 5289 ipso
1226 5218 1453 5273 fortasse
1493 5217 1625 5273 satis
1659 5218 1893 5273 ostendit

284 5330 346 5369 se
373 5313 580 5366 homini
612 5312 815 5365 carnali
845 5312 1023 5382 loqui;
1056 5312 1306 5380 quoniam
1351 5311 1451 5365 hoc
1492 5310 1648 5365 limus
1678 5311 1791 5380 ipse
1816 5311 1891 5363 si-

283 5406 527 5475 gniﬁcat,
572 5405 711 5460 unde
758 5405 961 5475 primus
1019 5405 1178 5458 homo
1224 5404 1485 5458 formatus
1515 5416 1597 5458 est
1632 5422 1645 5459 :
1675 5414 1729 5458 et
1769 5404 1890 5473 quia

284 5515 500 5562 omnes,
545 5507 604 5553 ut
651 5499 760 5567 jam
808 5497 1261 5563 commemoravi,
1301 5496 1594 5551 secundum
1642 5497 1891 5550 eumdem

353 5611 368 5640 ί
397 5616 521 5657 't‘res
544 5608 754 5657 vaticani
780 5613 908 5663 Mss.
945 5618 1162 5658 annuum.
1188 5605 1429 5668 Pauloqne
1456 5613 1561 5668 lost
1595 5605 1745 5668 iidem
1786 5604 1892 5655 libri

286 5670 493 5742 habent,
519 5683 549 5740 ᾳ
579 5681 673 5739 quo
694 5668 971 5720 mtiversum
1002 5682 1151 5733 genus
1187 5666 1715 5732 humanum’originem
1757 5668 1893 5719 ducit

282 5734 561 5797 offensionis
583 5734 685 5781 Dei.

350 5797 371 5827 ι
395 5804 527 5851 uss,
552 5792 637 5843 sed
662 5792 1007 5856 tantummodo.
1047 5799 1198 5856 Atque
1213 5803 1349 5856 unus
1373 5804 1435 5842 ex
1472 5791 1549 5841 his
1571 5789 1891 5856 Gonovefieus

286 5859 511 5921 proxime
531 5864 647 5905 ante
670 5853 823 5921 addit,
847 5867 957 5921 cum
976 5852 1075 5919 ipse
1096 5851 1333 5921 neminem
1355 5865 1559 5921 peccare
1584 5851 1813 5921 cogat._Al_
1832 5866 1891 5900 us

284 5914 453 5987 intem
477 5931 542 5967 ex
579 5919 821 5987 vaticanis
852 5914 1003 5977 inira,’
1035 5930 1121 5980 pro
1161 5914 1398 5979 largiatur
1424 5924 1473 5966 et
1501 5914 1711 5979 dicatur,
1738 5914 1905 5987 habet,

285 5978 496 6044 largitur
522 5989 574 6031 et
599 5979 801 6032 dicitur.

1669 500 1870 556 LIBER
1909 499 2177 557 PRIMUS.
2260 566 2262 569 τ

3482 515 3580 573 τίει

1988 613 2300 685 Apostolum
2330 618 2384 672 in
2411 617 2574 673 Adam
2601 623 2903 690 moriuntur,
2943 643 3100 682 unam
3134 627 3266 685 dicit
3292 645 3413 687 esse
3441 649 3576 689 con-

1987 708 2315 776 spersionem
2340 711 2598 767 omnium.
2624 712 2689 766 Et
2713 717 2952 783 quamvis
2981 718 3125 772 aliud
3154 736 3247 776 vas
3274 722 3365 775 tiat
3393 722 3445 777 in
3475 725 3574 778 lio-

1986 814 2191 863 norem,
2216 800 2357 855 aliud
2386 806 2437 856 in
2463 806 2872 872 contumeliam;
2906 817 3081 873 tamen
3109 820 3163 866 et
3191 812 3318 867 illud
3342 815 3484 884 quod
3517 816 3575 871 lit

1988 892 2039 947 in
2071 892 2350 961 honorem,
2382 912 2601 953 necesse
2626 908 2709 954 est
2738 910 2796 955 ut
2827 905 3040 957 carnale
3066 920 3185 959 esse
3221 907 3458 975 incipiat,
3490 920 3575 962 at-

1985 999 2090 1053 que
2121 985 2244 1040 inde
2273 987 2325 1041 in
2353 987 2683 1057 spiritualem
2713 1003 2995 1063 consurgat
3022 1004 3232 1049 aetatem
3258 998 3294 1049 ί.
3320 997 3575 1063 Quando-

1986 1077 2196 1145 quidem
2224 1078 2333 1148 jam
2363 1081 2414 1135 in
2444 1082 2699 1139 honorem
2731 1085 2851 1140 facti
2878 1097 3050 1153 erant,
3075 1099 3129 1142 et
3154 1090 3203 1142 in
3226 1089 3439 1144 Christo
3463 1092 3575 1162 jam

1985 1170 2094 1222 nati
2120 1180 2274 1225 erant
2298 1189 2311 1225 :
2337 1171 2429 1226 sed
2459 1181 2636 1228 tamen
2663 1177 2912 1245 quoniam
2949 1180 3198 1248 parvulos
3230 1180 3406 1236 adhuc
3437 1182 3574 1235 allo-

1984 1263 2182 1331 quitur,
2226 1264 2387 1318 etiam
2436 1266 2579 1335 ipsos
2624 1269 2867 1324 carnales
2915 1270 3171 1340 appellat,
3203 1273 3425 1326 dicens:
3454 1272 3577 1327 Non

1986 1357 2128 1425 potui
2165 1357 2303 1427 loqui
2329 1358 2463 1412 vobis
2488 1361 2633 1429 quasi
2669 1362 3040 1431 spiritualibus,
3070 1364 3158 1417 sed
3183 1366 3329 1434 quasi
3352 1367 3547 1419 carnali
3558 1397 3575 1406 -

1986 1445 2092 1500 bus.
2123 1446 2283 1514 Quasi
2311 1450 2532 1516 parvulis
2559 1451 2609 1504 in
2632 1450 2829 1505 Christo
2860 1453 2937 1505 lac
2963 1453 3097 1506 vobis
3120 1466 3294 1524 potant
3314 1454 3451 1521 dedi,
3476 1473 3577 1509 non

1985 1554 2187 1605 escam;
2215 1556 2372 1610 neque
2399 1543 2531 1594 enim
2556 1544 2795 1612 poteratis
2819 1558 2837 1597 :
2861 1544 2950 1597 sed
2967 1561 3055 1598 nec
3076 1546 3243 1599 adhuc
3263 1546 3464 1615 quidem
3494 1564 3579 1616 po.

1987 1632 2159 1696 testis;
2189 1634 2358 1686 adhuc
2384 1636 2514 1688 enim
2537 1636 2653 1689 estis
2679 1638 2927 1692 carnales.
2951 1639 3204 1705 Quamvis
3230 1656 3357 1709 ergo
3383 1657 3576 1695 carna-

1988 1720 2063 1776 les
2090 1738 2186 1777 eos
2210 1740 2329 1778 esse
2359 1725 2536 1791 dicat;
2570 1736 2747 1782 tamen
2774 1729 2883 1797 jam
2917 1730 2968 1784 in
2996 1728 3209 1783 Christo
3238 1743 3413 1796 natos,
3442 1740 3497 1785 et
3522 1731 3577 1785 in

1988 1811 2079 1868 illo
2123 1816 2392 1884 parvulos,
2439 1825 2493 1871 et
2520 1818 2658 1873 lacte
2702 1819 2982 1888 potandus.
3027 1822 3089 1874 Et
3132 1822 3272 1892 quod
3318 1821 3579 1892 adjungit,

1989 1903 2100 1959 Nec
2123 1907 2293 1960 adhuc
2319 1908 2519 1979 quidem
2550 1912 2771 1979 potestis,
2801 1912 3034 1965 ostendit
3064 1914 3403 1982 proﬁcientes
3429 1912 3578 1967 futu-

1987 2013 2105 2052 rum
2146 2014 2264 2055 esse
2291 2010 2347 2054 ut
2377 2003 2611 2071 possint;
2641 2003 2760 2073 quia
2786 2003 2896 2073 jam
2928 2006 2979 2059 in
3012 2006 3092 2060 eis
3118 2005 3468 2074 Spiritualiter
3494 2021 3579 2061 re-

1989 2091 2127 2145 natis
2155 2092 2323 2162 gratia
2352 2093 2521 2148 fuerat
2553 2095 2799 2150 inchoata
2824 2099 2867 2148 ³.
2892 2097 3032 2167 Ergo
3051 2098 3161 2168 jam
3190 2113 3313 2154 vasa
3344 2109 3500 2155 erant
3524 2100 3579 2153 in

1990 2180 2247 2237 honorem
2293 2184 2449 2251 facta,
2478 2187 2670 2255 quibus
2695 2188 2870 2244 adhuc
2898 2196 3075 2244 tamen
3112 2198 3256 2245 recte
3289 2190 3578 2257 diceretur,

1992 2272 2037 2327 Ο
2062 2274 2231 2342 homo,
2257 2286 2311 2331 tu
2337 2279 2447 2348 quis
2472 2296 2540 2342 es,
2581 2280 2667 2349 qui
2698 2281 3003 2352 respondeas
3040 2281 3186 2336 Deo?
3220 2282 3286 2338 Et
3311 2282 3357 2337 si
3390 2284 3583 2337 talibus

1987 2376 2132 2420 recte
2172 2368 2386 2433 dicitur,
2420 2372 2586 2424 multo
2632 2373 2830 2427 rectius
2872 2375 2949 2429 eis
2992 2374 3081 2444 qui
3110 2376 3192 2428 vel
3224 2376 3458 2430 nondum
3508 2376 3579 2430 ita

1988 2460 2281 2527 regenerati
2313 2471 2456 2527 sunt,
2484 2464 2566 2517 vel
2595 2465 2753 2517 etiam
2784 2466 2833 2516 in
2865 2466 3240 2520 contumeliam
3272 2466 3417 2521 lacti.
3447 2467 3576 2522 Illud

1988 2550 2357 2606 tantummodo
2396 2553 2711 2609 inconcuSsa
2740 2554 2843 2608 ﬁde
2874 2564 3139 2623 teneatur,
3180 2557 3321 2627 quod
3357 2573 3463 2611 non
3509 2561 3583 2614 sit

1989 2640 2238 2712 iniquitas
2266 2642 2405 2713 apud
2431 2644 2595 2700 Deum
2624 2663 2636 2698 :
2669 2647 2758 2716 qui
2787 2648 2899 2702 sive
2922 2646 3105 2714 donet,
3135 2647 3247 2717 sive
3276 2648 3452 2718 exigat
3480 2648 3580 2703 de-

1990 2732 2178 2800 bitum,
2203 2749 2301 2789 nec
2327 2734 2416 2790 ille
2443 2751 2471 2790 a
2498 2751 2602 2807 quo
2625 2738 2806 2808 exigit,
2836 2747 2979 2794 recte
3008 2748 3181 2808 potest
3207 2739 3275 2796 de
3305 2739 3583 2809 iniquitate

1986 2824 2103 2893 ejus
2127 2827 2403 2897 conqueri,
2424 2843 2524 2883 nec
2548 2828 2639 2883 ille
2659 2830 2743 2884 cui
2766 2831 2947 2895 donat,
2975 2832 3133 2888 debet
3155 2832 3223 2887 de
3243 2833 3354 2887 suis
3374 2833 3581 2887 meritis

1986 2917 2221 2988 gloriari.
2254 2919 2319 2973 Et
2350 2920 2437 2975 ille
2460 2922 2626 2985 enim,
2657 2922 2755 2977 nisi
2786 2923 2927 2993 quod
2959 2924 3203 2991 debetur,
3232 2940 3337 2979 non
3365 2924 3540 2980 reddit
3565 2941 3580 2979 ε

1986 3021 2040 3067 et
2066 3011 2158 3070 ille
2184 3028 2289 3068 non
2320 3013 2499 3080 habet,
2530 3015 2632 3069 nisi
2661 3016 2805 3085 quod
2835 3016 3059 3085 accepit.

2060 3104 2147 3162 l8.
2188 3105 2294 3161 Sed
2325 3106 2632 3161 enitendum
2664 3116 2748 3162 est
2775 3107 2876 3163 hoc
2903 3109 3040 3174 loco,
3070 3108 3114 3162 si
3148 3108 3404 3165 Dominus
3432 3109 3584 3179 adju-

1988 3206 2095 3264 vet,
2132 3198 2316 3283 videre
2354 3199 2802 3269 quemadmodum
2842 3212 2897 3256 et
2943 3201 3071 3257 illud
3108 3218 3293 3257 verum
3321 3205 3411 3270 sit,
3439 3205 3583 3273 quod

1987 3291 2242 3361 scriptum
2271 3301 2372 3358 est,
2399 3290 2549 3347 Nihil
2577 3294 2729 3348 odisti
2757 3310 2931 3348 eorum
2955 3311 3071 3365 quc
3112 3296 3313 3365 fecisti(
3340 3296 3470 3364 Sap.
3504 3313 3581 3361 XI,

1986 3383 2105 3453 25);
2129 3395 2184 3439 et
2209 3385 2360 3451 illud,
2386 3384 2548 3440 Jacob
2575 3388 2752 3453 dilexi,
2770 3386 2912 3443 Esau
2933 3399 3102 3442 autem
3131 3391 3247 3443 odio
3270 3390 3423 3443 habui
3445 3389 3587 3461 (Ma-

1988 3482 2122 3535 lach.
2150 3498 2188 3549 l,
2214 3482 2270 3547 2,
2293 3483 2372 3554 5).
2414 3482 2470 3539 Si
2514 3484 2655 3538 enim
2701 3494 2981 3555 propterea
3024 3484 3165 3540 Esau
3208 3486 3334 3539 odio
3378 3485 3583 3552 habuit,

1988 3573 2109 3642 quia
2139 3588 2232 3627 vas
2260 3573 2459 3629 factum
2488 3584 2605 3629 erat
2643 3576 2696 3629 in
2726 3576 3129 3643 contumeliam,
3158 3585 3214 3631 et
3237 3576 3380 3631 aliud
3407 3593 3499 3630 vas
3530 3578 3582 3630 in

1989 3663 2271 3731 honorem,
2314 3666 2457 3720 aliud
2503 3667 2556 3721 in
2600 3668 2980 3724 contumeliam
3028 3668 3169 3723 idem
3213 3669 3407 3738 ﬁgulus
3436 3667 3584 3735 fecit,

1989 3762 2259 3830 quomodo
2302 3762 2430 3815 nihil
2473 3762 2625 3815 odisti
2667 3778 2839 3815 eorum
2868 3778 2983 3831 qua?
3025 3761 3221 3831 fecisti?
3256 3761 3397 3815 Ecce
3439 3763 3584 3816 enim

1990 3852 2103 3906 odit
2143 3852 2307 3917 Esau,
2348 3853 2491 3922 quod
2532 3868 2623 3909 vas
2668 3854 2780 3922 ipse
2810 3853 2936 3907 fecit
2966 3854 3016 3906 in
3053 3852 3451 3907 contumeliam.
3482 3852 3584 3918 Qui

1990 3945 2164 4000 nodus
2182 3945 2249 3997 ita
2267 3944 2511 4008 solvitur,
2526 3945 2571 3998 si
2587 3945 2943 4014 intelligamus
2958 3944 3195 3998 omnium
3214 3954 3585 3998 creaturarum

1992 4052 2113 4091 esse
2141 4037 2401 4090 artiﬁcem
2427 4036 2617 4091 Deum.
2639 4035 2825 4091 Omnis
2851 4045 3027 4090 autem
3059 4044 3302 4090 creatura
3330 4035 3420 4090 Dei
3449 4036 3587 4090 bona

1993 4141 2076 4185 est
2105 4131 2148 4198 (Ι
2180 4130 2312 4184 Tim.
2338 4146 2411 4195 tv,
2437 4130 2529 4199 4);
2560 4138 2613 4185 et
2650 4129 2826 4185 omnis
2858 4129 3017 4184 homo
3056 4129 3109 4183 in
3140 4137 3397 4199 quantum
3426 4128 3589 4182 homo

1993 4232 2097 4284 est,
2130 4233 2371 4277 creatura
2402 4234 2503 4287 est,
2546 4239 2651 4277 non
2696 4224 2746 4275 in
2787 4233 3042 4292 quantum
3080 4230 3328 4291 peceator
3364 4233 3465 4277 est.
3495 4223 3591 4278 Est

1993 4331 2122 4386 ergo
2147 4325 2356 4369 creator
2379 4316 2521 4371 Deus
2544 4326 2599 4371 et
2624 4316 2866 4384 corporis
2893 4322 2947 4368 et
2975 4314 3138 4368 animi
3181 4314 3419 4368 humani.
3444 4314 3590 4368 Neu-

1996 4417 2135 4463 trum
2186 4409 2373 4462 borum
2418 4407 2638 4472 malum,
2681 4416 2735 4462 et
2777 4416 3024 4462 neutrum
3077 4405 3190 4461 odit
3238 4406 3378 4460 Deus
3409 4422 3423 4458 :
3458 4406 3590 4460 nihil

1994 4504 2136 4558 enim
2176 4502 2290 4557 odit
2324 4516 2509 4556 eorum
2538 4517 2657 4571 qua:
2688 4501 2830 4555 fecit.
2860 4500 2957 4556 Est
2983 4512 3161 4555 autem
3199 4500 3411 4553 animus
3450 4516 3589 4569 prin-

1994 4599 2221 4654 stantior
2272 4610 2532 4665 corpore;
2566 4595 2708 4650 Deus
2753 4609 2883 4650 vero
2931 4604 2987 4649 et
3026 4596 3208 4648 animo
3245 4605 3299 4648 et
3342 4607 3589 4663 corpore,

1996 4693 2275 4761 utriusque
2300 4690 2587 4746 etl‘ectoret
2612 4688 2875 4748 conditor.
2895 4704 2993 4741 nec
3022 4688 3131 4741 odit
3163 4689 3212 4741 in
3245 4688 3461 4741 homine
3490 4687 3591 4742 nisi

1996 4793 2296 4855 peccatum.
2325 4781 2423 4836 Est
2460 4792 2638 4836 autem
2680 4787 2957 4851 peccatum
2999 4778 3231 4833 hominis
3270 4778 3595 4832 inordinatio

1995 4886 2155 4946 atque
2208 4874 2560 4946 perversitas;
2603 4871 2656 4927 id
2695 4881 2801 4938 est,
2840 4886 2871 4924 a
2911 4871 3279 4941 praestantiore
3306 4868 3595 4923 Conditore

1996 4968 2227 5030 aversio,
2255 4976 2309 5023 et
2337 4967 2404 5021 ad
2433 4965 2644 5020 condita
2675 4963 2926 5018 inferiora
2954 4960 3256 5017 conversio.
3290 4960 3402 5013 Non
3438 4960 3595 5028 igitur

1996 5060 2110 5115 odit
2136 5060 2275 5114 Deus
2304 5058 2442 5114 Esau
2484 5057 2779 5117 hominem,
2809 5054 2904 5109 sed
2930 5053 3045 5108 odit
3072 5054 3213 5107 Deus
3236 5050 3373 5104 Esau
3406 5064 3597 5117 pecca-

1998 5162 2191 5207 torem.
2215 5152 2366 5207 Sicut
2395 5151 2591 5204 dicitur
2618 5149 2687 5204 de
2714 5146 2958 5209 Domino,
2992 5144 3057 5199 In
3084 5161 3177 5199 sua
3203 5144 3411 5213 propria
3438 5142 3591 5206 venit,

1998 5256 2043 5298 et
2068 5246 2149 5299 sui
2176 5261 2288 5298 eum
2315 5260 2414 5297 non
2446 5250 2739 5309 receperunt
2770 5241 2787 5308 (
2811 5236 2969 5291 Joan.
2998 5252 3036 5298 ι.
3066 5236 3125 5290 Η
3154 5233 3173 5308 )
3199 5252 3210 5285 :
3244 5235 3437 5305 quibus
3464 5233 3594 5287 item

2000 5341 2114 5408 ipse
2143 5339 2291 5401 dicit,
2333 5336 2432 5389 Vos
2463 5344 2725 5405 propterea
2757 5347 2856 5384 non
2881 5330 3090 5395 auditis,
3118 5330 3239 5401 quia
3264 5344 3362 5382 non
3388 5327 3509 5382 estis
3533 5341 3596 5380 es

2002 5430 2107 5484 Deo
2125 5427 2235 5500 (Id.
2262 5442 2371 5490 vin,
2395 5427 2507 5495 47).
2531 5422 2809 5488 Quomodo
2834 5422 2933 5487 sui,
2953 5420 3221 5491 quomodo
3248 5436 3345 5472 non
3360 5433 3423 5470 ex
3448 5415 3558 5471 Deo
3575 5431 3594 5470 .'

2001 5522 2099 5577 nisi
2145 5522 2265 5591 quia
2312 5519 2440 5574 illud
2480 5518 2681 5571 dictum
2721 5527 2803 5571 est
2847 5515 2914 5570 de
2959 5514 3284 5577 hominibus,
3317 5526 3451 5582 quos
3481 5512 3598 5579 ipsa

2003 5617 2260 5689 Domipus
2308 5614 2545 5673 fecerat;
2599 5609 2725 5664 illud
2772 5609 2839 5663 de
2888 5606 3275 5678 peccatoribus,
3303 5618 3438 5674 quos
3479 5603 3593 5672 ipse

2003 5709 2258 5764 Dominus
2302 5703 2595 5775 arguebat?
2638 5702 2796 5758 iidem
2842 5713 3016 5758 tamen
3061 5700 3160 5772 ipsi
3186 5709 3240 5753 ct
3269 5696 3514 5752 homines
3540 5706 3594 5751 cl

2000 5809 2346 5871 peccatores;
2388 5797 2482 5851 sed
2527 5796 2769 5849 homines
2801 5794 2897 5850 Dci
2928 5793 3249 5857 conditione,
3280 5798 3587 5863 peccatores

2067 5912 2082 5942 ¹
2110 5918 2318 5968 Quatuor
2338 5916 2468 5966 Mss,
2487 5906 2709 5972 gratiam.
2950 5942 2972 5956 ..

2067 5976 2085 6006 ²
2116 5975 2381 6025 \ictm‘iuus
2405 5969 2578 6033 codex,
2604 5969 2890 6022 inchoatum.
