4136 6576
546 483 650 540 123

550 597 762 668 propria
788 594 1077 651 voluntate.
1106 590 1260 659 Quod
1290 605 1417 660 ergo
1443 588 1604 643 Jacob
1642 586 1844 651 dilexit,
1874 583 2131 654 numquid

551 698 799 760 peccator
826 701 929 740 non
956 684 1106 740 eral?
1132 684 1237 739 Sed
1262 682 1449 737 dilexit
1469 682 1521 736 in
1542 696 1605 735 eo
1623 696 1727 734 non
1748 680 1956 749 culpam
1974 693 2130 747 quam

546 779 777 840 delebat,
803 776 896 831 sed
920 776 1147 847 gratiam
1172 789 1333 845 quam
1359 773 1610 826 donabat.
1643 770 1775 825 Nam
1803 777 1859 825 et
1892 768 2132 824 Christus

547 886 645 941 pro
690 869 866 939 impiis
914 876 1155 923 mortuus
1200 875 1283 921 est
1324 866 1498 937 (Rom.
1529 881 1581 925 v,
1606 864 1698 934 6):
1728 878 1832 917 non
1862 870 2037 917 tamen
2077 868 2135 915 ut

547 961 695 1031 impii
737 959 1175 1030 permanerent‘,
1206 957 1300 1012 sed
1343 967 1397 1010 ut
1436 955 1712 1025 justiﬁcati
1755 954 1822 1008 ab
1867 952 2135 1022 impietate

549 1062 992 1110 converterentur
1010 1054 1052 1119 ',
1081 1051 1360 1106 credentes
1390 1050 1441 1101 in
1478 1063 1597 1102 eum
1628 1046 1717 1115 qui
1743 1044 1996 1113 justiﬁcat
2032 1042 2134 1095 im-

549 1146 695 1216 pium
729 1143 858 1215 (Id.
885 1160 960 1209 IV,
986 1144 1075 1214 5);
1100 1142 1212 1197 odit
1240 1142 1380 1195 enim
1413 1140 1549 1193 Deus
1578 1138 1925 1207 impietatem.
1956 1134 2135 1205 Itaque

551 1238 605 1292 in
634 1238 752 1293 aliis
778 1253 895 1291 eam
928 1238 1077 1306 punit
1118 1251 1211 1304 per
1236 1233 1628 1288 damnationem
1652 1272 1667 1297 ,
1705 1230 1756 1284 in
1798 1230 1914 1283 aliis
1953 1228 2139 1281 adimit

553 1342 650 1397 per
672 1327 1130 1397 justiﬁeationem.
1164 1321 1607 1395 quemadmodum
1645 1321 1758 1389 ipse
1791 1320 1993 1389 judicat
2020 1334 2138 1373 esse

552 1420 855 1475 faciendum
906 1420 1008 1473 illis
1053 1418 1267 1489 judiciis
1317 1414 1764 1469 inscrulabilibus.
1796 1412 1862 1465 Et
1889 1411 2028 1481 quod
2073 1427 2138 1465 ex

559 1528 782 1567 numero
824 1512 1127 1579 impiorum,
1167 1523 1300 1577 quos
1343 1522 1447 1561 non
1481 1505 1752 1575 justiﬁcat,
1784 1503 1909 1556 facit
1937 1518 2057 1555 vasa
2087 1501 2136 1554 in

556 1602 956 1666 contumeliam,
989 1617 1094 1656 non
1124 1601 1225 1655 hoc
1255 1600 1305 1653 in
1336 1601 1414 1653 eis
1438 1598 1551 1651 odit
1582 1597 1720 1667 quod
1755 1595 1877 1651 facit
1904 1615 1917 1650 :
1946 1596 2140 1664 quippe

557 1696 611 1749 in
653 1705 907 1765 quantum
952 1694 1096 1763 impii
1141 1700 1284 1757 sunt,
1327 1691 1680 1745 exsecrabiles
1707 1698 1863 1753 sunt;
1897 1689 1947 1742 in
1975 1704 2142 1758 quan-

558 1794 673 1838 tum
701 1794 876 1838 autem
904 1798 1029 1836 vasa
1060 1784 1211 1847 liunt,
1236 1781 1300 1835 ad
1332 1781 1560 1850 aliquem
1592 1795 1744 1833 usum
1776 1779 1927 1840 liunt,
1955 1787 2013 1831 ut
2050 1794 2140 1846 per

554 1891 742 1931 eorum
786 1874 1057 1929 ordinatas
1100 1888 1283 1943 ptenas
1320 1887 1445 1925 vasa
1472 1887 1589 1941 quae
1625 1870 1755 1923 ﬁunt
1794 1870 1848 1923 in
1884 1869 2138 1922 honorem

557 1967 854 2038 proﬁciant.
887 1966 1003 2019 Non
1031 1966 1209 2035 itaque
1237 1964 1349 2019 odit
1372 1964 1529 2029 Deus,
1556 1978 1654 2017 nec
1684 1963 1735 2017 in
1762 1973 2013 2032 quantum
2042 1961 2140 2013 ho-

556 2060 733 2115 mines
772 2067 916 2123 sunt,
944 2073 1045 2111 nec
1072 2058 1122 2110 in
1150 2065 1404 2125 quantum
1442 2070 1563 2107 vasa
1607 2063 1762 2119 sunt;
1807 2053 1858 2107 id
1900 2062 1999 2118 est,
2044 2067 2141 2106 nec

555 2150 699 2218 quod
741 2150 793 2203 in
823 2149 898 2203 eis
930 2149 1051 2202 facit
1079 2147 1332 2212 creando,
1358 2162 1455 2201 nec
1480 2146 1619 2216 quod
1661 2146 1714 2199 in
1746 2146 1823 2200 eis
1854 2144 1974 2199 facit
2001 2143 2141 2198 ordi-

555 2240 771 2296 nando:
798 2238 924 2293 nihil
953 2240 1096 2293 enim
1122 2237 1235 2293 odit
1264 2253 1449 2292 eorum
1479 2252 1598 2306 quae
1641 2237 1783 2290 fecit.
1821 2235 1925 2291 Sed
1968 2246 2139 2289 tamen

556 2331 701 2401 quod
724 2344 848 2385 vasa
874 2344 969 2385 eos
1004 2329 1131 2383 facit
1166 2328 1500 2399 perditionis,
1529 2327 1594 2382 ad
1623 2342 1775 2381 usum
1797 2326 2142 2382 correctionis

554 2424 784 2478 aliorum
826 2422 970 2477 facit.
998 2421 1121 2477 Odit
1160 2423 1301 2477 enim
1347 2422 1398 2475 in
1440 2422 1521 2476 eis
1562 2422 1887 2490 impietatem
1915 2421 1955 2488 ⁸,
1984 2437 2139 2491 quam

555 2513 671 2582 ipse
695 2529 800 2569 non
832 2513 973 2568 fecit.
998 2512 1143 2569 Sicut
1176 2514 1318 2566 enim
1342 2513 1507 2582 judex
1542 2513 1594 2567 in
1628 2512 1842 2567 homine
1879 2513 1992 2567 odit
2034 2511 2143 2566 fur-

552 2614 687 2669 tum,
732 2604 826 2660 sed
868 2620 974 2659 non
1015 2604 1129 2660 odit
1171 2604 1312 2674 quod
1377 2604 1534 2659 datur
1571 2605 1637 2659 ad
1680 2605 1985 2670 metallum;
2016 2604 2142 2659 illud

550 2697 695 2751 enim
724 2696 828 2763 fur,
856 2698 955 2752 hoc
976 2697 1139 2767 judex
1169 2697 1327 2751 facit:
1358 2698 1428 2752 ita
1453 2698 1596 2753 Deus
1624 2698 1763 2768 quod
1792 2714 1855 2752 ex
1882 2712 2141 2766 consper-

550 2789 705 2844 sione
733 2790 1015 2859 impiorum
1045 2788 1170 2844 facit
1202 2806 1325 2844 vasa
1355 2789 1688 2857 perditionis,
1717 2806 1823 2843 non
1861 2790 1971 2844 odit
2000 2789 2140 2860 quod

550 2879 697 2947 facit,
729 2881 781 2935 id
825 2889 926 2945 est,
959 2895 1093 2950 opus
1122 2879 1474 2934 ordinationis
1523 2894 1634 2933 sua:
1683 2881 1733 2933 in
1776 2895 1930 2949 pmua
1966 2881 2142 2934 debita

552 2971 890 3042 pereuntium
921 2971 965 3037 ι,
997 2971 1047 3024 in
1088 2986 1191 3040 qua
1232 2971 1570 3025 occasionem
1600 2971 1786 3025 salutis
1814 2972 1887 3024 illi
1917 2987 2142 3041 quorum

553 3062 877 3127 miseretur,
943 3060 1237 3115 inveniant.
1290 3059 1379 3116 Sic
1434 3060 1697 3115 Pharaoni
1759 3060 1959 3115 dictum
2018 3072 2139 3127 est,

552 3150 637 3205 Ad
689 3152 783 3204 hoc
828 3159 875 3205 te
921 3150 1134 3205 excitaui
1159 3192 1174 3216 ,
1226 3160 1283 3204 ut
1345 3152 1605 3205 ostendam
1657 3152 1710 3204 in
1767 3162 1814 3205 te
1871 3154 2143 3221 potentiam

552 3258 751 3309 meam,
791 3253 837 3296 et
882 3253 937 3296 ut
983 3244 1311 3296 annuntietur
1360 3260 1540 3297 nomen
1586 3261 1751 3297 meum
1802 3246 1857 3299 in
1910 3246 2143 3299 universa

552 3342 710 3387 terra.
750 3332 874 3387 Haec
908 3332 1296 3389 demonstratio
1336 3335 1588 3403 potentiae
1615 3335 1731 3399 Dei,
1764 3345 1818 3390 et
1858 3338 2140 3390 annuntia-

553 3423 631 3478 tio
673 3424 906 3479 nominis
946 3425 1063 3493 ejus
1110 3426 1162 3478 in
1210 3425 1459 3480 universa
1508 3434 1645 3479 terra
1697 3427 1911 3495 prodest
1958 3428 2036 3482 eis
2086 3436 2142 3483 ut

553 3515 796 3579 timeant,
828 3526 883 3571 et
909 3517 1022 3570 vias
1060 3532 1183 3573 suas
1222 3518 1523 3588 corrigant,
1560 3518 1752 3588 quibus
1777 3521 1984 3574 vocatio
2022 3521 2141 3575 talis

550 3608 817 3678 congruit.
861 3607 951 3663 Sic
987 3618 1377 3679 consequenter
1418 3610 1545 3664 dicit
1581 3625 1595 3663 :
1644 3610 1707 3665 Si
1757 3621 1924 3665 autem
1970 3610 2141 3667 volens

551 3698 692 3753 Deus
717 3699 974 3754 ostendere
999 3700 1129 3754 iram
1147 3740 1163 3766 ,
1191 3710 1238 3754 et
1276 3700 1620 3755 demonstrare
1660 3704 1931 3772 potentiam
1959 3720 2102 3756 suam
2119 3745 2137 3771 ,

549 3789 719 3841 attulit
749 3789 804 3842 in
831 3790 989 3843 multa
1017 3790 1259 3861 patientia
1285 3806 1405 3845 uasa
1431 3791 1541 3856 irae,
1568 3807 1679 3862 qua:
1704 3796 1925 3863 perfecta
1944 3803 2061 3848 sunt
2088 3797 2141 3848 in

550 3881 881 3949 perditionem
916 3896 936 3934 :
963 3882 1296 3949 subauditur,
1345 3881 1422 3935 Tu
1459 3883 1571 3950 quis
1599 3900 1670 3948 es,
1706 3885 1793 3952 qui
1836 3887 2141 3956 respondeas

548 3969 702 4025 Deo?
726 3980 782 4025 ut
808 3983 1121 4028 recurreute
1148 3974 1410 4027 sententia
1439 3973 1505 4027 ad
1532 3974 1691 4029 verba
1718 3975 2015 4043 superiora,
2040 3977 2141 4032 iste

547 4063 619 4118 sit
645 4078 834 4119 sensus
866 4082 881 4118 :
911 4065 967 4120 Si
998 4066 1183 4119 volens
1198 4066 1339 4120 Deus
1368 4067 1651 4120 ostendere
1676 4067 1829 4134 iram,
1854 4070 2031 4122 attulit
2051 4084 2143 4123 va-

546 4170 609 4210 sa
635 4155 761 4221 iraa;
789 4167 844 4209 tu
872 4156 995 4225 quis
1029 4170 1123 4220 es,
1153 4157 1243 4225 qui
1272 4157 1599 4225 respondeas
1630 4158 1776 4211 Deo?
1812 4158 1928 4213 Non
1963 4169 2141 4214 autem

522 4244 720 4299 .sbium
748 4246 918 4299 volens
942 4246 1200 4300 ostendere
1223 4248 1382 4310 iram,
1410 4256 1458 4300 et
1496 4246 1839 4301 demonstrare
1869 4250 2143 4318 potentiam

545 4354 695 4391 suam
722 4338 888 4392 attulit
922 4339 974 4391 in
1002 4339 1163 4391 multa
1190 4340 1429 4408 patientia
1464 4355 1585 4392 uasa
1620 4339 1732 4405 irae,
1770 4356 1885 4405 quia
1920 4342 2143 4411 perfecta

544 4441 663 4485 sunt
683 4431 736 4484 in
765 4431 1129 4499 perditionem;
1155 4430 1247 4484 sed
1276 4431 1436 4484 etiam
1462 4429 1602 4499 quod
1627 4432 1885 4500 sequitur,
1915 4442 1969 4485 ut
1998 4444 2143 4489 notas

549 4528 735 4595 faceret
773 4523 972 4577 divitias
1006 4524 1181 4594 gloria:
1216 4539 1321 4577 sua:
1354 4524 1405 4576 in
1451 4540 1569 4577 vasa
1602 4524 1974 4579 misericordiae.
2004 4526 2142 4593 Quid

546 4616 690 4668 enim
722 4613 937 4683 prodest
970 4614 1111 4667 vasis
1141 4612 1389 4682 perfectis
1418 4614 1470 4667 in
1512 4614 1882 4682 perditionem,
1910 4616 2051 4685 quod
2079 4632 2140 4670 ea

548 4705 813 4776 patienter
839 4705 977 4759 Deus
1005 4705 1251 4771 sustinet,
1288 4713 1347 4758 ut
1377 4704 1621 4761 ordinate
1652 4704 1924 4775 disperdat
1943 4706 1996 4773 ⁸,
2027 4716 2142 4762 uta~

548 4807 741 4868 turque
761 4796 868 4852 illis
898 4795 964 4851 ad
987 4796 1395 4851 instrumentum
1423 4797 1609 4851 salutis
1635 4797 1883 4865 aliorum,
1912 4814 2139 4870 quorum

547 4888 876 4943 miseretur?
899 4887 1006 4944 Sed
1036 4887 1139 4942 illis
1168 4888 1347 4957 utique
1380 4888 1618 4957 prodest,
1648 4889 1715 4965 ad
1746 4906 1970 4959 quorum
1997 4893 2140 4947 salu-

547 4990 656 5036 tem
683 4981 799 5036 istis
821 4981 899 5036 sic
922 4980 1121 5044 utitur;
1154 4989 1205 5033 ut
1237 4980 1374 5034 sicut
1402 4979 1656 5048 scriptum
1684 4990 1787 5045 est,
1820 4982 1995 5050 justus
2024 5000 2141 5037 ma-

546 5087 648 5126 nus
684 5071 821 5127 lavet
849 5072 898 5125 in
929 5070 1188 5141 sanguine
1218 5071 1549 5141 peccatoris(
1575 5069 1720 5124 Psal.
1758 5088 1894 5139 LVII,
1925 5074 1983 5127 Η
2011 5074 2060 5143 ),
2088 5074 2141 5129 id

546 5173 647 5223 est,
670 5162 953 5217 mandetur
970 5162 1039 5216 ab
1058 5162 1309 5232 operibus
1330 5161 1481 5215 malis
1502 5177 1598 5231 per
1618 5161 1859 5217 timorem
1882 5164 1995 5231 Dei,
2018 5180 2140 5220 cum

546 5251 691 5305 videt
719 5252 975 5321 supplicia
996 5262 1355 5321 peccatorum.
1389 5252 1541 5319 Quod
1569 5267 1698 5323 ergo
1724 5253 1893 5307 volens
1913 5256 2140 5310 ostende-

461 5373 466 5383 ς
546 5358 603 5395 re
628 5342 777 5406 iram,
808 5343 973 5395 attulit
992 5358 1110 5396 vasa
1129 5345 1238 5409 ine,
1269 5344 1411 5398 valet
1432 5344 1499 5398 ad
1522 5345 1701 5399 utilem
1731 5344 1850 5398 aliis
1880 5355 2138 5414 prmstau-

618 5496 633 5526 ¹
663 5494 797 5555 editi,
847 5500 899 5543 ut
924 5492 1060 5557 impii
1092 5493 1266 5544 mortui
1302 5504 1653 5559 permanerent.
1683 5498 1848 5558 Abest,
1881 5496 2077 5560 mortui,
2111 5512 2138 5549 a

549 5562 791 5675 “iusst,
814 5621 1133 5666 mutarentur.

617 5681 638 5711 ³
657 5686 711 5751 in
731 5677 1784 5756 δίδὲκηὼῗειιέῗὲἱίέ.².ἕίὲ-⁸αέῑ¹ἔὶΨ,ι¹αδέ¹Ξ9³
1794 5681 1949 5754 Im?“
1973 5680 2139 5756 Ρθντὲί·

552 5739 711 5801 tionis,
744 5744 809 5789 ad
841 5752 981 5790 usum
1024 5737 1334 5788 correctionis
1372 5737 1603 5801 aliorum,
1646 5741 1747 5793 odit
1787 5737 1839 5795 in
1868 5744 1937 5797 eis
1968 5737 2137 5809 impie-

555 5810 725 5861 tatem,
761 5809 855 5852 etc.
1256 5844 1259 5849 λ

618 5866 640 5895 ’δ
658 5874 838 5913 omnes
852 5861 961 5913 fere
986 5870 1111 5927 uss,
1132 5860 1453 5927 pereuntibus.

620 5928 641 5958 ⁸
658 5928 730 5976 sic
753 5932 861 5977 Mss.
888 5933 941 5976 At
969 5925 1102 5987 editi,
1126 5925 1177 5977 ut
1195 5925 1474 5979 ordinantur
1494 5928 1759 5992 disperdat.

1143 471 1229 531 DE
1270 471 1581 529 DIVERSIS
1617 464 2134 537 QUAESTIONIBUS
2170 466 2260 522 AD
2297 466 2794 540 SlMPLlClANUM,
2832 471 2890 530 S.
2929 472 3294 531 AUGUSTINI

3745 476 3860 533 ηδ.

2241 588 2456 643 tandum
2489 589 2754 657 timorem,
2777 600 2822 645 et
2850 601 2905 646 ut
2932 604 3077 649 notas
3102 600 3287 666 faceret
3313 597 3512 653 divitias
3530 598 3841 669 gloritzsua

2240 677 2292 730 in
2309 695 2426 732 uasa
2441 682 2814 748 misericordite,
2839 700 2953 753 qua:
2972 687 3275 756 prteparavit
3295 687 3346 740 in
3369 687 3604 758 gloriam.
3624 689 3841 744 Etenim

2241 767 2519 824 obduratio
2541 770 2628 825 illa
2655 772 2935 842 impiorum
2958 782 3238 846 utrumque
3254 776 3608 845 demonstrat,
3633 789 3687 833 et
3707 780 3841 850 quid

2243 857 2537 913 timendum
2593 860 2691 926 sit,
2748 872 2803 917 ut
2853 864 3075 933 quisque
3130 868 3323 935 pietate
3375 878 3719 923 convertatur
3769 868 3844 923 ad

2242 946 2443 1014 Deum;
2486 959 2540 1004 et
2583 960 2795 1020 quantae
2835 954 3054 1023 agenda:
3080 955 3186 1009 sint
3232 958 3415 1026 gratiae
3456 958 3843 1013 misericnrdiae

2247 1040 2360 1104 Dei,
2393 1042 2479 1111 qui
2509 1042 2562 1097 in
2583 1044 2805 1098 aliorum
2836 1060 2988 1115 paena
3014 1046 3138 1117 quid
3168 1048 3285 1102 aliis
3311 1049 3472 1103 donet
3502 1051 3754 1104 ostendit.
3781 1049 3842 1105 Si

2243 1141 2417 1186 autem
2446 1134 2555 1199 illa,
2577 1150 2734 1204 quam
2770 1136 2837 1192 de
2870 1139 2988 1192 aliis
3022 1140 3201 1209 exigit,
3225 1156 3331 1195 non
3362 1152 3443 1196 est
3463 1142 3606 1211 justa
3641 1158 3838 1212 paena;

2245 1222 2377 1277 nihil
2403 1223 2564 1279 donat
2598 1226 2737 1289 aliis,
2770 1243 2801 1280 a
2832 1228 3023 1297 quibus
3051 1245 3168 1284 eam
3201 1245 3305 1286 non
3336 1233 3517 1303 exigit.
3548 1234 3681 1300 Quia
3707 1249 3843 1288 vero

2246 1314 2331 1368 illa
2368 1315 2507 1385 justa
2537 1328 2638 1383 est,
2663 1328 2717 1374 et
2740 1320 2881 1373 nulla
2906 1331 2988 1376 est
3014 1322 3263 1393 iniquitas
3298 1325 3438 1394 apud
3477 1326 3842 1381 vindicantem

2246 1406 2433 1474 Deum,
2460 1408 2578 1477 quis
2603 1409 2833 1466 sufﬁciat
2853 1426 3011 1483 agere
3039 1415 3233 1483 gratias
3260 1414 3309 1469 ei
3334 1416 3422 1485 qui
3450 1416 3552 1472 hoc
3577 1418 3805 1471 remittit
3822 1459 3839 1482 ,

2245 1496 2385 1566 quod
2410 1498 2454 1551 si
2479 1498 2637 1555 vellet
2664 1500 2876 1573 exigere
2895 1544 2911 1571 ,
2941 1518 3096 1559 nemo
3124 1520 3184 1560 se
3212 1513 3357 1561 recte
3381 1505 3584 1561 diceret
3609 1523 3715 1562 non
3738 1507 3844 1563 de-

2247 1588 2372 1644 bere
2388 1590 2411 1642 ?

2318 1681 2405 1736 i9.
2450 1682 2587 1749 Quos
2624 1694 2673 1739 et
2699 1687 2891 1741 vocavit
2928 1705 3050 1753 nos,
3083 1688 3281 1760 inquit,
3317 1707 3417 1745 non
3457 1691 3621 1745 solum
3644 1708 3707 1746 ea:
3732 1690 3845 1745 Ju-

2248 1771 2390 1838 dteis,
2418 1774 2506 1826 sed
2529 1776 2682 1829 etiam
2711 1794 2774 1831 ex
2799 1777 3041 1834 Gentibus
3064 1797 3082 1835 :
3106 1781 3155 1836 id
3178 1790 3280 1850 est,
3303 1798 3427 1837 vasa
3456 1783 3843 1838 misericordiae

2246 1878 2365 1931 quae
2390 1867 2703 1933 praeparavit
2730 1867 2783 1921 in
2808 1868 3052 1939 gloriam.
3076 1871 3191 1925 Non
3212 1873 3355 1927 enim
3385 1888 3570 1928 omnes
3596 1873 3839 1940 Judaeos,

2247 1953 2340 2006 sed
2370 1969 2435 2008 ex
2460 1954 2659 2010 Iudaeis
2684 1975 2695 2010 :
2721 1974 2818 2013 nec
2844 1974 3032 2014 omnes
3058 1964 3274 2017 omnino
3298 1963 3542 2019 homines
3563 1963 3841 2029 Gentium,

2246 2045 2340 2099 sed
2368 2061 2433 2099 ex
2460 2044 2742 2103 Gentibus.
2772 2050 2887 2106 Una
2919 2062 3001 2106 est
3030 2054 3172 2108 enim
3204 2070 3266 2108 ex
3300 2054 3466 2108 Adam
3494 2070 3666 2109 massa
3708 2070 3843 2124 pec-

2246 2146 2485 2193 calorum
2516 2149 2571 2194 et
2600 2142 2903 2210 impiorum,
2936 2146 2984 2198 in
3015 2162 3114 2216 qua
3164 2156 3218 2201 et
3253 2146 3419 2201 Judaei
3449 2157 3502 2201 et
3527 2148 3726 2203 Gentes
3750 2163 3844 2204 re-

2249 2241 2388 2284 mota
2411 2233 2578 2301 gratia
2610 2233 2701 2288 Dei
2733 2235 2797 2289 ad
2830 2251 2984 2290 unam
3017 2239 3281 2306 pertinent
3300 2241 3755 2309 conspersionem.
3779 2239 3841 2294 Si

2247 2322 2393 2376 enim
2435 2322 2625 2392 ﬁgulus
2661 2325 2759 2379 luti
2796 2342 2859 2380 ex
2902 2328 3088 2382 eadem
3129 2332 3508 2398 conspersione
3548 2330 3669 2386 facit
3696 2331 3844 2386 aliud

2249 2428 2340 2468 vas
2370 2413 2422 2467 in
2458 2415 2714 2471 honorem
2739 2460 2753 2485 ,
2780 2418 2923 2473 aliud
2955 2435 3045 2474 vas
3085 2421 3135 2474 in
3164 2423 3572 2487 contumeliam;
3610 2424 3845 2479 manife-

2248 2513 2389 2557 stum
2428 2512 2512 2560 est
2543 2516 2719 2560 autem
2754 2508 2894 2578 quod
2932 2519 2987 2564 et
3015 2526 3077 2565 ex
3109 2510 3307 2567 Iudaeis
3335 2522 3460 2568 sunt
3499 2514 3600 2568 alia
3631 2530 3756 2570 vasa
3786 2516 3845 2571 in

2246 2592 2526 2661 honorem,
2556 2598 2656 2651 alia
2682 2599 2735 2653 in
2757 2602 3154 2669 contumeliam,
3182 2604 3318 2659 sicut
3338 2620 3403 2661 ex
3425 2604 3681 2661 Gentibus
3711 2625 3725 2661 :
3751 2623 3845 2663 se-

2247 2687 2426 2757 quitur
2465 2699 2523 2744 ut
2563 2690 2628 2745 ad
2670 2708 2828 2746 unam
2868 2696 3302 2764 conspersionem
3345 2713 3531 2753 omnes
3572 2698 3849 2769 pertinere

2249 2778 2627 2850 intelligantur.
2687 2782 2889 2838 Deinde
2943 2786 3127 2856 incipit
3186 2787 3411 2843 reddere
3471 2790 3849 2845 attestationes

2248 2869 2564 2940 Prophetae‘
2597 2873 2819 2944 singulis
2842 2876 3127 2947 generibus
3157 2894 3416 2935 converso
3452 2880 3659 2937 ordine.
3690 2882 3849 2937 Prius

2248 2963 2389 3016 enim
2421 2964 2554 3019 dixit
2595 2983 2657 3021 ex
2676 2966 2873 3023 Judteis
2895 2971 2938 3035 ⁸,
2971 2972 3235 3040 posterius
3272 2990 3335 3027 ex
3363 2972 3601 3029 Gentibus
3640 2993 3654 3028 :
3696 2976 3851 3045 prius

2248 3061 2425 3108 autem
2454 3054 2627 3111 reddit
2668 3059 3029 3115 testimonium
3074 3077 3168 3132 pro
3210 3062 3498 3131 Gentibus,
3528 3064 3720 3120 deinde
3750 3082 3852 3135 pro

2246 3146 2464 3202 ludatis.
2506 3148 2705 3204 Etenim
2740 3153 2873 3207 sicut
2923 3152 3050 3207 Osee
3086 3156 3241 3219 dicit,
3298 3155 3493 3211 Vocabo
3519 3175 3618 3211 non
3655 3157 3852 3228 plebem

2247 3254 2431 3304 meam,
2460 3239 2654 3311 plebem
2675 3260 2837 3296 meam
2868 3286 2883 3309 ,
2913 3254 2957 3298 et
2986 3263 3085 3299 non
3106 3247 3360 3313 dilectam,
3384 3249 3619 3303 dilectam
3647 3268 3666 3303 :
3686 3259 3731 3303 et
3753 3252 3852 3303 erit

2246 3328 2299 3381 in
2330 3328 2439 3383 loco
2459 3331 2545 3384 ubi
2569 3332 2755 3385 dictum
2779 3343 2873 3401 est,
2906 3333 3025 3389 Non
3059 3338 3277 3407 populus
3305 3355 3443 3393 meus
3470 3356 3575 3406 vos,
3600 3341 3667 3393 ibi
3698 3357 3853 3395 voca-

2247 3418 2432 3473 buntur
2459 3422 2555 3489 ﬁlii
2590 3421 2686 3476 Dei
2710 3425 2846 3478 vivi:
2875 3425 2947 3480 De
2976 3426 3235 3483 Gentibus
3265 3430 3582 3500 intelligitur
3619 3429 3849 3498 dictum,

2247 3511 2366 3579 quia
2400 3527 2503 3565 non
2527 3511 2791 3568 habebant
2815 3515 3135 3571 destinatum
3158 3535 3318 3572 unum
3345 3521 3727 3576 sacriﬁciorum
3760 3523 3852 3577 lo—

2245 3618 2389 3670 cum,
2421 3605 2557 3659 sicut
2605 3605 2773 3661 Judzei
2807 3608 2857 3661 in
2887 3607 3201 3664 Jerusalem.
3231 3611 3373 3666 Missi
3422 3622 3547 3667 sunt
3569 3624 3747 3668 autem
3775 3617 3846 3670 ad

2247 3694 2448 3750 Gentes
2499 3699 2759 3767 Apostoli,
2802 3709 2856 3754 ut
2888 3702 2942 3755 in
2970 3701 3088 3757 loco
3115 3718 3211 3757 suo
3238 3705 3434 3775 quique
3458 3706 3761 3772 crederent,
3792 3718 3851 3763 et

2245 3784 2567 3856 ubicumque
2579 3788 2949 3855 credidissent,
2965 3791 3033 3845 ibi
3049 3793 3364 3851 sacriﬁcium
3382 3796 3554 3850 laudis
3568 3797 3827 3852 oll‘errent

2245 3875 2438 3945 quibus
2460 3876 2606 3932 dedit
2644 3888 2962 3948 potestatem
3004 3883 3140 3937 ﬁlios
3168 3883 3259 3939 Dei
3286 3884 3397 3939 ﬁeri
3431 3884 3683 3957 (Joan.t,
3718 3887 3847 3957 12).

2248 3962 2417 4019 Isaias
2460 3976 2646 4034 autem,
2690 3969 2878 4038 inquit,
2931 3971 3116 4024 clamat
3170 3990 3261 4043 pro
3312 3972 3496 4029 Israel.
3542 3975 3620 4032 Ne
3663 3994 3852 4033 rursus

2246 4070 2435 4111 omnes
2461 4057 2713 4115 Israelita:
2735 4062 2785 4115 in
2815 4063 3167 4130 perditionem
3193 4065 3296 4120 isse
3316 4066 3605 4122 credantur
3625 4068 3668 4133 ⁸,
3691 4068 3852 4125 docet

2246 4154 2300 4201 et
2329 4146 2451 4203 inde
2480 4148 2614 4204 facta
2643 4150 2744 4204 alia
2777 4167 2901 4207 vasa
2929 4153 2980 4207 in
3014 4153 3268 4210 honorem
3289 4198 3302 4221 ,
3332 4158 3431 4211 alia
3473 4159 3524 4212 in
3560 4168 3847 4215 contume-

2247 4240 2391 4297 liam.
2425 4241 2487 4296 Si
2526 4244 2715 4313 fuerit,
2754 4245 2951 4315 inquit,
2986 4265 3219 4302 numerus
3248 4250 3468 4317 ﬁliorum
3513 4250 3679 4307 Israel
3703 4243 3850 4323 quasi

2247 4348 2403 4386 arena
2428 4335 2585 4388 maris
2605 4378 2619 4401 ,
2658 4338 2883 4406 reliquiae
2916 4341 3069 4393 salva:
3102 4340 3242 4409 ﬁent.
3277 4341 3481 4397 Caetera
3508 4358 3635 4415 ergo
3671 4346 3844 4410 turba,

2246 4440 2372 4480 vasa
2410 4427 2640 4496 perfecta
2681 4428 2745 4482 ad
2789 4429 3158 4497 perditionem.
3201 4431 3417 4487 Verbum
3442 4437 3575 4489 enim
3610 4453 3851 4491 consum-

2246 4533 2392 4571 mans
2410 4526 2456 4571 et
2477 4518 2721 4586 brevians,
2746 4521 2936 4591 inquit,
2970 4524 3120 4593 faciet
3146 4522 3393 4580 Dominus
3427 4543 3577 4597 super
3614 4539 3851 4587 terram:

2248 4608 2300 4663 id
2327 4617 2430 4677 est,
2479 4618 2537 4664 ut
2578 4613 2895 4681 compendio
2927 4614 3045 4670 ﬁdei
3077 4632 3171 4684 per
3198 4618 3422 4686 gratiam
3465 4619 3641 4674 salvos
3690 4621 3852 4678 faciat

2247 4698 2551 4767 credentes,
2581 4716 2686 4754 non
2717 4716 2811 4770 per
2838 4704 3252 4760 innumerabiles
3272 4707 3694 4776 observationes,
3726 4713 3848 4782 qui-

2248 4790 2345 4845 bus
2377 4791 2465 4845 illa
2497 4793 2780 4847 multitudo
2810 4795 3078 4849 serviliter
3106 4807 3325 4852 onerata
3356 4802 3715 4869 premebatur.
3746 4804 3852 4860 Per

2245 4882 2469 4952 gratiam
2486 4884 2685 4953 quippe
2707 4884 2860 4939 nobis
2885 4886 3103 4940 verbum
3126 4903 3503 4945 consummans
3524 4901 3578 4946 et
3600 4892 3847 4949 breviatis

2248 4973 2553 5043 fecitsuper
2581 4985 2775 5029 terram
2798 5020 2812 5040 ,
2839 4976 3025 5033 dicens
3056 4997 3069 5033 :
3098 4978 3293 5051 Jugum
3331 4999 3496 5036 meum
3527 4985 3636 5038 lene
3670 4995 3765 5052 est,
3799 4998 3850 5041 et

2246 5065 2446 5117 sarcina
2466 5081 2574 5117 mea
2601 5066 2718 5120 levis
2738 5077 2809 5121 est
2840 5068 3047 5141 (Matth.
3068 5073 3265 5143 x1,30).
3285 5073 3433 5141 Quod
3462 5085 3515 5128 et
3542 5077 3701 5146 paulo
3729 5090 3852 5148 post

2247 5154 2335 5209 hic
2359 5155 2552 5210 dicitur
2582 5174 2595 5211 :
2631 5156 2802 5227 Prope
2830 5159 2914 5213 te"
2944 5170 3016 5214 est
3036 5164 3238 5216 verbum
3268 5164 3319 5217 in
3343 5183 3428 5218 ore
3456 5176 3561 5232 tuo,
3587 5179 3632 5221 et
3651 5170 3704 5223 in
3732 5186 3851 5224 cor-

2246 5246 2309 5299 de
2330 5255 2434 5313 tuo,
2466 5247 2560 5300 hoc
2585 5257 2658 5301 est
2680 5249 2879 5302 verbum
2915 5252 3035 5319 ﬁdei
3075 5254 3213 5323 quod
3250 5256 3583 5325 pra'dicamus
3600 5276 3619 5323 ;
3650 5262 3769 5330 quia
3799 5267 3850 5319 si

2245 5340 2534 5408 conﬁtearis
2567 5341 2619 5394 in
2649 5359 2735 5396 ore
2774 5352 2860 5397 tuo
2896 5345 3015 5415 quia
3060 5344 3309 5401 Dominus
3333 5358 3404 5402 est
3423 5348 3574 5405 Iesus
3609 5363 3655 5405 et
3683 5354 3849 5406 credi-

2246 5431 2379 5486 deris
2407 5432 2458 5485 in
2486 5432 2635 5487 corde
2677 5442 2762 5487 tua
2809 5436 2926 5506 quia
2952 5435 3092 5490 Deus
3125 5439 3268 5492 illum
3288 5442 3543 5494 suscitavit
3570 5460 3602 5495 a
3636 5446 3850 5500 mortuis

2310 5564 2328 5630 ξ
2350 5572 2475 5630 Mss,
2500 5565 2783 5630 prophetia.

2308 5627 2333 5701 '7
2348 5626 2481 5688 Editi,
2493 5626 2738 5680 conuersos
2755 5642 2819 5679 ea:
2837 5629 3040 5682 Judtess.
3058 5632 3224 5695 Abest,
3237 5646 3503 5696 conversos,
3514 5649 3543 5687 ι
3557 5643 3662 5687 Mss.
3679 5636 3851 5701 plem-

2245 5700 2486 5831 Ti'ayg
2508 5751 3057 5831 isI’e'EFIMMM
3070 5758 3349 5831 ςνεάωτων-
3371 5768 3427 5831 μ
3448 5760 3628 5812 melius
3650 5771 3750 5812 Am.
3768 5769 3843 5814 ετ.

2250 5819 2305 5862 et
2329 5817 2485 5886 nostri
2508 5821 2643 5873 ωδε..
2669 5816 2722 5864 in
2742 5816 3061 5927 ﬁer-ditionem
3082 5820 3174 5873 isse
3193 5824 3472 5873 credantur.

2311 5875 2332 5906 δ
2351 5876 2648 5927 Particulam.
2664 5884 2726 5927 te.
2775 5892 2817 5927 te
2839 5881 2966 5927 addit
2993 5886 3345 5927 νοιιιςιίςςὶιηης
3364 5891 3466 5927 cmi

2311 5875 2332 5906 δ
2351 5876 2649 5950 Particulam,
2664 5884 2726 5935 te,
2742 5875 2817 5929 hic
2839 5881 2966 5932 addit
2993 5886 3345 5937 vetustissimus
3364 5889 3671 5943 Corticicnsis
3689 5890 3809 5941 eode
3825 5906 3847 5939 ι

2245 5950 2406 5998 grteco
2431 5948 2763 5991 consentiens.
