4136 6524
246 5592 259 5693 Ι

282 533 389 589 125

280 650 453 701 salsus
474 645 592 696 eris.
626 639 794 696 Corde
819 636 949 693 enim
975 635 1197 689 creditur
1221 631 1289 684 ad
1309 629 1583 703 justitiam,
1607 642 1693 681 ore
1714 635 1886 679 autem

281 737 536 806 confessio
562 731 622 797 ﬁt
648 730 718 783 ad
745 728 959 782 salutem
1016 724 1193 793 (Rom.
1228 740 1281 787 x,
1318 719 1490 790 8-10).
1525 719 1637 773 Hoc
1660 725 1742 772 est
1764 706 1887 769 [ver-

285 826 416 880 bum
448 834 830 878 consutnmans
857 828 913 874 et
936 817 1203 881 brevians,
1231 812 1372 884 quod
1408 811 1524 865 fecit
1557 810 1695 863 Deus
1725 822 1888 872 super

285 929 520 979 terram,
547 931 650 985 qua
694 911 1153 969 consummatione
1179 917 1336 976 atque
1369 901 1721 959 breviatione‘
1752 900 1887 953 latro

282 1012 605 1081 justilieatus
626 1016 729 1073 est,
758 1005 846 1075 qui
868 1004 1057 1059 delixis
1082 1002 1132 1054 in
1155 1015 1311 1055 cruce
1336 997 1585 1052 omnibus
1610 993 1887 1059 membris,

288 1114 347 1157 ct
374 1103 576 1156 habens
602 1101 764 1153 libera
791 1098 906 1151 lucc
928 1096 1054 1159 duo,
1086 1092 1247 1148 corde
1273 1090 1497 1145 credidit
1515 1089 1579 1142 ad
1604 1087 1886 1156 justitiam,

289 1211 391 1249 ore
427 1192 699 1247 confessus
726 1201 809 1244 est
841 1189 909 1242 ad
947 1188 1206 1250 salutem;
1246 1183 1532 1251 statimque
1557 1180 1741 1233 audire
1772 1192 1888 1230 me-

292 1286 424 1349 ruit,
462 1284 624 1337 Hodie
654 1299 847 1337 mecum
892 1284 990 1335 eris
1016 1281 1066 1333 in
1106 1278 1345 1350 paradiso
1374 1276 1391 1346 (
1417 1274 1541 1328 Luc.
1573 1288 1722 1337 χχιιι,
1754 1271 1825 1324 4⁸5
1846 1268 1887 1340 ).

288 1378 761 1445 (Iouiseqm-renlur
799 1374 943 1428 enim
992 1372 1128 1425 bona
1159 1384 1321 1439 Opera
1364 1368 1509 1435 ejus,
1550 1366 1594 1419 si
1640 1368 1890 1434 percepta

292 1472 462 1540 gratia
493 1470 581 1522 diu
626 1467 767 1521 inter
802 1467 1045 1520 homines
1090 1464 1310 1517 viveret.
1353 1459 1459 1515 Sed
1490 1467 1665 1511 tamen
1695 1470 1798 1509 non
1827 1466 1891 1507 ea

294 1570 702 1629 pnncesserant,
724 1566 779 1610 ut
798 1556 1039 1611 eamdem
1058 1557 1285 1624 gratiam
1306 1558 1623 1613 mereretur,
1645 1563 1707 1601 ex
1729 1547 1895 1600 latro-

291 1654 437 1707 cinio
463 1652 599 1707 ﬁxus
624 1654 675 1705 in
700 1666 879 1714 cruce,
903 1666 969 1703 ex
991 1664 1149 1702 cruce
1172 1648 1222 1700 in
1252 1644 1551 1715 paradisum
1581 1639 1889 1695 translatus.

292 1746 362 1800 Et
382 1747 510 1799 sicut
541 1744 799 1814 prwdixit,
830 1743 1018 1812 inquit,
1051 1740 1236 1800 Isaias,
1263 1737 1381 1791 Nisi
1408 1736 1655 1789 Dominus
1679 1731 1892 1786 subaotlt

287 1839 575 1908 reliquisset
599 1837 739 1889 nobis
766 1852 953 1898 semen,
992 1835 1119 1887 sicut
1151 1831 1378 1885 Sodoma
1405 1828 1529 1900 facti
1561 1841 1780 1879 essemus
1802 1866 1815 1885 ,
1846 1832 1893 1875 et

288 1931 422 1982 sicut
461 1928 749 1982 Gomorrha
785 1926 972 1980 similes
1002 1926 1287 1994 fuissemus.
1324 1919 1474 1988 Quod
1509 1918 1594 1971 hic
1622 1917 1729 1980 ait,
1770 1914 1891 1967 reli-

287 2023 481 2091 quisset
511 2021 656 2073 nobis
685 2036 881 2083 semen;
910 2018 1011 2072 hoc
1038 2018 1128 2082 ibi,
1166 2014 1392 2085 reliquia:
1425 2011 1579 2066 salva:
1608 2011 1747 2078 ﬁent.
1781 2009 1895 2061 Cm-

291 2117 392 2170 teri
435 2124 616 2169 autem
651 2123 899 2182 tanquam
933 2110 1247 2181 perditionis
1275 2122 1395 2161 vasa
1426 2106 1608 2161 debito
1634 2102 1892 2173 supplicio

292 2209 589 2275 perierunt.
622 2205 688 2259 Et
715 2212 771 2258 ut
794 2219 900 2259 non
927 2218 1115 2257 omnes
1142 2202 1405 2271 perissent
1425 2198 1559 2251 sicut
1587 2197 1636 2249 in
1660 2194 1891 2249 Sodoma

290 2310 347 2352 et
394 2297 716 2359 Gomorrlia,
748 2311 854 2350 non
896 2295 1142 2349 meritum
1184 2306 1367 2346 eorum
1408 2288 1564 2353 fecit,
1598 2286 1692 2341 sed
1722 2284 1891 2355 gratia

291 2391 390 2445 Dei
432 2389 785 2459 relinquentis
813 2402 995 2442 semen
1020 2428 1034 2450 ,
1068 2384 1207 2439 unde
1245 2383 1347 2437 alia
1387 2381 1576 2436 messis
1624 2387 1735 2433 toto
1762 2376 1893 2432 orbe

291 2492 661 2552 consurgeret.
698 2482 809 2535 lloc
842 2489 897 2535 et
927 2480 1085 2550 paulo
1126 2488 1243 2548 post
1270 2495 1282 2530 :
1316 2476 1406 2531 Sic
1440 2490 1593 2545 ergo,
1623 2473 1814 2543 inquit,
1844 2483 1892 2524 et

290 2578 347 2628 in
404 2576 497 2627 hoc
535 2584 761 2643 tempore
817 2571 1044 2641 reliquie:
1094 2586 1184 2641 per
1208 2568 1498 2622 electionem
1530 2564 1709 2632 gratia:
1740 2563 1895 2616 salvat

292 2669 450 2736 fthllB
467 2673 600 2719 sunt.
631 2663 694 2718 Si
720 2674 890 2716 autem
918 2663 1104 2731 gratia,
1124 2661 1238 2728 jam
1268 2674 1367 2710 non
1390 2672 1452 2709 ex
1470 2654 1739 2724 operibus;
1763 2652 1894 2705 alio-

291 2759 419 2826 quin
444 2757 606 2827 gratia
625 2758 740 2828 jam
779 2771 880 2808 non
911 2762 984 2807 est
1013 2752 1199 2823 gratia.
1230 2749 1369 2817 Quid
1393 2764 1509 2819 ergo
1532 2747 1558 2801 ?
1588 2743 1737 2813 Quod
1757 2757 1894 2814 quie-

294 2849 437 2903 rebat
467 2847 648 2913 Israel,
677 2848 770 2901 hoc
792 2862 893 2900 non
930 2854 1004 2899 est
1029 2852 1355 2906 consecutus;
1381 2839 1554 2894 electio
1580 2848 1747 2893 autem
1772 2852 1893 2890 con-

290 2951 470 2995 secuta
506 2951 610 3005 est;
638 2939 809 2993 ceteri
836 2953 950 2992 vero
983 2936 1218 2991 σταταιιὶ
1254 2942 1371 2989 sunt
1411 2934 1427 3003 (
1452 2932 1600 2985 Rom.
1626 2946 1704 2995 xi,
1732 2930 1823 2985 5-7
1844 2926 1890 3000 ).

290 3032 595 3089 Consecuta
648 3038 775 3086 sunt
810 3045 935 3084 vasa
983 3028 1399 3094 misericordiae,
1449 3034 1716 3082 cxczccata
1770 3031 1894 3077 sunt

292 3142 425 3180 vasa
451 3126 543 3181 ira:
570 3142 584 3179 :
615 3140 680 3180 ex
707 3124 894 3180 eadem
919 3132 1095 3178 tamen
1115 3122 1516 3192 compersionc,
1540 3120 1679 3175 sicut
1704 3118 1755 3173 in
1778 3117 1894 3187 ple-

289 3219 535 3277 nitudine
562 3218 835 3275 Gentium.

363 3311 457 3366 20.
492 3310 587 3365 Est
628 3310 781 3364 locus
822 3307 1035 3378 quidam
1074 3306 1367 3377 Scriptum
1406 3305 1473 3360 ad
1516 3320 1630 3361 rem
1675 3303 1746 3358 dc
1786 3316 1890 3370 qua

289 3417 443 3459 nunc
470 3402 699 3472 agimus,
730 3401 962 3455 maxime
1009 3398 1371 3461 necessarius,
1406 3396 1592 3452 eadem
1631 3409 1749 3465 qua:
1781 3402 1891 3447 tra-

288 3503 437 3550 ctala
487 3500 647 3556 sunt,
688 3491 823 3545 mira
869 3490 1258 3545 contestatione
1308 3489 1676 3553 conﬁrmans,
1724 3486 1775 3539 in
1826 3499 1893 3538 eo

291 3586 437 3640 libro
467 3585 557 3654 qui
584 3584 652 3639 ab
680 3583 800 3638 aliis
822 3582 978 3638 Jesus
1010 3582 1220 3647 Sit-ach,
1253 3581 1322 3636 ab
1349 3581 1466 3635 aliis
1490 3580 1894 3635 Ecclesiasticus

289 3676 521 3740 dicitur,
558 3690 610 3728 ιιι
639 3689 746 3743 quo
787 3685 857 3727 ita
888 3686 1144 3743 scriptum
1185 3681 1271 3727 est
1312 3690 1325 3725 :
1363 3671 1428 3725 Et
1454 3687 1626 3725 omnes
1665 3669 1894 3723 homines

292 3768 361 3820 de
387 3766 519 3831 solo,
547 3775 593 3818 et
623 3782 685 3819 ea:
714 3774 850 3819 terra
871 3764 1034 3819 Adam
1063 3767 1083 3795 ¹
1112 3774 1312 3819 creatus
1341 3772 1431 3818 est.
1475 3761 1540 3816 In
1571 3762 1895 3815 multitudine

294 3858 588 3927 disciplinae
626 3857 879 3911 Dominus
922 3857 1174 3928 separavit
1219 3873 1326 3923 eos,
1372 3868 1420 3909 et
1462 3856 1743 3909 immutavit
1786 3856 1893 3909 vias

293 3965 499 4003 eorum.
545 3947 614 4002 Et
648 3964 713 4002 ea:
754 3948 879 4018 ipsis
908 3948 1163 4002 benedixit
1210 3959 1256 4002 et
1302 3948 1578 4013 exultavit,
1622 3956 1668 4000 et
1708 3962 1772 4000 ex
1815 3946 1894 3999 his

294 4042 635 4110 sanctiﬁcavit
662 4052 709 4094 et
746 4042 814 4094 ad
853 4057 906 4095 se
949 4042 1262 4112 applicavit,
1302 4050 1349 4095 et
1379 4057 1441 4095 ea:
1480 4041 1605 4111 ipsis
1632 4039 1895 4095 maledixit

297 4144 349 4188 et
375 4133 665 4188 humiliavit
693 4149 713 4186 :
745 4142 794 4187 et
831 4135 1071 4187 convertit
1116 4132 1235 4188 illos
1263 4133 1331 4186 ad
1374 4134 1735 4187 dissensionem
1771 4131 1893 4186 illo-

296 4243 437 4280 rum.
474 4224 635 4293 Quasi
661 4226 824 4279 lutum
851 4225 998 4296 ﬁguli
1032 4226 1085 4278 in
1115 4242 1269 4279 manu
1298 4226 1457 4296 ipsius
1486 4226 1741 4294 plasmare
1764 4222 1895 4277 illud

297 4328 349 4371 et
376 4318 681 4388 disponere,
723 4332 895 4371 omnes
921 4317 1016 4372 via:
1054 4319 1165 4388 ejus
1207 4318 1483 4372 secundant
1512 4316 1893 4388 dispositionem

294 4411 452 4479 ejus;
493 4409 567 4463 sic
594 4410 744 4462 homo
786 4408 839 4462 in
878 4424 1034 4461 manu
1062 4408 1201 4463 illius
1231 4408 1318 4478 qui
1360 4425 1413 4462 se
1452 4409 1598 4479 fecit,
1637 4418 1684 4461 et
1719 4406 1896 4460 reddet

298 4501 378 4554 illi
404 4499 685 4554 secundum
702 4498 959 4571 judicium
984 4515 1155 4553 suum.
1189 4498 1516 4553 Contrarium
1544 4497 1681 4552 malo
1708 4497 1896 4551 bonum

298 4602 413 4657 est,
462 4599 509 4644 et
553 4599 729 4643 contra
758 4598 967 4644 mortem
1008 4591 1108 4643 vita
1152 4599 1261 4654 est;
1310 4590 1383 4643 sic
1426 4599 1472 4643 et
1514 4598 1691 4643 contra
1734 4589 1897 4642 virum

300 4684 493 4745 instant
520 4691 771 4753 peccator.
806 4681 873 4735 Et
914 4681 987 4735 sic
1027 4681 1221 4735 intuere
1256 4682 1309 4733 in
1340 4681 1509 4735 omnia
1550 4696 1705 4750 opera
1734 4679 1895 4732 Altis-

297 4776 418 4829 simi
440 4790 460 4828 :
483 4774 606 4838 duo,
634 4774 736 4827 duo
760 4773 815 4837 ³;
842 4791 1000 4827 unum
1027 4783 1202 4827 contra
1229 4790 1403 4826 unum.
1434 4772 1616 4826 Primo
1640 4772 1723 4826 hic
1750 4788 1895 4826 com-

300 4865 555 4919 mendata
586 4874 670 4919 est
713 4864 993 4934 disciplina
1025 4866 1114 4919 Dei
1147 4882 1161 4919 :
1206 4864 1272 4918 In
1312 4863 1662 4928 multitudine,
1704 4864 1894 4933 inquit,

300 4956 593 5027 disciplina:
619 4954 871 5011 Dominus
895 4956 1147 5027 separavit
1171 4972 1257 5010 eos
1280 4971 1299 5011 :
1325 4958 1469 5011 unde
1490 4998 1505 5023 ,
1539 4956 1638 5011 nisi
1666 4972 1698 5011 a
1724 4956 1897 5011 beati-

301 5046 486 5102 tudine
536 5046 812 5117 paradisi?
860 5044 928 5100 Et
974 5046 1255 5100 immutavit
1296 5047 1403 5101 vias
1439 5063 1645 5112 eorum,
1690 5057 1749 5102 ut
1785 5048 1894 5117 jam

298 5154 559 5210 tanquam
585 5139 839 5193 mortales
862 5141 1122 5195 viverent.
1151 5138 1302 5194 Tunc
1326 5138 1461 5195 facta
1486 5148 1570 5194 est
1595 5156 1695 5193 una
1720 5155 1895 5194 massa

295 5248 579 5300 omnium,
614 5234 838 5288 veniens
882 5232 949 5288 de
990 5232 1209 5288 traduce
1252 5232 1506 5303 peccati‘
1535 5240 1591 5290 et
1635 5234 1704 5289 de
1740 5249 1897 5304 poena

299 5322 647 5379 mortalitatis
670 5365 685 5389 ,
728 5323 972 5394 quamvis
1010 5323 1120 5377 Deo
1159 5323 1419 5388 formante
1448 5333 1502 5380 et
1529 5334 1745 5380 creante
1778 5340 1898 5395 quas

298 5418 440 5470 bona
470 5425 615 5469 sunt.
648 5420 709 5470 In
747 5415 998 5471 omnibus
1028 5424 1109 5471 est
1132 5416 1275 5471 enim
1305 5416 1511 5486 species
1549 5426 1601 5471 et
1638 5432 1900 5488 compago

295 5507 550 5577 corporis
594 5508 645 5561 in
698 5515 843 5561 tanta
890 5508 1251 5563 membrorum
1299 5507 1621 5575 concordia,
1672 5516 1730 5563 ut
1773 5509 1896 5564 inde

364 5638 380 5668 ι
402 5642 479 5686 ων.
516 5643 569 5687 et
586 5644 720 5697 Mss,
746 5630 989 5686 brevitate.

363 5699 385 5729 ²
410 5704 459 5748 ιιι
478 5698 643 5757 editis,
668 5696 734 5749 ea:
757 5702 890 5747 terra
911 5697 1040 5747 unde
1068 5697 1235 5747 Adam.
1262 5696 1512 5758 Particulo,
1536 5697 1682 5759 unde,
1708 5699 1848 5749 abest
1868 5713 1891 5748 a

297 5764 406 5809 llas.
434 5770 487 5811 et
510 5773 537 5809 a
553 5768 696 5811 textu
711 5771 877 5821 greco
900 5761 1027 5821 apud
1056 5765 1184 5809 Lxx.

298 5823 399 5934 br;
420 5823 538 5873 Editi
557 5858 571 5884 ,
594 5822 695 5874 duo
715 5827 886 5872 contra
916 5822 1031 5871 duo.
1066 5823 1240 5881 Abest,
1265 5827 1457 5882 contra,
1490 5834 1518 5872 a
1552 5824 1804 5874 veteribus
1841 5822 1894 5873 li-

362 5920 427 5993 :i
440 5952 679 6001 tctorinus
707 5955 811 6008 iis,
834 5958 1020 5999 vemens
1046 5947 1105 5998 dc
1128 5946 1292 5999 radice
1310 5947 1509 6011 peccati.

1681 507 1879 567 LIBER
1922 505 2191 562 PRIMUS.

3482 500 3584 557 1”

1998 615 2290 687 Apostolus
2325 612 2391 668 ad
2435 613 2752 669 charitatem
2791 612 3137 669 obtinendam
3182 610 3584 669 similitudinem

1996 708 2219 763 duceret
2257 704 2315 777 (Ι
2341 703 2461 761 Cor.
2490 721 2595 771 xu,
2628 704 2716 771 l2,
2745 702 2896 778 etc.).
2936 704 2990 759 lu
3023 703 3273 759 omnibus
3300 713 3383 758 est
3419 704 3584 758 etiam

1997 797 2214 867 spiritus
2242 796 2418 850 vitalis
2458 804 2669 850 terrena
2697 794 2937 849 membra
2964 794 3274 861 viviﬁcans,
3303 793 3587 863 omnisque

1997 898 2185 943 natura
2216 887 2451 943 hominis
2471 887 2746 942 dominatu
2772 887 2967 941 animat
2995 896 3050 942 et
3075 886 3329 941 famulatu
3346 886 3587 955 corporis

1995 981 2303 1036 conditione
2355 979 2585 1034 mirabili
2627 988 2921 1050 temperata
2958 996 2972 1032 :
3017 979 3111 1034 sed
3155 978 3586 1047 concupiscentia

1995 1074 2227 1127 carnalis
2266 1072 2334 1127 de
2380 1073 2582 1142 peccati
2635 1086 2789 1141 paena
2832 1072 2942 1141 jam
2980 1085 3245 1141 regnans,
3277 1071 3582 1125 universum

1993 1179 2164 1233 genus
2190 1163 2479 1218 humanum
2513 1173 2765 1232 tanquam
2792 1172 2956 1217 totam
2984 1172 3039 1217 et
3062 1178 3224 1217 unam
3248 1162 3588 1230 conSpersio-

1996 1271 2118 1310 nem
2140 1246 2389 1327 ‘originali
2415 1264 2566 1309 reatu
2596 1255 2647 1307 in
2670 1255 2847 1309 omnia
2875 1266 3221 1322 permanante
3246 1252 3582 1308 confuderat.

1994 1347 2062 1401 Et
2090 1357 2265 1400 tamen
2298 1347 2573 1415 sequitur,
2608 1345 2689 1399 Ea:
2724 1347 2847 1414 ipsis
2873 1344 3123 1399 benedixit
3151 1354 3195 1398 et
3224 1344 3498 1408 exultavit,
3538 1351 3587 1394 et

1995 1455 2059 1492 ea:
2085 1440 2208 1509 ipsis
2237 1439 2569 1506 sanctiﬁcavit
2599 1448 2645 1491 et
2674 1438 2742 1490 ad
2765 1455 2820 1492 se
2846 1437 3139 1505 applicavit,
3172 1446 3217 1491 et
3243 1453 3305 1491 ea:
3329 1437 3453 1506 ipsis
3477 1451 3587 1487 ma-

1995 1529 2172 1583 ledixit
2202 1539 2250 1582 et
2280 1530 2592 1595 humiliavit,
2625 1537 2672 1581 et
2697 1531 2934 1582 convertit
2980 1529 3096 1581 illos
3128 1529 3182 1580 in
3222 1527 3586 1580 dissensionem

1993 1622 2223 1690 ipsorum
2262 1637 2279 1673 :
2316 1630 2567 1689 tanquam
2610 1620 2866 1688 Apostolo
2907 1619 3152 1682 dicente,
3181 1618 3259 1671 An
3299 1634 3398 1671 non
3439 1615 3586 1669 habet

1998 1722 2293 1783 potestatem
2339 1714 2528 1783 ﬁgulus
2571 1713 2665 1765 luti
2708 1728 2771 1766 ea:
2811 1712 2985 1765 eadem
3030 1710 3382 1779 conspersione
3422 1711 3589 1779 facere

1996 1805 2137 1857 aliud
2165 1820 2251 1857 vas
2290 1805 2342 1857 in
2384 1805 2644 1867 honorem,
2672 1802 2816 1856 aliud
2843 1804 2895 1855 in
2919 1800 3316 1856 contumeliam?
3354 1800 3584 1866 Ideoque

1999 1894 2126 1949 illud
2151 1894 2292 1965 quod
2318 1895 2640 1959 contexitur,
2670 1909 2769 1948 nec
2796 1894 2862 1947 ab
2886 1894 2997 1962 ipsa
3036 1890 3381 1946 similitudine
3400 1899 3583 1943 vacat:

2001 1986 2156 2050 Quasi
2186 1987 2382 2051 lutum,
2426 1988 2622 2056 inquit,
2669 1986 2815 2057 ﬁguli
2857 1986 2910 2038 in
2945 2001 3098 2038 manu
3130 1984 3290 2054 ipsius
3334 1983 3587 2051 plasmare

1995 2077 2129 2131 illud
2152 2088 2197 2131 et
2228 2079 2514 2143 disponere,
2544 2093 2715 2130 onmes
2740 2078 2835 2130 via:
2858 2078 2967 2145 ejus
2995 2075 3270 2129 secundum
3297 2073 3583 2144 dispositio-

1996 2185 2108 2221 nem
2135 2171 2283 2238 ejus;
2321 2169 2394 2222 sic
2435 2168 2583 2221 homo
2609 2168 2662 2221 in
2698 2185 2853 2220 ntanu
2895 2168 3034 2220 illius
3071 2168 3156 2236 qui
3199 2182 3253 2220 se
3295 2165 3433 2233 fecit.
3473 2163 3580 2219 Sed

1995 2259 2116 2327 quia
2143 2258 2272 2313 dicit
2297 2259 2606 2327 Apostolus,
2638 2256 2903 2329 Numquid
2929 2258 3167 2327 iniquitas
3201 2255 3341 2326 apud
3373 2254 3538 2308 Deum
3557 2255 3582 2307 .’

1995 2350 2117 2406 vide
2143 2362 2196 2405 et
2223 2351 2309 2406 hic
2334 2350 2460 2419 quid
2486 2350 2741 2420 adjungat
2772 2367 2783 2401 :
2816 2347 3019 2405 Reddet
3040 2350 3134 2411 illi,
3176 2348 3369 2417 inquit,
3396 2363 3582 2401 secun-

1997 2441 2120 2493 dum
2135 2441 2390 2510 judicium
2415 2457 2583 2493 suum.
2612 2439 2718 2494 Sed
2743 2453 2865 2492 cum
2890 2438 3156 2492 damnatis
3179 2438 3321 2507 justa
3351 2437 3587 2490 tribuan-

1997 2540 2092 2608 tut;
2110 2530 2410 2599 supplicia;
2459 2537 2635 2583 tamen
2674 2529 2795 2598 quia
2837 2527 2939 2581 hoc
2977 2528 3150 2596 ipsum
3188 2528 3239 2580 in
3271 2541 3423 2581 usum
3456 2541 3587 2579 con-

1996 2622 2241 2683 vertitur,
2266 2635 2371 2689 quo
2412 2619 2490 2673 illi
2532 2618 2811 2687 proficiant
2835 2618 3027 2687 quibus
3064 2617 3333 2686 praebetur
3371 2615 3587 2670 miseri-

1995 2713 2175 2768 cordia
2199 2755 2214 2777 ,
2255 2711 2471 2767 attende
2508 2711 2755 2781 reliqua:
2792 2709 3115 2765 Contrarium
3138 2751 3154 2776 ,
3200 2709 3403 2779 inquit,
3445 2708 3583 2762 male

1997 2806 2181 2860 bonum
2208 2813 2314 2871 est,
2346 2812 2392 2857 et
2427 2813 2603 2857 contra
2629 2812 2837 2856 mortem
2864 2803 3004 2867 vita;
3030 2803 3104 2854 sic
3132 2811 3176 2855 et
3215 2812 3389 2855 contra
3421 2802 3585 2853 virum

1986 2896 2183 2967 justum
2214 2905 2461 2965 peccator.
2514 2895 2580 2950 Et
2608 2895 2683 2948 sic
2710 2895 2903 2949 intuere
2940 2895 2995 2948 in
3032 2895 3200 2948 omnia
3241 2908 3395 2964 opera
3429 2893 3588 2948 Altis-

1995 2989 2111 3043 simi
2141 3006 2159 3041 :
2197 2989 2335 3054 duo,
2368 2988 2509 3053 duo;
2550 3003 2708 3041 unum
2745 2996 2921 3040 contra
2961 3003 3119 3039 unum
3151 3002 3169 3040 :
3201 2987 3382 3055 utique
3424 2994 3482 3040 ut
3518 3000 3587 3040 ex

1994 3080 2329 3136 deteriorum
2394 3079 2799 3148 comparatione
2863 3078 3136 3134 emineant
3200 3078 3589 3148 proliciantque

1997 3174 2241 3228 meliora.
2288 3173 2419 3240 Quae
2466 3181 2643 3226 tamen
2682 3171 2932 3240 quoniam
2965 3184 3062 3239 per
3091 3169 3315 3239 gratiam
3365 3168 3586 3223 meliora

1995 3274 2141 3329 sunt,
2176 3273 2424 3333 tanquam
2466 3262 2691 3327 diceret,
2726 3262 2974 3332 Reliquiae
3000 3261 3154 3315 saltue
3183 3261 3301 3322 ﬁent
3325 3261 3375 3325 ¹;
3402 3260 3585 3330 sequi-

2000 3364 2085 3411 tur
2118 3367 2173 3410 et
2209 3356 2339 3410 dicit
2366 3370 2432 3409 ex
2469 3368 2697 3425 persona
2729 3353 3113 3423 reliquiarum,
3148 3352 3215 3406 Et
3241 3369 3333 3424 ego
3373 3353 3589 3407 novissi-

1997 3464 2109 3502 mus
2130 3448 2351 3516 rigilavi,
2373 3458 2421 3500 et
2439 3449 2584 3517 quasi
2610 3447 2695 3516 qui
2743 3456 3029 3499 racematur
3050 3455 3160 3515 post
3181 3446 3585 3499 vindemiatores.

1999 3538 2068 3593 Et
2111 3539 2251 3592 unde
2290 3537 2516 3608 probat,
2554 3537 2676 3606 quia
2721 3552 2828 3590 non
2867 3551 2935 3591 ex
2976 3536 3185 3591 meritis
3213 3536 3351 3597 suis,
3385 3536 3478 3590 scd
3518 3551 3586 3590 ex

1999 3630 2365 3685 misericordia
2393 3629 2527 3684 Dei?
2566 3626 2634 3681 In
2660 3627 3027 3692 benedictione,
3062 3628 3252 3698 inquit,
3302 3626 3511 3681 Domini
3539 3636 3590 3680 et

1996 3721 2104 3790 ipse
2143 3720 2373 3786 speravi,
2414 3727 2462 3773 et
2500 3719 2647 3788 quasi
2683 3719 2769 3787 qui
2809 3718 3078 3771 vindemiat
3097 3759 3112 3782 ,
3145 3718 3329 3787 repleri
3359 3718 3583 3772 torcular

1999 3810 2196 3884 (Eccli.
2240 3827 2443 3872 χχχιιι,
2491 3811 2741 3879 10-17).
2787 3810 3041 3877 Quamvis
3083 3811 3225 3865 enim
3264 3812 3586 3866 novissimus

1998 3904 2328 3974 vigilaverit;
2363 3914 2545 3957 tamen
2570 3902 2691 3972 quia
2722 3912 2911 3965 erunt,
2944 3913 3000 3957 ut
3028 3904 3226 3958 dictum
3265 3914 3377 3969 est,
3412 3906 3591 3959 novis-

1999 3997 2120 4054 simi
2151 3995 2309 4066 primi
2341 3994 2557 4064 (Matth.
2587 4011 2678 4060 xx,
2713 3995 2851 4064 16),
2886 3995 2938 4049 in
2980 3996 3347 4051 benedictiOne
3376 3998 3587 4052 Domini

1998 4103 2224 4159 sperans
2258 4104 2323 4143 ex
2354 4087 2593 4157 reliquiis
2621 4086 2782 4142 Israel
2812 4096 3111 4142 racematus
3139 4092 3367 4159 p0pulus
3396 4090 3589 4159 imple-

1998 4182 2076 4235 vit
2121 4178 2357 4234 torcular
2401 4194 2467 4233 ex
2515 4178 2757 4234 ubertate
2789 4179 3096 4235 Vindemia).
3146 4195 3269 4251 quas
3312 4190 3424 4236 toto
3458 4181 3591 4237 orbe

1999 4283 2264 4329 terrarum
2297 4272 2568 4343 provenit.

2071 4365 2164 4419 21.
2197 4364 2351 4418 Nulla
2399 4365 2559 4434 igitur
2590 4363 2814 4419 intentio
2854 4373 3064 4419 tenetur
3088 4366 3356 4435 Apostoli,
3386 4374 3442 4422 et
3469 4382 3589 4421 om-

2000 4458 2148 4514 nium
2177 4456 2589 4527 justilicatorum
2620 4472 2713 4525 per
2739 4472 2872 4526 quos
2900 4458 3055 4511 nobis
3082 4458 3381 4513 intellectus
3406 4460 3591 4529 gratia:

1999 4552 2401 4607 demonstratus
2429 4558 2540 4613 est,
2577 4550 2677 4604 nisi
2721 4560 2777 4603 ut
2818 4555 2905 4619 qui
2949 4557 3209 4619 gloriatur
3231 4592 3245 4614 ,
3280 4554 3332 4605 in
3366 4552 3593 4605 Domino

2000 4644 2262 4713 glorietur
2296 4640 2373 4711 (ll
2405 4642 2523 4695 Cor.
2557 4657 2616 4705 x,
2653 4639 2763 4710 17).
2797 4640 2927 4707 Quis
2958 4642 3099 4695 enim
3142 4642 3389 4697 discutiet
3427 4657 3589 4710 opera

2001 4734 2251 4799 Domini,
2293 4749 2357 4788 ex
2404 4733 2590 4787 eadem
2636 4733 3016 4800 conspersione
3061 4749 3222 4787 unum
3266 4732 3588 4795 damnantis,

2001 4829 2229 4882 alterum
2264 4824 2644 4893 justiﬁcantis?
2687 4823 2938 4879 Liberum
2978 4825 3266 4879 voluntatis
3307 4824 3586 4878 arbitrium

2002 4923 2287 4992 plurimum
2311 4925 2486 4985 valet;
2508 4924 2626 4975 imo
2646 4935 2772 4974 vero
2800 4929 2883 4973 est
2909 4920 3144 4987 quidem,
3178 4918 3273 4973 sed
3300 4919 3349 4971 in
3374 4933 3589 4971 venum-

2000 5012 2141 5068 datis
2180 5014 2281 5067 sub
2313 5020 2531 5082 peccato
2560 5011 2738 5082 (Rom.
2775 5025 2881 5072 vn,
2920 5010 3022 5078 14)
3067 5008 3192 5078 quid
3230 5009 3408 5061 valet?
3435 5007 3589 5073 Caro,

2002 5102 2193 5173 inquit,
2217 5103 2528 5173 concupiscit
2558 5102 2799 5155 adversus
2826 5102 3082 5170 spiritum,
3105 5110 3151 5152 et
3175 5099 3383 5166 spiritus
3410 5099 3592 5153 adver-

2000 5210 2089 5248 sus
2117 5210 2356 5256 carnem,
2397 5202 2453 5246 ut
2491 5209 2590 5246 non
2622 5207 2682 5245 ea
2719 5208 2832 5258 quia
2873 5195 3020 5242 vultis
3062 5189 3263 5258 faciatis
3294 5188 3500 5259 ((-‘alat.
3533 5206 3589 5257 v,

2004 5286 2119 5355 17).
2162 5284 2479 5353 Praecipitur
2519 5293 2575 5337 ut
2618 5291 2765 5337 recte
2791 5282 3063 5347 vivamus,
3096 5280 3195 5336 hac
3240 5283 3420 5352 utique
3450 5299 3591 5336 mer-

2002 5376 2135 5431 cede
2164 5386 2468 5445 proposua,
2503 5382 2561 5427 ut
2598 5373 2651 5427 in
2693 5380 2950 5427 aeternum
2984 5372 3136 5428 beate
3161 5373 3341 5428 vivere
3377 5389 3589 5427 merea-

2001 5483 2124 5523 mur
2154 5485 2167 5521 :
2216 5466 2309 5521 sed
2345 5466 2465 5535 quis
2509 5472 2685 5535 potest
2720 5472 2865 5519 recte
2890 5464 3068 5519 vivere
3103 5472 3157 5518 et
3185 5464 3323 5520 bene
3350 5463 3583 5533 operari,

2001 5560 2103 5615 nisi
2148 5557 2470 5629 iustiﬁcatus
2514 5570 2586 5611 ex
2638 5554 2788 5610 lidc'l
2837 5555 3144 5625 Przecipitur
3185 5563 3241 5610 ut
3278 5555 3588 5621 credamus,

2003 5661 2061 5705 ut
2084 5649 2229 5705 dono
2257 5656 2477 5716 accepto
2502 5646 2733 5717 Spiritus
2760 5648 2928 5702 sancti
2959 5662 3052 5717 per
3084 5645 3421 5702 dilectionem
3450 5645 3588 5700 bene

2003 5742 2211 5813 operari
2238 5740 2505 5812 possimus
2534 5756 2547 5793 :
2580 5739 2674 5794 sed
2715 5742 2834 5810 quis
2873 5749 3047 5809 potest
3089 5739 3329 5802 credere,
3365 5735 3465 5790 nisi
3490 5749 3588 5790 ano

2002 5851 2103 5907 qua
2131 5832 2443 5898 voeatione,
2490 5830 2594 5887 hoc
2618 5840 2737 5899 cst,
2785 5831 2960 5909 aliqua
2994 5846 3172 5887 rerum
3214 5827 3585 5885 testiﬁcatione

2078 5951 2089 5978 '
2117 5956 2241 6006 uss,
2265 5944 2482 6009 reliquus
2499 5944 2644 5997 salve
2662 5942 2798 6007 ﬁunt.
