4084 6528
586 504 625 558 -1
637 503 704 558 ΞῚ

601 614 883 685 tangatur?
929 610 1060 678 Quis
1101 610 1264 665 habet
1311 610 1362 664 in
1407 617 1671 679 potestate
1721 608 1809 662 tali
1838 608 1951 662 viso
1993 607 2177 675 attingi

605 716 835 761 mentem
861 717 1031 768 suam,
1059 717 1167 771 quo
1190 702 1306 770 ejus
1326 702 1572 754 voluntas
1593 708 1868 753 moveatur
1892 698 1957 751 ad
1986 697 2179 751 fidem?

600 797 730 862 Quis
756 804 936 848 autem
968 792 1146 846 animo
1171 791 1510 860 amplectitur
1536 788 1732 858 aliquid
1756 788 1895 858 quod
1925 803 2046 840 eum
2074 802 2177 840 non

598 885 869 941 delectat?
897 893 989 938 aut
1016 883 1137 954 quis
1181 882 1341 937 habet
1372 883 1421 935 in
1456 889 1715 949 potestate
1746 890 1801 933 ut
1830 880 1913 934 vel
1936 888 2181 934 occurrat

598 978 741 1047 quod
769 993 893 1033 eum
922 977 1188 1032 deleCIare
1231 976 1429 1044 possit,
1462 973 1542 1027 vel
1574 973 1803 1028 delectet
1841 987 1961 1027 cum
1990 987 2180 1026 oecur-

597 1069 776 1125 rerit?
801 1068 935 1123 Cum
964 1082 1093 1137 ergo
1120 1082 1217 1120 nos
1240 1083 1301 1120 ea
1330 1067 1597 1120 delectant
1622 1063 1814 1133 quibus
1843 1062 2180 1132 proficiamus

594 1160 663 1214 ad
706 1161 909 1225 Deum,
956 1161 1246 1229 inspiratur
1288 1158 1391 1211 hoc
1438 1166 1493 1211 et
1545 1156 1809 1225 praebetur
1850 1155 2019 1225 gratia
2065 1151 2177 1216 Dei,

596 1267 705 1305 non
752 1263 883 1304 nutu
931 1262 1115 1305 nostro
1166 1261 1221 1304 et
1265 1248 1521 1302 industria
1564 1256 1656 1300 aut
1702 1261 1926 1315 operum
1975 1246 2181 1300 meritis

597 1354 979 1412 comparatur;
1023 1342 1143 1411 quia
1181 1350 1238 1394 ut
1274 1341 1341 1394 sit
1384 1348 1543 1393 nutus
1567 1337 1887 1402 voluntatis,
1917 1348 1973 1391 ut
1995 1338 2064 1393 sit
2096 1337 2181 1391 iu-

598 1435 802 1489 dustria
834 1436 991 1489 studii
1012 1476 1026 1497 ,
1060 1444 1116 1487 nt
1155 1435 1262 1488 sint
1295 1448 1454 1500 opera
1485 1430 1745 1485 charitate
1775 1431 2059 1493 ferventia,
2095 1431 2183 1485 ille

586 1527 818 1591 tribuit,
853 1525 939 1579 ille
978 1526 1214 1594 largitur.
1252 1524 1439 1577 Petere
1463 1521 1717 1591 jubemur
1753 1530 1809 1574 ιιι
1834 1520 2178 1589 accipiamus,

598 1627 654 1672 et
680 1633 921 1687 quaerere
954 1626 1009 1671 ut
1040 1616 1410 1681 inveniamus,
1461 1623 1516 1669 et
1560 1614 1773 1682 pulsare
1816 1624 1876 1668 ut
1917 1614 2183 1682 aperiatur

599 1711 755 1764 nobis
798 1709 1010 1781 (Matth.
1038 1726 1143 1770 vn,
1175 1708 1252 1779 7).
1299 1707 1487 1762 Nonne
1530 1706 1816 1776 aliquando
1861 1706 1973 1776 ipsa
2014 1708 2182 1761 oratio

598 1811 780 1856 nostra
832 1803 909 1855 sic
961 1801 1134 1871 tepida
1185 1810 1305 1865 est,
1356 1800 1442 1854 vel
1489 1798 1667 1867 potius
1710 1798 1897 1868 frigida
1948 1808 2002 1853 et
2050 1815 2182 1868 pene

601 1892 744 1947 nulla
774 1894 814 1959 ³,
860 1894 967 1947 imo
1009 1893 1230 1947 omnino
1272 1891 1535 1946 interdum
1583 1891 1654 1945 ita
1699 1892 1879 1955 nulla,
1925 1902 1982 1945 ut
2014 1908 2183 1960 neque

603 1985 707 2040 hoc
756 1987 808 2040 in
859 1988 1012 2041 nobis
1051 2003 1170 2041 cum
1217 1986 1406 2041 dolore
1452 1985 1833 2039 advertamus?
1874 1985 1997 2053 quia
2028 1985 2070 2038 si
2101 1985 2181 2038 vel

600 2075 705 2131 hoc
740 2077 1005 2141 dolemus,
1052 2078 1161 2146 jam
1202 2092 1439 2130 oramus.
1488 2074 1627 2141 Quid
1672 2089 1800 2144 ergo
1828 2074 1970 2129 aliud
2000 2084 2180 2128 osten-

598 2168 747 2223 ditur
775 2170 947 2233 nobis,
979 2169 1077 2223 nisi
1104 2169 1225 2238 quia
1253 2177 1307 2222 ct
1336 2177 1516 2237 petere
1545 2177 1599 2221 et
1624 2182 1866 2237 quaerere
1894 2177 1950 2221 et
1978 2168 2183 2234 pulsare

602 2259 696 2313 ille
744 2261 1022 2325 concedit,
1067 2260 1155 2329 qui
1206 2268 1264 2313 ut
1308 2259 1423 2312 hzee
1466 2258 1741 2321 faciamus,
1786 2257 1975 2327 jubet?
2020 2257 2184 2328 Igitur

600 2367 704 2403 non
732 2351 940 2405 nolentis
959 2390 974 2415 ,
1014 2367 1171 2420 neque
1209 2350 1455 2403 currentis
1473 2391 1488 2414 ,
1520 2348 1609 2401 sed
1638 2350 1914 2403 miserantis
1944 2359 2015 2402 est
2048 2348 2137 2401 Dei
2163 2364 2182 2403 :

598 2442 1033 2513 quandoquidem
1079 2458 1175 2497 nec
1204 2443 1341 2497 velle
1384 2458 1483 2496 nec
1527 2458 1779 2509 currere,
1827 2443 1927 2496 nisi
1969 2458 2035 2498 eo
2064 2458 2182 2497 mo-

598 2542 761 2588 vente
788 2546 945 2603 atque
972 2535 1240 2589 excitante
1259 2576 1272 2597 ,
1305 2535 1617 2603 poterimus.

665 2624 757 2680 22.
785 2626 935 2692 Quod
976 2628 1019 2680 si
1063 2627 1256 2682 electio
1283 2625 1373 2679 hic
1404 2625 1461 2678 lit
1488 2626 1662 2695 aliqua
1684 2667 1698 2691 ,
1730 2634 1785 2679 ut
1814 2626 1892 2680 sic
1923 2625 2184 2697 intelliga-

593 2738 718 2778 mus
737 2724 878 2793 quod
918 2724 1116 2779 dictum
1144 2734 1226 2778 est
1247 2766 1260 2789 ,
1290 2724 1539 2795 Reliquit:
1578 2740 1666 2792 per
1689 2723 1979 2776 electionem
2007 2722 2185 2791 gratia:

591 2816 749 2871 solum
778 2816 927 2885 facta:
953 2826 1069 2869 sunt
1101 2814 1277 2886 (Rom.
1309 2831 1394 2876 χι,
1426 2813 1519 2885 5);
1553 2829 1657 2867 non
1689 2822 1746 2867 ut
1771 2811 2181 2881 justiﬁcatnrum

592 2907 790 2961 electio
833 2906 924 2959 ﬁat
962 2906 1029 2959 ad
1060 2906 1221 2959 vitam
1252 2915 1505 2958 mternam
1527 2944 1541 2969 ,
1581 2903 1674 2957 sed
1706 2913 1762 2957 ut
1802 2904 2067 2972 eligantur
2094 2902 2183 2970 qui

591 2996 953 3066 justiﬁcentur
981 3013 996 3048 :
1029 3005 1174 3049 certe
1205 2995 1273 3047 ita
1299 2995 1505 3047 occulta
1536 3002 1618 3048 est
1651 2993 1766 3048 hare
1790 2992 2015 3059 electio,
2050 3003 2106 3045 ut
2131 2992 2181 3045 in

591 3088 787 3144 eadem
841 3089 1228 3157 conSpersione
1280 3087 1433 3140 nobis
1492 3101 1715 3156 prorsus
1769 3101 2031 3156 apparere
2078 3100 2181 3139 non

594 3180 802 3249 possit;
844 3188 938 3232 aut
979 3180 1024 3233 si
1070 3190 1292 3248 apparet
1335 3179 1688 3248 quibusdam,
1742 3194 1841 3248 ego
1888 3179 1938 3232 in
1983 3177 2084 3231 hac
2124 3193 2183 3233 re

596 3271 960 3327 inﬁrmitatem
1010 3287 1184 3325 meam
1234 3270 1424 3326 fateor.
1478 3270 1592 3325 Non
1635 3271 1775 3324 enim
1823 3270 1995 3324 habeo
2042 3268 2184 3340 quod

599 3365 812 3419 intuear
841 3366 891 3419 in
924 3365 1180 3435 eligendis
1213 3365 1513 3419 hominibus
1537 3366 1601 3418 ad
1625 3365 1846 3435 gratiam
1873 3365 2180 3430 salutarem,

595 3456 644 3509 si
676 3456 740 3509 ad
769 3471 994 3511 examen
1028 3456 1183 3525 hujus
1208 3456 1487 3511 electionis
1515 3456 1691 3526 aliqua
1722 3456 2045 3525 cogitatione
2074 3470 2185 3523 per-

597 3546 803 3612 mittor,
833 3547 933 3600 nisi
967 3548 1049 3601 vel
1077 3547 1249 3616 majus
1278 3548 1566 3617 ingenium,
1596 3547 1677 3601 vel
1709 3547 1914 3601 minora
1944 3556 2181 3615 peccata,

592 3638 682 3693 vel
713 3646 995 3709 utrumque
1022 3655 1037 3693 :
1069 3639 1328 3693 addamus
1364 3640 1524 3693 etiam
1546 3681 1559 3703 ,
1606 3639 1651 3694 si
1694 3640 1902 3709 placet,
1934 3639 2185 3693 honestas

594 3730 861 3801 utilesque
885 3731 1176 3785 doctrinas.
1206 3730 1457 3800 Quisquis
1484 3746 1612 3801 ergo
1640 3730 1796 3785 fuerit
1834 3745 1993 3800 quam
2022 3729 2183 3784 mini-

597 3822 705 3876 mis
744 3824 976 3891 peccatis
1016 3823 1248 3878 irretitus
1277 3834 1436 3892 atque
1476 3822 1789 3889 maculatus,
1822 3821 1980 3894 (nam
2024 3821 2185 3875 nullis

592 3914 716 3984 quis
755 3914 988 3985 potest?)
1016 3924 1071 3970 et
1108 3930 1233 3969 acer
1274 3915 1513 3985 ingenio,
1545 3925 1599 3969 et
1640 3914 1951 3970 liberalibus
1981 3915 2185 3969 artibus

591 4005 883 4073 expolitus,
933 4005 1208 4077 eligendus
1246 4006 1459 4061 videtur
1501 4006 1566 4059 ad
1614 4007 1859 4076 gratiam.
1912 4005 2019 4061 Sed
2062 4021 2183 4060 cum

591 4094 694 4149 hoc
723 4105 981 4161 statuero,
1030 4098 1101 4151 ita
1151 4111 1237 4152 me
1278 4097 1473 4152 ridebit
1515 4098 1602 4151 ille
1628 4098 1717 4167 qui
1763 4099 1971 4151 infirma
2002 4096 2183 4150 mundi

591 4186 763 4255 elegit
799 4195 856 4240 ut
894 4187 1185 4241 confundat
1219 4188 1407 4252 fortia,
1448 4197 1502 4241 et
1539 4189 1694 4241 stulta
1729 4187 1911 4241 mundi
1955 4197 2015 4242 ut
2054 4202 2185 4241 cou-

656 4298 671 4327 ¹
700 4303 830 4357 Iov.,
852 4297 988 4361 plene
1010 4297 1162 4348 nulla.
1179 4308 1232 4349 Αι
1254 4309 1371 4359 Am.,
1390 4307 1464 4348 Er.
1482 4307 1533 4349 et
1554 4307 1682 4361 Mss,
1705 4314 1822 4365 pene
1846 4302 1996 4351 nulla.

1519 4499 2001 4611 LIBER
2059 4423 2939 4611 SECUNDUS.

1104 498 1191 553 DE
1231 494 1541 552 DIVERSIS
1578 494 2090 565 QUrESTIONlBUS
2127 494 2219 548 AD
2257 495 2752 566 SIMPLICIANUM,
2796 501 2853 557 S.
2895 502 3257 559 AUGUSTINI
3644 572 3649 581 ι
3765 510 3856 564 128

2287 608 2473 663 fundat
2509 612 2779 681 sapientes
2822 611 2875 683 (l
2903 614 3019 668 Cor.
3048 631 3092 679 ι,
3122 615 3255 687 27),
3300 626 3356 670 ιιι
3394 631 3519 672 eum
3568 617 3772 674 intuens
3807 632 3855 678 et

2286 702 2489 771 pudore
2514 715 2807 771 correctus,
2837 722 2935 777 ego
2976 708 3225 765 irrideam
3270 711 3466 766 multos
3509 722 3563 767 et
3602 728 3710 782 prae
3746 718 3855 785 qui-

2286 792 2508 849 husdam
2555 799 2923 865 peccatoribus
2965 801 3245 867 castiores,
3297 811 3353 857 et
3398 819 3507 873 pra:
3551 806 3853 875 quibusdam

2287 886 2639 954 piscatoribus
2699 900 2962 946 oratores.
3023 892 3211 948 Nonne
3271 895 3604 952 advertimus
3671 901 3858 954 multos

2287 978 2472 1034 ﬁdeles
2504 990 2715 1036 nostros
2740 982 3076 1039 ambulantes
3107 986 3244 1040 viam
3281 986 3402 1052 Dei,
3442 1004 3508 1043 ex
3544 990 3688 1044 nulla
3718 1001 3858 1059 parte

2287 1070 2502 1141 ingenio
2530 1076 2847 1141 comparari,
2882 1092 2984 1129 non
3017 1076 3189 1131 dicam
3220 1080 3567 1148 quorumdam
3602 1083 3860 1137 lueretieo.

2286 1178 2425 1227 rum,
2459 1166 2551 1219 sed
2579 1166 2738 1220 etiam
2768 1167 3051 1221 mimorum
3076 1169 3100 1208 ν
3141 1168 3273 1223 ltem
3310 1184 3415 1223 non
3440 1170 3680 1227 videmus
3707 1189 3861 1242 quos-

2284 1254 2405 1308 dam
2444 1255 2687 1311 homines
2732 1259 3007 1327 ntriusque
3033 1274 3192 1314 sexus
3238 1261 3289 1314 in
3333 1262 3595 1332 conjugali
3625 1265 3860 1319 castitate

2286 1345 2526 1400 viventes
2567 1348 2682 1401 sine
2720 1349 2935 1418 querela
2963 1389 2978 1415 ,
3017 1360 3071 1405 et
3114 1359 3292 1405 tamen
3333 1354 3415 1407 vel
3459 1354 3740 1410 hazreticos
3779 1356 3858 1411 vel

2286 1450 2551 1505 paganos,
2581 1438 2665 1492 vel
2692 1439 2851 1493 etiam
2890 1441 2941 1494 in
2980 1457 3105 1495 vera
3144 1442 3247 1498 ﬁde
3286 1453 3338 1498 et
3364 1460 3488 1499 vera
3515 1445 3750 1502 Ecclesia
3786 1449 3860 1503 sie

2288 1526 2512 1594 tepidos,
2550 1537 2610 1582 ut
2650 1544 2744 1583 eos
2784 1530 3040 1585 miremur
3079 1533 3417 1587 meretricum
3458 1544 3511 1589 et
3552 1535 3859 1593 histrionum

2285 1617 2460 1671 subito
2488 1634 2901 1684 conversorum,
2941 1636 3048 1675 non
3076 1623 3249 1676 solum
3292 1624 3540 1693 patientia
3568 1636 3622 1680 et
3661 1636 3859 1697 tempe-

2286 1711 2455 1763 rantia
2483 1752 2498 1775 ,
2556 1710 2647 1764 sed
2704 1712 2865 1766 etiam
2917 1712 3057 1775 fide,
3105 1730 3239 1783 spe,
3287 1715 3547 1771 eharitate
3588 1720 3861 1786 superari?

2286 1799 2473 1855 Restat
2519 1817 2646 1871 ergo
2694 1811 2750 1856 ut
2793 1803 3094 1859 voluntates
3139 1805 3423 1875 eligantur.
3472 1807 3576 1861 Sed
3623 1810 3861 1865 voluntas

2286 1890 2439 1960 ipsa,
2492 1892 2591 1946 nisi
2641 1893 2839 1962 aliquid
2897 1895 3193 1948 occurrerit
3238 1895 3378 1965 quod
3423 1897 3655 1952 delectet
3708 1908 3862 1968 atque

2286 1980 2476 2036 invitet
2523 1984 2801 2047 animum,
2850 1985 3051 2039 moveri
3098 1986 3243 2039 nullo
3287 1987 3447 2041 modo
3496 1996 3669 2056 potest
3714 2007 3727 2042 :
3767 1990 3863 2045 hoc

2285 2082 2462 2127 autem
2510 2084 2568 2128 ut
2609 2084 2888 2140 occurrat,
2933 2092 3037 2129 non
3083 2085 3166 2131 est
3210 2077 3261 2130 in
3309 2077 3539 2132 hominis
3588 2089 3861 2147 potestate.

2286 2164 2422 2230 Quid
2454 2165 2664 2219 volebat
2694 2166 2905 2229 Saulus,
2940 2167 3039 2220 nisi
3082 2166 3352 2233 invadere,
3384 2169 3617 2236 trahere,
3646 2170 3862 2238 vincire,

2287 2269 2479 2309 necare
2522 2255 2896 2311 Christianos?
2941 2257 3109 2324 Quam
3157 2259 3341 2313 rabida
3390 2260 3672 2327 voluntas,
3712 2278 3865 2330 quam

2287 2348 2507 2416 furiosa,
2549 2366 2707 2420 quam
2748 2353 2926 2407 cieea!
2971 2353 3057 2423 qui
3103 2361 3278 2407 tamen
3326 2369 3431 2407 una
3470 2354 3702 2423 desuper
3740 2370 3869 2411 voce

2289 2451 2604 2512 prostratus,
2632 2454 2944 2499 occurrente
2972 2446 3154 2514 utique
3188 2445 3278 2499 tali
3308 2445 3441 2510 viso,
3473 2462 3578 2516 quo
3604 2461 3754 2500 mens
3781 2447 3866 2500 illa

2286 2541 2342 2587 et
2369 2534 2615 2589 voluntas
2656 2533 2883 2589 refracta
2922 2536 3125 2588 saevitia
3168 2544 3569 2605 retorqueretur
3611 2546 3665 2590 et
3701 2536 3869 2590 corri-

2285 2636 2500 2695 geretur
2549 2626 2617 2681 ad
2670 2627 2866 2694 fidem,
2917 2637 3137 2697 repente
3192 2643 3257 2683 ex
3319 2628 3592 2698 Evangelii
3644 2628 3869 2682 mirabili

2288 2728 2629 2789 persecutore
2669 2720 2964 2774 mirabilior
3005 2719 3323 2789 praedicator
3360 2720 3581 2776 effectus
3621 2731 3703 2775 est
3733 2720 3870 2793 (Act.

2288 2824 2381 2864 vui
2402 2851 2417 2875 ,
2448 2810 2515 2873 3,
2543 2820 2590 2864 et
2619 2811 2790 2881 ml).
2816 2812 2877 2864 Et
2908 2820 3081 2866 tamen
3112 2811 3237 2881 quid
3283 2811 3563 2866 dicemus?
3609 2810 3872 2881 Numquid

2286 2903 2527 2970 iniquitas
2573 2914 2647 2957 est
2687 2904 2829 2972 apud
2874 2902 3063 2966 Deum,
3112 2904 3413 2974 exigentem
3457 2920 3488 2959 a
3531 2919 3637 2974 quo
3680 2904 3870 2973 placet,

2286 2992 2573 3048 dunantem
2610 2994 2694 3047 cui
2728 2995 2934 3062 placet?
2972 2994 3065 3064 qui
3108 3010 3438 3064 nequaquam
3470 2994 3633 3063 exigit
3669 2993 3876 3047 indebi-

2290 3094 2421 3149 tum,
2465 3102 2795 3155 nequaquam
2836 3086 2999 3140 donat
3044 3086 3297 3140 alienum.
3348 3085 3612 3153 Numquid
3638 3085 3877 3156 iniquitas

2288 3187 2359 3230 est
2406 3178 2545 3245 apud
2585 3177 2797 3231 Deum?
2847 3178 3006 3231 Absit.
3059 3178 3235 3245 Quare
3284 3189 3459 3231 tamen
3514 3176 3635 3229 huic
3676 3175 3783 3241 ita,
3823 3183 3881 3229 et

2289 3266 2411 3321 huic
2450 3284 2554 3323 non
2595 3269 2711 3322 ita?
2758 3268 2802 3323 0
2829 3270 2997 3333 homo,
3034 3279 3088 3322 tu
3117 3270 3229 3339 quis
3266 3270 3363 3322 es?
3404 3269 3647 3323 Debitum
3684 3268 3728 3320 si
3771 3284 3879 3321 non

2289 3358 2468 3413 neddis
2488 3399 2502 3421 ,
2534 3359 2695 3413 habes
2726 3359 2867 3427 quod
2894 3361 3177 3429 gratuleris
3208 3378 3219 3413 :
3249 3360 3295 3415 si
3338 3359 3545 3424 reddis,
3573 3374 3679 3413 non
3713 3358 3881 3414 habes

2288 3448 2429 3517 quod
2467 3450 2727 3516 queraris.
2771 3450 3064 3504 Credamus
3103 3458 3342 3515 tantum,
3385 3450 3484 3503 etsi
3536 3464 3729 3518 capere
3771 3465 3879 3503 non

2289 3540 2548 3605 valemus,
2578 3542 2829 3610 quoniam
2858 3542 2947 3611 qui
2979 3543 3278 3597 universam
3309 3552 3606 3597 creaturam
3636 3552 3690 3597 et
3721 3543 3884 3610 spiri-

2291 3632 2485 3685 tualem
2530 3642 2585 3686 et
2633 3633 2966 3700 corporalem
3014 3632 3139 3688 fecit
3187 3642 3241 3688 et
3286 3633 3564 3697 condidit,
3607 3634 3786 3686 omnia
3824 3632 3882 3687 in

2290 3740 2517 3779 numero
2556 3734 2609 3779 et
2658 3724 2893 3794 pondere
2939 3733 2993 3780 et
3035 3740 3286 3780 mensura
3336 3725 3572 3793 disponit
3618 3724 3773 3795 (Sap.
3804 3740 3884 3792 ιι,

2288 3815 2404 3885 21).
2448 3815 2554 3871 Sed
2596 3816 2957 3871 inscrntabilia
2985 3825 3109 3870 sunt
3142 3816 3342 3885 judicia
3387 3816 3524 3885 ejus,
3567 3824 3621 3870 et
3658 3816 3887 3869 investi-

2288 3908 2496 3978 gabiles
2532 3908 2629 3963 vise
2668 3908 2784 3977 ejus
2815 3907 2991 3979 (Rom.
3019 3924 3091 3970 XI,
3124 3907 3234 3977 55).
3266 3907 3511 3961 Dicamus
3536 3905 3763 3960 Alleluia
3785 3946 3800 3969 ,
3832 3916 3887 3959 et

2289 4000 2653 4054 collaudenius
2698 4000 2985 4066 canticum,
3033 4010 3087 4054 et
3131 4015 3235 4054 non
3277 3998 3537 4063 dicamus,
3570 3996 3707 4062 Quid
3740 3995 3887 4050 hoc?

2292 4092 2406 4156 vel,
2438 4093 2563 4161 quid
2596 4093 2740 4147 hoc?
2785 4093 2972 4147 Omnia
3014 4093 3158 4147 enim
3203 4093 3254 4147 in
3288 4101 3528 4162 tempore
3565 4107 3665 4146 suo
3702 4100 3888 4146 creata
3932 4160 3935 4165 ι

2290 4193 2416 4237 sunt
2454 4183 2637 4254 (Eccli.
2669 4200 2857 4249 XXXIX,
2893 4184 2979 4249 l9,
3006 4183 3123 4255 26).

1186 4745 1237 4789 ιιι
1257 4748 1463 4791 czeteras
1482 4741 1780 4804 quaestiones
1801 4742 2019 4806 quinque
2042 4741 2124 4792 vel
2156 4755 2247 4792 sex
2270 4754 2299 4791 a
2322 4743 2619 4805 Simpliciano
2642 4743 2909 4806 propositas
2932 4757 2993 4793 ex
3020 4743 3156 4792 libris
3179 4750 3377 4806 Regum.

2044 4877 2414 4933 WW3

664 4991 968 5048 PREFA‘I'IO.
986 4992 1241 5063 Satisjam
1264 4995 1330 5048 de
1352 4994 1606 5064 Apostolo
1625 5009 1711 5049 me
1725 4993 1792 5047 ad
1820 4994 2084 5064 proposita
2099 5008 2182 5048 re-

592 5084 873 5151 spondisse
885 5085 1134 5141 exustimo
1153 5104 1167 5142 τ
1186 5103 1326 5141 nunc
1343 5086 1409 5141 ad
1426 5102 1489 5141 ea
1508 5103 1624 5156 quae
1636 5087 1703 5141 de
1719 5087 1868 5140 libris
1882 5086 2183 5155 Regnorum

593 5177 857 5245 requisisti
879 5178 1021 5233 aliud
1050 5180 1294 5234 volumen
1313 5179 1590 5250 aggrediar
1609 5194 1779 5249 ;qu.e,
1794 5179 1932 5232 sicut
1948 5178 2111 5231 multa
2131 5186 2187 5232 et

604 5282 770 5338 prope
799 5272 973 5325 omnia
1000 5281 1241 5328 veterum
1269 5275 1571 5336 Librorum,
1606 5272 1913 5342 ﬁguratiora
1938 5280 2097 5336 sunt,
2132 5279 2187 5325 et

596 5358 971 5428 mysteriorum
1006 5362 1357 5419 velaminibus
1396 5365 1652 5418 involuta.
1702 5362 1956 5429 Quamvis
2001 5371 2183 5416 autem

594 5461 664 5501 ex
690 5462 756 5501 eo
776 5448 912 5518 quod
943 5453 1312 5507 transierimus
1332 5455 1396 5507 ad
1415 5454 1709 5519 Christum,
1741 5453 2012 5508 auferatur
2038 5453 2185 5507 vcla—

596 5553 720 5592 men
763 5539 841 5610 (ll
880 5541 998 5596 Cor.
1037 5558 1115 5609 ιιι,
1156 5545 1261 5611 l6)
1296 5562 1307 5594 :
1341 5555 1517 5601 tamen
1539 5546 1781 5601 videmus
1808 5561 1951 5603 nunc
1980 5547 2031 5600 in
2060 5545 2189 5599 aani-

594 5640 793 5699 gmale,
825 5642 1152 5689 tuncautem
1182 5634 1315 5689 faeie
1335 5636 1401 5690 ad
1432 5637 1620 5692 faciem
1640 5639 1679 5690 ³.
1706 5638 1959 5694 Velamen
1985 5637 2183 5707 quippe

596 5721 742 5772 omni
766 5724 923 5779 modo
945 5724 1251 5780 intercludit
1278 5736 1585 5795 aspectum;
1626 5728 1849 5799 aenigma
1897 5743 2046 5792 vero,
2073 5736 2189 5781 tan-

597 5849 1068 5965 ‘l.:m‘::lilllstissin'tus
1091 5854 1220 5905 liber
1244 5857 1566 5916 Corhoiensis,
1582 5856 1750 5919 fariem
1769 5862 1833 5914 ad
1850 5862 2188 5923 faciemﬁuxta

2290 5011 2449 5065 quam
2479 5011 2573 5065 per
2599 4996 2905 5067 speculum,
2941 4997 3079 5051 sicut
3109 4997 3249 5052 idem
3282 4997 3554 5066 apostolus
3584 4998 3692 5062 ait,
3738 4999 3905 5053 Vide-

2290 5104 2403 5140 mus
2429 5105 2559 5141 nunc
2579 5107 2667 5159 per
2685 5091 2945 5157 speculum
2971 5099 3015 5141 et
3038 5090 3087 5141 iu
3113 5090 3379 5159 (enigmate
3402 5087 3444 5161 (Ι
3473 5086 3592 5143 Cor.
3628 5106 3742 5155 xm,
3778 5092 3903 5160 12),

2292 5196 2390 5233 nec
2417 5179 2865 5235 evidentissimam
2892 5181 3091 5252 detegit
3120 5181 3350 5249 speciem
3374 5223 3388 5247 ,
3422 5196 3519 5234 nec
3546 5197 3770 5250 prorsus
3795 5183 3917 5237 ob—

2292 5272 2420 5341 tegit
2442 5273 2746 5326 veritatem.
2773 5273 3062 5343 Aggrediar
3075 5288 3202 5344 ergo
3219 5274 3235 5303 ¹
3258 5282 3311 5326 et
3337 5272 3454 5338 ista,
3474 5271 3608 5327 duce
3635 5273 3906 5335 Domino,

2292 5362 2397 5416 tuis
2427 5363 2599 5432 potius
2632 5364 2939 5419 sublevatus
2966 5364 3300 5419 orationibus
3320 5406 3333 5429 ,
3375 5379 3532 5433 quam
3557 5363 3911 5433 jussionibns

2290 5464 2624 5525 aggravatus.
2659 5456 2960 5511 Praesertim
2986 5457 3106 5527 quia
3132 5472 3195 5511 ex
3218 5455 3440 5526 epistola
3479 5462 3565 5508 tua
3598 5458 3741 5510 nou’
3792 5458 3912 5509 hoc

2357 5615 2373 5674 ξ
2402 5620 2450 5661 ln
2467 5614 2724 5662 veteribus
2742 5611 2894 5671 libris,
2910 5610 3253 5674 aggrediamur
3272 5624 3425 5674 ergo;
3445 5617 3497 5661 et
3512 5618 3915 5674 consequenter

2357 5624 2373 5645 ι
2402 5624 2450 5661 In
2467 5624 2724 5662 veteribus
2742 5624 2894 5671 IIDI‘IS,
2910 5624 2971 5671 aq
3006 5624 3253 5661 reatamur
3272 5624 3416 5673 ergo;

2291 5673 2413 5724 infra
2437 5674 2609 5738 plurali
2634 5689 2856 5733 numero,
2878 5624 3126 5738 sublitum,
3151 5671 3416 5738 aggravati.

2356 5739 2376 5767 ³
2398 5735 2542 5786 Lucus
2565 5745 2792 5785 veterum
2822 5736 3041 5785 codicum
3063 5750 3159 5799 cpe
3183 5735 3563 5799 redintegratus.
3590 5735 3673 5796 qui
3697 5735 3919 5799 inanti:

2294 5798 2647 5863 editisomissa
2680 5799 2757 5847 hic
2789 5807 3005 5863 negante
3040 5796 3271 5859 particula
3284 5834 3310 5863 ,_
3336 5798 3409 5863 sic
3433 5796 3582 5863 paulo
3618 5796 3916 5863 post‘jage:

2294 5810 2439 5848 editis
2470 5810 2647 5847 omissa
2680 5810 2757 5847 tne
2789 5812 2855 5847 ne
2922 5810 3005 5846 nte
3040 5810 3296 5859 particula,
3336 5810 3409 5847 ste
3442 5810 3582 5857 paulo
3618 5810 3729 5857 poet
3776 5810 3916 5845 ace-

2293 5860 2392 5915 hat,
2438 5859 2488 5909 in
2512 5873 2603 5921 quo
2642 5873 2807 5910 revera
2832 5812 3205 5920 oﬁuupcrurem
3222 5895 3235 5920 ,
3261 5858 3354 5909 nisi
3375 5857 3493 5907 mihi
3511 5864 3630 5907 esset
3655 5810 3919 5921 αἰθὴϋί-

2295 5934 2376 5969 mu
2381 5935 2425 5969 ιιι
2434 5956 2445 5967 .
