4136 6524
242 387 353 449 {‘29

236 519 301 565 se
328 508 565 565 intellexi
608 522 874 579 quaerere,
916 506 1041 579 quid
1079 506 1194 562 inec
1232 507 1284 563 in
1324 507 1603 578 prophetia
1638 504 1840 575 signin-

236 610 372 657 cent
396 619 411 655 :
435 602 487 655 in
518 615 627 671 quo
654 615 844 656 revera
874 599 1256 670 obtemperare
1295 599 1425 655 mihi
1458 608 1601 654 esset
1631 597 1845 653 difficil-

238 693 432 748 limum
458 708 473 757 ;
502 692 627 763 quia
658 700 715 748 et
740 692 807 747 de
837 702 942 747 tota
974 692 1286 748 eorumdem
1310 694 1652 747 contextione
1680 692 1843 746 libro-

238 799 369 839 rum
416 784 660 840 ducenda
712 794 858 840 esset
900 785 1125 840 intentio
1149 825 1163 850 ,
1200 793 1256 841 et
1289 784 1335 839 si
1372 794 1517 840 esset
1555 786 1848 854 promptior

242 875 594 942 intellectus,
656 876 968 946 magnitudo
1034 884 1211 931 tamen
1280 876 1459 944 operis
1530 875 1842 944 impediret;

241 983 370 1030 qua:
396 967 439 1021 si
465 967 741 1022 subeunda
769 978 883 1033 est,
922 967 1179 1038 prolixius
1210 968 1375 1021 otium
1405 977 1720 1039 tempusque
1750 967 1845 1020 fla-

244 1058 416 1125 gitat:
447 1056 539 1111 sed
570 1073 711 1113 nunc
752 1057 894 1127 ipsas
932 1074 1109 1113 rerum
1153 1059 1505 1128 proprietates
1532 1068 1800 1129 gestarum
1827 1100 1842 1125 ,

242 1161 369 1215 qua:
392 1149 474 1204 his
499 1149 677 1205 verbis
702 1165 928 1221 quorum
966 1166 997 1205 a
1028 1160 1080 1206 te
1104 1150 1241 1206 facta
1267 1151 1705 1205 commemoratio
1732 1160 1844 1217 est,

245 1241 638 1310 significantur,
662 1243 932 1313 quomodo
954 1243 1304 1314 intelligerem
1332 1258 1491 1298 nosse
1518 1243 1763 1314 dignatus
1789 1258 1848 1297 es

246 1342 305 1388 ct
328 1334 462 1386 meis
488 1333 678 1388 litteris
703 1334 920 1405 aperiri.

249 1424 511 1492 Qc.£srto
537 1442 716 1482 PRllA.
740 1457 813 1470 —-—
834 1429 1030 1498 Spiritu
1054 1428 1148 1483 Dei
1176 1430 1370 1484 diverso
1392 1430 1540 1483 modo
1566 1430 1851 1501 aﬂiciuntur

323 1518 603 1587 prophetis.
630 1520 905 1588 Prop/retia
922 1521 1093 1574 habitu
1110 1533 1370 1593 perpetuo,
1407 1532 1452 1576 et
1471 1521 1657 1589 a/I'ectu
1680 1534 1850 1576 trans-

321 1609 494 1662 itoria.
528 1607 758 1681 Spiritus
791 1610 891 1665 Dei
927 1617 1036 1665 sine
1062 1614 1407 1669 additamenta
1434 1615 1729 1685 intelligitur
1758 1618 1849 1670 bo-

321 1716 440 1752 nus.
475 1701 554 1754 An
584 1702 757 1756 eodem
778 1704 978 1757 nomine
1005 1705 1362 1776 intelligendus
1399 1705 1625 1776 Spiritus
1648 1719 1851 1762 sanctus

321 1788 475 1842 Patri
503 1800 550 1844 et
584 1790 719 1845 Filio
745 1794 1203 1847 consubstantialis.
1230 1796 1453 1865 Spiritus
1488 1796 1583 1850 Dei
1614 1798 1664 1850 in
1695 1798 1853 1852 Sauls

317 1881 484 1927 bonus
513 1885 560 1928 et
594 1874 757 1929 malus
787 1878 1055 1947 quomodo.
1095 1878 1225 1933 Saul
1263 1896 1560 1951 persequens
1604 1880 1851 1937 Davidem

316 1966 508 2031 spiritu
532 1967 825 2035 praphetieo
850 1978 893 2021 et
916 1970 1044 2024 bono
1069 1980 1346 2039 correptus.
1378 1973 1595 2027 Munera
1621 1977 1852 2045 quwdam

318 2055 553 2124 Spiritus
593 2058 754 2110 sancti
790 2059 961 2113 haberi
999 2061 1109 2115 sine
1138 2062 1400 2117 charitate.
1448 2064 1574 2119 Sine
1609 2068 1854 2123 charitate

320 2164 537 2200 munera
561 2149 665 2202 alia
684 2150 910 2221 Spiritus
926 2154 1089 2207 sancti
1102 2155 1230 2208 nihil
1247 2167 1474 2225 prosunt.
1495 2160 1570 2212 An
1588 2162 1852 2230 praphetia

320 2238 569 2293 habeatur
586 2243 696 2294 sine
724 2243 983 2297 charitate.
1013 2244 1290 2301 Utereticos
1317 2259 1362 2302 et
1387 2249 1726 2305 schismaticos
1755 2254 1847 2306 lia-

321 2332 439 2384 bere
457 2334 561 2386 alia
578 2335 713 2387 dona
731 2334 961 2405 Spiritus
983 2340 1146 2392 sancti
1172 2352 1354 2409 praeter
1381 2344 1695 2399 charitatem.
1724 2346 1763 2401 S
1769 2349 1820 2418 pi
1828 2378 1850 2389 -

321 2423 450 2475 ritus
476 2424 641 2478 malus
663 2442 756 2479 cur
782 2428 948 2481 dictus
972 2431 1179 2499 spiritus
1202 2431 1431 2488 Domini.

326 2515 377 2567 1.
398 2515 461 2567 Et
483 2517 708 2584 primum
731 2520 943 2589 quidem
960 2523 1101 2592 quod
1119 2524 1187 2578 de
1203 2526 1378 2595 primo
1390 2527 1695 2599 Regnorum
1718 2533 1853 2588 libro

243 2605 455 2675 jussisti
480 2618 536 2662 ut
558 2624 907 2679 exponerem,
936 2618 1204 2684 quomodo
1232 2618 1431 2675 dictum
1449 2623 1538 2689 sit,
1568 2623 1636 2678 Et
1659 2626 1852 2681 insiluit

247 2701 465 2768 spiritus
511 2703 717 2759 Domini
758 2708 811 2761 in
852 2708 983 2763 Saul
1001 2725 1122 2765 cum
1154 2713 1278 2769 alibi
1325 2716 1502 2783 dicat,
1538 2716 1604 2770 Et
1644 2721 1852 2788 spiritus

251 2789 468 2847 Domini
508 2796 672 2851 malus
716 2799 771 2851 in
813 2800 946 2854 Suul
983 2801 1034 2871 (Ι
1077 2802 1208 2875 Reg.
1254 2822 1376 2874 th,
1417 2809 1538 2881 14).
1585 2812 1659 2866 Ita
1705 2815 1849 2869 enim

249 2885 513 2954 scriptum
534 2898 617 2945 est
647 2908 661 2946 :
690 2890 756 2944 Et
786 2895 978 2963 fartum
1000 2906 1071 2948 est
1097 2914 1212 2951 cum
1249 2914 1551 2959 converteret
1588 2906 1849 2963 humerum

247 2992 427 3040 surint,
452 2990 504 3030 ut
520 2981 612 3034 iret
633 2998 665 3034 a
682 2982 912 3049 Samuel,
937 2991 1176 3042 convertit
1197 2991 1332 3047 Deus
1352 2996 1405 3048 in
1429 2996 1560 3052 Saul
1579 3015 1667 3052 cor
1684 3001 1847 3067 aliud,

244 3073 298 3118 et
327 3080 568 3123 uenerunt
594 3074 766 3127 omnia
801 3077 947 3147 signa
973 3078 1064 3137 illa
1094 3083 1176 3136 die
1205 3102 1224 3139 :
1268 3095 1313 3139 et
1344 3089 1472 3142 venit
1510 3090 1629 3144 inde
1656 3091 1707 3145 in
1744 3094 1852 3147 col-

248 3160 375 3226 lem,
403 3170 450 3213 et
475 3183 585 3221 ecce
606 3168 789 3225 chorus
814 3177 1172 3242 prophetarum
1192 3180 1245 3231 in
1273 3182 1466 3235 obviam
1491 3183 1568 3237 illi
1591 3227 1604 3248 ,
1651 3196 1697 3239 et
1722 3187 1849 3241 insi-

248 3254 348 3308 luit
372 3258 425 3310 in
453 3259 597 3313 illum
625 3264 831 3331 spiritus
856 3267 966 3329 Dei,
995 3281 1041 3323 et
1071 3273 1383 3342 prophetarit
1410 3275 1461 3329 in
1492 3277 1656 3331 medio
1679 3296 1851 3333 eorum

156 3344 171 3363 ’
249 3346 445 3416 (ld.x,
469 3352 520 3415 9,
554 3352 679 3423 10).
713 3355 1195 3416 Ρηιιᾱίκρτειιθιιίιη
1221 3365 1332 3418 lucc
1359 3366 1429 3420 illi
1452 3366 1703 3436 Samuel,
1726 3386 1847 3425 cum

248 3454 377 3492 eum
405 3443 584 3508 jussus
614 3449 871 3502 unxisset.
907 3451 970 3503 Et
999 3451 1099 3506 hoc
1121 3454 1332 3523 quidem
1362 3474 1469 3511 non
1500 3470 1623 3528 puto
1655 3460 1850 3517 habere

246 3533 452 3603 aliquid
478 3541 805 3605 quaestionis.
835 3542 1062 3613 Spiritus
1079 3547 1220 3600 enim
1245 3549 1332 3604 ubi
1354 3552 1466 3604 vult
1488 3553 1649 3621 spirat
1668 3553 1846 3622 (Joan.

250 3640 345 3690 ιιι,
388 3626 498 3698 8):
531 3639 582 3683 et
625 3633 870 3701 Spiritum
912 3638 1209 3706 prophetiae
1254 3642 1517 3697 nullarum
1553 3646 1848 3703 animarum

248 3728 432 3787 potest
458 3722 724 3778 maculare
751 3735 1047 3781 contactus.
1070 3730 1296 3798 Attingit
1328 3734 1469 3787 enim
1503 3735 1695 3805 ubique
1724 3752 1848 3806 pro-

249 3816 374 3876 pter
392 3823 544 3864 suam
576 3814 888 3869 munditiam
912 3815 1067 3889 (Sap.
1091 3836 1184 3885 vn,
1209 3820 1324 3893 24).
1348 3822 1527 3878 Afficit
1546 3836 1721 3881 autem
1744 3844 1849 3883 non

249 3913 443 3955 omnes
471 3902 659 3957 eodem
690 3907 871 3972 modo,
890 3908 983 3963 sed
1011 3911 1145 3965 alios
1171 3928 1264 3981 per
1292 3912 1721 3972 informationem
1743 3920 1851 3990 spi-

252 3990 389 4045 ritus
416 3995 728 4051 eornmdem
760 3997 1032 4055 hominum
1053 4044 1067 4066 ,
1099 4002 1186 4057 ubi
1210 4019 1387 4059 rerum
1418 4006 1853 4066 demonstrantur

252 4084 543 4154 imagines;
574 4088 708 4141 alios
738 4104 831 4158 per
854 4089 1085 4148 fructum
1104 4096 1297 4150 mentis
1324 4097 1388 4151 ad
1414 4100 1846 4171 intelligentiam;

249 4177 387 4230 alios
411 4187 633 4250 utraque
656 4182 1037 4253 inspiratione;
1056 4188 1187 4243 alios
1213 4190 1372 4243 etiam
1398 4193 1716 4249 nescientes.
1743 4195 1850 4252 Sed

252 4283 349 4337 per
388 4270 819 4329 informationem
864 4278 1081 4346 Spiritus
1123 4279 1332 4335 duolms
1375 4284 1589 4340 modis:
1624 4300 1715 4342 aut
1758 4306 1854 4360 per

251 4362 555 4428 somnium,
606 4367 741 4419 sicut
788 4383 891 4422 non
932 4370 1101 4424 solum
1150 4373 1388 4445 plerique
1436 4380 1639 4443 sancti,
1671 4381 1764 4435 sed
1799 4390 1853 4437 et

252 4448 467 4505 Pharao
516 4462 571 4506 et
620 4454 1112 4515 Nabuchodonosor
1165 4477 1257 4516 rex
1309 4465 1439 4519 vidit
1494 4469 1637 4537 quod
1694 4486 1854 4526 nemo

251 4560 440 4598 eorum
481 4546 781 4616 intelligere
818 4551 1049 4621 valebat,
1091 4554 1187 4609 sed
1215 4564 1390 4612 tamen
1418 4559 1601 4615 videre
1632 4572 1854 4633 uterque.

252 4647 502 4706 potuerat
528 4638 681 4710 (Gen.
708 4658 814 4707 xu,
838 4653 882 4696 et
902 4643 1039 4698 Dan.
1066 4647 1207 4716 tt-tv)
1234 4664 1247 4700 :
1280 4661 1370 4701 aut
1398 4666 1491 4719 per
1510 4651 1853 4708 demonstra-

254 4732 453 4786 tionem
484 4732 535 4785 iu
567 4736 781 4797 ccstasi,
811 4737 949 4806 quod
975 4740 1211 4793 nonnulli
1243 4740 1415 4795 Latini
1440 4752 1711 4814 stuporem
1734 4748 1749 4778 ¹
1771 4748 1855 4802 in-

253 4832 651 4889 terpretantur;
696 4827 888 4880 mirum
942 4830 985 4882 si
1019 4831 1262 4899 proprie,
1309 4833 1403 4886 sed
1444 4835 1614 4889 vicine
1654 4846 1852 4906 tamen,

249 4929 375 4967 cum
402 4914 473 4967 sit
501 4918 693 4970 mentis
712 4918 958 4973 alienatio
977 4935 1005 4973 a
1033 4922 1544 4993 sensibuscurporis,
1565 4936 1619 4981 ut
1640 4928 1857 4999 spiritus

252 5007 491 5060 hominis
511 5007 691 5060 divino
717 5006 911 5079 Spiritu
939 5022 1240 5080 assumptus
1266 5014 1537 5083 capiendis
1577 5027 1734 5088 atque
1777 5019 1858 5073 in-

251 5098 470 5152 luendis
514 5098 830 5167 imaginibus
868 5112 1054 5163 vacet;
1096 5104 1231 5158 sicut
1274 5106 1477 5160 Danieli
1515 5109 1856 5165 demonstra-

252 5191 364 5234 tnnt
398 5191 483 5235 est
510 5184 651 5250 quod
683 5198 787 5237 non
818 5185 1162 5256 intelligebat,
1197 5198 1251 5243 et
1276 5190 1429 5245 Petro
1460 5193 1586 5247 illud
1609 5210 1703 5249 vas
1731 5196 1858 5250 sub-

250 5276 478 5327 missum
509 5275 577 5328 de
603 5276 740 5330 caelo
768 5287 995 5345 quatuor
1018 5280 1169 5333 lineis
1191 5283 1211 5312 ²
1230 5282 1365 5349 (Act.
1395 5299 1429 5337 χ
1449 5326 1464 5350 ,
1500 5285 1622 5355 ll):
1657 5302 1775 5341 nam
1803 5298 1858 5343 et

248 5366 369 5433 ipse
400 5367 527 5436 quid
563 5366 651 5421 illa
686 5367 1072 5424 demonstratio
1098 5372 1347 5443 figuraret
1379 5384 1560 5445 postea
1586 5382 1851 5449 cognovit.

247 5456 355 5510 Per
375 5455 610 5512 fructum
637 5469 817 5512 autem
860 5463 1051 5516 mentis
1081 5463 1147 5517 ad
1180 5464 1577 5535 intelligentiam
1606 5486 1711 5524 uno
1737 5487 1855 5527 mo-

245 5550 337 5615 do,
362 5568 487 5606 cum
512 5552 628 5606 hmc
655 5553 765 5623 ipsa
787 5569 905 5624 qua:
921 5555 1357 5614 demonstrantur
1384 5560 1703 5633 imaginibus
1728 5567 1855 5635 quid

245 5644 556 5715 significent
600 5654 655 5699 et
698 5661 804 5716 quo
854 5650 1152 5717 pertineant
1184 5653 1481 5723 reveletur;
1512 5672 1630 5727 qua:
1657 5659 1854 5716 certior

312 5742 325 5769 '
354 5747 476 5789 Octo
497 5745 625 5791 Mss.
648 5749 889 5800 pauorem.

312 5803 333 5833 ι
358 5803 434 5850 Sic
458 5803 622 5863 νηερίι
642 5803 691 5849 ui
712 5808 818 5850 uss.
844 5809 897 5853 Al.
921 5804 1059 5863 editi,
1085 5803 1260 5856 linteis.

304 5865 383 5926 (α)
418 5869 582 5914 Forte.
605 5863 826 5923 ductmn,
856 5864 951 5925 vel,
988 5875 1277 5929 provertum.

1520 392 1523 395 ’
1577 386 1778 444 LIBER
1826 385 2199 444 SECUNDUS.

3440 406 3542 463 150

1950 502 2227 572 prophetia
2256 513 2357 573 est;
2378 523 2498 563 nam
2527 510 2696 584 magis
2720 514 2887 583 ipsam
2925 526 3077 573 vocat
3106 520 3393 590 Apostolus
3418 542 3542 598 pro-

1950 593 2185 663 phetiam
2219 596 2273 667 (l
2300 598 2418 653 Cor.
2442 616 2559 665 xm,
2591 603 2657 676 2)
2695 625 2710 661 :
2736 608 2873 663 sicut
2901 609 3095 682 Joseph
3128 617 3319 671 meruit
3346 593 3563 677 intelli:

1947 702 2091 758 gere,
2120 691 2259 760 quod
2291 692 2499 751 Pharao
2523 712 2627 753 non
2648 701 2749 755 nisi
2770 701 2983 758 videre‘
3004 722 3019 771 ;
3043 716 3095 761 et
3117 708 3294 764 Daniel
3326 714 3544 782 exponit

1949 778 2081 848 regi,
2112 782 2250 850 quod
2274 783 2362 838 ille
2384 787 2555 842 cernit
2579 800 2633 842 et
2657 792 2847 845 nescit.
2876 792 3005 848 Cum
3034 812 3161 851 vero
3187 799 3255 853 ita
3286 778 3436 857 meus
3462 803 3544 859 afo

1951 867 2143 938 ficitur,
2178 882 2233 927 ut
2259 890 2363 930 non
2386 893 2565 933 rerum
2595 881 2854 953 imagines
2884 888 3226 956 eonjecturali
3264 899 3541 952 examina-

1949 964 2092 1019 tione
2116 966 2392 1039 intelligat,
2421 972 2516 1027 sed
2544 990 2631 1028 res
2654 975 2795 1044 ipsas
2821 978 3105 1049 intueatur,
3135 984 3272 1040 sicut
3298 987 3549 1060 intelligi-

1951 1063 2038 1109 tur
2062 1058 2318 1126 sapientia
2357 1070 2407 1115 et
2432 1062 2635 1131 justitia
2682 1070 2960 1140 omnisque
2998 1073 3447 1135 incommutabilis
3472 1058 3546 1137 iet

1949 1142 2124 1199 divina
2165 1150 2393 1217 Species,
2443 1153 2509 1207 ad
2554 1157 2885 1224 prephetiam
2931 1162 2997 1216 de
3028 1180 3126 1232 qua
3166 1184 3304 1222 nunc
3337 1172 3545 1240 agimus

1950 1249 2056 1289 non
2103 1240 2356 1307 pertinet.
2398 1241 2632 1315 Utr0que
2659 1259 2835 1302 autem
2864 1266 3082 1308 munere
3112 1257 3402 1328 prophetiae
3443 1260 3545 1315 doc

1950 1339 2144 1384 nanlur
2168 1330 2221 1384 hi
2245 1333 2334 1401 qui
2361 1342 2414 1388 et
2438 1350 2616 1390 rerum
2644 1338 2898 1408 imagines
2939 1344 2991 1397 in
3017 1347 3205 1414 spiritu
3244 1349 3454 1415 vident,
3488 1359 3543 1407 et

1950 1420 2075 1489 quid
2108 1423 2320 1479 valeant
2357 1427 2514 1481 simul
2561 1430 2875 1501 intelligunt,
2924 1446 3016 1490 aut
3056 1449 3205 1495 certe
3250 1444 3544 1499 manifestis

1950 1510 2306 1571 locationibus
2335 1517 2385 1570 in
2414 1517 2525 1588 ipsa
2546 1520 3003 1582 demonstratione
3031 1529 3404 1600 informantur,
3437 1536 3547 1590 sic-

1954 1612 2010 1657 ut
2060 1604 2114 1659 in
2167 1608 2488 1679 Apocalypsi
2530 1612 2774 1681 quaedam
2819 1629 3175 1687 exponuntur.
3226 1623 3542 1682 Nescientes

1950 1706 2127 1752 autem
2158 1698 2323 1756 afficit
2354 1704 2645 1773 prophetiae
2683 1709 2900 1776 spiritus
2925 1754 2939 1773 ,
2980 1714 3115 1768 sicut
3158 1716 3384 1786 Caiphas
3419 1736 3542 1775 cum

1952 1798 2094 1842 esset
2126 1791 2359 1858 pontifex
2401 1795 2737 1864 prophetarit
2761 1799 2827 1851 dc
2861 1801 3080 1857 Domino
3105 1808 3244 1874 quod
3272 1810 3547 1878 expediret

1954 1892 2114 1933 unum
2134 1882 2265 1935 mori
2285 1899 2380 1951 pro
2404 1894 2509 1939 tota
2536 1900 2694 1957 gente
2719 1889 2892 1960 (Joan.
2920 1909 2993 1957 xi,
3020 1897 3108 1962 49,
3128 1898 3240 1969 50),
3262 1916 3382 1955 cutn
3400 1904 3544 1959 aliud

1952 1969 2004 2024 in
2024 1973 2197 2027 verbis
2208 1990 2325 2044 quae
2341 1975 2549 2033 dicebat
2564 1983 2881 2048 attenderet;
2901 2001 3021 2055 qua:
3038 2003 3139 2042 non
3159 2003 3256 2044 sea
3271 2008 3328 2047 se
3340 1993 3456 2062 ipso
3472 1995 3547 2050 di-

1953 2077 2078 2119 cere
2111 2068 2399 2123 nesciebat.
2428 2070 2713 2128 Abundant
2731 2076 2781 2130 in
2807 2080 3003 2133 sanctis
3024 2080 3193 2136 Libris
3209 2088 3475 2155 exempla;
3492 2098 3547 2143 et

1954 2169 2040 2210 res
2055 2157 2345 2225 prudentize
2363 2170 2465 2216 tum
2478 2165 2781 2221 notissimas
2793 2170 2999 2238 loquor.
3014 2171 3129 2227 Non
3143 2175 3281 2229 enim
3296 2176 3394 2232 ista
3411 2177 3546 2235 dicis

1952 2263 2016 2302 ex
2041 2264 2146 2315 me,
2164 2251 2256 2305 sed
2280 2252 2331 2306 in
2350 2254 2428 2308 eis
2451 2271 2535 2309 me
2555 2262 2916 2325 percontando
2936 2264 3204 2331 probas,et
3222 2282 3546 2338 cognoscere

1952 2340 2174 2407 cupiens
2203 2344 2565 2411 proficientem
2588 2390 2601 2410 ,
2633 2359 2686 2403 et
2710 2352 2981 2421 corrigere
3012 2367 3226 2423 paratus
3250 2370 3543 2418 errantem.

1953 2428 2064 2484 Hoc
2090 2442 2267 2487 autem
2299 2435 2484 2501 verbo,
2513 2439 2653 2507 quod
2686 2441 2911 2508 positum
2939 2454 3041 2509 est,
3065 2444 3133 2498 Et
3152 2446 3346 2503 insiluit
3364 2451 3416 2504 in
3434 2469 3548 2505 eum

1951 2523 2189 2589 spiritus;
2219 2533 2465 2595 tanquam
2495 2544 2557 2583 ex
2589 2530 2770 2585 abdito
2793 2532 3084 2589 divinitatis
3111 2549 3320 2593 secreto
3349 2556 3547 2610 repen-

1954 2612 2095 2666 tinus
2142 2614 2473 2684 significatur
2524 2618 2751 2675 afflatus.
2810 2622 3009 2677 Horum
3058 2626 3218 2695 igitur
3263 2629 3546 2687 modorum

1952 2717 2182 2772 quonam
2211 2707 2384 2774 potius
2412 2707 2659 2764 affectum
2698 2726 2820 2768 esse
2846 2714 3200 2784 intelligamus
3223 2718 3349 2775 Saul
3370 2763 3386 2787 ,
3418 2723 3548 2779 satis

1952 2804 2171 2863 apparet
2197 2812 2257 2851 ex
2288 2812 2353 2852 eo
2380 2800 2521 2869 quod
2552 2802 2619 2855 ibi
2651 2805 2905 2874 scriptum
2927 2814 3029 2872 est,
3056 2806 3311 2864 Convertit
3333 2811 3471 2868 Deus
3494 2816 3548 2869 in

1955 2888 2086 2941 Suul
2114 2905 2201 2942 cor
2228 2891 2391 2944 aliud.
2427 2893 2516 2947 Sic
2545 2897 2687 2949 enim
2718 2897 2875 2950 aliam
2911 2901 3086 2953 cordis
3113 2902 3445 2959 affectionem
3476 2906 3551 2961 si-

1950 2980 2188 3048 gnificat,
2221 2997 2378 3051 quam
2399 2986 2419 3015 ²
2450 2988 2813 3041 converteudo
2841 2988 2965 3043 fecit
2993 2991 3131 3047 Deus
3165 3002 3221 3047 ut
3258 2995 3547 3064 imaginum

1952 3074 2362 3144 significantium
2392 3086 2446 3131 et
2478 3078 2929 3150 prmﬁgurantium
2949 3097 3118 3154 capax
3138 3086 3309 3152 fieret,
3336 3089 3401 3143 ad
3426 3107 3550 3159 pro-

1952 3164 2217 3236 pbeticam
2245 3168 2646 3226 divinationem.

2021 3259 2075 3312 9..
2104 3260 2332 3315 Tantum
2364 3273 2543 3318 autem
2569 3265 2731 3321 distat
2757 3267 2897 3322 inter
2932 3269 3268 3340 prOphetiam
3311 3272 3548 3342 prophe-

1953 3358 2148 3415 tarum,
2182 3353 2317 3406 sicut
2346 3352 2530 3419 Isaias,
2561 3355 2700 3410 sicut
2724 3357 2986 3414 Jeremias
3007 3400 3022 3425 ,
3055 3370 3109 3415 et
3135 3363 3316 3417 caeteri
3357 3363 3573 3433 hujus-

1953 3441 2093 3495 modi
2124 3443 2338 3498 fuerunt
2358 3487 2372 3509 ,
2408 3455 2570 3516 atque
2600 3448 2753 3502 istam
2788 3450 3151 3505 transitoriam
3191 3468 3310 3522 qua:
3338 3453 3392 3508 in
3418 3454 3547 3510 Saul

1950 3535 2230 3601 apparuit,
2264 3545 2518 3604 quantum
2567 3538 2737 3594 distat
2778 3540 2916 3595 inter
2938 3542 3202 3612 loquelam
3230 3545 3555 3613 humanam,-

1950 3640 2070 3679 cum
2112 3627 2398 3697 loquuntur
2432 3630 2693 3695 homines,
2721 3641 2775 3686 et
2812 3648 2934 3688 cum
2960 3635 3149 3690 eadem
3183 3638 3388 3708 loquela
3418 3655 3516 3708 pro
3536 3666 3550 3680 -

1957 3726 2076 3785 pter
2102 3722 2459 3775 necessarium
2494 3725 2789 3795 prodigium
2814 3727 2961 3781 asina
2988 3726 3163 3783 locuta
3208 3739 3311 3793 est,
3359 3731 3410 3785 in
3441 3748 3557 3802 qna'

1954 3809 2176 3863 sedebat
2206 3811 2417 3865 Balaam
2448 3815 2704 3884 propheta
2737 3821 2754 3885 (
2788 3815 2951 3871 Num.
2980 3834 3095 3873 xxtt
3115 3860 3129 3885 ,
3160 3819 3231 3874 28
3254 3820 3295 3891 ).
3327 3823 3555 3894 Accepit

1953 3902 2094 3954 enim
2128 3902 2229 3957 hoc
2258 3904 2323 3956 ad
2365 3915 2573 3974 tempus
2618 3906 2745 3960 illud
2774 3908 3076 3977 iumentum
3098 3953 3113 3977 ,
3143 3922 3199 3965 ut
3233 3913 3368 3967 Deus
3398 3916 3557 3983 quod

1953 4002 2213 4048 statuerat
2242 3995 2656 4061 demonstraret,
2689 4012 2795 4053 non
2823 4008 2880 4054 ut
2911 4000 3092 4055 habitu
3127 4013 3383 4072 perpetuo
3408 4006 3549 4061 inter

1954 4084 2200 4139 homines
2229 4086 2395 4141 bestia
2431 4087 2763 4159 loqueretur.
2783 4092 2887 4145 Aut
2912 4092 2957 4145 si
2984 4092 3084 4147 hoc
3114 4096 3412 4164 exemplum
3435 4113 3549 4152 ma-

1948 4173 2067 4244 jore
2088 4175 2386 4231 differentia
2413 4188 2679 4234 remotum
2710 4190 2820 4245 est;
2848 4183 3015 4238 multo
3049 4185 3223 4240 minus
3245 4188 3545 4244 mirandum

1953 4276 2036 4322 est
2065 4267 2265 4323 homini
2289 4271 2520 4341 reprobo
2543 4272 2721 4327 datam
2754 4273 2918 4329 fuisse
2958 4277 3023 4329 ad
3051 4288 3379 4333 momentum
3409 4291 3549 4335 tem-

1954 4360 2102 4428 poris
2137 4360 2327 4415 affectu
2358 4365 2666 4419 transitorio
2690 4367 3023 4435 prOphetiam
3051 4412 3064 4433 ,
3093 4372 3305 4440 quando
3333 4373 3422 4427 ille
3447 4373 3557 4429 des

1954 4450 2124 4518 derat,
2146 4453 2237 4522 qui
2261 4462 2316 4507 et
2334 4456 2537 4509 asinam
2559 4471 2679 4510 cum
2707 4458 2870 4513 voluit
2891 4459 3031 4530 loqui
3052 4462 3193 4517 fecit.
3222 4464 3383 4533 Magis
3401 4466 3555 4521 enim

1955 4542 2118 4597 distat
2163 4559 2323 4612 pecus
2350 4546 2420 4600 ab
2466 4546 2719 4611 homine,
2771 4565 2932 4619 quam
2982 4551 3145 4607 homo
3176 4557 3432 4624 reprobus
3480 4558 3551 4613 ab

1955 4635 2163 4701 electis,
2195 4636 2286 4691 sed
2320 4647 2494 4693 tamen
2529 4640 2853 4695 nominibus.
2880 4641 2996 4696 Non
3026 4645 3168 4699 enim
3195 4647 3238 4699 si
3266 4648 3547 4717 quisquam

1955 4728 2151 4783 dixerit
2176 4730 2375 4800 aliquid
2404 4733 2546 4801 quod
2575 4734 2641 4787 ad
2672 4735 2988 4802 sapientiam
3014 4739 3262 4807 pertinet,
3294 4742 3555 4796 continuo

1956 4820 2171 4888 sapiens
2207 4822 2595 4878 existimandus
2620 4834 2721 4880 est.
2770 4826 2859 4881 Sic
2886 4844 2984 4883 nec
3010 4830 3288 4899 quisquam
3308 4872 3324 4897 ,
3375 4831 3419 4886 si
3452 4832 3551 4887 ali-

1957 4913 2169 4983 quando
2210 4916 2641 4985 prophetaverit,
2669 4919 2778 4989 jam
2824 4921 2961 4975 inter
2986 4924 3276 4993 praphetas
3302 4940 3551 4979 numera-

1958 5006 2100 5062 bitur
2130 5026 2143 5058 :
2173 5024 2295 5063 cum
2327 5019 2379 5065 et
2411 5011 2668 5067 Dominus
2707 5014 2759 5067 in
2782 5013 3078 5084 Evangelio
3117 5016 3261 5071 dicat
3287 5017 3547 5086 quosdam

1957 5115 2078 5155 cum
2108 5103 2302 5173 gaudio
2328 5104 2548 5159 verbum
2593 5107 2873 5176 excipere,
2915 5117 2967 5162 et
2988 5109 3186 5164 radicis
3213 5110 3561 5167 altitudinem

1959 5207 2064 5247 non
2101 5193 2333 5260 habere,
2374 5196 2470 5251 sed
2515 5211 2636 5251 esse
2682 5197 3000 5266 temporales
3035 5198 3261 5269 (Matth.
3295 5217 3428 5267 xm,
3456 5203 3549 5267 20,

1956 5283 2077 5345 21).
2115 5284 2343 5354 Ideoque
2386 5288 2521 5342 sicut
2550 5303 2884 5355 consequens
2919 5290 3118 5346 indicat
3148 5293 3322 5357 lectio,
3356 5295 3549 5352 factum

1957 5386 2039 5431 est
2065 5378 2115 5430 in
2146 5379 2473 5446 parabolam,
2494 5380 2557 5435 Si
2580 5389 2626 5433 et
2654 5379 2784 5434 Saul
2805 5381 2936 5435 inter
2956 5385 3226 5455 praplietas
3240 5385 3261 5417 ³
3286 5384 3329 5456 (1
3350 5384 3549 5457 Reg.x,

1960 5467 2094 5541 l2)?
2150 5470 2260 5524 Hoc
2292 5471 2454 5539 igitur
2479 5471 2658 5527 mirari
2700 5473 3005 5531 desinamus
3028 5519 3042 5541 ,
3083 5494 3202 5532 cum
3235 5479 3284 5532 in
3319 5478 3550 5533 homini-

1958 5559 2058 5614 bus
2095 5570 2315 5633 apparet
2350 5563 2604 5618 divinitus
2644 5566 2864 5636 aliquid,
2908 5584 3133 5638 quorum
3177 5572 3258 5625 vel
3300 5572 3551 5626 meritum

2021 5698 2036 5728 ¹
2064 5703 2203 5755 Lov.,
2247 5704 2373 5762 quod
2402 5696 2612 5765 _leruo
2657 5714 2772 5765 non,
2796 5703 2946 5765 potuit
2991 5703 3086 5755 nisi
3119 5704 3298 5755 videre.
3338 5714 3393 5757 At
3428 5707 3550 5758 editi

1954 5756 2036 5829 alii
2064 5756 2362 5829 _et_ttss.'nou
2402 5761 2609 5829 habent,
2644 5756 2832 5828 potuit;
2864 5767 2977 5829 quia
3008 5768 3319 5827 subauditur,
3353 5756 3550 5821 meruit;

2018 5822 2039 5885 ξ
2064 5820 2198 5875 Μὶυ,
2217 5835 2347 5882 quia.
2374 5825 2516 5884 Cujus
2540 5820 2793 5882 loco'Mss.,
2818 5820 2983 5885 quam.

2023 5882 2043 5913 ³
2077 5889 2140 5931 tta
2165 5889 2272 5933 uss.
2298 5893 2351 5935 At
2373 5882 2509 5943 editi,
2535 5887 2604 5937 sic
2628 5894 2673 5938 et
2697 5887 2807 5938 soul
2829 5882 2955 5937 inter
2966 5889 3226 5947 prophetas
3247 5888 3271 5939 ?
