  <div class='ocr_page' id='page_1' title='image "/cluster/home/n/w/nwhite01/storage/ocr_20150623/40-41/uc1.31175026811482/073.png"; bbox 0 0 4136 6510; ppageno 0'>
   <div class='ocr_carea' id='block_1_1' title="bbox 603 368 698 426">
    <p class='ocr_par' dir='ltr' id='par_1_1' title="bbox 603 368 698 426">
     <span class='ocr_line' id='line_1_1' title="bbox 603 368 698 426; baseline 0.021 -3"><span class='ocrx_word' id='word_1_1' title='bbox 603 368 698 426; x_wconf 70' lang='lat' dir='ltr'><strong>I5!</strong></span> 
     </span>
    </p>
   </div>
   <div class='ocr_carea' id='block_1_2' title="bbox 599 470 2188 544">
    <p class='ocr_par' dir='ltr' id='par_1_2' title="bbox 599 470 2188 544">
     <span class='ocr_line' id='line_1_2' title="bbox 599 470 2188 544; baseline -0.008 -8"><span class='ocrx_word' id='word_1_2' title='bbox 599 484 684 540; x_wconf 88' lang='lat' dir='ltr'><strong>vel</strong></span> <span class='ocrx_word' id='word_1_3' title='bbox 724 482 956 538; x_wconf 88' lang='lat' dir='ltr'><strong>habitum</strong></span> <span class='ocrx_word' id='word_1_4' title='bbox 996 477 1236 544; x_wconf 76' lang='lat' dir='ltr'><strong>excedit,</strong></span> <span class='ocrx_word' id='word_1_5' title='bbox 1278 493 1399 532; x_wconf 89' lang='lat' dir='ltr'><strong>cum</strong></span> <span class='ocrx_word' id='word_1_6' title='bbox 1440 477 1578 531; x_wconf 81' lang='lat' dir='ltr'><strong>forte</strong></span> <span class='ocrx_word' id='word_1_7' title='bbox 1604 475 1716 528; x_wconf 91' lang='lat' dir='ltr'><strong>vult</strong></span> <span class='ocrx_word' id='word_1_8' title='bbox 1745 474 1885 527; x_wconf 87' lang='lat' dir='ltr'><strong>Deus</strong></span> <span class='ocrx_word' id='word_1_9' title='bbox 1914 470 2188 541; x_wconf 84' lang='lat' dir='ltr'><strong>cujusdam</strong></span> 
     </span>
    </p>
   </div>
   <div class='ocr_carea' id='block_1_3' title="bbox 597 564 1947 647">
    <p class='ocr_par' dir='ltr' id='par_1_3' title="bbox 597 564 1947 647">
     <span class='ocr_line' id='line_1_3' title="bbox 597 564 1947 647; baseline -0.01 -16"><span class='ocrx_word' id='word_1_10' title='bbox 597 572 996 647; x_wconf 81' lang='lat' dir='ltr'><strong>signiﬁcationis</strong></span> <span class='ocrx_word' id='word_1_11' title='bbox 1019 571 1184 642; x_wconf 86' lang='lat' dir='ltr'><strong>gratia</strong></span> <span class='ocrx_word' id='word_1_12' title='bbox 1213 570 1317 625; x_wconf 82' lang='lat' dir='ltr'><strong>tale</strong></span> <span class='ocrx_word' id='word_1_13' title='bbox 1346 567 1546 639; x_wconf 89' lang='lat' dir='ltr'><strong>aliquid</strong></span> <span class='ocrx_word' id='word_1_14' title='bbox 1571 564 1947 622; x_wconf 87' lang='lat' dir='ltr'><strong>demonstrari.</strong></span> 
     </span>
    </p>
   </div>
   <div class='ocr_carea' id='block_1_4' title="bbox 666 652 2185 730">
    <p class='ocr_par' dir='ltr' id='par_1_4' title="bbox 666 652 2185 730">
     <span class='ocr_line' id='line_1_4' title="bbox 666 652 2185 730; baseline -0.011 -8"><span class='ocrx_word' id='word_1_15' title='bbox 666 669 721 723; x_wconf 75' lang='lat'><strong>3.</strong></span> <span class='ocrx_word' id='word_1_16' title='bbox 770 665 823 721; x_wconf 91' lang='lat' dir='ltr'><strong>Si</strong></span> <span class='ocrx_word' id='word_1_17' title='bbox 871 674 1047 719; x_wconf 90' lang='lat' dir='ltr'><strong>autem</strong></span> <span class='ocrx_word' id='word_1_18' title='bbox 1090 662 1194 717; x_wconf 90' lang='lat' dir='ltr'><strong>hoc</strong></span> <span class='ocrx_word' id='word_1_19' title='bbox 1237 670 1448 727; x_wconf 92' lang='lat' dir='ltr'><strong>movet,</strong></span> <span class='ocrx_word' id='word_1_20' title='bbox 1475 658 1615 730; x_wconf 90' lang='lat' dir='ltr'><strong>quod</strong></span> <span class='ocrx_word' id='word_1_21' title='bbox 1652 666 1836 727; x_wconf 87' lang='lat' dir='ltr'><strong>postea</strong></span> <span class='ocrx_word' id='word_1_22' title='bbox 1874 655 2001 709; x_wconf 88' lang='lat' dir='ltr'><strong>Saul</strong></span> <span class='ocrx_word' id='word_1_23' title='bbox 2043 652 2185 708; x_wconf 91' lang='lat' dir='ltr'><strong>malo</strong></span> 
     </span>
    </p>
   </div>
   <div class='ocr_carea' id='block_1_5' title="bbox 594 745 2183 828">
    <p class='ocr_par' dir='ltr' id='par_1_5' title="bbox 594 745 2183 828">
     <span class='ocr_line' id='line_1_5' title="bbox 594 745 2183 828; baseline -0.008 -14"><span class='ocrx_word' id='word_1_24' title='bbox 594 760 779 828; x_wconf 88' lang='lat' dir='ltr'><strong>spiritu</strong></span> <span class='ocrx_word' id='word_1_25' title='bbox 810 757 1090 813; x_wconf 88' lang='lat' dir='ltr'><strong>invadente</strong></span> <span class='ocrx_word' id='word_1_26' title='bbox 1117 756 1501 826; x_wconf 61' lang='lat' dir='ltr'><strong>praeiocabatur</strong></span> <span class='ocrx_word' id='word_1_27' title='bbox 1520 795 1536 819; x_wconf 94' lang='lat'><strong>,</strong></span> <span class='ocrx_word' id='word_1_28' title='bbox 1576 752 1665 823; x_wconf 86' lang='lat' dir='ltr'><strong>qui</strong></span> <span class='ocrx_word' id='word_1_29' title='bbox 1721 751 1866 821; x_wconf 89' lang='lat' dir='ltr'><strong>prius</strong></span> <span class='ocrx_word' id='word_1_30' title='bbox 1892 745 2183 819; x_wconf 60' lang='lat' dir='ltr'><strong>prophetia;</strong></span> 
     </span>
    </p>
   </div>
   <div class='ocr_carea' id='block_1_6' title="bbox 593 836 2181 918">
    <p class='ocr_par' dir='ltr' id='par_1_6' title="bbox 593 836 2181 918">
     <span class='ocr_line' id='line_1_6' title="bbox 593 836 2181 918; baseline -0.008 -16"><span class='ocrx_word' id='word_1_31' title='bbox 593 848 835 918; x_wconf 73' lang='lat' dir='ltr'><strong>spiritum</strong></span> <span class='ocrx_word' id='word_1_32' title='bbox 877 856 1190 916; x_wconf 87' lang='lat' dir='ltr'><strong>acceperat;</strong></span> <span class='ocrx_word' id='word_1_33' title='bbox 1241 858 1413 914; x_wconf 87' lang='lat' dir='ltr'><strong>neque</strong></span> <span class='ocrx_word' id='word_1_34' title='bbox 1443 844 1543 897; x_wconf 91' lang='lat' dir='ltr'><strong>hoc</strong></span> <span class='ocrx_word' id='word_1_35' title='bbox 1569 840 1869 895; x_wconf 88' lang='lat' dir='ltr'><strong>mirandum</strong></span> <span class='ocrx_word' id='word_1_36' title='bbox 1917 847 2020 893; x_wconf 90' lang='lat' dir='ltr'><strong>est.</strong></span> <span class='ocrx_word' id='word_1_37' title='bbox 2052 836 2181 890; x_wconf 91' lang='lat' dir='ltr'><strong>lllud</strong></span> 
     </span>
    </p>
   </div>
   <div class='ocr_carea' id='block_1_7' title="bbox 592 925 2180 1003">
    <p class='ocr_par' dir='ltr' id='par_1_7' title="bbox 592 925 2180 1003">
     <span class='ocr_line' id='line_1_7' title="bbox 592 925 2180 1003; baseline -0.009 -10"><span class='ocrx_word' id='word_1_38' title='bbox 592 939 735 993; x_wconf 90' lang='lat' dir='ltr'><strong>enim</strong></span> <span class='ocrx_word' id='word_1_39' title='bbox 763 938 958 992; x_wconf 79' lang='lat' dir='ltr'><strong>factum</strong></span> <span class='ocrx_word' id='word_1_40' title='bbox 984 949 1069 990; x_wconf 88' lang='lat' dir='ltr'><strong>est</strong></span> <span class='ocrx_word' id='word_1_41' title='bbox 1092 952 1156 990; x_wconf 77' lang='lat' dir='ltr'><strong>ex</strong></span> <span class='ocrx_word' id='word_1_42' title='bbox 1182 934 1577 1003; x_wconf 84' lang='lat' dir='ltr'><strong>diSpensatione</strong></span> <span class='ocrx_word' id='word_1_43' title='bbox 1596 930 1790 999; x_wconf 91' lang='lat' dir='ltr'><strong>aliquid</strong></span> <span class='ocrx_word' id='word_1_44' title='bbox 1819 925 2148 997; x_wconf 82' lang='lat' dir='ltr'><strong>signiﬁcandi</strong></span> <span class='ocrx_word' id='word_1_45' title='bbox 2166 967 2180 990; x_wconf 96' lang='lat'><strong>,</strong></span> 
     </span>
    </p>
   </div>
   <div class='ocr_carea' id='block_1_8' title="bbox 594 1019 2182 1086">
    <p class='ocr_par' dir='ltr' id='par_1_8' title="bbox 594 1019 2182 1086">
     <span class='ocr_line' id='line_1_8' title="bbox 594 1019 2182 1086; baseline -0.009 0"><span class='ocrx_word' id='word_1_46' title='bbox 594 1030 697 1086; x_wconf 88' lang='lat' dir='ltr'><strong>hoc</strong></span> <span class='ocrx_word' id='word_1_47' title='bbox 738 1047 805 1085; x_wconf 79' lang='lat' dir='ltr'><strong>ex</strong></span> <span class='ocrx_word' id='word_1_48' title='bbox 856 1028 1047 1084; x_wconf 90' lang='lat' dir='ltr'><strong>merito</strong></span> <span class='ocrx_word' id='word_1_49' title='bbox 1086 1026 1407 1081; x_wconf 84' lang='lat' dir='ltr'><strong>vindicandi.</strong></span> <span class='ocrx_word' id='word_1_50' title='bbox 1446 1024 1555 1079; x_wconf 86' lang='lat' dir='ltr'><strong>Nec</strong></span> <span class='ocrx_word' id='word_1_51' title='bbox 1583 1036 1797 1076; x_wconf 88' lang='lat' dir='ltr'><strong>movere</strong></span> <span class='ocrx_word' id='word_1_52' title='bbox 1849 1036 1944 1073; x_wconf 90' lang='lat' dir='ltr'><strong>nos</strong></span> <span class='ocrx_word' id='word_1_53' title='bbox 1987 1019 2182 1072; x_wconf 90' lang='lat' dir='ltr'><strong>debent</strong></span> 
     </span>
    </p>
   </div>
   <div class='ocr_carea' id='block_1_9' title="bbox 594 1111 2181 1179">
    <p class='ocr_par' dir='ltr' id='par_1_9' title="bbox 594 1111 2181 1179">
     <span class='ocr_line' id='line_1_9' title="bbox 594 1111 2181 1179; baseline -0.009 -3"><span class='ocrx_word' id='word_1_54' title='bbox 594 1123 709 1178; x_wconf 55' lang='lat' dir='ltr'><strong>haec</strong></span> <span class='ocrx_word' id='word_1_55' title='bbox 752 1121 1067 1177; x_wconf 86' lang='lat' dir='ltr'><strong>alternantia</strong></span> <span class='ocrx_word' id='word_1_56' title='bbox 1098 1120 1148 1172; x_wconf 93' lang='lat' dir='ltr'><strong>in</strong></span> <span class='ocrx_word' id='word_1_57' title='bbox 1173 1119 1352 1171; x_wconf 90' lang='lat' dir='ltr'><strong>animo</strong></span> <span class='ocrx_word' id='word_1_58' title='bbox 1398 1118 1661 1179; x_wconf 90' lang='lat' dir='ltr'><strong>humano,</strong></span> <span class='ocrx_word' id='word_1_59' title='bbox 1693 1113 1794 1167; x_wconf 90' lang='lat' dir='ltr'><strong>hoc</strong></span> <span class='ocrx_word' id='word_1_60' title='bbox 1831 1120 1914 1167; x_wconf 90' lang='lat' dir='ltr'><strong>est</strong></span> <span class='ocrx_word' id='word_1_61' title='bbox 1956 1111 2007 1164; x_wconf 92' lang='lat' dir='ltr'><strong>in</strong></span> <span class='ocrx_word' id='word_1_62' title='bbox 2032 1124 2181 1164; x_wconf 86' lang='lat' dir='ltr'><strong>crea-</strong></span> 
     </span>
    </p>
   </div>
   <div class='ocr_carea' id='block_1_10' title="bbox 595 1210 2182 1281">
    <p class='ocr_par' dir='ltr' id='par_1_10' title="bbox 595 1210 2182 1281">
     <span class='ocr_line' id='line_1_10' title="bbox 595 1210 2182 1281; baseline -0.006 -15"><span class='ocrx_word' id='word_1_63' title='bbox 595 1225 711 1268; x_wconf 90' lang='lat' dir='ltr'><strong>tura</strong></span> <span class='ocrx_word' id='word_1_64' title='bbox 744 1213 1015 1277; x_wconf 90' lang='lat' dir='ltr'><strong>mutabili;</strong></span> <span class='ocrx_word' id='word_1_65' title='bbox 1048 1210 1341 1281; x_wconf 69' lang='lat' dir='ltr'><strong>prrcsertim</strong></span> <span class='ocrx_word' id='word_1_66' title='bbox 1381 1224 1446 1263; x_wconf 90' lang='lat' dir='ltr'><strong>eo</strong></span> <span class='ocrx_word' id='word_1_67' title='bbox 1474 1218 1715 1276; x_wconf 88' lang='lat' dir='ltr'><strong>tempore</strong></span> <span class='ocrx_word' id='word_1_68' title='bbox 1743 1221 1849 1275; x_wconf 92' lang='lat' dir='ltr'><strong>quo</strong></span> <span class='ocrx_word' id='word_1_69' title='bbox 1899 1220 2024 1259; x_wconf 84' lang='lat' dir='ltr'><strong>caro</strong></span> <span class='ocrx_word' id='word_1_70' title='bbox 2063 1218 2182 1257; x_wconf 86' lang='lat' dir='ltr'><strong>cor-</strong></span> 
     </span>
    </p>
   </div>
   <div class='ocr_carea' id='block_1_11' title="bbox 592 1296 2179 1376">
    <p class='ocr_par' dir='ltr' id='par_1_11' title="bbox 592 1296 2179 1376">
     <span class='ocr_line' id='line_1_11' title="bbox 592 1296 2179 1376; baseline -0.006 -16"><span class='ocrx_word' id='word_1_71' title='bbox 592 1307 858 1376; x_wconf 90' lang='lat' dir='ltr'><strong>ruptibilis</strong></span> <span class='ocrx_word' id='word_1_72' title='bbox 906 1305 1249 1374; x_wconf 73' lang='lat' dir='ltr'><strong>mortalisque</strong></span> <span class='ocrx_word' id='word_1_73' title='bbox 1299 1312 1558 1372; x_wconf 82' lang='lat' dir='ltr'><strong>portatur.</strong></span> <span class='ocrx_word' id='word_1_74' title='bbox 1593 1303 1673 1353; x_wconf 87' lang='lat' dir='ltr'><strong>An</strong></span> <span class='ocrx_word' id='word_1_75' title='bbox 1713 1314 1821 1353; x_wconf 91' lang='lat' dir='ltr'><strong>non</strong></span> <span class='ocrx_word' id='word_1_76' title='bbox 1859 1298 2098 1351; x_wconf 88' lang='lat' dir='ltr'><strong>videmus</strong></span> <span class='ocrx_word' id='word_1_77' title='bbox 2125 1296 2179 1351; x_wconf 92' lang='lat' dir='ltr'><strong>in</strong></span> 
     </span>
    </p>
   </div>
   <div class='ocr_carea' id='block_1_12' title="bbox 594 1387 2179 1466">
    <p class='ocr_par' dir='ltr' id='par_1_12' title="bbox 594 1387 2179 1466">
     <span class='ocr_line' id='line_1_12' title="bbox 594 1387 2179 1466; baseline -0.007 -15"><span class='ocrx_word' id='word_1_78' title='bbox 594 1397 711 1466; x_wconf 90' lang='lat' dir='ltr'><strong>ipso</strong></span> <span class='ocrx_word' id='word_1_79' title='bbox 756 1396 913 1450; x_wconf 89' lang='lat' dir='ltr'><strong>Petro</strong></span> <span class='ocrx_word' id='word_1_80' title='bbox 934 1436 947 1459; x_wconf 96' lang='lat'><strong>,</strong></span> <span class='ocrx_word' id='word_1_81' title='bbox 980 1404 1235 1465; x_wconf 87' lang='lat' dir='ltr'><strong>quantum</strong></span> <span class='ocrx_word' id='word_1_82' title='bbox 1268 1392 1461 1446; x_wconf 78' lang='lat' dir='ltr'><strong>indicat</strong></span> <span class='ocrx_word' id='word_1_83' title='bbox 1506 1389 1880 1459; x_wconf 88' lang='lat' dir='ltr'><strong>Evangelium,</strong></span> <span class='ocrx_word' id='word_1_84' title='bbox 1914 1387 2179 1442; x_wconf 85' lang='lat' dir='ltr'><strong>exstitisse</strong></span> 
     </span>
    </p>
   </div>
   <div class='ocr_carea' id='block_1_13' title="bbox 591 1478 2195 1547">
    <p class='ocr_par' dir='ltr' id='par_1_13' title="bbox 591 1478 2195 1547">
     <span class='ocr_line' id='line_1_13' title="bbox 591 1478 2195 1547; baseline -0.005 -7"><span class='ocrx_word' id='word_1_85' title='bbox 591 1492 793 1540; x_wconf 84' lang='lat' dir='ltr'><strong>tantam</strong></span> <span class='ocrx_word' id='word_1_86' title='bbox 833 1484 1221 1539; x_wconf 85' lang='lat' dir='ltr'><strong>confessionem</strong></span> <span class='ocrx_word' id='word_1_87' title='bbox 1242 1525 1255 1547; x_wconf 92' lang='lat'><strong>,</strong></span> <span class='ocrx_word' id='word_1_88' title='bbox 1298 1493 1355 1538; x_wconf 94' lang='lat' dir='ltr'><strong>ut</strong></span> <span class='ocrx_word' id='word_1_89' title='bbox 1381 1482 1564 1535; x_wconf 88' lang='lat' dir='ltr'><strong>audire</strong></span> <span class='ocrx_word' id='word_1_90' title='bbox 1603 1480 1888 1544; x_wconf 89' lang='lat' dir='ltr'><strong>meruerit,</strong></span> <span class='ocrx_word' id='word_1_91' title='bbox 1917 1478 2102 1532; x_wconf 88' lang='lat' dir='ltr'><strong>Beatus</strong></span> <span class='ocrx_word' id='word_1_92' title='bbox 2124 1494 2195 1544; x_wconf 86' lang='lat' dir='ltr'><strong>es,</strong></span> 
     </span>
    </p>
   </div>
   <div class='ocr_carea' id='block_1_14' title="bbox 592 1570 2177 1643">
    <p class='ocr_par' dir='ltr' id='par_1_14' title="bbox 592 1570 2177 1643">
     <span class='ocr_line' id='line_1_14' title="bbox 592 1570 2177 1643; baseline -0.006 -13"><span class='ocrx_word' id='word_1_93' title='bbox 592 1576 776 1631; x_wconf 89' lang='lat' dir='ltr'><strong>Simon</strong></span> <span class='ocrx_word' id='word_1_94' title='bbox 813 1575 918 1629; x_wconf 87' lang='lat' dir='ltr'><strong>Bar</strong></span> <span class='ocrx_word' id='word_1_95' title='bbox 952 1574 1123 1642; x_wconf 74' lang='lat' dir='ltr'><strong>Iona,</strong></span> <span class='ocrx_word' id='word_1_96' title='bbox 1156 1576 1273 1643; x_wconf 89' lang='lat' dir='ltr'><strong>quia</strong></span> <span class='ocrx_word' id='word_1_97' title='bbox 1302 1590 1403 1626; x_wconf 88' lang='lat' dir='ltr'><strong>non</strong></span> <span class='ocrx_word' id='word_1_98' title='bbox 1430 1571 1662 1627; x_wconf 85' lang='lat' dir='ltr'><strong>revelavit</strong></span> <span class='ocrx_word' id='word_1_99' title='bbox 1702 1570 1790 1623; x_wconf 91' lang='lat' dir='ltr'><strong>tibi</strong></span> <span class='ocrx_word' id='word_1_100' title='bbox 1829 1586 1948 1623; x_wconf 77' lang='lat' dir='ltr'><strong>caro</strong></span> <span class='ocrx_word' id='word_1_101' title='bbox 1976 1579 2023 1621; x_wconf 89' lang='lat' dir='ltr'><strong>et</strong></span> <span class='ocrx_word' id='word_1_102' title='bbox 2053 1585 2177 1621; x_wconf 88' lang='lat' dir='ltr'><strong>san-</strong></span> 
     </span>
    </p>
   </div>
   <div class='ocr_carea' id='block_1_15' title="bbox 589 1661 2179 1738">
    <p class='ocr_par' dir='ltr' id='par_1_15' title="bbox 589 1661 2179 1738">
     <span class='ocr_line' id='line_1_15' title="bbox 589 1661 2179 1738; baseline -0.004 -19"><span class='ocrx_word' id='word_1_103' title='bbox 589 1668 704 1738; x_wconf 84' lang='lat' dir='ltr'><strong>guis</strong></span> <span class='ocrx_word' id='word_1_104' title='bbox 724 1708 740 1732; x_wconf 91' lang='lat'><strong>,</strong></span> <span class='ocrx_word' id='word_1_105' title='bbox 768 1667 856 1721; x_wconf 89' lang='lat' dir='ltr'><strong>sed</strong></span> <span class='ocrx_word' id='word_1_106' title='bbox 899 1665 1055 1720; x_wconf 88' lang='lat' dir='ltr'><strong>Pater</strong></span> <span class='ocrx_word' id='word_1_107' title='bbox 1083 1682 1224 1719; x_wconf 86' lang='lat' dir='ltr'><strong>meus</strong></span> <span class='ocrx_word' id='word_1_108' title='bbox 1266 1665 1353 1733; x_wconf 87' lang='lat' dir='ltr'><strong>qui</strong></span> <span class='ocrx_word' id='word_1_109' title='bbox 1395 1664 1447 1717; x_wconf 87' lang='lat' dir='ltr'><strong>in</strong></span> <span class='ocrx_word' id='word_1_110' title='bbox 1485 1663 1621 1717; x_wconf 72' lang='lat' dir='ltr'><strong>cmlis</strong></span> <span class='ocrx_word' id='word_1_111' title='bbox 1646 1672 1760 1715; x_wconf 86' lang='lat' dir='ltr'><strong>est:</strong></span> <span class='ocrx_word' id='word_1_112' title='bbox 1788 1670 1841 1716; x_wconf 90' lang='lat' dir='ltr'><strong>et</strong></span> <span class='ocrx_word' id='word_1_113' title='bbox 1879 1661 2035 1730; x_wconf 87' lang='lat' dir='ltr'><strong>paulo</strong></span> <span class='ocrx_word' id='word_1_114' title='bbox 2060 1669 2179 1729; x_wconf 89' lang='lat' dir='ltr'><strong>post</strong></span> 
     </span>
    </p>
   </div>
   <div class='ocr_carea' id='block_1_16' title="bbox 591 1752 2177 1822">
    <p class='ocr_par' dir='ltr' id='par_1_16' title="bbox 591 1752 2177 1822">
     <span class='ocr_line' id='line_1_16' title="bbox 591 1752 2177 1822; baseline -0.006 -10"><span class='ocrx_word' id='word_1_115' title='bbox 591 1767 699 1813; x_wconf 88' lang='lat' dir='ltr'><strong>tam</strong></span> <span class='ocrx_word' id='word_1_116' title='bbox 719 1758 1002 1813; x_wconf 83' lang='lat' dir='ltr'><strong>carnaliter</strong></span> <span class='ocrx_word' id='word_1_117' title='bbox 1030 1772 1151 1811; x_wconf 90' lang='lat' dir='ltr'><strong>eum</strong></span> <span class='ocrx_word' id='word_1_118' title='bbox 1200 1754 1269 1810; x_wconf 91' lang='lat' dir='ltr'><strong>de</strong></span> <span class='ocrx_word' id='word_1_119' title='bbox 1299 1754 1507 1809; x_wconf 89' lang='lat' dir='ltr'><strong>Domini</strong></span> <span class='ocrx_word' id='word_1_120' title='bbox 1555 1753 1800 1822; x_wconf 83' lang='lat' dir='ltr'><strong>passione</strong></span> <span class='ocrx_word' id='word_1_121' title='bbox 1829 1752 2061 1805; x_wconf 80' lang='lat' dir='ltr'><strong>sensisse</strong></span> <span class='ocrx_word' id='word_1_122' title='bbox 2081 1791 2097 1816; x_wconf 94' lang='lat'><strong>,</strong></span> <span class='ocrx_word' id='word_1_123' title='bbox 2120 1759 2177 1803; x_wconf 93' lang='lat' dir='ltr'><strong>ut</strong></span> 
     </span>
    </p>
   </div>
   <div class='ocr_carea' id='block_1_17' title="bbox 589 1841 2176 1918">
    <p class='ocr_par' dir='ltr' id='par_1_17' title="bbox 589 1841 2176 1918">
     <span class='ocr_line' id='line_1_17' title="bbox 589 1841 2176 1918; baseline -0.008 -11"><span class='ocrx_word' id='word_1_124' title='bbox 589 1852 768 1907; x_wconf 81' lang='lat' dir='ltr'><strong>statim</strong></span> <span class='ocrx_word' id='word_1_125' title='bbox 815 1850 1077 1915; x_wconf 89' lang='lat' dir='ltr'><strong>audierit,</strong></span> <span class='ocrx_word' id='word_1_126' title='bbox 1117 1848 1257 1903; x_wconf 83' lang='lat' dir='ltr'><strong>Vade</strong></span> <span class='ocrx_word' id='word_1_127' title='bbox 1299 1855 1408 1918; x_wconf 89' lang='lat' dir='ltr'><strong>post</strong></span> <span class='ocrx_word' id='word_1_128' title='bbox 1456 1862 1567 1909; x_wconf 89' lang='lat' dir='ltr'><strong>me,</strong></span> <span class='ocrx_word' id='word_1_129' title='bbox 1606 1845 1839 1907; x_wconf 89' lang='lat' dir='ltr'><strong>Satana,</strong></span> <span class='ocrx_word' id='word_1_130' title='bbox 1880 1841 2176 1897; x_wconf 84' lang='lat' dir='ltr'><strong>scandalum</strong></span> 
     </span>
    </p>
   </div>
   <div class='ocr_carea' id='block_1_18' title="bbox 589 1934 2178 2011">
    <p class='ocr_par' dir='ltr' id='par_1_18' title="bbox 589 1934 2178 2011">
     <span class='ocr_line' id='line_1_18' title="bbox 589 1934 2178 2011; baseline -0.007 -14"><span class='ocrx_word' id='word_1_131' title='bbox 589 1944 714 1997; x_wconf 80' lang='lat' dir='ltr'><strong>mihi</strong></span> <span class='ocrx_word' id='word_1_132' title='bbox 737 1960 821 2008; x_wconf 84' lang='lat' dir='ltr'><strong>es;</strong></span> <span class='ocrx_word' id='word_1_133' title='bbox 848 1959 949 1997; x_wconf 88' lang='lat' dir='ltr'><strong>non</strong></span> <span class='ocrx_word' id='word_1_134' title='bbox 978 1943 1110 1998; x_wconf 85' lang='lat' dir='ltr'><strong>enim</strong></span> <span class='ocrx_word' id='word_1_135' title='bbox 1133 1943 1271 2011; x_wconf 91' lang='lat' dir='ltr'><strong>sapis</strong></span> <span class='ocrx_word' id='word_1_136' title='bbox 1291 1955 1404 2011; x_wconf 67' lang='lat' dir='ltr'><strong>qua</strong></span> <span class='ocrx_word' id='word_1_137' title='bbox 1440 1938 1534 1992; x_wconf 90' lang='lat' dir='ltr'><strong>Dei</strong></span> <span class='ocrx_word' id='word_1_138' title='bbox 1570 1947 1690 1992; x_wconf 88' lang='lat' dir='ltr'><strong>sunt</strong></span> <span class='ocrx_word' id='word_1_139' title='bbox 1708 1978 1724 2003; x_wconf 96' lang='lat'><strong>,</strong></span> <span class='ocrx_word' id='word_1_140' title='bbox 1754 1936 1841 1990; x_wconf 92' lang='lat' dir='ltr'><strong>sed</strong></span> <span class='ocrx_word' id='word_1_141' title='bbox 1879 1951 1992 2006; x_wconf 81' lang='lat' dir='ltr'><strong>qua:</strong></span> <span class='ocrx_word' id='word_1_142' title='bbox 2015 1934 2178 1987; x_wconf 86' lang='lat' dir='ltr'><strong>homi-</strong></span> 
     </span>
    </p>
   </div>
   <div class='ocr_carea' id='block_1_19' title="bbox 590 2027 2177 2105">
    <p class='ocr_par' dir='ltr' id='par_1_19' title="bbox 590 2027 2177 2105">
     <span class='ocr_line' id='line_1_19' title="bbox 590 2027 2177 2105; baseline -0.008 -15"><span class='ocrx_word' id='word_1_143' title='bbox 590 2053 711 2090; x_wconf 97' lang='lat' dir='ltr'><strong>num</strong></span> <span class='ocrx_word' id='word_1_144' title='bbox 738 2034 954 2105; x_wconf 79' lang='lat' dir='ltr'><strong>(Matth.</strong></span> <span class='ocrx_word' id='word_1_145' title='bbox 983 2049 1068 2089; x_wconf 74' lang='grc' dir='ltr'>ινι</span> <span class='ocrx_word' id='word_1_146' title='bbox 1088 2075 1102 2099; x_wconf 85' lang='grc'><em>,</em></span> <span class='ocrx_word' id='word_1_147' title='bbox 1133 2034 1196 2088; x_wconf 81' lang='lat' dir='ltr'><strong>l7</strong></span> <span class='ocrx_word' id='word_1_148' title='bbox 1215 2074 1228 2098; x_wconf 93' lang='lat'><strong>,</strong></span> <span class='ocrx_word' id='word_1_149' title='bbox 1259 2030 1386 2103; x_wconf 74' lang='lat'><strong>25)?</strong></span> <span class='ocrx_word' id='word_1_150' title='bbox 1410 2031 1477 2085; x_wconf 86' lang='lat' dir='ltr'><strong>Et</strong></span> <span class='ocrx_word' id='word_1_151' title='bbox 1507 2031 1728 2084; x_wconf 82' lang='lat' dir='ltr'><strong>fortasse</strong></span> <span class='ocrx_word' id='word_1_152' title='bbox 1756 2029 1772 2059; x_wconf 86' lang='grc'>¹</span> <span class='ocrx_word' id='word_1_153' title='bbox 1798 2028 2068 2097; x_wconf 85' lang='lat' dir='ltr'><strong>aliquanto</strong></span> <span class='ocrx_word' id='word_1_154' title='bbox 2098 2027 2177 2081; x_wconf 89' lang='lat' dir='ltr'><strong>in-</strong></span> 
     </span>
    </p>
   </div>
   <div class='ocr_carea' id='block_1_20' title="bbox 592 2118 2176 2193">
    <p class='ocr_par' dir='ltr' id='par_1_20' title="bbox 592 2118 2176 2193">
     <span class='ocr_line' id='line_1_20' title="bbox 592 2118 2176 2193; baseline -0.006 -12"><span class='ocrx_word' id='word_1_155' title='bbox 592 2126 757 2181; x_wconf 89' lang='lat' dir='ltr'><strong>terius</strong></span> <span class='ocrx_word' id='word_1_156' title='bbox 799 2125 1215 2193; x_wconf 83' lang='lat' dir='ltr'><strong>intelligentibus</strong></span> <span class='ocrx_word' id='word_1_157' title='bbox 1244 2132 1447 2177; x_wconf 88' lang='lat' dir='ltr'><strong>tantum</strong></span> <span class='ocrx_word' id='word_1_158' title='bbox 1474 2122 1615 2176; x_wconf 90' lang='lat' dir='ltr'><strong>valet</strong></span> <span class='ocrx_word' id='word_1_159' title='bbox 1641 2120 1706 2175; x_wconf 92' lang='lat' dir='ltr'><strong>ad</strong></span> <span class='ocrx_word' id='word_1_160' title='bbox 1731 2121 1838 2173; x_wconf 90' lang='lat' dir='ltr'><strong>visa</strong></span> <span class='ocrx_word' id='word_1_161' title='bbox 1870 2120 1955 2172; x_wconf 92' lang='lat' dir='ltr'><strong>illa</strong></span> <span class='ocrx_word' id='word_1_162' title='bbox 1985 2118 2176 2173; x_wconf 90' lang='lat' dir='ltr'><strong>mentis</strong></span> 
     </span>
    </p>
   </div>
   <div class='ocr_carea' id='block_1_21' title="bbox 592 2209 2175 2285">
    <p class='ocr_par' dir='ltr' id='par_1_21' title="bbox 592 2209 2175 2285">
     <span class='ocr_line' id='line_1_21' title="bbox 592 2209 2175 2285; baseline -0.007 -12"><span class='ocrx_word' id='word_1_163' title='bbox 592 2218 708 2273; x_wconf 65' lang='lat' dir='ltr'><strong>hinc</strong></span> <span class='ocrx_word' id='word_1_164' title='bbox 732 2217 1049 2281; x_wconf 68' lang='lat' dir='ltr'><strong>differentia,</strong></span> <span class='ocrx_word' id='word_1_165' title='bbox 1068 2231 1170 2285; x_wconf 91' lang='lat' dir='ltr'><strong>qua</strong></span> <span class='ocrx_word' id='word_1_166' title='bbox 1188 2216 1377 2269; x_wconf 87' lang='lat' dir='ltr'><strong>Petrus</strong></span> <span class='ocrx_word' id='word_1_167' title='bbox 1395 2213 1566 2284; x_wconf 91' lang='lat' dir='ltr'><strong>primo</strong></span> <span class='ocrx_word' id='word_1_168' title='bbox 1598 2210 1995 2271; x_wconf 80' lang='lat' dir='ltr'><strong>intellexit,De0</strong></span> <span class='ocrx_word' id='word_1_169' title='bbox 2018 2209 2175 2264; x_wconf 86' lang='lat' dir='ltr'><strong>Patre</strong></span> 
     </span>
    </p>
   </div>
   <div class='ocr_carea' id='block_1_22' title="bbox 592 2304 2174 2376">
    <p class='ocr_par' dir='ltr' id='par_1_22' title="bbox 592 2304 2174 2376">
     <span class='ocr_line' id='line_1_22' title="bbox 592 2304 2174 2376; baseline -0.003 -15"><span class='ocrx_word' id='word_1_170' title='bbox 592 2307 881 2371; x_wconf 84' lang='lat' dir='ltr'><strong>revelante,</strong></span> <span class='ocrx_word' id='word_1_171' title='bbox 901 2306 1041 2376; x_wconf 93' lang='lat' dir='ltr'><strong>quod</strong></span> <span class='ocrx_word' id='word_1_172' title='bbox 1062 2305 1226 2360; x_wconf 87' lang='lat' dir='ltr'><strong>Filius</strong></span> <span class='ocrx_word' id='word_1_173' title='bbox 1248 2306 1338 2358; x_wconf 91' lang='lat' dir='ltr'><strong>Dei</strong></span> <span class='ocrx_word' id='word_1_174' title='bbox 1356 2312 1498 2359; x_wconf 88' lang='lat' dir='ltr'><strong>esset</strong></span> <span class='ocrx_word' id='word_1_175' title='bbox 1522 2304 1764 2358; x_wconf 87' lang='lat' dir='ltr'><strong>Christus</strong></span> <span class='ocrx_word' id='word_1_176' title='bbox 1784 2343 1799 2367; x_wconf 96' lang='lat'><strong>,</strong></span> <span class='ocrx_word' id='word_1_177' title='bbox 1828 2312 1881 2356; x_wconf 90' lang='lat' dir='ltr'><strong>et</strong></span> <span class='ocrx_word' id='word_1_178' title='bbox 1908 2311 2088 2372; x_wconf 83' lang='lat' dir='ltr'><strong>p05tea</strong></span> <span class='ocrx_word' id='word_1_179' title='bbox 2109 2316 2174 2356; x_wconf 89' lang='lat' dir='ltr'><strong>ne</strong></span> 
     </span>
    </p>
   </div>
   <div class='ocr_carea' id='block_1_23' title="bbox 590 2397 2175 2470">
    <p class='ocr_par' dir='ltr' id='par_1_23' title="bbox 590 2397 2175 2470">
     <span class='ocr_line' id='line_1_23' title="bbox 590 2397 2175 2470; baseline -0.002 -17"><span class='ocrx_word' id='word_1_180' title='bbox 590 2409 891 2455; x_wconf 88' lang='lat' dir='ltr'><strong>moreretur</strong></span> <span class='ocrx_word' id='word_1_181' title='bbox 908 2400 1171 2463; x_wconf 80' lang='lat' dir='ltr'><strong>extimuit;</strong></span> <span class='ocrx_word' id='word_1_182' title='bbox 1190 2410 1443 2470; x_wconf 88' lang='lat' dir='ltr'><strong>quantum</strong></span> <span class='ocrx_word' id='word_1_183' title='bbox 1464 2399 1601 2453; x_wconf 88' lang='lat' dir='ltr'><strong>valet</strong></span> <span class='ocrx_word' id='word_1_184' title='bbox 1618 2398 1682 2452; x_wconf 91' lang='lat' dir='ltr'><strong>ad</strong></span> <span class='ocrx_word' id='word_1_185' title='bbox 1700 2397 2067 2467; x_wconf 90' lang='lat' dir='ltr'><strong>distinguenda</strong></span> <span class='ocrx_word' id='word_1_186' title='bbox 2098 2397 2175 2450; x_wconf 82' lang='lat' dir='ltr'><strong>vi-</strong></span> 
     </span>
    </p>
   </div>
   <div class='ocr_carea' id='block_1_24' title="bbox 587 2488 2175 2561">
    <p class='ocr_par' dir='ltr' id='par_1_24' title="bbox 587 2488 2175 2561">
     <span class='ocr_line' id='line_1_24' title="bbox 587 2488 2175 2561; baseline -0.001 -17"><span class='ocrx_word' id='word_1_187' title='bbox 587 2506 667 2552; x_wconf 86' lang='lat' dir='ltr'><strong>sa.</strong></span> <span class='ocrx_word' id='word_1_188' title='bbox 696 2506 813 2561; x_wconf 70' lang='lat' dir='ltr'><strong>qnze</strong></span> <span class='ocrx_word' id='word_1_189' title='bbox 840 2491 890 2544; x_wconf 92' lang='lat' dir='ltr'><strong>in</strong></span> <span class='ocrx_word' id='word_1_190' title='bbox 932 2491 1119 2560; x_wconf 88' lang='lat' dir='ltr'><strong>spiritu</strong></span> <span class='ocrx_word' id='word_1_191' title='bbox 1148 2490 1376 2543; x_wconf 87' lang='lat' dir='ltr'><strong>hominis</strong></span> <span class='ocrx_word' id='word_1_192' title='bbox 1407 2490 1634 2543; x_wconf 85' lang='lat' dir='ltr'><strong>alienata</strong></span> <span class='ocrx_word' id='word_1_193' title='bbox 1665 2498 1842 2543; x_wconf 86' lang='lat' dir='ltr'><strong>mente</strong></span> <span class='ocrx_word' id='word_1_194' title='bbox 1867 2488 2175 2558; x_wconf 78' lang='lat' dir='ltr'><strong>imaginarie</strong></span> 
     </span>
    </p>
   </div>
   <div class='ocr_carea' id='block_1_25' title="bbox 586 2579 2173 2652">
    <p class='ocr_par' dir='ltr' id='par_1_25' title="bbox 586 2579 2173 2652">
     <span class='ocr_line' id='line_1_25' title="bbox 586 2579 2173 2652; baseline -0.001 -17"><span class='ocrx_word' id='word_1_195' title='bbox 586 2583 740 2645; x_wconf 83' lang='lat' dir='ltr'><strong>iinnt,</strong></span> <span class='ocrx_word' id='word_1_196' title='bbox 769 2582 1022 2637; x_wconf 84' lang='lat' dir='ltr'><strong>revelatio</strong></span> <span class='ocrx_word' id='word_1_197' title='bbox 1051 2582 1339 2652; x_wconf 70' lang='lat' dir='ltr'><strong>prophetia!</strong></span> <span class='ocrx_word' id='word_1_198' title='bbox 1364 2597 1467 2651; x_wconf 91' lang='lat' dir='ltr'><strong>qua</strong></span> <span class='ocrx_word' id='word_1_199' title='bbox 1496 2582 1668 2652; x_wconf 89' lang='lat' dir='ltr'><strong>primo</strong></span> <span class='ocrx_word' id='word_1_200' title='bbox 1692 2580 1900 2635; x_wconf 85' lang='lat' dir='ltr'><strong>alllatus</strong></span> <span class='ocrx_word' id='word_1_201' title='bbox 1920 2590 2003 2635; x_wconf 88' lang='lat' dir='ltr'><strong>est</strong></span> <span class='ocrx_word' id='word_1_202' title='bbox 2025 2579 2173 2645; x_wconf 88' lang='lat' dir='ltr'><strong>Saul,</strong></span> 
     </span>
    </p>
   </div>
   <div class='ocr_carea' id='block_1_26' title="bbox 586 2670 2170 2741">
    <p class='ocr_par' dir='ltr' id='par_1_26' title="bbox 586 2670 2170 2741">
     <span class='ocr_line' id='line_1_26' title="bbox 586 2670 2170 2741; baseline -0.004 -13"><span class='ocrx_word' id='word_1_203' title='bbox 586 2681 645 2728; x_wconf 79' lang='lat' dir='ltr'><strong>et</strong></span> <span class='ocrx_word' id='word_1_204' title='bbox 678 2673 985 2728; x_wconf 66' lang='lat' dir='ltr'><strong>commixtio</strong></span> <span class='ocrx_word' id='word_1_205' title='bbox 1031 2673 1247 2741; x_wconf 92' lang='lat' dir='ltr'><strong>spiritus</strong></span> <span class='ocrx_word' id='word_1_206' title='bbox 1273 2673 1399 2726; x_wconf 83' lang='lat' dir='ltr'><strong>mali</strong></span> <span class='ocrx_word' id='word_1_207' title='bbox 1445 2686 1550 2741; x_wconf 89' lang='lat' dir='ltr'><strong>quo</strong></span> <span class='ocrx_word' id='word_1_208' title='bbox 1588 2681 1771 2741; x_wconf 88' lang='lat' dir='ltr'><strong>postea</strong></span> <span class='ocrx_word' id='word_1_209' title='bbox 1813 2670 2170 2739; x_wconf 84' lang='lat' dir='ltr'><strong>premebatur.</strong></span> 
     </span>
    </p>
   </div>
   <div class='ocr_carea' id='block_1_27' title="bbox 658 2762 2176 2833">
    <p class='ocr_par' dir='ltr' id='par_1_27' title="bbox 658 2762 2176 2833">
     <span class='ocr_line' id='line_1_27' title="bbox 658 2762 2176 2833; baseline -0.003 -14"><span class='ocrx_word' id='word_1_210' title='bbox 658 2765 712 2819; x_wconf 72' lang='grc'><strong>4.</strong></span> <span class='ocrx_word' id='word_1_211' title='bbox 743 2764 992 2819; x_wconf 85' lang='lat' dir='ltr'><strong>Jamvero</strong></span> <span class='ocrx_word' id='word_1_212' title='bbox 1023 2764 1152 2817; x_wconf 89' lang='lat' dir='ltr'><strong>illud</strong></span> <span class='ocrx_word' id='word_1_213' title='bbox 1174 2804 1189 2829; x_wconf 94' lang='lat'><strong>,</strong></span> <span class='ocrx_word' id='word_1_214' title='bbox 1217 2762 1357 2833; x_wconf 88' lang='lat' dir='ltr'><strong>quod</strong></span> <span class='ocrx_word' id='word_1_215' title='bbox 1384 2766 1546 2817; x_wconf 86' lang='lat' dir='ltr'><strong>etiam</strong></span> <span class='ocrx_word' id='word_1_216' title='bbox 1574 2763 1746 2816; x_wconf 89' lang='lat' dir='ltr'><strong>malus</strong></span> <span class='ocrx_word' id='word_1_217' title='bbox 1773 2762 2069 2831; x_wconf 88' lang='lat' dir='ltr'><strong>appellatus</strong></span> <span class='ocrx_word' id='word_1_218' title='bbox 2093 2770 2176 2816; x_wconf 89' lang='lat' dir='ltr'><strong>est</strong></span> 
     </span>
    </p>
   </div>
   <div class='ocr_carea' id='block_1_28' title="bbox 585 2854 2171 2924">
    <p class='ocr_par' dir='ltr' id='par_1_28' title="bbox 585 2854 2171 2924">
     <span class='ocr_line' id='line_1_28' title="bbox 585 2854 2171 2924; baseline -0.001 -14"><span class='ocrx_word' id='word_1_219' title='bbox 585 2856 803 2924; x_wconf 86' lang='lat' dir='ltr'><strong>spiritus</strong></span> <span class='ocrx_word' id='word_1_220' title='bbox 831 2856 1063 2919; x_wconf 87' lang='lat' dir='ltr'><strong>Domini,</strong></span> <span class='ocrx_word' id='word_1_221' title='bbox 1090 2856 1167 2909; x_wconf 87' lang='lat' dir='ltr'><strong>sic</strong></span> <span class='ocrx_word' id='word_1_222' title='bbox 1192 2856 1519 2924; x_wconf 76' lang='lat' dir='ltr'><strong>intelligitur,</strong></span> <span class='ocrx_word' id='word_1_223' title='bbox 1550 2854 1816 2923; x_wconf 89' lang='lat' dir='ltr'><strong>quomodo</strong></span> <span class='ocrx_word' id='word_1_224' title='bbox 1843 2854 2039 2908; x_wconf 91' lang='lat' dir='ltr'><strong>dictum</strong></span> <span class='ocrx_word' id='word_1_225' title='bbox 2068 2863 2171 2921; x_wconf 91' lang='lat' dir='ltr'><strong>est,</strong></span> 
     </span>
    </p>
   </div>
   <div class='ocr_carea' id='block_1_29' title="bbox 588 2947 2174 3018">
    <p class='ocr_par' dir='ltr' id='par_1_29' title="bbox 588 2947 2174 3018">
     <span class='ocr_line' id='line_1_29' title="bbox 588 2947 2174 3018; baseline -0.001 -16"><span class='ocrx_word' id='word_1_226' title='bbox 588 2948 793 3002; x_wconf 83' lang='lat' dir='ltr'><strong>Domini</strong></span> <span class='ocrx_word' id='word_1_227' title='bbox 823 2959 893 3001; x_wconf 84' lang='lat' dir='ltr'><strong>est</strong></span> <span class='ocrx_word' id='word_1_228' title='bbox 938 2960 1072 3001; x_wconf 90' lang='lat' dir='ltr'><strong>terra</strong></span> <span class='ocrx_word' id='word_1_229' title='bbox 1117 2947 1288 3018; x_wconf 84' lang='lat' dir='ltr'><strong>(Psal.</strong></span> <span class='ocrx_word' id='word_1_230' title='bbox 1333 2964 1465 3002; x_wconf 67' lang='grc' dir='ltr'>χχιιι</span> <span class='ocrx_word' id='word_1_231' title='bbox 1486 2990 1499 3012; x_wconf 86' lang='grc'><strong>,</strong></span> <span class='ocrx_word' id='word_1_232' title='bbox 1539 2950 1593 3017; x_wconf 83' lang='lat' dir='ltr'><strong>l)</strong></span> <span class='ocrx_word' id='word_1_233' title='bbox 1621 2965 1635 3001; x_wconf 87' lang='lat'><strong>:</strong></span> <span class='ocrx_word' id='word_1_234' title='bbox 1661 2958 1907 3017; x_wconf 77' lang='lat' dir='ltr'><strong>tanquam</strong></span> <span class='ocrx_word' id='word_1_235' title='bbox 1931 2958 2174 3003; x_wconf 82' lang='lat' dir='ltr'><strong>creatura</strong></span> 
     </span>
    </p>
   </div>
   <div class='ocr_carea' id='block_1_30' title="bbox 588 3039 2176 3109">
    <p class='ocr_par' dir='ltr' id='par_1_30' title="bbox 588 3039 2176 3109">
     <span class='ocr_line' id='line_1_30' title="bbox 588 3039 2176 3109; baseline 0.001 -16"><span class='ocrx_word' id='word_1_236' title='bbox 588 3049 643 3093; x_wconf 83' lang='lat' dir='ltr'><strong>et</strong></span> <span class='ocrx_word' id='word_1_237' title='bbox 682 3039 732 3093; x_wconf 93' lang='lat' dir='ltr'><strong>in</strong></span> <span class='ocrx_word' id='word_1_238' title='bbox 762 3039 878 3108; x_wconf 88' lang='lat' dir='ltr'><strong>ejus</strong></span> <span class='ocrx_word' id='word_1_239' title='bbox 905 3040 1072 3109; x_wconf 88' lang='lat' dir='ltr'><strong>posita</strong></span> <span class='ocrx_word' id='word_1_240' title='bbox 1102 3048 1380 3107; x_wconf 80' lang='lat' dir='ltr'><strong>potestate.</strong></span> <span class='ocrx_word' id='word_1_241' title='bbox 1410 3040 1516 3092; x_wconf 85' lang='lat' dir='ltr'><strong>Aut</strong></span> <span class='ocrx_word' id='word_1_242' title='bbox 1542 3039 1582 3093; x_wconf 89' lang='lat' dir='ltr'><strong>si</strong></span> <span class='ocrx_word' id='word_1_243' title='bbox 1612 3049 1889 3109; x_wconf 87' lang='lat' dir='ltr'><strong>propterea</strong></span> <span class='ocrx_word' id='word_1_244' title='bbox 1916 3056 2019 3093; x_wconf 91' lang='lat' dir='ltr'><strong>non</strong></span> <span class='ocrx_word' id='word_1_245' title='bbox 2044 3054 2176 3094; x_wconf 88' lang='lat' dir='ltr'><strong>con-</strong></span> 
     </span>
    </p>
   </div>
   <div class='ocr_carea' id='block_1_31' title="bbox 586 3130 2175 3200">
    <p class='ocr_par' dir='ltr' id='par_1_31' title="bbox 586 3130 2175 3200">
     <span class='ocr_line' id='line_1_31' title="bbox 586 3130 2175 3200; baseline 0.002 -18"><span class='ocrx_word' id='word_1_246' title='bbox 586 3131 731 3200; x_wconf 76' lang='lat' dir='ltr'><strong>gruit</strong></span> <span class='ocrx_word' id='word_1_247' title='bbox 754 3130 853 3183; x_wconf 90' lang='lat' dir='ltr'><strong>hoc</strong></span> <span class='ocrx_word' id='word_1_248' title='bbox 897 3130 1181 3184; x_wconf 90' lang='lat' dir='ltr'><strong>locutionis</strong></span> <span class='ocrx_word' id='word_1_249' title='bbox 1223 3130 1562 3200; x_wconf 82' lang='lat' dir='ltr'><strong>exemplum,</strong></span> <span class='ocrx_word' id='word_1_250' title='bbox 1617 3131 1739 3200; x_wconf 89' lang='lat' dir='ltr'><strong>quia</strong></span> <span class='ocrx_word' id='word_1_251' title='bbox 1770 3138 1911 3184; x_wconf 89' lang='lat' dir='ltr'><strong>terra</strong></span> <span class='ocrx_word' id='word_1_252' title='bbox 1957 3148 2063 3185; x_wconf 92' lang='lat' dir='ltr'><strong>non</strong></span> <span class='ocrx_word' id='word_1_253' title='bbox 2092 3140 2175 3185; x_wconf 90' lang='lat' dir='ltr'><strong>est</strong></span> 
     </span>
    </p>
   </div>
   <div class='ocr_carea' id='block_1_32' title="bbox 588 3224 2170 3298">
    <p class='ocr_par' dir='ltr' id='par_1_32' title="bbox 588 3224 2170 3298">
     <span class='ocr_line' id='line_1_32' title="bbox 588 3224 2170 3298; baseline 0.001 -21"><span class='ocrx_word' id='word_1_254' title='bbox 588 3224 763 3289; x_wconf 89' lang='lat' dir='ltr'><strong>mala;</strong></span> <span class='ocrx_word' id='word_1_255' title='bbox 793 3226 969 3281; x_wconf 91' lang='lat' dir='ltr'><strong>omnis</strong></span> <span class='ocrx_word' id='word_1_256' title='bbox 993 3226 1137 3279; x_wconf 89' lang='lat' dir='ltr'><strong>enim</strong></span> <span class='ocrx_word' id='word_1_257' title='bbox 1168 3235 1411 3280; x_wconf 86' lang='lat' dir='ltr'><strong>creatura</strong></span> <span class='ocrx_word' id='word_1_258' title='bbox 1443 3225 1535 3281; x_wconf 89' lang='lat' dir='ltr'><strong>Dei</strong></span> <span class='ocrx_word' id='word_1_259' title='bbox 1579 3226 1717 3280; x_wconf 89' lang='lat' dir='ltr'><strong>bona</strong></span> <span class='ocrx_word' id='word_1_260' title='bbox 1754 3234 1838 3281; x_wconf 89' lang='lat' dir='ltr'><strong>est</strong></span> <span class='ocrx_word' id='word_1_261' title='bbox 1868 3224 1909 3298; x_wconf 83' lang='grc'><strong>(1</strong></span> <span class='ocrx_word' id='word_1_262' title='bbox 1939 3226 2065 3288; x_wconf 85' lang='lat' dir='ltr'><strong>Tim,</strong></span> <span class='ocrx_word' id='word_1_263' title='bbox 2096 3241 2170 3290; x_wconf 80' lang='lat' dir='ltr'><strong>tv,</strong></span> 
     </span>
    </p>
   </div>
   <div class='ocr_carea' id='block_1_33' title="bbox 586 3316 2175 3387">
    <p class='ocr_par' dir='ltr' id='par_1_33' title="bbox 586 3316 2175 3387">
     <span class='ocr_line' id='line_1_33' title="bbox 586 3316 2175 3387; baseline 0.001 -16"><span class='ocrx_word' id='word_1_264' title='bbox 586 3317 644 3385; x_wconf 70' lang='grc' dir='ltr'>ι)</span> <span class='ocrx_word' id='word_1_265' title='bbox 676 3331 691 3368; x_wconf 87' lang='lat'><strong>:</strong></span> <span class='ocrx_word' id='word_1_266' title='bbox 722 3316 851 3371; x_wconf 91' lang='lat' dir='ltr'><strong>illud</strong></span> <span class='ocrx_word' id='word_1_267' title='bbox 880 3326 1168 3387; x_wconf 89' lang='lat' dir='ltr'><strong>congruat,</strong></span> <span class='ocrx_word' id='word_1_268' title='bbox 1201 3316 1341 3387; x_wconf 89' lang='lat' dir='ltr'><strong>quod</strong></span> <span class='ocrx_word' id='word_1_269' title='bbox 1384 3317 1498 3387; x_wconf 89' lang='lat' dir='ltr'><strong>ipse</strong></span> <span class='ocrx_word' id='word_1_270' title='bbox 1529 3316 1656 3372; x_wconf 84' lang='lat' dir='ltr'><strong>Saul</strong></span> <span class='ocrx_word' id='word_1_271' title='bbox 1680 3317 1789 3387; x_wconf 90' lang='lat' dir='ltr'><strong>jam</strong></span> <span class='ocrx_word' id='word_1_272' title='bbox 1831 3316 2090 3387; x_wconf 87' lang='lat' dir='ltr'><strong>reprobus</strong></span> <span class='ocrx_word' id='word_1_273' title='bbox 2119 3324 2175 3372; x_wconf 83' lang='lat' dir='ltr'><strong>et</strong></span> 
     </span>
    </p>
   </div>
   <div class='ocr_carea' id='block_1_34' title="bbox 592 3408 2174 3478">
    <p class='ocr_par' dir='ltr' id='par_1_34' title="bbox 592 3408 2174 3478">
     <span class='ocr_line' id='line_1_34' title="bbox 592 3408 2174 3478; baseline 0.001 -16"><span class='ocrx_word' id='word_1_274' title='bbox 592 3408 850 3462; x_wconf 89' lang='lat' dir='ltr'><strong>scelestus</strong></span> <span class='ocrx_word' id='word_1_275' title='bbox 901 3416 1061 3478; x_wconf 90' lang='lat' dir='ltr'><strong>atque</strong></span> <span class='ocrx_word' id='word_1_276' title='bbox 1104 3408 1342 3477; x_wconf 88' lang='lat' dir='ltr'><strong>ingratus</strong></span> <span class='ocrx_word' id='word_1_277' title='bbox 1395 3418 1580 3463; x_wconf 91' lang='lat' dir='ltr'><strong>sancto</strong></span> <span class='ocrx_word' id='word_1_278' title='bbox 1622 3408 1817 3471; x_wconf 87' lang='lat' dir='ltr'><strong>David,</strong></span> <span class='ocrx_word' id='word_1_279' title='bbox 1866 3416 2174 3478; x_wconf 85' lang='lat' dir='ltr'><strong>persecutor</strong></span> 
     </span>
    </p>
   </div>
   <div class='ocr_carea' id='block_1_35' title="bbox 586 3497 2173 3569">
    <p class='ocr_par' dir='ltr' id='par_1_35' title="bbox 586 3497 2173 3569">
     <span class='ocr_line' id='line_1_35' title="bbox 586 3497 2173 3569; baseline 0.002 -19"><span class='ocrx_word' id='word_1_280' title='bbox 586 3498 748 3552; x_wconf 83' lang='lat' dir='ltr'><strong>etiam</strong></span> <span class='ocrx_word' id='word_1_281' title='bbox 776 3497 925 3567; x_wconf 89' lang='lat' dir='ltr'><strong>ejus,</strong></span> <span class='ocrx_word' id='word_1_282' title='bbox 968 3513 1088 3552; x_wconf 90' lang='lat' dir='ltr'><strong>cum</strong></span> <span class='ocrx_word' id='word_1_283' title='bbox 1118 3499 1425 3553; x_wconf 69' lang='lat' dir='ltr'><strong>smvissima:</strong></span> <span class='ocrx_word' id='word_1_284' title='bbox 1476 3498 1687 3553; x_wconf 74' lang='lat' dir='ltr'><strong>invidia:</strong></span> <span class='ocrx_word' id='word_1_285' title='bbox 1716 3499 1916 3553; x_wconf 81' lang='lat' dir='ltr'><strong>facibus</strong></span> <span class='ocrx_word' id='word_1_286' title='bbox 1941 3500 2173 3569; x_wconf 88' lang='lat' dir='ltr'><strong>agitare-</strong></span> 
     </span>
    </p>
   </div>
   <div class='ocr_carea' id='block_1_36' title="bbox 588 3590 2173 3656">
    <p class='ocr_par' dir='ltr' id='par_1_36' title="bbox 588 3590 2173 3656">
     <span class='ocr_line' id='line_1_36' title="bbox 588 3590 2173 3656; baseline 0 -12"><span class='ocrx_word' id='word_1_287' title='bbox 588 3600 706 3656; x_wconf 85' lang='lat' dir='ltr'><strong>tur,</strong></span> <span class='ocrx_word' id='word_1_288' title='bbox 739 3600 915 3644; x_wconf 88' lang='lat' dir='ltr'><strong>tamen</strong></span> <span class='ocrx_word' id='word_1_289' title='bbox 939 3590 1113 3644; x_wconf 90' lang='lat' dir='ltr'><strong>adhuc</strong></span> <span class='ocrx_word' id='word_1_290' title='bbox 1157 3590 1401 3645; x_wconf 88' lang='lat' dir='ltr'><strong>Christus</strong></span> <span class='ocrx_word' id='word_1_291' title='bbox 1432 3590 1640 3645; x_wconf 90' lang='lat' dir='ltr'><strong>Domini</strong></span> <span class='ocrx_word' id='word_1_292' title='bbox 1692 3590 2004 3655; x_wconf 88' lang='lat' dir='ltr'><strong>dicebatur;</strong></span> <span class='ocrx_word' id='word_1_293' title='bbox 2036 3591 2173 3645; x_wconf 88' lang='lat' dir='ltr'><strong>sicut</strong></span> 
     </span>
    </p>
   </div>
   <div class='ocr_carea' id='block_1_37' title="bbox 584 3683 2171 3753">
    <p class='ocr_par' dir='ltr' id='par_1_37' title="bbox 584 3683 2171 3753">
     <span class='ocr_line' id='line_1_37' title="bbox 584 3683 2171 3753; baseline -0.001 -16"><span class='ocrx_word' id='word_1_294' title='bbox 584 3698 707 3738; x_wconf 85' lang='lat' dir='ltr'><strong>eum</strong></span> <span class='ocrx_word' id='word_1_295' title='bbox 757 3684 1043 3753; x_wconf 87' lang='lat' dir='ltr'><strong>appellavit</strong></span> <span class='ocrx_word' id='word_1_296' title='bbox 1092 3683 1206 3752; x_wconf 91' lang='lat' dir='ltr'><strong>ipse</strong></span> <span class='ocrx_word' id='word_1_297' title='bbox 1253 3683 1451 3748; x_wconf 80' lang='lat' dir='ltr'><strong>David,</strong></span> <span class='ocrx_word' id='word_1_298' title='bbox 1484 3699 1605 3738; x_wconf 89' lang='lat' dir='ltr'><strong>cum</strong></span> <span class='ocrx_word' id='word_1_299' title='bbox 1649 3683 1937 3738; x_wconf 84' lang='lat' dir='ltr'><strong>vindicavit</strong></span> <span class='ocrx_word' id='word_1_300' title='bbox 1966 3683 2171 3738; x_wconf 79' lang='lat' dir='ltr'><strong>exsdn-</strong></span> 
     </span>
    </p>
   </div>
   <div class='ocr_carea' id='block_1_38' title="bbox 581 3774 2172 3845">
    <p class='ocr_par' dir='ltr' id='par_1_38' title="bbox 581 3774 2172 3845">
     <span class='ocr_line' id='line_1_38' title="bbox 581 3774 2172 3845; baseline 0.003 -18"><span class='ocrx_word' id='word_1_301' title='bbox 581 3783 726 3827; x_wconf 90' lang='lat' dir='ltr'><strong>ctum</strong></span> <span class='ocrx_word' id='word_1_302' title='bbox 755 3774 821 3844; x_wconf 92' lang='lat' dir='ltr'><strong>(ll</strong></span> <span class='ocrx_word' id='word_1_303' title='bbox 854 3774 981 3845; x_wconf 86' lang='lat' dir='ltr'><strong>Reg.</strong></span> <span class='ocrx_word' id='word_1_304' title='bbox 1016 3790 1069 3840; x_wconf 89' lang='grc' dir='ltr'>ι,</span> <span class='ocrx_word' id='word_1_305' title='bbox 1112 3775 1214 3839; x_wconf 77' lang='grc'><strong>14,</strong></span> <span class='ocrx_word' id='word_1_306' title='bbox 1255 3775 1365 3843; x_wconf 74' lang='grc'><strong>15).</strong></span> <span class='ocrx_word' id='word_1_307' title='bbox 1400 3775 1506 3829; x_wconf 88' lang='lat' dir='ltr'><strong>Sed</strong></span> <span class='ocrx_word' id='word_1_308' title='bbox 1552 3777 1717 3845; x_wconf 86' lang='lat' dir='ltr'><strong>magis</strong></span> <span class='ocrx_word' id='word_1_309' title='bbox 1746 3778 1977 3830; x_wconf 89' lang='lat' dir='ltr'><strong>arbitror</strong></span> <span class='ocrx_word' id='word_1_310' title='bbox 2019 3778 2172 3831; x_wconf 85' lang='lat' dir='ltr'><strong>mali-</strong></span> 
     </span>
    </p>
   </div>
   <div class='ocr_carea' id='block_1_39' title="bbox 582 3866 2167 3935">
    <p class='ocr_par' dir='ltr' id='par_1_39' title="bbox 582 3866 2167 3935">
     <span class='ocr_line' id='line_1_39' title="bbox 582 3866 2167 3935; baseline 0.003 -18"><span class='ocrx_word' id='word_1_311' title='bbox 582 3881 743 3935; x_wconf 85' lang='lat' dir='ltr'><strong>gnum</strong></span> <span class='ocrx_word' id='word_1_312' title='bbox 782 3866 1024 3934; x_wconf 88' lang='lat' dir='ltr'><strong>spiritum</strong></span> <span class='ocrx_word' id='word_1_313' title='bbox 1055 3882 1083 3919; x_wconf 90' lang='lat' dir='ltr'><strong>a</strong></span> <span class='ocrx_word' id='word_1_314' title='bbox 1122 3882 1229 3935; x_wconf 89' lang='lat' dir='ltr'><strong>quo</strong></span> <span class='ocrx_word' id='word_1_315' title='bbox 1272 3867 1563 3922; x_wconf 82' lang='lat' dir='ltr'><strong>vexabatur</strong></span> <span class='ocrx_word' id='word_1_316' title='bbox 1607 3868 1761 3928; x_wconf 85' lang='lat' dir='ltr'><strong>Saul.</strong></span> <span class='ocrx_word' id='word_1_317' title='bbox 1812 3868 1930 3921; x_wconf 90' lang='lat' dir='ltr'><strong>ideo</strong></span> <span class='ocrx_word' id='word_1_318' title='bbox 1968 3868 2167 3922; x_wconf 90' lang='lat' dir='ltr'><strong>dictum</strong></span> 
     </span>
    </p>
   </div>
   <div class='ocr_carea' id='block_1_40' title="bbox 581 3956 2168 4026">
    <p class='ocr_par' dir='ltr' id='par_1_40' title="bbox 581 3956 2168 4026">
     <span class='ocr_line' id='line_1_40' title="bbox 581 3956 2168 4026; baseline 0.001 -15"><span class='ocrx_word' id='word_1_319' title='bbox 581 3956 823 4026; x_wconf 80' lang='lat' dir='ltr'><strong>spiritum</strong></span> <span class='ocrx_word' id='word_1_320' title='bbox 850 3956 1091 4020; x_wconf 87' lang='lat' dir='ltr'><strong>Domini,</strong></span> <span class='ocrx_word' id='word_1_321' title='bbox 1126 3957 1266 4026; x_wconf 88' lang='lat' dir='ltr'><strong>quod</strong></span> <span class='ocrx_word' id='word_1_322' title='bbox 1313 3958 1526 4012; x_wconf 89' lang='lat' dir='ltr'><strong>occulto</strong></span> <span class='ocrx_word' id='word_1_323' title='bbox 1574 3959 1781 4012; x_wconf 87' lang='lat' dir='ltr'><strong>Domini</strong></span> <span class='ocrx_word' id='word_1_324' title='bbox 1805 3959 2007 4025; x_wconf 89' lang='lat' dir='ltr'><strong>judicio</strong></span> <span class='ocrx_word' id='word_1_325' title='bbox 2032 3959 2168 4013; x_wconf 87' lang='lat' dir='ltr'><strong>Sau-</strong></span> 
     </span>
    </p>
   </div>
   <div class='ocr_carea' id='block_1_41' title="bbox 580 4048 2167 4120">
    <p class='ocr_par' dir='ltr' id='par_1_41' title="bbox 580 4048 2167 4120">
     <span class='ocr_line' id='line_1_41' title="bbox 580 4048 2167 4120; baseline 0.001 -18"><span class='ocrx_word' id='word_1_326' title='bbox 580 4049 684 4103; x_wconf 89' lang='lat' dir='ltr'><strong>lem</strong></span> <span class='ocrx_word' id='word_1_327' title='bbox 712 4049 952 4102; x_wconf 76' lang='lat' dir='ltr'><strong>vexabat.</strong></span> <span class='ocrx_word' id='word_1_328' title='bbox 979 4048 1155 4103; x_wconf 88' lang='lat' dir='ltr'><strong>Utitur</strong></span> <span class='ocrx_word' id='word_1_329' title='bbox 1180 4050 1320 4103; x_wconf 91' lang='lat' dir='ltr'><strong>enim</strong></span> <span class='ocrx_word' id='word_1_330' title='bbox 1350 4050 1491 4104; x_wconf 91' lang='lat' dir='ltr'><strong>Deus</strong></span> <span class='ocrx_word' id='word_1_331' title='bbox 1511 4051 1765 4105; x_wconf 84' lang='lat' dir='ltr'><strong>ministris</strong></span> <span class='ocrx_word' id='word_1_332' title='bbox 1787 4053 1947 4105; x_wconf 87' lang='lat' dir='ltr'><strong>etiam</strong></span> <span class='ocrx_word' id='word_1_333' title='bbox 1964 4052 2167 4120; x_wconf 80' lang='lat' dir='ltr'><strong>spiriti-</strong></span> 
     </span>
    </p>
   </div>
   <div class='ocr_carea' id='block_1_42' title="bbox 579 4138 2166 4207">
    <p class='ocr_par' dir='ltr' id='par_1_42' title="bbox 579 4138 2166 4207">
     <span class='ocr_line' id='line_1_42' title="bbox 579 4138 2166 4207; baseline 0.003 -14"><span class='ocrx_word' id='word_1_334' title='bbox 579 4138 680 4194; x_wconf 91' lang='lat' dir='ltr'><strong>bus</strong></span> <span class='ocrx_word' id='word_1_335' title='bbox 708 4140 859 4193; x_wconf 90' lang='lat' dir='ltr'><strong>malis</strong></span> <span class='ocrx_word' id='word_1_336' title='bbox 880 4142 899 4169; x_wconf 81' lang='lat'>&quot;</span> <span class='ocrx_word' id='word_1_337' title='bbox 920 4138 987 4192; x_wconf 89' lang='lat' dir='ltr'><strong>ad</strong></span> <span class='ocrx_word' id='word_1_338' title='bbox 1025 4139 1310 4194; x_wconf 89' lang='lat' dir='ltr'><strong>vindictam</strong></span> <span class='ocrx_word' id='word_1_339' title='bbox 1355 4142 1634 4207; x_wconf 90' lang='lat' dir='ltr'><strong>malorum,</strong></span> <span class='ocrx_word' id='word_1_340' title='bbox 1666 4142 1748 4197; x_wconf 86' lang='lat' dir='ltr'><strong>vel</strong></span> <span class='ocrx_word' id='word_1_341' title='bbox 1796 4142 1863 4195; x_wconf 89' lang='lat' dir='ltr'><strong>ad</strong></span> <span class='ocrx_word' id='word_1_342' title='bbox 1908 4143 2166 4197; x_wconf 91' lang='lat' dir='ltr'><strong>bonorum</strong></span> 
     </span>
    </p>
   </div>
   <div class='ocr_carea' id='block_1_43' title="bbox 581 4231 2166 4300">
    <p class='ocr_par' dir='ltr' id='par_1_43' title="bbox 581 4231 2166 4300">
     <span class='ocr_line' id='line_1_43' title="bbox 581 4231 2166 4300; baseline 0.003 -15"><span class='ocrx_word' id='word_1_343' title='bbox 581 4231 982 4300; x_wconf 88' lang='lat' dir='ltr'><strong>probationem;</strong></span> <span class='ocrx_word' id='word_1_344' title='bbox 1046 4231 1152 4284; x_wconf 89' lang='lat' dir='ltr'><strong>alio</strong></span> <span class='ocrx_word' id='word_1_345' title='bbox 1212 4232 1372 4287; x_wconf 92' lang='lat' dir='ltr'><strong>modo</strong></span> <span class='ocrx_word' id='word_1_346' title='bbox 1429 4234 1497 4287; x_wconf 90' lang='lat' dir='ltr'><strong>ad</strong></span> <span class='ocrx_word' id='word_1_347' title='bbox 1542 4234 1683 4288; x_wconf 91' lang='lat' dir='ltr'><strong>illam</strong></span> <span class='ocrx_word' id='word_1_348' title='bbox 1746 4251 1887 4299; x_wconf 88' lang='lat' dir='ltr'><strong>rem,</strong></span> <span class='ocrx_word' id='word_1_349' title='bbox 1943 4237 2048 4291; x_wconf 89' lang='lat' dir='ltr'><strong>alio</strong></span> <span class='ocrx_word' id='word_1_350' title='bbox 2100 4237 2166 4290; x_wconf 90' lang='lat' dir='ltr'><strong>ad</strong></span> 
     </span>
    </p>
   </div>
   <div class='ocr_carea' id='block_1_44' title="bbox 582 4324 2165 4399">
    <p class='ocr_par' dir='ltr' id='par_1_44' title="bbox 582 4324 2165 4399">
     <span class='ocr_line' id='line_1_44' title="bbox 582 4324 2165 4399; baseline 0.003 -20"><span class='ocrx_word' id='word_1_351' title='bbox 582 4325 758 4379; x_wconf 83' lang='lat' dir='ltr'><strong>istam.</strong></span> <span class='ocrx_word' id='word_1_352' title='bbox 786 4324 1039 4392; x_wconf 75' lang='lat' dir='ltr'><strong>Quamvis</strong></span> <span class='ocrx_word' id='word_1_353' title='bbox 1065 4325 1205 4379; x_wconf 86' lang='lat' dir='ltr'><strong>enim</strong></span> <span class='ocrx_word' id='word_1_354' title='bbox 1237 4324 1360 4380; x_wconf 88' lang='lat' dir='ltr'><strong>inde</strong></span> <span class='ocrx_word' id='word_1_355' title='bbox 1385 4329 1455 4381; x_wconf 87' lang='lat' dir='ltr'><strong>sit</strong></span> <span class='ocrx_word' id='word_1_356' title='bbox 1497 4327 1721 4397; x_wconf 89' lang='lat' dir='ltr'><strong>quisque</strong></span> <span class='ocrx_word' id='word_1_357' title='bbox 1748 4331 2009 4399; x_wconf 83' lang='lat' dir='ltr'><strong>malignus</strong></span> <span class='ocrx_word' id='word_1_358' title='bbox 2054 4334 2165 4399; x_wconf 65' lang='lat' dir='ltr'><strong>spio</strong></span> 
     </span>
    </p>
   </div>
   <div class='ocr_carea' id='block_1_45' title="bbox 580 4415 2163 4490">
    <p class='ocr_par' dir='ltr' id='par_1_45' title="bbox 580 4415 2163 4490">
     <span class='ocr_line' id='line_1_45' title="bbox 580 4415 2163 4490; baseline 0.003 -19"><span class='ocrx_word' id='word_1_359' title='bbox 580 4416 715 4471; x_wconf 89' lang='lat' dir='ltr'><strong>ritus</strong></span> <span class='ocrx_word' id='word_1_360' title='bbox 741 4415 783 4480; x_wconf 81' lang='lat'><strong>&#39;,</strong></span> <span class='ocrx_word' id='word_1_361' title='bbox 828 4417 949 4486; x_wconf 88' lang='lat' dir='ltr'><strong>quia</strong></span> <span class='ocrx_word' id='word_1_362' title='bbox 996 4416 1134 4470; x_wconf 89' lang='lat' dir='ltr'><strong>mala</strong></span> <span class='ocrx_word' id='word_1_363' title='bbox 1174 4418 1443 4472; x_wconf 90' lang='lat' dir='ltr'><strong>voluntate</strong></span> <span class='ocrx_word' id='word_1_364' title='bbox 1489 4435 1682 4475; x_wconf 87' lang='lat' dir='ltr'><strong>nocere</strong></span> <span class='ocrx_word' id='word_1_365' title='bbox 1725 4424 1955 4490; x_wconf 88' lang='lat' dir='ltr'><strong>appetit;</strong></span> <span class='ocrx_word' id='word_1_366' title='bbox 1987 4432 2163 4476; x_wconf 86' lang='lat' dir='ltr'><strong>tamen</strong></span> 
     </span>
    </p>
   </div>
   <div class='ocr_carea' id='block_1_46' title="bbox 580 4506 2165 4582">
    <p class='ocr_par' dir='ltr' id='par_1_46' title="bbox 580 4506 2165 4582">
     <span class='ocr_line' id='line_1_46' title="bbox 580 4506 2165 4582; baseline 0.004 -21"><span class='ocrx_word' id='word_1_367' title='bbox 580 4506 807 4561; x_wconf 85' lang='lat' dir='ltr'><strong>nocendi</strong></span> <span class='ocrx_word' id='word_1_368' title='bbox 849 4514 1164 4574; x_wconf 88' lang='lat' dir='ltr'><strong>potestatem</strong></span> <span class='ocrx_word' id='word_1_369' title='bbox 1186 4522 1294 4560; x_wconf 89' lang='lat' dir='ltr'><strong>non</strong></span> <span class='ocrx_word' id='word_1_370' title='bbox 1340 4510 1550 4577; x_wconf 92' lang='lat' dir='ltr'><strong>accipit,</strong></span> <span class='ocrx_word' id='word_1_371' title='bbox 1584 4510 1683 4563; x_wconf 89' lang='lat' dir='ltr'><strong>nisi</strong></span> <span class='ocrx_word' id='word_1_372' title='bbox 1713 4512 1900 4565; x_wconf 89' lang='lat' dir='ltr'><strong>abillo</strong></span> <span class='ocrx_word' id='word_1_373' title='bbox 1937 4514 2035 4567; x_wconf 91' lang='lat' dir='ltr'><strong>sub</strong></span> <span class='ocrx_word' id='word_1_374' title='bbox 2058 4530 2165 4582; x_wconf 88' lang='lat' dir='ltr'><strong>quo</strong></span> 
     </span>
    </p>
   </div>
   <div class='ocr_carea' id='block_1_47' title="bbox 579 4597 2163 4671">
    <p class='ocr_par' dir='ltr' id='par_1_47' title="bbox 579 4597 2163 4671">
     <span class='ocr_line' id='line_1_47' title="bbox 579 4597 2163 4671; baseline 0.005 -21"><span class='ocrx_word' id='word_1_375' title='bbox 579 4606 707 4651; x_wconf 87' lang='lat' dir='ltr'><strong>sunt</strong></span> <span class='ocrx_word' id='word_1_376' title='bbox 734 4597 910 4651; x_wconf 88' lang='lat' dir='ltr'><strong>omnia</strong></span> <span class='ocrx_word' id='word_1_377' title='bbox 940 4599 1100 4650; x_wconf 92' lang='lat' dir='ltr'><strong>certis</strong></span> <span class='ocrx_word' id='word_1_378' title='bbox 1124 4605 1178 4651; x_wconf 93' lang='lat' dir='ltr'><strong>et</strong></span> <span class='ocrx_word' id='word_1_379' title='bbox 1206 4598 1365 4666; x_wconf 92' lang='lat' dir='ltr'><strong>justis</strong></span> <span class='ocrx_word' id='word_1_380' title='bbox 1407 4602 1717 4654; x_wconf 89' lang='lat' dir='ltr'><strong>meritorum</strong></span> <span class='ocrx_word' id='word_1_381' title='bbox 1744 4602 1992 4671; x_wconf 83' lang='lat' dir='ltr'><strong>gradibus</strong></span> <span class='ocrx_word' id='word_1_382' title='bbox 2014 4606 2163 4658; x_wconf 89' lang='lat' dir='ltr'><strong>ordi-</strong></span> 
     </span>
    </p>
   </div>
   <div class='ocr_carea' id='block_1_48' title="bbox 580 4688 2165 4761">
    <p class='ocr_par' dir='ltr' id='par_1_48' title="bbox 580 4688 2165 4761">
     <span class='ocr_line' id='line_1_48' title="bbox 580 4688 2165 4761; baseline 0.006 -18"><span class='ocrx_word' id='word_1_383' title='bbox 580 4697 725 4744; x_wconf 88' lang='lat' dir='ltr'><strong>nata.</strong></span> <span class='ocrx_word' id='word_1_384' title='bbox 763 4688 899 4755; x_wconf 87' lang='lat' dir='ltr'><strong>Quia</strong></span> <span class='ocrx_word' id='word_1_385' title='bbox 942 4688 1080 4743; x_wconf 90' lang='lat' dir='ltr'><strong>sicut</strong></span> <span class='ocrx_word' id='word_1_386' title='bbox 1106 4705 1212 4743; x_wconf 89' lang='lat' dir='ltr'><strong>non</strong></span> <span class='ocrx_word' id='word_1_387' title='bbox 1244 4698 1326 4743; x_wconf 91' lang='lat' dir='ltr'><strong>est</strong></span> <span class='ocrx_word' id='word_1_388' title='bbox 1368 4688 1507 4744; x_wconf 90' lang='lat' dir='ltr'><strong>mala</strong></span> <span class='ocrx_word' id='word_1_389' title='bbox 1558 4694 1801 4748; x_wconf 88' lang='lat' dir='ltr'><strong>voluntas</strong></span> <span class='ocrx_word' id='word_1_390' title='bbox 1827 4710 1858 4747; x_wconf 90' lang='lat' dir='ltr'><strong>a</strong></span> <span class='ocrx_word' id='word_1_391' title='bbox 1886 4695 2029 4761; x_wconf 92' lang='lat' dir='ltr'><strong>Deo,</strong></span> <span class='ocrx_word' id='word_1_392' title='bbox 2086 4698 2165 4752; x_wconf 91' lang='lat' dir='ltr'><strong>sic</strong></span> 
     </span>
    </p>
   </div>
   <div class='ocr_carea' id='block_1_49' title="bbox 578 4780 2163 4855">
    <p class='ocr_par' dir='ltr' id='par_1_49' title="bbox 578 4780 2163 4855">
     <span class='ocr_line' id='line_1_49' title="bbox 578 4780 2163 4855; baseline 0.003 -19"><span class='ocrx_word' id='word_1_393' title='bbox 578 4796 684 4836; x_wconf 87' lang='lat' dir='ltr'><strong>non</strong></span> <span class='ocrx_word' id='word_1_394' title='bbox 719 4788 803 4835; x_wconf 83' lang='lat' dir='ltr'><strong>est</strong></span> <span class='ocrx_word' id='word_1_395' title='bbox 832 4786 1065 4849; x_wconf 86' lang='lat' dir='ltr'><strong>potestas</strong></span> <span class='ocrx_word' id='word_1_396' title='bbox 1096 4780 1196 4833; x_wconf 91' lang='lat' dir='ltr'><strong>nisi</strong></span> <span class='ocrx_word' id='word_1_397' title='bbox 1223 4795 1253 4833; x_wconf 90' lang='lat' dir='ltr'><strong>a</strong></span> <span class='ocrx_word' id='word_1_398' title='bbox 1281 4780 1389 4835; x_wconf 89' lang='lat' dir='ltr'><strong>Deo</strong></span> <span class='ocrx_word' id='word_1_399' title='bbox 1420 4780 1592 4852; x_wconf 88' lang='lat' dir='ltr'><strong>(Rom.</strong></span> <span class='ocrx_word' id='word_1_400' title='bbox 1643 4798 1735 4838; x_wconf 79' lang='lat' dir='ltr'><strong>xnt</strong></span> <span class='ocrx_word' id='word_1_401' title='bbox 1757 4825 1771 4849; x_wconf 95' lang='lat'><strong>,</strong></span> <span class='ocrx_word' id='word_1_402' title='bbox 1802 4785 1879 4855; x_wconf 79' lang='grc'><strong>1).</strong></span> <span class='ocrx_word' id='word_1_403' title='bbox 1912 4786 2163 4853; x_wconf 84' lang='lat' dir='ltr'><strong>Quamvis</strong></span> 
     </span>
    </p>
   </div>
   <div class='ocr_carea' id='block_1_50' title="bbox 571 4869 2165 4942">
    <p class='ocr_par' dir='ltr' id='par_1_50' title="bbox 571 4869 2165 4942">
     <span class='ocr_line' id='line_1_50' title="bbox 571 4869 2165 4942; baseline 0.006 -17"><span class='ocrx_word' id='word_1_404' title='bbox 571 4872 717 4925; x_wconf 88' lang='lat' dir='ltr'><strong>enim</strong></span> <span class='ocrx_word' id='word_1_405' title='bbox 745 4870 818 4925; x_wconf 85' lang='lat' dir='ltr'><strong>sit</strong></span> <span class='ocrx_word' id='word_1_406' title='bbox 867 4869 918 4923; x_wconf 93' lang='lat' dir='ltr'><strong>in</strong></span> <span class='ocrx_word' id='word_1_407' title='bbox 956 4871 1214 4940; x_wconf 87' lang='lat' dir='ltr'><strong>cujusque</strong></span> <span class='ocrx_word' id='word_1_408' title='bbox 1243 4880 1504 4941; x_wconf 79' lang='lat' dir='ltr'><strong>potestate</strong></span> <span class='ocrx_word' id='word_1_409' title='bbox 1552 4873 1678 4942; x_wconf 92' lang='lat' dir='ltr'><strong>quid</strong></span> <span class='ocrx_word' id='word_1_410' title='bbox 1729 4876 1885 4941; x_wconf 87' lang='lat' dir='ltr'><strong>velit,</strong></span> <span class='ocrx_word' id='word_1_411' title='bbox 1918 4893 2023 4933; x_wconf 90' lang='lat' dir='ltr'><strong>non</strong></span> <span class='ocrx_word' id='word_1_412' title='bbox 2079 4889 2165 4934; x_wconf 92' lang='lat' dir='ltr'><strong>est</strong></span> 
     </span>
    </p>
   </div>
   <div class='ocr_carea' id='block_1_51' title="bbox 573 4962 2162 5037">
    <p class='ocr_par' dir='ltr' id='par_1_51' title="bbox 573 4962 2162 5037">
     <span class='ocr_line' id='line_1_51' title="bbox 573 4962 2162 5037; baseline 0.007 -21"><span class='ocrx_word' id='word_1_413' title='bbox 573 4974 753 5017; x_wconf 83' lang='lat' dir='ltr'><strong>tamen</strong></span> <span class='ocrx_word' id='word_1_414' title='bbox 808 4962 861 5015; x_wconf 85' lang='lat' dir='ltr'><strong>in</strong></span> <span class='ocrx_word' id='word_1_415' title='bbox 890 4962 1147 5032; x_wconf 91' lang='lat' dir='ltr'><strong>cujusque</strong></span> <span class='ocrx_word' id='word_1_416' title='bbox 1186 4971 1447 5031; x_wconf 88' lang='lat' dir='ltr'><strong>potestate</strong></span> <span class='ocrx_word' id='word_1_417' title='bbox 1490 4965 1614 5033; x_wconf 91' lang='lat' dir='ltr'><strong>quid</strong></span> <span class='ocrx_word' id='word_1_418' title='bbox 1660 4968 1829 5037; x_wconf 88' lang='lat' dir='ltr'><strong>possit</strong></span> <span class='ocrx_word' id='word_1_419' title='bbox 1859 4970 1941 5023; x_wconf 86' lang='lat' dir='ltr'><strong>vel</strong></span> <span class='ocrx_word' id='word_1_420' title='bbox 1986 4970 2162 5027; x_wconf 80' lang='lat' dir='ltr'><strong>facere</strong></span> 
     </span>
    </p>
   </div>
   <div class='ocr_carea' id='block_1_52' title="bbox 571 5053 2163 5127">
    <p class='ocr_par' dir='ltr' id='par_1_52' title="bbox 571 5053 2163 5127">
     <span class='ocr_line' id='line_1_52' title="bbox 571 5053 2163 5127; baseline 0.005 -19"><span class='ocrx_word' id='word_1_421' title='bbox 571 5056 818 5122; x_wconf 90' lang='lat' dir='ltr'><strong>cuiquam</strong></span> <span class='ocrx_word' id='word_1_422' title='bbox 848 5053 930 5108; x_wconf 92' lang='lat' dir='ltr'><strong>vel</strong></span> <span class='ocrx_word' id='word_1_423' title='bbox 957 5069 986 5106; x_wconf 91' lang='lat' dir='ltr'><strong>a</strong></span> <span class='ocrx_word' id='word_1_424' title='bbox 1013 5069 1277 5124; x_wconf 88' lang='lat' dir='ltr'><strong>quoquam</strong></span> <span class='ocrx_word' id='word_1_425' title='bbox 1304 5055 1429 5123; x_wconf 91' lang='lat' dir='ltr'><strong>pati.</strong></span> <span class='ocrx_word' id='word_1_426' title='bbox 1466 5053 1598 5109; x_wconf 84' lang='lat' dir='ltr'><strong>Nam</strong></span> <span class='ocrx_word' id='word_1_427' title='bbox 1628 5067 1684 5112; x_wconf 88' lang='lat' dir='ltr'><strong>et</strong></span> <span class='ocrx_word' id='word_1_428' title='bbox 1713 5059 1825 5127; x_wconf 89' lang='lat' dir='ltr'><strong>ipse</strong></span> <span class='ocrx_word' id='word_1_429' title='bbox 1850 5059 2016 5116; x_wconf 90' lang='lat' dir='ltr'><strong>Filius</strong></span> <span class='ocrx_word' id='word_1_430' title='bbox 2042 5064 2163 5115; x_wconf 88' lang='lat' dir='ltr'><strong>uni-</strong></span> 
     </span>
    </p>
   </div>
   <div class='ocr_carea' id='block_1_53' title="bbox 571 5145 2159 5222">
    <p class='ocr_par' dir='ltr' id='par_1_53' title="bbox 571 5145 2159 5222">
     <span class='ocr_line' id='line_1_53' title="bbox 571 5145 2159 5222; baseline 0.006 -25"><span class='ocrx_word' id='word_1_431' title='bbox 571 5158 666 5197; x_wconf 91' lang='lat' dir='ltr'><strong>cus</strong></span> <span class='ocrx_word' id='word_1_432' title='bbox 697 5145 790 5199; x_wconf 87' lang='lat' dir='ltr'><strong>Dei</strong></span> <span class='ocrx_word' id='word_1_433' title='bbox 816 5160 1068 5215; x_wconf 80' lang='lat' dir='ltr'><strong>passurus</strong></span> <span class='ocrx_word' id='word_1_434' title='bbox 1094 5148 1159 5201; x_wconf 90' lang='lat' dir='ltr'><strong>ad</strong></span> <span class='ocrx_word' id='word_1_435' title='bbox 1194 5156 1402 5216; x_wconf 89' lang='lat' dir='ltr'><strong>tempus</strong></span> <span class='ocrx_word' id='word_1_436' title='bbox 1441 5148 1713 5204; x_wconf 88' lang='lat' dir='ltr'><strong>humiliter</strong></span> <span class='ocrx_word' id='word_1_437' title='bbox 1740 5150 1939 5205; x_wconf 89' lang='lat' dir='ltr'><strong>homini</strong></span> <span class='ocrx_word' id='word_1_438' title='bbox 1975 5168 2159 5222; x_wconf 85' lang='lat' dir='ltr'><strong>snper-</strong></span> 
     </span>
    </p>
   </div>
   <div class='ocr_carea' id='block_1_54' title="bbox 572 5233 2160 5312">
    <p class='ocr_par' dir='ltr' id='par_1_54' title="bbox 572 5233 2160 5312">
     <span class='ocr_line' id='line_1_54' title="bbox 572 5233 2160 5312; baseline 0.009 -23"><span class='ocrx_word' id='word_1_439' title='bbox 572 5233 641 5289; x_wconf 87' lang='lat' dir='ltr'><strong>be</strong></span> <span class='ocrx_word' id='word_1_440' title='bbox 684 5235 921 5304; x_wconf 86' lang='lat' dir='ltr'><strong>loquenti</strong></span> <span class='ocrx_word' id='word_1_441' title='bbox 957 5248 1010 5292; x_wconf 90' lang='lat' dir='ltr'><strong>et</strong></span> <span class='ocrx_word' id='word_1_442' title='bbox 1039 5240 1232 5295; x_wconf 90' lang='lat' dir='ltr'><strong>dicenti</strong></span> <span class='ocrx_word' id='word_1_443' title='bbox 1259 5242 1397 5311; x_wconf 91' lang='lat' dir='ltr'><strong>quod</strong></span> <span class='ocrx_word' id='word_1_444' title='bbox 1422 5251 1737 5312; x_wconf 88' lang='lat' dir='ltr'><strong>potestatem</strong></span> <span class='ocrx_word' id='word_1_445' title='bbox 1766 5244 1983 5301; x_wconf 87' lang='lat' dir='ltr'><strong>haberet</strong></span> <span class='ocrx_word' id='word_1_446' title='bbox 2018 5250 2160 5302; x_wconf 77' lang='lat' dir='ltr'><strong>occi-</strong></span> 
     </span>
    </p>
   </div>
   <div class='ocr_carea' id='block_1_55' title="bbox 574 5326 2158 5409">
    <p class='ocr_par' dir='ltr' id='par_1_55' title="bbox 574 5326 2158 5409">
     <span class='ocr_line' id='line_1_55' title="bbox 574 5326 2158 5409; baseline 0.009 -30"><span class='ocrx_word' id='word_1_447' title='bbox 574 5326 738 5380; x_wconf 88' lang='lat' dir='ltr'><strong>dendi</strong></span> <span class='ocrx_word' id='word_1_448' title='bbox 787 5340 907 5380; x_wconf 90' lang='lat' dir='ltr'><strong>eum</strong></span> <span class='ocrx_word' id='word_1_449' title='bbox 933 5330 1015 5384; x_wconf 90' lang='lat' dir='ltr'><strong>vel</strong></span> <span class='ocrx_word' id='word_1_450' title='bbox 1043 5330 1337 5387; x_wconf 90' lang='lat' dir='ltr'><strong>dimittendi</strong></span> <span class='ocrx_word' id='word_1_451' title='bbox 1370 5352 1382 5388; x_wconf 89' lang='lat'>:</span> <span class='ocrx_word' id='word_1_452' title='bbox 1416 5334 1537 5388; x_wconf 86' lang='lat' dir='ltr'><strong>Non</strong></span> <span class='ocrx_word' id='word_1_453' title='bbox 1577 5336 1820 5403; x_wconf 82' lang='lat' dir='ltr'><strong>haberes,</strong></span> <span class='ocrx_word' id='word_1_454' title='bbox 1874 5338 2076 5409; x_wconf 90' lang='lat' dir='ltr'><strong>inquit,</strong></span> <span class='ocrx_word' id='word_1_455' title='bbox 2105 5342 2158 5393; x_wconf 90' lang='lat' dir='ltr'><strong>in</strong></span> 
     </span>
    </p>
   </div>
   <div class='ocr_carea' id='block_1_56' title="bbox 574 5422 2153 5502">
    <p class='ocr_par' dir='ltr' id='par_1_56' title="bbox 574 5422 2153 5502">
     <span class='ocr_line' id='line_1_56' title="bbox 574 5422 2153 5502; baseline 0.01 -32"><span class='ocrx_word' id='word_1_456' title='bbox 574 5436 653 5471; x_wconf 86' lang='lat' dir='ltr'><strong>me</strong></span> <span class='ocrx_word' id='word_1_457' title='bbox 682 5428 1007 5487; x_wconf 82' lang='lat' dir='ltr'><strong>potestatem,</strong></span> <span class='ocrx_word' id='word_1_458' title='bbox 1049 5422 1147 5475; x_wconf 85' lang='lat' dir='ltr'><strong>nisi</strong></span> <span class='ocrx_word' id='word_1_459' title='bbox 1174 5424 1292 5477; x_wconf 88' lang='lat' dir='ltr'><strong>data</strong></span> <span class='ocrx_word' id='word_1_460' title='bbox 1317 5426 1405 5478; x_wconf 85' lang='lat' dir='ltr'><strong>tibi</strong></span> <span class='ocrx_word' id='word_1_461' title='bbox 1429 5438 1553 5481; x_wconf 82' lang='lat' dir='ltr'><strong>esset</strong></span> <span class='ocrx_word' id='word_1_462' title='bbox 1582 5429 1795 5499; x_wconf 83' lang='lat' dir='ltr'><strong>desuper</strong></span> <span class='ocrx_word' id='word_1_463' title='bbox 1824 5430 1998 5502; x_wconf 85' lang='lat' dir='ltr'><strong>(Joan.</strong></span> <span class='ocrx_word' id='word_1_464' title='bbox 2031 5450 2115 5486; x_wconf 76' lang='lat' dir='ltr'><strong>xix</strong></span> <span class='ocrx_word' id='word_1_465' title='bbox 2138 5475 2153 5499; x_wconf 90' lang='lat'><strong>,</strong></span> 
     </span>
    </p>
   </div>
   <div class='ocr_carea' id='block_1_57' title="bbox 576 5509 2154 5591">
    <p class='ocr_par' dir='ltr' id='par_1_57' title="bbox 576 5509 2154 5591">
     <span class='ocr_line' id='line_1_57' title="bbox 576 5509 2154 5591; baseline 0.01 -26"><span class='ocrx_word' id='word_1_466' title='bbox 576 5512 690 5579; x_wconf 77' lang='grc'><strong>11).</strong></span> <span class='ocrx_word' id='word_1_467' title='bbox 720 5509 970 5564; x_wconf 89' lang='lat' dir='ltr'><strong>Diabolus</strong></span> <span class='ocrx_word' id='word_1_468' title='bbox 995 5514 1153 5566; x_wconf 90' lang='lat' dir='ltr'><strong>etiam</strong></span> <span class='ocrx_word' id='word_1_469' title='bbox 1183 5515 1365 5570; x_wconf 89' lang='lat' dir='ltr'><strong>volens</strong></span> <span class='ocrx_word' id='word_1_470' title='bbox 1388 5533 1581 5575; x_wconf 90' lang='lat' dir='ltr'><strong>nocere</strong></span> <span class='ocrx_word' id='word_1_471' title='bbox 1602 5522 1746 5591; x_wconf 88' lang='lat' dir='ltr'><strong>justo</strong></span> <span class='ocrx_word' id='word_1_472' title='bbox 1774 5526 1890 5582; x_wconf 90' lang='lat' dir='ltr'><strong>viro</strong></span> <span class='ocrx_word' id='word_1_473' title='bbox 1912 5526 2029 5591; x_wconf 84' lang='lat' dir='ltr'><strong>Job,</strong></span> <span class='ocrx_word' id='word_1_474' title='bbox 2056 5543 2154 5581; x_wconf 85' lang='lat' dir='ltr'><strong>no-</strong></span> 
     </span>
    </p>
   </div>
   <div class='ocr_carea' id='block_1_58' title="bbox 645 5620 1719 5697">
    <p class='ocr_par' dir='ltr' id='par_1_58' title="bbox 645 5620 1719 5697">
     <span class='ocr_line' id='line_1_58' title="bbox 645 5620 1719 5697; baseline 0.018 -32"><span class='ocrx_word' id='word_1_475' title='bbox 645 5625 659 5697; x_wconf 58' lang='lat'>:</span> <span class='ocrx_word' id='word_1_476' title='bbox 690 5620 1098 5697; x_wconf 30' lang='lat' dir='ltr'><strong>tqianti‘qttissimp</strong></span> <span class='ocrx_word' id='word_1_477' title='bbox 1120 5626 1398 5697; x_wconf 73' lang='lat' dir='ltr'><strong>Corbeieusi</strong></span> <span class='ocrx_word' id='word_1_478' title='bbox 1421 5639 1521 5691; x_wconf 72' lang='lat' dir='ltr'><strong>Ms,</strong></span> <span class='ocrx_word' id='word_1_479' title='bbox 1537 5641 1583 5684; x_wconf 86' lang='lat' dir='ltr'><strong>et</strong></span> <span class='ocrx_word' id='word_1_480' title='bbox 1603 5637 1719 5697; x_wconf 76' lang='lat' dir='ltr'><strong>fors.</strong></span> 
     </span>
    </p>
   </div>
   <div class='ocr_carea' id='block_1_59' title="bbox 640 5680 1330 5743">
    <p class='ocr_par' dir='ltr' id='par_1_59' title="bbox 640 5680 1330 5743">
     <span class='ocr_line' id='line_1_59' title="bbox 640 5680 1330 5743; baseline 0.014 -14"><span class='ocrx_word' id='word_1_481' title='bbox 640 5685 659 5715; x_wconf 81' lang='grc'><strong><em>³</em></strong></span> <span class='ocrx_word' id='word_1_482' title='bbox 690 5680 879 5742; x_wconf 73' lang='lat' dir='ltr'><strong>Aliquot</strong></span> <span class='ocrx_word' id='word_1_483' title='bbox 887 5680 1025 5743; x_wconf 45' lang='lat' dir='ltr'><strong>_Mss.,</strong></span> <span class='ocrx_word' id='word_1_484' title='bbox 1053 5686 1330 5739; x_wconf 84' lang='lat' dir='ltr'><strong>immundis.</strong></span> 
     </span>
    </p>
   </div>
   <div class='ocr_carea' id='block_1_60' title="bbox 576 5746 2153 5856">
    <p class='ocr_par' dir='ltr' id='par_1_60' title="bbox 576 5746 2153 5856">
     <span class='ocr_line' id='line_1_60' title="bbox 576 5746 2153 5856; baseline 0.018 -68"><span class='ocrx_word' id='word_1_485' title='bbox 576 5746 667 5856; x_wconf 50' lang='lat'><strong>“8;</strong></span> <span class='ocrx_word' id='word_1_486' title='bbox 690 5750 832 5802; x_wconf 82' lang='lat' dir='ltr'><strong>t.ov.,</strong></span> <span class='ocrx_word' id='word_1_487' title='bbox 865 5746 1067 5805; x_wconf 82' lang='lat' dir='ltr'><strong>Spiritus</strong></span> <span class='ocrx_word' id='word_1_488' title='bbox 1116 5749 1321 5801; x_wconf 86' lang='lat' dir='ltr'><strong>Domini.</strong></span> <span class='ocrx_word' id='word_1_489' title='bbox 1369 5753 1545 5815; x_wconf 80' lang='lat' dir='ltr'><strong>Abest,</strong></span> <span class='ocrx_word' id='word_1_490' title='bbox 1593 5760 1807 5820; x_wconf 81' lang='lat' dir='ltr'><strong>Domini,</strong></span> <span class='ocrx_word' id='word_1_491' title='bbox 1844 5765 1905 5812; x_wconf 88' lang='lat' dir='ltr'><strong>ab</strong></span> <span class='ocrx_word' id='word_1_492' title='bbox 1938 5770 2007 5813; x_wconf 78' lang='lat' dir='ltr'><strong>Er.</strong></span> <span class='ocrx_word' id='word_1_493' title='bbox 2047 5776 2094 5815; x_wconf 88' lang='lat' dir='ltr'><strong>et</strong></span> <span class='ocrx_word' id='word_1_494' title='bbox 2129 5780 2153 5817; x_wconf 78' lang='lat' dir='ltr'><strong>a</strong></span> 
     </span>
    </p>
   </div>
   <div class='ocr_carea' id='block_1_61' title="bbox 1168 355 3355 433">
    <p class='ocr_par' dir='ltr' id='par_1_61' title="bbox 1168 355 3355 433">
     <span class='ocr_line' id='line_1_61' title="bbox 1168 355 3355 433; baseline 0.003 -15"><span class='ocrx_word' id='word_1_495' title='bbox 1168 364 1253 418; x_wconf 83' lang='lat' dir='ltr'><strong>DE</strong></span> <span class='ocrx_word' id='word_1_496' title='bbox 1294 360 1603 418; x_wconf 81' lang='lat' dir='ltr'><strong>DIVERSIS</strong></span> <span class='ocrx_word' id='word_1_497' title='bbox 1641 356 2157 427; x_wconf 65' lang='lat' dir='ltr'><strong>QUASSTIONIBUS</strong></span> <span class='ocrx_word' id='word_1_498' title='bbox 2196 355 2289 412; x_wconf 85' lang='lat' dir='ltr'><strong>AD</strong></span> <span class='ocrx_word' id='word_1_499' title='bbox 2325 356 2827 433; x_wconf 68' lang='lat' dir='ltr'><strong>SlllPLlCIANUM,</strong></span> <span class='ocrx_word' id='word_1_500' title='bbox 2887 365 2944 422; x_wconf 87' lang='lat' dir='ltr'><strong>S.</strong></span> <span class='ocrx_word' id='word_1_501' title='bbox 2988 364 3355 425; x_wconf 82' lang='lat' dir='ltr'><strong>AUGUSTINI</strong></span> 
     </span>
    </p>
   </div>
   <div class='ocr_carea' id='block_1_62' title="bbox 3798 370 3893 428">
    <p class='ocr_par' dir='ltr' id='par_1_62' title="bbox 3798 370 3893 428">
     <span class='ocr_line' id='line_1_62' title="bbox 3798 370 3893 428; baseline 0.021 -2"><span class='ocrx_word' id='word_1_502' title='bbox 3798 370 3893 428; x_wconf 66' lang='grc'><strong>159</strong></span> 
     </span>
    </p>
   </div>
   <div class='ocr_carea' id='block_1_63' title="bbox 2302 475 3890 547">
    <p class='ocr_par' dir='ltr' id='par_1_63' title="bbox 2302 475 3890 547">
     <span class='ocr_line' id='line_1_63' title="bbox 2302 475 3890 547; baseline 0.008 -20"><span class='ocrx_word' id='word_1_503' title='bbox 2302 475 2455 529; x_wconf 87' lang='lat' dir='ltr'><strong>cendi</strong></span> <span class='ocrx_word' id='word_1_504' title='bbox 2501 477 2715 547; x_wconf 90' lang='lat' dir='ltr'><strong>quidem</strong></span> <span class='ocrx_word' id='word_1_505' title='bbox 2765 480 3012 535; x_wconf 85' lang='lat' dir='ltr'><strong>voluntas</strong></span> <span class='ocrx_word' id='word_1_506' title='bbox 3050 480 3263 537; x_wconf 88' lang='lat' dir='ltr'><strong>diabolo</strong></span> <span class='ocrx_word' id='word_1_507' title='bbox 3303 484 3486 547; x_wconf 52' lang='lat' dir='ltr'><strong>erat-3</strong></span> <span class='ocrx_word' id='word_1_508' title='bbox 3516 482 3611 537; x_wconf 86' lang='lat' dir='ltr'><strong>sed</strong></span> <span class='ocrx_word' id='word_1_509' title='bbox 3658 491 3890 540; x_wconf 86' lang='lat' dir='ltr'><strong>tamens</strong></span> 
     </span>
    </p>
   </div>
   <div class='ocr_carea' id='block_1_64' title="bbox 2298 567 3890 643">
    <p class='ocr_par' dir='ltr' id='par_1_64' title="bbox 2298 567 3890 643">
     <span class='ocr_line' id='line_1_64' title="bbox 2298 567 3890 643; baseline 0.008 -23"><span class='ocrx_word' id='word_1_510' title='bbox 2298 567 2524 623; x_wconf 89' lang='lat' dir='ltr'><strong>Domino</strong></span> <span class='ocrx_word' id='word_1_511' title='bbox 2552 570 2661 626; x_wconf 89' lang='lat' dir='ltr'><strong>Deo</strong></span> <span class='ocrx_word' id='word_1_512' title='bbox 2700 580 3017 640; x_wconf 90' lang='lat' dir='ltr'><strong>potestatem</strong></span> <span class='ocrx_word' id='word_1_513' title='bbox 3064 575 3307 643; x_wconf 88' lang='lat' dir='ltr'><strong>petebat,</strong></span> <span class='ocrx_word' id='word_1_514' title='bbox 3343 575 3559 641; x_wconf 90' lang='lat' dir='ltr'><strong>dicens,</strong></span> <span class='ocrx_word' id='word_1_515' title='bbox 3592 577 3739 632; x_wconf 76' lang='lat' dir='ltr'><strong>Mitte</strong></span> <span class='ocrx_word' id='word_1_516' title='bbox 3781 595 3890 632; x_wconf 81' lang='lat' dir='ltr'><strong>ma-</strong></span> 
     </span>
    </p>
   </div>
   <div class='ocr_carea' id='block_1_65' title="bbox 2297 667 3889 740">
    <p class='ocr_par' dir='ltr' id='par_1_65' title="bbox 2297 667 3889 740">
     <span class='ocr_line' id='line_1_65' title="bbox 2297 667 3889 740; baseline 0.009 -28"><span class='ocrx_word' id='word_1_517' title='bbox 2297 676 2415 713; x_wconf 89' lang='lat' dir='ltr'><strong>num</strong></span> <span class='ocrx_word' id='word_1_518' title='bbox 2446 670 2583 715; x_wconf 88' lang='lat' dir='ltr'><strong>tuam</strong></span> <span class='ocrx_word' id='word_1_519' title='bbox 2606 704 2621 728; x_wconf 93' lang='lat'><strong>,</strong></span> <span class='ocrx_word' id='word_1_520' title='bbox 2653 675 2700 717; x_wconf 88' lang='lat' dir='ltr'><strong>et</strong></span> <span class='ocrx_word' id='word_1_521' title='bbox 2728 674 2875 735; x_wconf 86' lang='lat' dir='ltr'><strong>tange</strong></span> <span class='ocrx_word' id='word_1_522' title='bbox 2896 683 3097 719; x_wconf 89' lang='lat' dir='ltr'><strong>carnem</strong></span> <span class='ocrx_word' id='word_1_523' title='bbox 3122 668 3231 737; x_wconf 84' lang='lat' dir='ltr'><strong>ejus</strong></span> <span class='ocrx_word' id='word_1_524' title='bbox 3258 667 3379 740; x_wconf 84' lang='lat' dir='ltr'><strong>(Job</strong></span> <span class='ocrx_word' id='word_1_525' title='bbox 3410 685 3444 723; x_wconf 89' lang='grc' dir='ltr'><strong>ιι</strong></span> <span class='ocrx_word' id='word_1_526' title='bbox 3465 710 3480 735; x_wconf 86' lang='grc'>,</span> <span class='ocrx_word' id='word_1_527' title='bbox 3508 669 3563 739; x_wconf 81' lang='lat'><strong>5)</strong></span> <span class='ocrx_word' id='word_1_528' title='bbox 3602 688 3615 724; x_wconf 91' lang='lat'><strong>:</strong></span> <span class='ocrx_word' id='word_1_529' title='bbox 3649 670 3889 739; x_wconf 90' lang='lat' dir='ltr'><strong>quamvis</strong></span> 
     </span>
    </p>
   </div>
   <div class='ocr_carea' id='block_1_66' title="bbox 2296 748 3885 828">
    <p class='ocr_par' dir='ltr' id='par_1_66' title="bbox 2296 748 3885 828">
     <span class='ocr_line' id='line_1_66' title="bbox 2296 748 3885 828; baseline 0.006 -25"><span class='ocrx_word' id='word_1_530' title='bbox 2296 748 2398 805; x_wconf 89' lang='lat' dir='ltr'><strong>hoc</strong></span> <span class='ocrx_word' id='word_1_531' title='bbox 2448 761 2626 818; x_wconf 89' lang='lat' dir='ltr'><strong>esset,</strong></span> <span class='ocrx_word' id='word_1_532' title='bbox 2673 754 2719 808; x_wconf 90' lang='lat' dir='ltr'><strong>si</strong></span> <span class='ocrx_word' id='word_1_533' title='bbox 2768 755 3198 823; x_wconf 88' lang='lat' dir='ltr'><strong>permitteretur,</strong></span> <span class='ocrx_word' id='word_1_534' title='bbox 3248 758 3361 826; x_wconf 90' lang='lat' dir='ltr'><strong>ipse</strong></span> <span class='ocrx_word' id='word_1_535' title='bbox 3409 757 3667 814; x_wconf 79' lang='lat' dir='ltr'><strong>facturus.</strong></span> <span class='ocrx_word' id='word_1_536' title='bbox 3718 758 3885 828; x_wconf 89' lang='lat' dir='ltr'><strong>Ipsam</strong></span> 
     </span>
    </p>
   </div>
   <div class='ocr_carea' id='block_1_67' title="bbox 2293 843 3886 914">
    <p class='ocr_par' dir='ltr' id='par_1_67' title="bbox 2293 843 3886 914">
     <span class='ocr_line' id='line_1_67' title="bbox 2293 843 3886 914; baseline 0.004 -19"><span class='ocrx_word' id='word_1_537' title='bbox 2293 843 2432 895; x_wconf 90' lang='lat' dir='ltr'><strong>enim</strong></span> <span class='ocrx_word' id='word_1_538' title='bbox 2475 844 2876 912; x_wconf 89' lang='lat' dir='ltr'><strong>permissionem</strong></span> <span class='ocrx_word' id='word_1_539' title='bbox 2919 846 3133 914; x_wconf 85' lang='lat' dir='ltr'><strong>petebat</strong></span> <span class='ocrx_word' id='word_1_540' title='bbox 3173 846 3275 902; x_wconf 91' lang='lat' dir='ltr'><strong>hoc</strong></span> <span class='ocrx_word' id='word_1_541' title='bbox 3322 848 3514 911; x_wconf 90' lang='lat' dir='ltr'><strong>modo,</strong></span> <span class='ocrx_word' id='word_1_542' title='bbox 3571 858 3626 902; x_wconf 92' lang='lat' dir='ltr'><strong>et</strong></span> <span class='ocrx_word' id='word_1_543' title='bbox 3671 864 3886 903; x_wconf 89' lang='lat' dir='ltr'><strong>manum</strong></span> 
     </span>
    </p>
   </div>
   <div class='ocr_carea' id='block_1_68' title="bbox 2292 933 3884 1007">
    <p class='ocr_par' dir='ltr' id='par_1_68' title="bbox 2292 933 3884 1007">
     <span class='ocr_line' id='line_1_68' title="bbox 2292 933 3884 1007; baseline 0.004 -20"><span class='ocrx_word' id='word_1_544' title='bbox 2292 933 2502 988; x_wconf 90' lang='lat' dir='ltr'><strong>Domini</strong></span> <span class='ocrx_word' id='word_1_545' title='bbox 2556 937 2859 1005; x_wconf 84' lang='lat' dir='ltr'><strong>appellabat</strong></span> <span class='ocrx_word' id='word_1_546' title='bbox 2918 939 3231 1007; x_wconf 85' lang='lat' dir='ltr'><strong>permissam</strong></span> <span class='ocrx_word' id='word_1_547' title='bbox 3285 955 3316 994; x_wconf 87' lang='lat' dir='ltr'><strong>a</strong></span> <span class='ocrx_word' id='word_1_548' title='bbox 3381 940 3611 995; x_wconf 90' lang='lat' dir='ltr'><strong>Domino</strong></span> <span class='ocrx_word' id='word_1_549' title='bbox 3668 956 3884 995; x_wconf 89' lang='lat' dir='ltr'><strong>manum</strong></span> 
     </span>
    </p>
   </div>
   <div class='ocr_carea' id='block_1_69' title="bbox 2290 1025 3884 1100">
    <p class='ocr_par' dir='ltr' id='par_1_69' title="bbox 2290 1025 3884 1100">
     <span class='ocr_line' id='line_1_69' title="bbox 2290 1025 3884 1100; baseline 0.005 -23"><span class='ocrx_word' id='word_1_550' title='bbox 2290 1037 2471 1085; x_wconf 86' lang='lat' dir='ltr'><strong>suam.</strong></span> <span class='ocrx_word' id='word_1_551' title='bbox 2502 1025 2554 1079; x_wconf 92' lang='lat' dir='ltr'><strong>id</strong></span> <span class='ocrx_word' id='word_1_552' title='bbox 2578 1036 2693 1092; x_wconf 83' lang='lat' dir='ltr'><strong>est,</strong></span> <span class='ocrx_word' id='word_1_553' title='bbox 2729 1027 2897 1096; x_wconf 89' lang='lat' dir='ltr'><strong>ipsam</strong></span> <span class='ocrx_word' id='word_1_554' title='bbox 2926 1038 3242 1096; x_wconf 86' lang='lat' dir='ltr'><strong>potestatem</strong></span> <span class='ocrx_word' id='word_1_555' title='bbox 3268 1046 3427 1100; x_wconf 90' lang='lat' dir='ltr'><strong>quam</strong></span> <span class='ocrx_word' id='word_1_556' title='bbox 3473 1031 3689 1086; x_wconf 90' lang='lat' dir='ltr'><strong>volebat</strong></span> <span class='ocrx_word' id='word_1_557' title='bbox 3743 1033 3884 1085; x_wconf 86' lang='lat' dir='ltr'><strong>acci-</strong></span> 
     </span>
    </p>
   </div>
   <div class='ocr_carea' id='block_1_70' title="bbox 2291 1117 3883 1194">
    <p class='ocr_par' dir='ltr' id='par_1_70' title="bbox 2291 1117 3883 1194">
     <span class='ocr_line' id='line_1_70' title="bbox 2291 1117 3883 1194; baseline 0.006 -24"><span class='ocrx_word' id='word_1_558' title='bbox 2291 1132 2436 1186; x_wconf 89' lang='lat' dir='ltr'><strong>pere.</strong></span> <span class='ocrx_word' id='word_1_559' title='bbox 2460 1117 2556 1171; x_wconf 90' lang='lat' dir='ltr'><strong>Cui</strong></span> <span class='ocrx_word' id='word_1_560' title='bbox 2587 1122 2832 1189; x_wconf 90' lang='lat' dir='ltr'><strong>congruit</strong></span> <span class='ocrx_word' id='word_1_561' title='bbox 2856 1121 2983 1174; x_wconf 90' lang='lat' dir='ltr'><strong>illud</strong></span> <span class='ocrx_word' id='word_1_562' title='bbox 3016 1123 3064 1175; x_wconf 92' lang='lat' dir='ltr'><strong>in</strong></span> <span class='ocrx_word' id='word_1_563' title='bbox 3097 1123 3417 1192; x_wconf 88' lang='lat' dir='ltr'><strong>Evangelio,</strong></span> <span class='ocrx_word' id='word_1_564' title='bbox 3450 1124 3592 1194; x_wconf 86' lang='lat' dir='ltr'><strong>quod</strong></span> <span class='ocrx_word' id='word_1_565' title='bbox 3626 1126 3883 1180; x_wconf 90' lang='lat' dir='ltr'><strong>Dominus</strong></span> 
     </span>
    </p>
   </div>
   <div class='ocr_carea' id='block_1_71' title="bbox 2288 1210 3883 1283">
    <p class='ocr_par' dir='ltr' id='par_1_71' title="bbox 2288 1210 3883 1283">
     <span class='ocr_line' id='line_1_71' title="bbox 2288 1210 3883 1283; baseline 0.005 -20"><span class='ocrx_word' id='word_1_566' title='bbox 2288 1210 2563 1279; x_wconf 86' lang='lat' dir='ltr'><strong>discipulis</strong></span> <span class='ocrx_word' id='word_1_567' title='bbox 2591 1212 2700 1275; x_wconf 91' lang='lat' dir='ltr'><strong>ait,</strong></span> <span class='ocrx_word' id='word_1_568' title='bbox 2738 1211 2852 1265; x_wconf 81' lang='lat' dir='ltr'><strong>Hac</strong></span> <span class='ocrx_word' id='word_1_569' title='bbox 2881 1224 3026 1266; x_wconf 89' lang='lat' dir='ltr'><strong>nocte</strong></span> <span class='ocrx_word' id='word_1_570' title='bbox 3052 1216 3320 1283; x_wconf 86' lang='lat' dir='ltr'><strong>postulavit</strong></span> <span class='ocrx_word' id='word_1_571' title='bbox 3332 1213 3551 1271; x_wconf 88' lang='lat' dir='ltr'><strong>Satanas</strong></span> <span class='ocrx_word' id='word_1_572' title='bbox 3581 1234 3769 1271; x_wconf 75' lang='lat' dir='ltr'><strong>vexare</strong></span> <span class='ocrx_word' id='word_1_573' title='bbox 3804 1234 3883 1271; x_wconf 80' lang='lat' dir='ltr'><strong>vos</strong></span> 
     </span>
    </p>
   </div>
   <div class='ocr_carea' id='block_1_72' title="bbox 2287 1300 3883 1376">
    <p class='ocr_par' dir='ltr' id='par_1_72' title="bbox 2287 1300 3883 1376">
     <span class='ocr_line' id='line_1_72' title="bbox 2287 1300 3883 1376; baseline 0.004 -22"><span class='ocrx_word' id='word_1_574' title='bbox 2287 1301 2415 1355; x_wconf 86' lang='lat' dir='ltr'><strong>sicut</strong></span> <span class='ocrx_word' id='word_1_575' title='bbox 2444 1302 2663 1355; x_wconf 85' lang='lat' dir='ltr'><strong>triticum</strong></span> <span class='ocrx_word' id='word_1_576' title='bbox 2686 1300 2836 1374; x_wconf 87' lang='lat' dir='ltr'><strong>(Luc.</strong></span> <span class='ocrx_word' id='word_1_577' title='bbox 2866 1319 2977 1357; x_wconf 71' lang='grc' dir='ltr'>χχιι</span> <span class='ocrx_word' id='word_1_578' title='bbox 2997 1345 3011 1369; x_wconf 85' lang='grc'><em>,</em></span> <span class='ocrx_word' id='word_1_579' title='bbox 3042 1304 3157 1373; x_wconf 79' lang='grc'><strong>51).</strong></span> <span class='ocrx_word' id='word_1_580' title='bbox 3192 1305 3373 1359; x_wconf 91' lang='lat' dir='ltr'><strong>Dictus</strong></span> <span class='ocrx_word' id='word_1_581' title='bbox 3402 1315 3486 1359; x_wconf 88' lang='lat' dir='ltr'><strong>est</strong></span> <span class='ocrx_word' id='word_1_582' title='bbox 3510 1322 3638 1376; x_wconf 88' lang='lat' dir='ltr'><strong>ergo</strong></span> <span class='ocrx_word' id='word_1_583' title='bbox 3664 1308 3883 1375; x_wconf 89' lang='lat' dir='ltr'><strong>spiritus</strong></span> 
     </span>
    </p>
   </div>
   <div class='ocr_carea' id='block_1_73' title="bbox 2292 1391 3880 1456">
    <p class='ocr_par' dir='ltr' id='par_1_73' title="bbox 2292 1391 3880 1456">
     <span class='ocr_line' id='line_1_73' title="bbox 2292 1391 3880 1456; baseline 0.004 -11"><span class='ocrx_word' id='word_1_584' title='bbox 2292 1391 2381 1445; x_wconf 91' lang='lat' dir='ltr'><strong>Dei</strong></span> <span class='ocrx_word' id='word_1_585' title='bbox 2419 1392 2627 1456; x_wconf 88' lang='lat' dir='ltr'><strong>malus,</strong></span> <span class='ocrx_word' id='word_1_586' title='bbox 2674 1394 2775 1447; x_wconf 91' lang='lat' dir='ltr'><strong>hoc</strong></span> <span class='ocrx_word' id='word_1_587' title='bbox 2814 1401 2899 1447; x_wconf 92' lang='lat' dir='ltr'><strong>est</strong></span> <span class='ocrx_word' id='word_1_588' title='bbox 2947 1394 3192 1448; x_wconf 89' lang='lat' dir='ltr'><strong>minister</strong></span> <span class='ocrx_word' id='word_1_589' title='bbox 3238 1394 3332 1449; x_wconf 90' lang='lat' dir='ltr'><strong>Dei</strong></span> <span class='ocrx_word' id='word_1_590' title='bbox 3384 1395 3450 1449; x_wconf 90' lang='lat' dir='ltr'><strong>ad</strong></span> <span class='ocrx_word' id='word_1_591' title='bbox 3491 1396 3797 1451; x_wconf 80' lang='lat' dir='ltr'><strong>faciendum</strong></span> <span class='ocrx_word' id='word_1_592' title='bbox 3830 1397 3880 1451; x_wconf 90' lang='lat' dir='ltr'><strong>in</strong></span> 
     </span>
    </p>
   </div>
   <div class='ocr_carea' id='block_1_74' title="bbox 2286 1482 3880 1559">
    <p class='ocr_par' dir='ltr' id='par_1_74' title="bbox 2286 1482 3880 1559">
     <span class='ocr_line' id='line_1_74' title="bbox 2286 1482 3880 1559; baseline 0.004 -22"><span class='ocrx_word' id='word_1_593' title='bbox 2286 1482 2413 1537; x_wconf 88' lang='lat' dir='ltr'><strong>Saul</strong></span> <span class='ocrx_word' id='word_1_594' title='bbox 2436 1485 2456 1515; x_wconf 80' lang='grc'><strong><em>⁸</em></strong></span> <span class='ocrx_word' id='word_1_595' title='bbox 2482 1483 2623 1554; x_wconf 92' lang='lat' dir='ltr'><strong>quod</strong></span> <span class='ocrx_word' id='word_1_596' title='bbox 2663 1500 2783 1538; x_wconf 89' lang='lat' dir='ltr'><strong>eum</strong></span> <span class='ocrx_word' id='word_1_597' title='bbox 2816 1486 2921 1555; x_wconf 88' lang='lat' dir='ltr'><strong>pati</strong></span> <span class='ocrx_word' id='word_1_598' title='bbox 2947 1484 3113 1556; x_wconf 81' lang='lat' dir='ltr'><strong>judex</strong></span> <span class='ocrx_word' id='word_1_599' title='bbox 3145 1488 3698 1556; x_wconf 89' lang='lat' dir='ltr'><strong>omnipotentissimus</strong></span> <span class='ocrx_word' id='word_1_600' title='bbox 3731 1488 3880 1559; x_wconf 83' lang='lat' dir='ltr'><strong>judi-</strong></span> 
     </span>
    </p>
   </div>
   <div class='ocr_carea' id='block_1_75' title="bbox 2284 1574 3881 1649">
    <p class='ocr_par' dir='ltr' id='par_1_75' title="bbox 2284 1574 3881 1649">
     <span class='ocr_line' id='line_1_75' title="bbox 2284 1574 3881 1649; baseline 0.003 -21"><span class='ocrx_word' id='word_1_601' title='bbox 2284 1575 2459 1628; x_wconf 88' lang='lat' dir='ltr'><strong>cabat.</strong></span> <span class='ocrx_word' id='word_1_602' title='bbox 2508 1574 2769 1643; x_wconf 86' lang='lat' dir='ltr'><strong>Quoniam</strong></span> <span class='ocrx_word' id='word_1_603' title='bbox 2821 1576 3041 1646; x_wconf 90' lang='lat' dir='ltr'><strong>spiritus</strong></span> <span class='ocrx_word' id='word_1_604' title='bbox 3098 1577 3186 1632; x_wconf 90' lang='lat' dir='ltr'><strong>ille</strong></span> <span class='ocrx_word' id='word_1_605' title='bbox 3244 1577 3518 1632; x_wconf 84' lang='lat' dir='ltr'><strong>voluntate</strong></span> <span class='ocrx_word' id='word_1_606' title='bbox 3559 1595 3663 1649; x_wconf 87' lang='lat' dir='ltr'><strong>qua</strong></span> <span class='ocrx_word' id='word_1_607' title='bbox 3709 1579 3881 1633; x_wconf 89' lang='lat' dir='ltr'><strong>malus</strong></span> 
     </span>
    </p>
   </div>
   <div class='ocr_carea' id='block_1_76' title="bbox 2283 1667 3877 1739">
    <p class='ocr_par' dir='ltr' id='par_1_76' title="bbox 2283 1667 3877 1739">
     <span class='ocr_line' id='line_1_76' title="bbox 2283 1667 3877 1739; baseline 0.002 -20"><span class='ocrx_word' id='word_1_608' title='bbox 2283 1674 2419 1730; x_wconf 83' lang='lat' dir='ltr'><strong>erat,</strong></span> <span class='ocrx_word' id='word_1_609' title='bbox 2451 1682 2557 1721; x_wconf 94' lang='lat' dir='ltr'><strong>non</strong></span> <span class='ocrx_word' id='word_1_610' title='bbox 2584 1676 2700 1721; x_wconf 87' lang='lat' dir='ltr'><strong>erat</strong></span> <span class='ocrx_word' id='word_1_611' title='bbox 2732 1667 2823 1722; x_wconf 91' lang='lat' dir='ltr'><strong>Dei</strong></span> <span class='ocrx_word' id='word_1_612' title='bbox 2850 1685 2863 1723; x_wconf 90' lang='lat'><strong>:</strong></span> <span class='ocrx_word' id='word_1_613' title='bbox 2893 1677 3137 1723; x_wconf 88' lang='lat' dir='ltr'><strong>creatura</strong></span> <span class='ocrx_word' id='word_1_614' title='bbox 3168 1684 3296 1724; x_wconf 91' lang='lat' dir='ltr'><strong>vero</strong></span> <span class='ocrx_word' id='word_1_615' title='bbox 3325 1685 3429 1739; x_wconf 91' lang='lat' dir='ltr'><strong>qua</strong></span> <span class='ocrx_word' id='word_1_616' title='bbox 3460 1670 3709 1724; x_wconf 91' lang='lat' dir='ltr'><strong>conditus</strong></span> <span class='ocrx_word' id='word_1_617' title='bbox 3740 1682 3877 1733; x_wconf 87' lang='lat' dir='ltr'><strong>erat,</strong></span> 
     </span>
    </p>
   </div>
   <div class='ocr_carea' id='block_1_77' title="bbox 2283 1760 3876 1831">
    <p class='ocr_par' dir='ltr' id='par_1_77' title="bbox 2283 1760 3876 1831">
     <span class='ocr_line' id='line_1_77' title="bbox 2283 1760 3876 1831; baseline 0.003 -19"><span class='ocrx_word' id='word_1_618' title='bbox 2283 1768 2338 1813; x_wconf 91' lang='lat' dir='ltr'><strong>et</strong></span> <span class='ocrx_word' id='word_1_619' title='bbox 2389 1767 2649 1828; x_wconf 90' lang='lat' dir='ltr'><strong>potestate</strong></span> <span class='ocrx_word' id='word_1_620' title='bbox 2693 1775 2853 1831; x_wconf 89' lang='lat' dir='ltr'><strong>quam</strong></span> <span class='ocrx_word' id='word_1_621' title='bbox 2911 1774 3019 1815; x_wconf 92' lang='lat' dir='ltr'><strong>non</strong></span> <span class='ocrx_word' id='word_1_622' title='bbox 3064 1777 3192 1828; x_wconf 91' lang='lat' dir='ltr'><strong>sua,</strong></span> <span class='ocrx_word' id='word_1_623' title='bbox 3240 1760 3336 1817; x_wconf 88' lang='lat' dir='ltr'><strong>sed</strong></span> <span class='ocrx_word' id='word_1_624' title='bbox 3385 1762 3594 1817; x_wconf 90' lang='lat' dir='ltr'><strong>Domini</strong></span> <span class='ocrx_word' id='word_1_625' title='bbox 3635 1764 3876 1817; x_wconf 90' lang='lat' dir='ltr'><strong>omnium</strong></span> 
     </span>
    </p>
   </div>
   <div class='ocr_carea' id='block_1_78' title="bbox 2283 1851 3877 1922">
    <p class='ocr_par' dir='ltr' id='par_1_78' title="bbox 2283 1851 3877 1922">
     <span class='ocr_line' id='line_1_78' title="bbox 2283 1851 3877 1922; baseline 0.001 -17"><span class='ocrx_word' id='word_1_626' title='bbox 2283 1851 2531 1922; x_wconf 79' lang='lat' dir='ltr'><strong>a:quitate</strong></span> <span class='ocrx_word' id='word_1_627' title='bbox 2563 1860 2876 1921; x_wconf 87' lang='lat' dir='ltr'><strong>acceperat,</strong></span> <span class='ocrx_word' id='word_1_628' title='bbox 2910 1852 3001 1907; x_wconf 89' lang='lat' dir='ltr'><strong>Dei</strong></span> <span class='ocrx_word' id='word_1_629' title='bbox 3034 1860 3169 1907; x_wconf 89' lang='lat' dir='ltr'><strong>erat.</strong></span> <span class='ocrx_word' id='word_1_630' title='bbox 3196 1852 3368 1908; x_wconf 85' lang='lat' dir='ltr'><strong>Verba</strong></span> <span class='ocrx_word' id='word_1_631' title='bbox 3394 1853 3555 1908; x_wconf 89' lang='lat' dir='ltr'><strong>etiam</strong></span> <span class='ocrx_word' id='word_1_632' title='bbox 3585 1854 3695 1922; x_wconf 89' lang='lat' dir='ltr'><strong>ipsa</strong></span> <span class='ocrx_word' id='word_1_633' title='bbox 3730 1853 3877 1908; x_wconf 82' lang='lat' dir='ltr'><strong>Scri-</strong></span> 
     </span>
    </p>
   </div>
   <div class='ocr_carea' id='block_1_79' title="bbox 2284 1943 3871 2014">
    <p class='ocr_par' dir='ltr' id='par_1_79' title="bbox 2284 1943 3871 2014">
     <span class='ocr_line' id='line_1_79' title="bbox 2284 1943 3871 2014; baseline 0.001 -18"><span class='ocrx_word' id='word_1_634' title='bbox 2284 1953 2556 2012; x_wconf 86' lang='lat' dir='ltr'><strong>pturarum</strong></span> <span class='ocrx_word' id='word_1_635' title='bbox 2582 1944 2652 1998; x_wconf 87' lang='lat' dir='ltr'><strong>ita</strong></span> <span class='ocrx_word' id='word_1_636' title='bbox 2675 1958 2734 1998; x_wconf 90' lang='lat' dir='ltr'><strong>se</strong></span> <span class='ocrx_word' id='word_1_637' title='bbox 2761 1943 2959 1998; x_wconf 88' lang='lat' dir='ltr'><strong>habent</strong></span> <span class='ocrx_word' id='word_1_638' title='bbox 2989 1962 3001 1996; x_wconf 93' lang='lat'><strong>:</strong></span> <span class='ocrx_word' id='word_1_639' title='bbox 3032 1943 3099 1996; x_wconf 83' lang='lat' dir='ltr'><strong>Et</strong></span> <span class='ocrx_word' id='word_1_640' title='bbox 3121 1944 3372 2014; x_wconf 74' lang='lat' dir='ltr'><strong>perrexit,</strong></span> <span class='ocrx_word' id='word_1_641' title='bbox 3398 1946 3587 2013; x_wconf 90' lang='lat' dir='ltr'><strong>inquit,</strong></span> <span class='ocrx_word' id='word_1_642' title='bbox 3639 1946 3871 2006; x_wconf 83' lang='lat' dir='ltr'><strong>Samuel.</strong></span> 
     </span>
    </p>
   </div>
   <div class='ocr_carea' id='block_1_80' title="bbox 2281 2033 3873 2105">
    <p class='ocr_par' dir='ltr' id='par_1_80' title="bbox 2281 2033 3873 2105">
     <span class='ocr_line' id='line_1_80' title="bbox 2281 2033 3873 2105; baseline -0.001 -17"><span class='ocrx_word' id='word_1_643' title='bbox 2281 2044 2329 2088; x_wconf 89' lang='lat' dir='ltr'><strong>et</strong></span> <span class='ocrx_word' id='word_1_644' title='bbox 2353 2036 2473 2089; x_wconf 88' lang='lat' dir='ltr'><strong>abiit</strong></span> <span class='ocrx_word' id='word_1_645' title='bbox 2501 2036 2553 2089; x_wconf 86' lang='lat' dir='ltr'><strong>in</strong></span> <span class='ocrx_word' id='word_1_646' title='bbox 2581 2035 2871 2101; x_wconf 85' lang='lat' dir='ltr'><strong>Ramatha;</strong></span> <span class='ocrx_word' id='word_1_647' title='bbox 2898 2044 2944 2088; x_wconf 89' lang='lat' dir='ltr'><strong>et</strong></span> <span class='ocrx_word' id='word_1_648' title='bbox 2970 2036 3184 2105; x_wconf 84' lang='lat' dir='ltr'><strong>spiritus</strong></span> <span class='ocrx_word' id='word_1_649' title='bbox 3215 2033 3421 2088; x_wconf 89' lang='lat' dir='ltr'><strong>Domini</strong></span> <span class='ocrx_word' id='word_1_650' title='bbox 3446 2036 3647 2089; x_wconf 85' lang='lat' dir='ltr'><strong>recessit</strong></span> <span class='ocrx_word' id='word_1_651' title='bbox 3664 2052 3696 2088; x_wconf 91' lang='lat' dir='ltr'><strong>a</strong></span> <span class='ocrx_word' id='word_1_652' title='bbox 3722 2034 3873 2095; x_wconf 88' lang='lat' dir='ltr'><strong>Saul,</strong></span> 
     </span>
    </p>
   </div>
   <div class='ocr_carea' id='block_1_81' title="bbox 2281 2123 3879 2197">
    <p class='ocr_par' dir='ltr' id='par_1_81' title="bbox 2281 2123 3879 2197">
     <span class='ocr_line' id='line_1_81' title="bbox 2281 2123 3879 2197; baseline -0.001 -18"><span class='ocrx_word' id='word_1_653' title='bbox 2281 2135 2329 2179; x_wconf 89' lang='lat' dir='ltr'><strong>et</strong></span> <span class='ocrx_word' id='word_1_654' title='bbox 2365 2126 2742 2197; x_wconf 81' lang='lat' dir='ltr'><strong>comprehendit</strong></span> <span class='ocrx_word' id='word_1_655' title='bbox 2769 2142 2887 2180; x_wconf 89' lang='lat' dir='ltr'><strong>eum</strong></span> <span class='ocrx_word' id='word_1_656' title='bbox 2924 2126 3134 2196; x_wconf 83' lang='lat' dir='ltr'><strong>spiritus</strong></span> <span class='ocrx_word' id='word_1_657' title='bbox 3174 2126 3429 2195; x_wconf 86' lang='lat' dir='ltr'><strong>malignus</strong></span> <span class='ocrx_word' id='word_1_658' title='bbox 3449 2143 3481 2179; x_wconf 91' lang='lat' dir='ltr'><strong>a</strong></span> <span class='ocrx_word' id='word_1_659' title='bbox 3506 2123 3728 2179; x_wconf 88' lang='lat' dir='ltr'><strong>Domino</strong></span> <span class='ocrx_word' id='word_1_660' title='bbox 3758 2125 3800 2191; x_wconf 84' lang='grc'><em>³,</em></span> <span class='ocrx_word' id='word_1_661' title='bbox 3833 2136 3879 2178; x_wconf 79' lang='lat' dir='ltr'><strong>et</strong></span> 
     </span>
    </p>
   </div>
   <div class='ocr_carea' id='block_1_82' title="bbox 2280 2215 3879 2285">
    <p class='ocr_par' dir='ltr' id='par_1_82' title="bbox 2280 2215 3879 2285">
     <span class='ocr_line' id='line_1_82' title="bbox 2280 2215 3879 2285; baseline -0.001 -14"><span class='ocrx_word' id='word_1_662' title='bbox 2280 2215 2560 2284; x_wconf 64' lang='lat' dir='ltr'><strong>suﬂ‘ocabat</strong></span> <span class='ocrx_word' id='word_1_663' title='bbox 2584 2233 2718 2271; x_wconf 88' lang='lat' dir='ltr'><strong>eum.</strong></span> <span class='ocrx_word' id='word_1_664' title='bbox 2747 2216 2814 2270; x_wconf 82' lang='lat' dir='ltr'><strong>Et</strong></span> <span class='ocrx_word' id='word_1_665' title='bbox 2839 2217 3077 2270; x_wconf 71' lang='lat' dir='ltr'><strong>dixerunt</strong></span> <span class='ocrx_word' id='word_1_666' title='bbox 3112 2218 3254 2285; x_wconf 85' lang='lat' dir='ltr'><strong>pueri</strong></span> <span class='ocrx_word' id='word_1_667' title='bbox 3292 2216 3425 2271; x_wconf 87' lang='lat' dir='ltr'><strong>Saul</strong></span> <span class='ocrx_word' id='word_1_668' title='bbox 3462 2216 3531 2269; x_wconf 87' lang='lat' dir='ltr'><strong>ad</strong></span> <span class='ocrx_word' id='word_1_669' title='bbox 3555 2234 3669 2270; x_wconf 89' lang='lat' dir='ltr'><strong>eum</strong></span> <span class='ocrx_word' id='word_1_670' title='bbox 3692 2233 3712 2270; x_wconf 91' lang='lat'><strong><em>:</em></strong></span> <span class='ocrx_word' id='word_1_671' title='bbox 3743 2215 3879 2269; x_wconf 83' lang='lat' dir='ltr'><strong>Ecce</strong></span> 
     </span>
    </p>
   </div>
   <div class='ocr_carea' id='block_1_83' title="bbox 2285 2306 3877 2379">
    <p class='ocr_par' dir='ltr' id='par_1_83' title="bbox 2285 2306 3877 2379">
     <span class='ocr_line' id='line_1_83' title="bbox 2285 2306 3877 2379; baseline -0.001 -16"><span class='ocrx_word' id='word_1_672' title='bbox 2285 2308 2511 2379; x_wconf 80' lang='lat' dir='ltr'><strong>Spiritus</strong></span> <span class='ocrx_word' id='word_1_673' title='bbox 2540 2308 2745 2362; x_wconf 89' lang='lat' dir='ltr'><strong>Domini</strong></span> <span class='ocrx_word' id='word_1_674' title='bbox 2793 2309 3047 2379; x_wconf 85' lang='lat' dir='ltr'><strong>malignus</strong></span> <span class='ocrx_word' id='word_1_675' title='bbox 3074 2306 3292 2373; x_wconf 77' lang='lat' dir='ltr'><strong>suﬂ&#39;ocat</strong></span> <span class='ocrx_word' id='word_1_676' title='bbox 3322 2317 3368 2361; x_wconf 88' lang='lat' dir='ltr'><strong>te</strong></span> <span class='ocrx_word' id='word_1_677' title='bbox 3398 2306 3439 2379; x_wconf 94' lang='lat' dir='ltr'><strong>(l</strong></span> <span class='ocrx_word' id='word_1_678' title='bbox 3468 2307 3597 2377; x_wconf 88' lang='lat' dir='ltr'><strong>Reg.</strong></span> <span class='ocrx_word' id='word_1_679' title='bbox 3620 2323 3709 2361; x_wconf 79' lang='lat' dir='ltr'><strong>xvt</strong></span> <span class='ocrx_word' id='word_1_680' title='bbox 3729 2350 3745 2371; x_wconf 89' lang='lat'><strong>,</strong></span> <span class='ocrx_word' id='word_1_681' title='bbox 3783 2307 3877 2361; x_wconf 80' lang='lat'><strong>15-</strong></span> 
     </span>
    </p>
   </div>
   <div class='ocr_carea' id='block_1_84' title="bbox 2283 2398 3876 2472">
    <p class='ocr_par' dir='ltr' id='par_1_84' title="bbox 2283 2398 3876 2472">
     <span class='ocr_line' id='line_1_84' title="bbox 2283 2398 3876 2472; baseline -0.004 -15"><span class='ocrx_word' id='word_1_682' title='bbox 2283 2402 2399 2472; x_wconf 79' lang='grc'><strong>15).</strong></span> <span class='ocrx_word' id='word_1_683' title='bbox 2444 2401 2553 2456; x_wconf 86' lang='lat' dir='ltr'><strong>Hoc</strong></span> <span class='ocrx_word' id='word_1_684' title='bbox 2584 2400 2744 2469; x_wconf 89' lang='lat' dir='ltr'><strong>igitur</strong></span> <span class='ocrx_word' id='word_1_685' title='bbox 2775 2416 2805 2454; x_wconf 89' lang='lat' dir='ltr'><strong>a</strong></span> <span class='ocrx_word' id='word_1_686' title='bbox 2851 2399 3031 2470; x_wconf 90' lang='lat' dir='ltr'><strong>pueris</strong></span> <span class='ocrx_word' id='word_1_687' title='bbox 3068 2399 3184 2469; x_wconf 89' lang='lat' dir='ltr'><strong>ejus</strong></span> <span class='ocrx_word' id='word_1_688' title='bbox 3210 2398 3479 2470; x_wconf 85' lang='lat' dir='ltr'><strong>quomodo</strong></span> <span class='ocrx_word' id='word_1_689' title='bbox 3524 2399 3597 2453; x_wconf 91' lang='lat' dir='ltr'><strong>sit</strong></span> <span class='ocrx_word' id='word_1_690' title='bbox 3632 2398 3833 2453; x_wconf 93' lang='lat' dir='ltr'><strong>dictum</strong></span> <span class='ocrx_word' id='word_1_691' title='bbox 3861 2440 3876 2459; x_wconf 85' lang='lat'><strong>,</strong></span> 
     </span>
    </p>
   </div>
   <div class='ocr_carea' id='block_1_85' title="bbox 2280 2490 3881 2561">
    <p class='ocr_par' dir='ltr' id='par_1_85' title="bbox 2280 2490 3881 2561">
     <span class='ocr_line' id='line_1_85' title="bbox 2280 2490 3881 2561; baseline 0.001 -15"><span class='ocrx_word' id='word_1_692' title='bbox 2280 2492 2491 2561; x_wconf 87' lang='lat' dir='ltr'><strong>spiritus</strong></span> <span class='ocrx_word' id='word_1_693' title='bbox 2540 2490 2748 2545; x_wconf 85' lang='lat' dir='ltr'><strong>Domini</strong></span> <span class='ocrx_word' id='word_1_694' title='bbox 2790 2491 3076 2561; x_wconf 88' lang='lat' dir='ltr'><strong>malignus,</strong></span> <span class='ocrx_word' id='word_1_695' title='bbox 3108 2490 3388 2561; x_wconf 86' lang='lat' dir='ltr'><strong>superiora</strong></span> <span class='ocrx_word' id='word_1_696' title='bbox 3432 2491 3594 2545; x_wconf 84' lang='lat' dir='ltr'><strong>verba</strong></span> <span class='ocrx_word' id='word_1_697' title='bbox 3644 2491 3881 2547; x_wconf 84' lang='lat' dir='ltr'><strong>indicant</strong></span> 
     </span>
    </p>
   </div>
   <div class='ocr_carea' id='block_1_86' title="bbox 2281 2582 3881 2654">
    <p class='ocr_par' dir='ltr' id='par_1_86' title="bbox 2281 2582 3881 2654">
     <span class='ocr_line' id='line_1_86' title="bbox 2281 2582 3881 2654; baseline 0 -17"><span class='ocrx_word' id='word_1_698' title='bbox 2281 2585 2544 2638; x_wconf 87' lang='lat' dir='ltr'><strong>narrantis</strong></span> <span class='ocrx_word' id='word_1_699' title='bbox 2565 2584 2854 2653; x_wconf 72' lang='lat' dir='ltr'><strong>Scriptura:</strong></span> <span class='ocrx_word' id='word_1_700' title='bbox 2875 2593 2929 2638; x_wconf 90' lang='lat' dir='ltr'><strong>et</strong></span> <span class='ocrx_word' id='word_1_701' title='bbox 2943 2582 3192 2648; x_wconf 91' lang='lat' dir='ltr'><strong>dicentis,</strong></span> <span class='ocrx_word' id='word_1_702' title='bbox 3211 2582 3434 2653; x_wconf 83' lang='lat' dir='ltr'><strong>Spiritus</strong></span> <span class='ocrx_word' id='word_1_703' title='bbox 3449 2584 3701 2654; x_wconf 85' lang='lat' dir='ltr'><strong>malignus</strong></span> <span class='ocrx_word' id='word_1_704' title='bbox 3722 2600 3753 2636; x_wconf 92' lang='lat' dir='ltr'><strong>a</strong></span> <span class='ocrx_word' id='word_1_705' title='bbox 3774 2584 3881 2637; x_wconf 86' lang='lat' dir='ltr'><strong>Do-</strong></span> 
     </span>
    </p>
   </div>
   <div class='ocr_carea' id='block_1_87' title="bbox 2282 2672 3876 2744">
    <p class='ocr_par' dir='ltr' id='par_1_87' title="bbox 2282 2672 3876 2744">
     <span class='ocr_line' id='line_1_87' title="bbox 2282 2672 3876 2744; baseline 0 -16"><span class='ocrx_word' id='word_1_706' title='bbox 2282 2678 2439 2730; x_wconf 89' lang='lat' dir='ltr'><strong>mino.</strong></span> <span class='ocrx_word' id='word_1_707' title='bbox 2470 2675 2775 2731; x_wconf 89' lang='lat' dir='ltr'><strong>Secundum</strong></span> <span class='ocrx_word' id='word_1_708' title='bbox 2804 2676 2946 2729; x_wconf 89' lang='lat' dir='ltr'><strong>enim</strong></span> <span class='ocrx_word' id='word_1_709' title='bbox 2977 2674 3080 2729; x_wconf 87' lang='lat' dir='ltr'><strong>hoc</strong></span> <span class='ocrx_word' id='word_1_710' title='bbox 3106 2673 3314 2727; x_wconf 87' lang='lat' dir='ltr'><strong>Domini</strong></span> <span class='ocrx_word' id='word_1_711' title='bbox 3340 2673 3380 2738; x_wconf 75' lang='grc'><strong>⁸,</strong></span> <span class='ocrx_word' id='word_1_712' title='bbox 3410 2674 3549 2744; x_wconf 89' lang='lat' dir='ltr'><strong>quod</strong></span> <span class='ocrx_word' id='word_1_713' title='bbox 3574 2692 3607 2727; x_wconf 83' lang='grc' dir='ltr'><em>α</em></span> <span class='ocrx_word' id='word_1_714' title='bbox 3636 2672 3876 2728; x_wconf 88' lang='lat' dir='ltr'><strong>Domino.</strong></span> 
     </span>
    </p>
   </div>
   <div class='ocr_carea' id='block_1_88' title="bbox 2280 2763 3878 2837">
    <p class='ocr_par' dir='ltr' id='par_1_88' title="bbox 2280 2763 3878 2837">
     <span class='ocr_line' id='line_1_88' title="bbox 2280 2763 3878 2837; baseline -0.003 -16"><span class='ocrx_word' id='word_1_715' title='bbox 2280 2766 2415 2835; x_wconf 87' lang='lat' dir='ltr'><strong>Quia</strong></span> <span class='ocrx_word' id='word_1_716' title='bbox 2446 2782 2542 2836; x_wconf 89' lang='lat' dir='ltr'><strong>per</strong></span> <span class='ocrx_word' id='word_1_717' title='bbox 2566 2783 2625 2819; x_wconf 91' lang='lat' dir='ltr'><strong>se</strong></span> <span class='ocrx_word' id='word_1_718' title='bbox 2648 2768 2821 2837; x_wconf 85' lang='lat' dir='ltr'><strong>ipsum</strong></span> <span class='ocrx_word' id='word_1_719' title='bbox 2854 2766 2990 2821; x_wconf 89' lang='lat' dir='ltr'><strong>velle</strong></span> <span class='ocrx_word' id='word_1_720' title='bbox 3016 2781 3209 2819; x_wconf 89' lang='lat' dir='ltr'><strong>nocere</strong></span> <span class='ocrx_word' id='word_1_721' title='bbox 3231 2765 3489 2829; x_wconf 88' lang='lat' dir='ltr'><strong>habebat,</strong></span> <span class='ocrx_word' id='word_1_722' title='bbox 3522 2763 3574 2818; x_wconf 93' lang='lat' dir='ltr'><strong>id</strong></span> <span class='ocrx_word' id='word_1_723' title='bbox 3600 2774 3716 2831; x_wconf 90' lang='lat' dir='ltr'><strong>est,</strong></span> <span class='ocrx_word' id='word_1_724' title='bbox 3739 2778 3878 2817; x_wconf 84' lang='lat' dir='ltr'><strong>com-</strong></span> 
     </span>
    </p>
   </div>
   <div class='ocr_carea' id='block_1_89' title="bbox 2281 2856 3877 2929">
    <p class='ocr_par' dir='ltr' id='par_1_89' title="bbox 2281 2856 3877 2929">
     <span class='ocr_line' id='line_1_89' title="bbox 2281 2856 3877 2929; baseline -0.003 -15"><span class='ocrx_word' id='word_1_725' title='bbox 2281 2858 2614 2929; x_wconf 86' lang='lat' dir='ltr'><strong>prehendere</strong></span> <span class='ocrx_word' id='word_1_726' title='bbox 2665 2858 3009 2928; x_wconf 79' lang='lat' dir='ltr'><strong>Saul;posse</strong></span> <span class='ocrx_word' id='word_1_727' title='bbox 3059 2866 3237 2912; x_wconf 88' lang='lat' dir='ltr'><strong>autem</strong></span> <span class='ocrx_word' id='word_1_728' title='bbox 3292 2874 3398 2911; x_wconf 91' lang='lat' dir='ltr'><strong>non</strong></span> <span class='ocrx_word' id='word_1_729' title='bbox 3452 2856 3718 2922; x_wconf 86' lang='lat' dir='ltr'><strong>habebat,</strong></span> <span class='ocrx_word' id='word_1_730' title='bbox 3774 2856 3877 2910; x_wconf 74' lang='lat' dir='ltr'><strong>nisi</strong></span> 
     </span>
    </p>
   </div>
   <div class='ocr_carea' id='block_1_90' title="bbox 2282 2948 3878 3020">
    <p class='ocr_par' dir='ltr' id='par_1_90' title="bbox 2282 2948 3878 3020">
     <span class='ocr_line' id='line_1_90' title="bbox 2282 2948 3878 3020; baseline -0.004 -14"><span class='ocrx_word' id='word_1_731' title='bbox 2282 2966 2493 3006; x_wconf 87' lang='lat' dir='ltr'><strong>summa</strong></span> <span class='ocrx_word' id='word_1_732' title='bbox 2515 2951 2723 3020; x_wconf 89' lang='lat' dir='ltr'><strong>justitia</strong></span> <span class='ocrx_word' id='word_1_733' title='bbox 2750 2952 3035 3005; x_wconf 87' lang='lat' dir='ltr'><strong>sineretur.</strong></span> <span class='ocrx_word' id='word_1_734' title='bbox 3053 2949 3108 3005; x_wconf 91' lang='lat' dir='ltr'><strong>Si</strong></span> <span class='ocrx_word' id='word_1_735' title='bbox 3122 2951 3263 3005; x_wconf 89' lang='lat' dir='ltr'><strong>enim</strong></span> <span class='ocrx_word' id='word_1_736' title='bbox 3288 2950 3433 3019; x_wconf 85' lang='lat' dir='ltr'><strong>juste</strong></span> <span class='ocrx_word' id='word_1_737' title='bbox 3460 2948 3692 3003; x_wconf 84' lang='lat' dir='ltr'><strong>vindicat</strong></span> <span class='ocrx_word' id='word_1_738' title='bbox 3710 2949 3878 3013; x_wconf 86' lang='lat' dir='ltr'><strong>Dens,</strong></span> 
     </span>
    </p>
   </div>
   <div class='ocr_carea' id='block_1_91' title="bbox 2279 3039 3877 3115">
    <p class='ocr_par' dir='ltr' id='par_1_91' title="bbox 2279 3039 3877 3115">
     <span class='ocr_line' id='line_1_91' title="bbox 2279 3039 3877 3115; baseline -0.005 -16"><span class='ocrx_word' id='word_1_739' title='bbox 2279 3043 2724 3115; x_wconf 84' lang='lat' dir='ltr'><strong>quemadmodum</strong></span> <span class='ocrx_word' id='word_1_740' title='bbox 2753 3044 2865 3112; x_wconf 90' lang='lat' dir='ltr'><strong>ipse</strong></span> <span class='ocrx_word' id='word_1_741' title='bbox 2885 3043 3012 3097; x_wconf 87' lang='lat' dir='ltr'><strong>dicit</strong></span> <span class='ocrx_word' id='word_1_742' title='bbox 3037 3041 3348 3111; x_wconf 75' lang='lat' dir='ltr'><strong>Apostolus,</strong></span> <span class='ocrx_word' id='word_1_743' title='bbox 3377 3056 3498 3095; x_wconf 91' lang='lat' dir='ltr'><strong>cum</strong></span> <span class='ocrx_word' id='word_1_744' title='bbox 3523 3039 3684 3094; x_wconf 87' lang='lat' dir='ltr'><strong>tradit</strong></span> <span class='ocrx_word' id='word_1_745' title='bbox 3711 3039 3877 3093; x_wconf 60' lang='lat' dir='ltr'><strong>humi.</strong></span> 
     </span>
    </p>
   </div>
   <div class='ocr_carea' id='block_1_92' title="bbox 2280 3130 3876 3204">
    <p class='ocr_par' dir='ltr' id='par_1_92' title="bbox 2280 3130 3876 3204">
     <span class='ocr_line' id='line_1_92' title="bbox 2280 3130 3876 3204; baseline -0.001 -13"><span class='ocrx_word' id='word_1_746' title='bbox 2280 3151 2377 3191; x_wconf 87' lang='lat' dir='ltr'><strong>nes</strong></span> <span class='ocrx_word' id='word_1_747' title='bbox 2424 3137 2476 3190; x_wconf 90' lang='lat' dir='ltr'><strong>in</strong></span> <span class='ocrx_word' id='word_1_748' title='bbox 2506 3136 2965 3204; x_wconf 90' lang='lat' dir='ltr'><strong>concupiscentias</strong></span> <span class='ocrx_word' id='word_1_749' title='bbox 3010 3132 3189 3187; x_wconf 91' lang='lat' dir='ltr'><strong>cordis</strong></span> <span class='ocrx_word' id='word_1_750' title='bbox 3232 3148 3417 3187; x_wconf 90' lang='lat' dir='ltr'><strong>eorum</strong></span> <span class='ocrx_word' id='word_1_751' title='bbox 3448 3131 3627 3201; x_wconf 88' lang='lat' dir='ltr'><strong>(Rom.</strong></span> <span class='ocrx_word' id='word_1_752' title='bbox 3658 3147 3708 3194; x_wconf 89' lang='grc' dir='ltr'>ι,</span> <span class='ocrx_word' id='word_1_753' title='bbox 3743 3130 3876 3193; x_wconf 59' lang='grc' dir='ltr'><strong>24η</strong></span> 
     </span>
    </p>
   </div>
   <div class='ocr_carea' id='block_1_93' title="bbox 2280 3221 3876 3293">
    <p class='ocr_par' dir='ltr' id='par_1_93' title="bbox 2280 3221 3876 3293">
     <span class='ocr_line' id='line_1_93' title="bbox 2280 3221 3876 3293; baseline -0.004 -12"><span class='ocrx_word' id='word_1_754' title='bbox 2280 3242 2386 3281; x_wconf 89' lang='lat' dir='ltr'><strong>non</strong></span> <span class='ocrx_word' id='word_1_755' title='bbox 2415 3227 2605 3280; x_wconf 89' lang='lat' dir='ltr'><strong>mirum</strong></span> <span class='ocrx_word' id='word_1_756' title='bbox 2656 3226 2701 3281; x_wconf 93' lang='lat' dir='ltr'><strong>si</strong></span> <span class='ocrx_word' id='word_1_757' title='bbox 2741 3225 3083 3279; x_wconf 90' lang='lat' dir='ltr'><strong>nihilominus</strong></span> <span class='ocrx_word' id='word_1_758' title='bbox 3109 3224 3251 3293; x_wconf 88' lang='lat' dir='ltr'><strong>juste</strong></span> <span class='ocrx_word' id='word_1_759' title='bbox 3277 3222 3551 3277; x_wconf 87' lang='lat' dir='ltr'><strong>vindicans</strong></span> <span class='ocrx_word' id='word_1_760' title='bbox 3581 3221 3743 3276; x_wconf 91' lang='lat' dir='ltr'><strong>tradit</strong></span> <span class='ocrx_word' id='word_1_761' title='bbox 3779 3236 3876 3275; x_wconf 89' lang='lat' dir='ltr'><strong>cos</strong></span> 
     </span>
    </p>
   </div>
   <div class='ocr_carea' id='block_1_94' title="bbox 2279 3316 3877 3386">
    <p class='ocr_par' dir='ltr' id='par_1_94' title="bbox 2279 3316 3877 3386">
     <span class='ocr_line' id='line_1_94' title="bbox 2279 3316 3877 3386; baseline -0.004 -13"><span class='ocrx_word' id='word_1_762' title='bbox 2279 3318 2439 3373; x_wconf 87' lang='lat' dir='ltr'><strong>etiam</strong></span> <span class='ocrx_word' id='word_1_763' title='bbox 2470 3318 2524 3372; x_wconf 91' lang='lat' dir='ltr'><strong>in</strong></span> <span class='ocrx_word' id='word_1_764' title='bbox 2557 3316 3019 3386; x_wconf 89' lang='lat' dir='ltr'><strong>concupiscentias</strong></span> <span class='ocrx_word' id='word_1_765' title='bbox 3045 3317 3271 3370; x_wconf 89' lang='lat' dir='ltr'><strong>aliorum</strong></span> <span class='ocrx_word' id='word_1_766' title='bbox 3314 3330 3510 3369; x_wconf 91' lang='lat' dir='ltr'><strong>nocere</strong></span> <span class='ocrx_word' id='word_1_767' title='bbox 3556 3316 3877 3379; x_wconf 83' lang='lat' dir='ltr'><strong>volentium,</strong></span> 
     </span>
    </p>
   </div>
   <div class='ocr_carea' id='block_1_95' title="bbox 2277 3406 3583 3477">
    <p class='ocr_par' dir='ltr' id='par_1_95' title="bbox 2277 3406 3583 3477">
     <span class='ocr_line' id='line_1_95' title="bbox 2277 3406 3583 3477; baseline -0.004 -13"><span class='ocrx_word' id='word_1_768' title='bbox 2277 3423 2371 3464; x_wconf 87' lang='lat' dir='ltr'><strong>sua</strong></span> <span class='ocrx_word' id='word_1_769' title='bbox 2399 3424 2611 3477; x_wconf 86' lang='lat' dir='ltr'><strong>semper</strong></span> <span class='ocrx_word' id='word_1_770' title='bbox 2638 3406 3057 3462; x_wconf 90' lang='lat' dir='ltr'><strong>incommutabili</strong></span> <span class='ocrx_word' id='word_1_771' title='bbox 3077 3407 3325 3476; x_wconf 79' lang='lat' dir='ltr'><strong>aequitate</strong></span> <span class='ocrx_word' id='word_1_772' title='bbox 3351 3416 3583 3461; x_wconf 86' lang='lat' dir='ltr'><strong>servata.</strong></span> 
     </span>
    </p>
   </div>
   <div class='ocr_carea' id='block_1_96' title="bbox 2350 3498 3877 3564">
    <p class='ocr_par' dir='ltr' id='par_1_96' title="bbox 2350 3498 3877 3564">
     <span class='ocr_line' id='line_1_96' title="bbox 2350 3498 3877 3564; baseline -0.002 -10"><span class='ocrx_word' id='word_1_773' title='bbox 2350 3501 2402 3555; x_wconf 89' lang='lat'><strong>5.</strong></span> <span class='ocrx_word' id='word_1_774' title='bbox 2434 3499 2979 3554; x_wconf 83' lang='lat' dir='ltr'><strong>Animadvertendum</strong></span> <span class='ocrx_word' id='word_1_775' title='bbox 3028 3514 3156 3553; x_wconf 92' lang='lat' dir='ltr'><strong>sane</strong></span> <span class='ocrx_word' id='word_1_776' title='bbox 3202 3508 3319 3564; x_wconf 89' lang='lat' dir='ltr'><strong>est,</strong></span> <span class='ocrx_word' id='word_1_777' title='bbox 3350 3513 3468 3553; x_wconf 91' lang='lat' dir='ltr'><strong>cum</strong></span> <span class='ocrx_word' id='word_1_778' title='bbox 3501 3498 3877 3552; x_wconf 75' lang='lat' dir='ltr'><strong>additamenta</strong></span> 
     </span>
    </p>
   </div>
   <div class='ocr_carea' id='block_1_97' title="bbox 2278 3590 3877 3662">
    <p class='ocr_par' dir='ltr' id='par_1_97' title="bbox 2278 3590 3877 3662">
     <span class='ocr_line' id='line_1_97' title="bbox 2278 3590 3877 3662; baseline -0.001 -16"><span class='ocrx_word' id='word_1_779' title='bbox 2278 3591 2410 3655; x_wconf 91' lang='lat' dir='ltr'><strong>dici,</strong></span> <span class='ocrx_word' id='word_1_780' title='bbox 2457 3592 2665 3662; x_wconf 86' lang='lat' dir='ltr'><strong>spiritus</strong></span> <span class='ocrx_word' id='word_1_781' title='bbox 2732 3590 2828 3644; x_wconf 89' lang='lat' dir='ltr'><strong>Dei</strong></span> <span class='ocrx_word' id='word_1_782' title='bbox 2873 3591 3058 3644; x_wconf 87' lang='lat' dir='ltr'><strong>malus.</strong></span> <span class='ocrx_word' id='word_1_783' title='bbox 3101 3590 3235 3645; x_wconf 86' lang='lat' dir='ltr'><strong>Cum</strong></span> <span class='ocrx_word' id='word_1_784' title='bbox 3284 3602 3463 3645; x_wconf 87' lang='lat' dir='ltr'><strong>autem</strong></span> <span class='ocrx_word' id='word_1_785' title='bbox 3503 3591 3877 3644; x_wconf 83' lang='lat' dir='ltr'><strong>tantummodo</strong></span> 
     </span>
    </p>
   </div>
   <div class='ocr_carea' id='block_1_98' title="bbox 2278 3680 3873 3751">
    <p class='ocr_par' dir='ltr' id='par_1_98' title="bbox 2278 3680 3873 3751">
     <span class='ocr_line' id='line_1_98' title="bbox 2278 3680 3873 3751; baseline -0.001 -15"><span class='ocrx_word' id='word_1_786' title='bbox 2278 3682 2503 3747; x_wconf 89' lang='lat' dir='ltr'><strong>dicitur,</strong></span> <span class='ocrx_word' id='word_1_787' title='bbox 2548 3683 2763 3751; x_wconf 84' lang='lat' dir='ltr'><strong>spiritus</strong></span> <span class='ocrx_word' id='word_1_788' title='bbox 2804 3680 2933 3747; x_wconf 86' lang='lat' dir='ltr'><strong>Dei,</strong></span> <span class='ocrx_word' id='word_1_789' title='bbox 2980 3682 3191 3736; x_wconf 88' lang='lat' dir='ltr'><strong>etiamsi</strong></span> <span class='ocrx_word' id='word_1_790' title='bbox 3223 3699 3329 3736; x_wconf 90' lang='lat' dir='ltr'><strong>non</strong></span> <span class='ocrx_word' id='word_1_791' title='bbox 3379 3682 3605 3736; x_wconf 90' lang='lat' dir='ltr'><strong>addatur</strong></span> <span class='ocrx_word' id='word_1_792' title='bbox 3661 3682 3873 3746; x_wconf 87' lang='lat' dir='ltr'><strong>bonus,</strong></span> 
     </span>
    </p>
   </div>
   <div class='ocr_carea' id='block_1_99' title="bbox 2277 3774 3874 3845">
    <p class='ocr_par' dir='ltr' id='par_1_99' title="bbox 2277 3774 3874 3845">
     <span class='ocr_line' id='line_1_99' title="bbox 2277 3774 3874 3845; baseline -0.001 -16"><span class='ocrx_word' id='word_1_793' title='bbox 2277 3790 2343 3829; x_wconf 81' lang='lat' dir='ltr'><strong>ex</strong></span> <span class='ocrx_word' id='word_1_794' title='bbox 2374 3774 2473 3829; x_wconf 91' lang='lat' dir='ltr'><strong>hoc</strong></span> <span class='ocrx_word' id='word_1_795' title='bbox 2494 3775 2804 3843; x_wconf 89' lang='lat' dir='ltr'><strong>intelligitur</strong></span> <span class='ocrx_word' id='word_1_796' title='bbox 2833 3777 3021 3828; x_wconf 91' lang='lat' dir='ltr'><strong>bonus.</strong></span> <span class='ocrx_word' id='word_1_797' title='bbox 3050 3774 3201 3829; x_wconf 90' lang='lat' dir='ltr'><strong>Unde</strong></span> <span class='ocrx_word' id='word_1_798' title='bbox 3231 3784 3455 3845; x_wconf 89' lang='lat' dir='ltr'><strong>apparet</strong></span> <span class='ocrx_word' id='word_1_799' title='bbox 3484 3775 3680 3828; x_wconf 90' lang='lat' dir='ltr'><strong>bonum</strong></span> <span class='ocrx_word' id='word_1_800' title='bbox 3709 3776 3874 3843; x_wconf 79' lang='lat' dir='ltr'><strong>Spiri-</strong></span> 
     </span>
    </p>
   </div>
   <div class='ocr_carea' id='block_1_100' title="bbox 2278 3866 3873 3929">
    <p class='ocr_par' dir='ltr' id='par_1_100' title="bbox 2278 3866 3873 3929">
     <span class='ocr_line' id='line_1_100' title="bbox 2278 3866 3873 3929; baseline -0.001 -10"><span class='ocrx_word' id='word_1_801' title='bbox 2278 3876 2388 3919; x_wconf 91' lang='lat' dir='ltr'><strong>tum</strong></span> <span class='ocrx_word' id='word_1_802' title='bbox 2430 3866 2720 3920; x_wconf 89' lang='lat' dir='ltr'><strong>secnndum</strong></span> <span class='ocrx_word' id='word_1_803' title='bbox 2777 3866 3162 3929; x_wconf 80' lang='lat' dir='ltr'><strong>substantiam,</strong></span> <span class='ocrx_word' id='word_1_804' title='bbox 3195 3867 3391 3920; x_wconf 88' lang='lat' dir='ltr'><strong>malum</strong></span> <span class='ocrx_word' id='word_1_805' title='bbox 3438 3876 3615 3920; x_wconf 81' lang='lat' dir='ltr'><strong>autent</strong></span> <span class='ocrx_word' id='word_1_806' title='bbox 3670 3881 3873 3921; x_wconf 86' lang='lat' dir='ltr'><strong>secun-</strong></span> 
     </span>
    </p>
   </div>
   <div class='ocr_carea' id='block_1_101' title="bbox 2275 3956 3873 4027">
    <p class='ocr_par' dir='ltr' id='par_1_101' title="bbox 2275 3956 3873 4027">
     <span class='ocr_line' id='line_1_101' title="bbox 2275 3956 3873 4027; baseline 0 -16"><span class='ocrx_word' id='word_1_807' title='bbox 2275 3956 2401 4011; x_wconf 92' lang='lat' dir='ltr'><strong>dum</strong></span> <span class='ocrx_word' id='word_1_808' title='bbox 2433 3958 2784 4011; x_wconf 88' lang='lat' dir='ltr'><strong>ministerium</strong></span> <span class='ocrx_word' id='word_1_809' title='bbox 2813 3957 2917 4010; x_wconf 90' lang='lat' dir='ltr'><strong>dici</strong></span> <span class='ocrx_word' id='word_1_810' title='bbox 2942 3958 3188 4026; x_wconf 89' lang='lat' dir='ltr'><strong>spiritum</strong></span> <span class='ocrx_word' id='word_1_811' title='bbox 3222 3957 3333 4011; x_wconf 91' lang='lat' dir='ltr'><strong>Dei.</strong></span> <span class='ocrx_word' id='word_1_812' title='bbox 3360 3957 3672 4027; x_wconf 87' lang='lat' dir='ltr'><strong>Quanquam</strong></span> <span class='ocrx_word' id='word_1_813' title='bbox 3694 3958 3873 4026; x_wconf 72' lang='lat' dir='ltr'><strong>qumri</strong></span> 
     </span>
    </p>
   </div>
   <div class='ocr_carea' id='block_1_102' title="bbox 2274 4048 3873 4118">
    <p class='ocr_par' dir='ltr' id='par_1_102' title="bbox 2274 4048 3873 4118">
     <span class='ocr_line' id='line_1_102' title="bbox 2274 4048 3873 4118; baseline 0.002 -17"><span class='ocrx_word' id='word_1_814' title='bbox 2274 4048 2449 4103; x_wconf 89' lang='lat' dir='ltr'><strong>adhuc</strong></span> <span class='ocrx_word' id='word_1_815' title='bbox 2472 4050 2639 4118; x_wconf 90' lang='lat' dir='ltr'><strong>possit</strong></span> <span class='ocrx_word' id='word_1_816' title='bbox 2661 4058 2834 4102; x_wconf 91' lang='lat' dir='ltr'><strong>utrum</strong></span> <span class='ocrx_word' id='word_1_817' title='bbox 2863 4064 2984 4103; x_wconf 91' lang='lat' dir='ltr'><strong>cum</strong></span> <span class='ocrx_word' id='word_1_818' title='bbox 3015 4050 3232 4117; x_wconf 85' lang='lat' dir='ltr'><strong>spiritus</strong></span> <span class='ocrx_word' id='word_1_819' title='bbox 3250 4049 3343 4103; x_wconf 90' lang='lat' dir='ltr'><strong>Dei</strong></span> <span class='ocrx_word' id='word_1_820' title='bbox 3373 4050 3584 4114; x_wconf 86' lang='lat' dir='ltr'><strong>dicitur,</strong></span> <span class='ocrx_word' id='word_1_821' title='bbox 3604 4061 3656 4103; x_wconf 91' lang='lat' dir='ltr'><strong>et</strong></span> <span class='ocrx_word' id='word_1_822' title='bbox 3678 4067 3741 4103; x_wconf 80' lang='lat' dir='ltr'><strong>ex</strong></span> <span class='ocrx_word' id='word_1_823' title='bbox 3768 4049 3873 4104; x_wconf 89' lang='lat' dir='ltr'><strong>hoc</strong></span> 
     </span>
    </p>
   </div>
   <div class='ocr_carea' id='block_1_103' title="bbox 2276 4139 3874 4211">
    <p class='ocr_par' dir='ltr' id='par_1_103' title="bbox 2276 4139 3874 4211">
     <span class='ocr_line' id='line_1_103' title="bbox 2276 4139 3874 4211; baseline 0.002 -18"><span class='ocrx_word' id='word_1_824' title='bbox 2276 4139 2390 4209; x_wconf 92' lang='lat' dir='ltr'><strong>ipso</strong></span> <span class='ocrx_word' id='word_1_825' title='bbox 2405 4139 2548 4209; x_wconf 91' lang='lat' dir='ltr'><strong>jam,</strong></span> <span class='ocrx_word' id='word_1_826' title='bbox 2590 4141 2688 4194; x_wconf 91' lang='lat' dir='ltr'><strong>etsi</strong></span> <span class='ocrx_word' id='word_1_827' title='bbox 2728 4141 2859 4194; x_wconf 91' lang='lat' dir='ltr'><strong>nihil</strong></span> <span class='ocrx_word' id='word_1_828' title='bbox 2902 4139 3158 4206; x_wconf 86' lang='lat' dir='ltr'><strong>addatur,</strong></span> <span class='ocrx_word' id='word_1_829' title='bbox 3190 4141 3511 4211; x_wconf 89' lang='lat' dir='ltr'><strong>intelligitur</strong></span> <span class='ocrx_word' id='word_1_830' title='bbox 3540 4142 3743 4207; x_wconf 89' lang='lat' dir='ltr'><strong>bonus,</strong></span> <span class='ocrx_word' id='word_1_831' title='bbox 3778 4144 3874 4197; x_wconf 89' lang='lat' dir='ltr'><strong>ille</strong></span> 
     </span>
    </p>
   </div>
   <div class='ocr_carea' id='block_1_104' title="bbox 2274 4231 3871 4301">
    <p class='ocr_par' dir='ltr' id='par_1_104' title="bbox 2274 4231 3871 4301">
     <span class='ocr_line' id='line_1_104' title="bbox 2274 4231 3871 4301; baseline 0.001 -18"><span class='ocrx_word' id='word_1_832' title='bbox 2274 4232 2599 4301; x_wconf 88' lang='lat' dir='ltr'><strong>intelligatur</strong></span> <span class='ocrx_word' id='word_1_833' title='bbox 2628 4232 2715 4300; x_wconf 91' lang='lat' dir='ltr'><strong>qni</strong></span> <span class='ocrx_word' id='word_1_834' title='bbox 2742 4241 2822 4285; x_wconf 82' lang='lat' dir='ltr'><strong>est</strong></span> <span class='ocrx_word' id='word_1_835' title='bbox 2853 4233 2904 4284; x_wconf 93' lang='lat' dir='ltr'><strong>in</strong></span> <span class='ocrx_word' id='word_1_836' title='bbox 2935 4231 3194 4285; x_wconf 86' lang='lat' dir='ltr'><strong>Trinitate</strong></span> <span class='ocrx_word' id='word_1_837' title='bbox 3213 4232 3691 4286; x_wconf 87' lang='lat' dir='ltr'><strong>consubstantialis</strong></span> <span class='ocrx_word' id='word_1_838' title='bbox 3723 4234 3871 4286; x_wconf 68' lang='lat' dir='ltr'><strong>Patri</strong></span> 
     </span>
    </p>
   </div>
   <div class='ocr_carea' id='block_1_105' title="bbox 2272 4323 3873 4393">
    <p class='ocr_par' dir='ltr' id='par_1_105' title="bbox 2272 4323 3873 4393">
     <span class='ocr_line' id='line_1_105' title="bbox 2272 4323 3873 4393; baseline 0 -15"><span class='ocrx_word' id='word_1_839' title='bbox 2272 4333 2326 4378; x_wconf 86' lang='lat' dir='ltr'><strong>et</strong></span> <span class='ocrx_word' id='word_1_840' title='bbox 2350 4323 2486 4377; x_wconf 85' lang='lat' dir='ltr'><strong>Filio</strong></span> <span class='ocrx_word' id='word_1_841' title='bbox 2512 4323 2740 4393; x_wconf 90' lang='lat' dir='ltr'><strong>Spiritus</strong></span> <span class='ocrx_word' id='word_1_842' title='bbox 2793 4333 3038 4389; x_wconf 89' lang='lat' dir='ltr'><strong>sanctus,</strong></span> <span class='ocrx_word' id='word_1_843' title='bbox 3072 4324 3139 4378; x_wconf 91' lang='lat' dir='ltr'><strong>de</strong></span> <span class='ocrx_word' id='word_1_844' title='bbox 3161 4340 3266 4393; x_wconf 88' lang='lat' dir='ltr'><strong>quo</strong></span> <span class='ocrx_word' id='word_1_845' title='bbox 3293 4324 3486 4378; x_wconf 89' lang='lat' dir='ltr'><strong>dicitur</strong></span> <span class='ocrx_word' id='word_1_846' title='bbox 3505 4367 3520 4391; x_wconf 91' lang='lat'><strong>,</strong></span> <span class='ocrx_word' id='word_1_847' title='bbox 3563 4324 3661 4379; x_wconf 85' lang='lat' dir='ltr'><strong>Ubi</strong></span> <span class='ocrx_word' id='word_1_848' title='bbox 3696 4336 3873 4378; x_wconf 79' lang='lat' dir='ltr'><strong>autem</strong></span> 
     </span>
    </p>
   </div>
   <div class='ocr_carea' id='block_1_106' title="bbox 2274 4413 3873 4484">
    <p class='ocr_par' dir='ltr' id='par_1_106' title="bbox 2274 4413 3873 4484">
     <span class='ocr_line' id='line_1_106' title="bbox 2274 4413 3873 4484; baseline 0 -15"><span class='ocrx_word' id='word_1_849' title='bbox 2274 4413 2498 4483; x_wconf 86' lang='lat' dir='ltr'><strong>Spiritus</strong></span> <span class='ocrx_word' id='word_1_850' title='bbox 2526 4413 2767 4479; x_wconf 87' lang='lat' dir='ltr'><strong>Domini,</strong></span> <span class='ocrx_word' id='word_1_851' title='bbox 2795 4414 2863 4467; x_wconf 86' lang='lat' dir='ltr'><strong>ibi</strong></span> <span class='ocrx_word' id='word_1_852' title='bbox 2904 4415 3105 4467; x_wconf 85' lang='lat' dir='ltr'><strong>libertas</strong></span> <span class='ocrx_word' id='word_1_853' title='bbox 3137 4414 3201 4481; x_wconf 96' lang='lat' dir='ltr'><strong>(ll</strong></span> <span class='ocrx_word' id='word_1_854' title='bbox 3231 4414 3347 4467; x_wconf 89' lang='lat' dir='ltr'><strong>Cor.</strong></span> <span class='ocrx_word' id='word_1_855' title='bbox 3390 4430 3481 4478; x_wconf 91' lang='grc' dir='ltr'>ιιι,</span> <span class='ocrx_word' id='word_1_856' title='bbox 3518 4416 3636 4484; x_wconf 82' lang='lat' dir='ltr'><strong>l7);</strong></span> <span class='ocrx_word' id='word_1_857' title='bbox 3666 4426 3720 4469; x_wconf 89' lang='lat' dir='ltr'><strong>et</strong></span> <span class='ocrx_word' id='word_1_858' title='bbox 3764 4416 3873 4469; x_wconf 84' lang='lat' dir='ltr'><strong>ite-</strong></span> 
     </span>
    </p>
   </div>
   <div class='ocr_carea' id='block_1_107' title="bbox 2271 4504 3869 4575">
    <p class='ocr_par' dir='ltr' id='par_1_107' title="bbox 2271 4504 3869 4575">
     <span class='ocr_line' id='line_1_107' title="bbox 2271 4504 3869 4575; baseline -0.001 -16"><span class='ocrx_word' id='word_1_859' title='bbox 2271 4521 2388 4559; x_wconf 88' lang='lat' dir='ltr'><strong>rum</strong></span> <span class='ocrx_word' id='word_1_860' title='bbox 2409 4547 2425 4569; x_wconf 85' lang='lat'><strong>,</strong></span> <span class='ocrx_word' id='word_1_861' title='bbox 2458 4504 2619 4558; x_wconf 75' lang='lat' dir='ltr'><strong>Nobis</strong></span> <span class='ocrx_word' id='word_1_862' title='bbox 2647 4514 2815 4558; x_wconf 89' lang='lat' dir='ltr'><strong>autem</strong></span> <span class='ocrx_word' id='word_1_863' title='bbox 2843 4506 3078 4559; x_wconf 78' lang='lat' dir='ltr'><strong>reuelauit</strong></span> <span class='ocrx_word' id='word_1_864' title='bbox 3104 4504 3243 4559; x_wconf 83' lang='lat' dir='ltr'><strong>Deus</strong></span> <span class='ocrx_word' id='word_1_865' title='bbox 3268 4523 3355 4575; x_wconf 87' lang='lat' dir='ltr'><strong>per</strong></span> <span class='ocrx_word' id='word_1_866' title='bbox 3383 4506 3633 4575; x_wconf 86' lang='lat' dir='ltr'><strong>Spiritum</strong></span> <span class='ocrx_word' id='word_1_867' title='bbox 3672 4524 3823 4559; x_wconf 87' lang='lat' dir='ltr'><strong>suum</strong></span> <span class='ocrx_word' id='word_1_868' title='bbox 3850 4526 3869 4571; x_wconf 86' lang='lat'><strong>;</strong></span> 
     </span>
    </p>
   </div>
   <div class='ocr_carea' id='block_1_108' title="bbox 2271 4596 3871 4669">
    <p class='ocr_par' dir='ltr' id='par_1_108' title="bbox 2271 4596 3871 4669">
     <span class='ocr_line' id='line_1_108' title="bbox 2271 4596 3871 4669; baseline 0.003 -18"><span class='ocrx_word' id='word_1_869' title='bbox 2271 4606 2325 4651; x_wconf 89' lang='lat' dir='ltr'><strong>et</strong></span> <span class='ocrx_word' id='word_1_870' title='bbox 2352 4597 2479 4651; x_wconf 92' lang='lat' dir='ltr'><strong>illud</strong></span> <span class='ocrx_word' id='word_1_871' title='bbox 2498 4637 2512 4659; x_wconf 94' lang='lat'><strong>,</strong></span> <span class='ocrx_word' id='word_1_872' title='bbox 2545 4597 2632 4651; x_wconf 88' lang='lat' dir='ltr'><strong>Sic</strong></span> <span class='ocrx_word' id='word_1_873' title='bbox 2658 4606 2705 4650; x_wconf 84' lang='lat' dir='ltr'><strong>et</strong></span> <span class='ocrx_word' id='word_1_874' title='bbox 2736 4613 2848 4667; x_wconf 78' lang='lat' dir='ltr'><strong>qua:</strong></span> <span class='ocrx_word' id='word_1_875' title='bbox 2871 4596 2969 4651; x_wconf 86' lang='lat' dir='ltr'><strong>Dei</strong></span> <span class='ocrx_word' id='word_1_876' title='bbox 3012 4606 3160 4663; x_wconf 89' lang='lat' dir='ltr'><strong>sunt,</strong></span> <span class='ocrx_word' id='word_1_877' title='bbox 3196 4614 3341 4651; x_wconf 88' lang='lat' dir='ltr'><strong>nemo</strong></span> <span class='ocrx_word' id='word_1_878' title='bbox 3379 4600 3470 4652; x_wconf 90' lang='lat' dir='ltr'><strong>scit</strong></span> <span class='ocrx_word' id='word_1_879' title='bbox 3497 4600 3594 4652; x_wconf 86' lang='lat' dir='ltr'><strong>nisi</strong></span> <span class='ocrx_word' id='word_1_880' title='bbox 3634 4600 3871 4669; x_wconf 86' lang='lat' dir='ltr'><strong>Spiritus</strong></span> 
     </span>
    </p>
   </div>
   <div class='ocr_carea' id='block_1_109' title="bbox 2270 4688 3867 4760">
    <p class='ocr_par' dir='ltr' id='par_1_109' title="bbox 2270 4688 3867 4760">
     <span class='ocr_line' id='line_1_109' title="bbox 2270 4688 3867 4760; baseline 0.003 -18"><span class='ocrx_word' id='word_1_881' title='bbox 2270 4689 2367 4743; x_wconf 82' lang='lat' dir='ltr'><strong>Dei</strong></span> <span class='ocrx_word' id='word_1_882' title='bbox 2397 4688 2574 4759; x_wconf 88' lang='lat' dir='ltr'><strong>(lCor.</strong></span> <span class='ocrx_word' id='word_1_883' title='bbox 2607 4706 2672 4757; x_wconf 82' lang='grc' dir='ltr'>ιι,</span> <span class='ocrx_word' id='word_1_884' title='bbox 2700 4691 2797 4757; x_wconf 67' lang='grc'><strong>10,</strong></span> <span class='ocrx_word' id='word_1_885' title='bbox 2831 4688 2947 4760; x_wconf 84' lang='lat' dir='ltr'><strong>ll).</strong></span> <span class='ocrx_word' id='word_1_886' title='bbox 2974 4691 3040 4745; x_wconf 82' lang='lat' dir='ltr'><strong>Et</strong></span> <span class='ocrx_word' id='word_1_887' title='bbox 3068 4692 3251 4746; x_wconf 90' lang='lat' dir='ltr'><strong>multis</strong></span> <span class='ocrx_word' id='word_1_888' title='bbox 3276 4692 3406 4746; x_wconf 90' lang='lat' dir='ltr'><strong>locis</strong></span> <span class='ocrx_word' id='word_1_889' title='bbox 3432 4692 3534 4747; x_wconf 92' lang='lat' dir='ltr'><strong>hoc</strong></span> <span class='ocrx_word' id='word_1_890' title='bbox 3572 4694 3733 4747; x_wconf 91' lang='lat' dir='ltr'><strong>modo</strong></span> <span class='ocrx_word' id='word_1_891' title='bbox 3780 4694 3867 4746; x_wconf 82' lang='lat' dir='ltr'><strong>di-</strong></span> 
     </span>
    </p>
   </div>
   <div class='ocr_carea' id='block_1_110' title="bbox 2269 4780 3867 4853">
    <p class='ocr_par' dir='ltr' id='par_1_110' title="bbox 2269 4780 3867 4853">
     <span class='ocr_line' id='line_1_110' title="bbox 2269 4780 3867 4853; baseline 0.003 -19"><span class='ocrx_word' id='word_1_892' title='bbox 2269 4781 2406 4834; x_wconf 87' lang='lat' dir='ltr'><strong>citur</strong></span> <span class='ocrx_word' id='word_1_893' title='bbox 2443 4780 2671 4849; x_wconf 89' lang='lat' dir='ltr'><strong>Spiritus</strong></span> <span class='ocrx_word' id='word_1_894' title='bbox 2714 4780 2843 4847; x_wconf 87' lang='lat' dir='ltr'><strong>Dei,</strong></span> <span class='ocrx_word' id='word_1_895' title='bbox 2872 4791 2927 4835; x_wconf 85' lang='lat' dir='ltr'><strong>et</strong></span> <span class='ocrx_word' id='word_1_896' title='bbox 2969 4781 3285 4852; x_wconf 89' lang='lat' dir='ltr'><strong>intelligitur</strong></span> <span class='ocrx_word' id='word_1_897' title='bbox 3324 4784 3551 4853; x_wconf 91' lang='lat' dir='ltr'><strong>Spiritus</strong></span> <span class='ocrx_word' id='word_1_898' title='bbox 3596 4797 3820 4839; x_wconf 87' lang='lat' dir='ltr'><strong>sanctus</strong></span> <span class='ocrx_word' id='word_1_899' title='bbox 3847 4827 3867 4851; x_wconf 90' lang='lat'><strong>,</strong></span> 
     </span>
    </p>
   </div>
   <div class='ocr_carea' id='block_1_111' title="bbox 2268 4871 3867 4945">
    <p class='ocr_par' dir='ltr' id='par_1_111' title="bbox 2268 4871 3867 4945">
     <span class='ocr_line' id='line_1_111' title="bbox 2268 4871 3867 4945; baseline 0.003 -20"><span class='ocrx_word' id='word_1_900' title='bbox 2268 4873 2474 4925; x_wconf 87' lang='lat' dir='ltr'><strong>etiamsi</strong></span> <span class='ocrx_word' id='word_1_901' title='bbox 2505 4888 2609 4925; x_wconf 91' lang='lat' dir='ltr'><strong>non</strong></span> <span class='ocrx_word' id='word_1_902' title='bbox 2640 4871 2865 4926; x_wconf 87' lang='lat' dir='ltr'><strong>addatur</strong></span> <span class='ocrx_word' id='word_1_903' title='bbox 2898 4874 3185 4942; x_wconf 88' lang='lat' dir='ltr'><strong>:quoniam</strong></span> <span class='ocrx_word' id='word_1_904' title='bbox 3213 4890 3274 4928; x_wconf 88' lang='lat' dir='ltr'><strong>ea</strong></span> <span class='ocrx_word' id='word_1_905' title='bbox 3318 4891 3438 4945; x_wconf 68' lang='lat' dir='ltr'><strong>quzc</strong></span> <span class='ocrx_word' id='word_1_906' title='bbox 3468 4877 3822 4931; x_wconf 88' lang='lat' dir='ltr'><strong>circumstant</strong></span> <span class='ocrx_word' id='word_1_907' title='bbox 3848 4920 3867 4943; x_wconf 88' lang='lat'><strong>,</strong></span> 
     </span>
    </p>
   </div>
   <div class='ocr_carea' id='block_1_112' title="bbox 2268 4962 3870 5035">
    <p class='ocr_par' dir='ltr' id='par_1_112' title="bbox 2268 4962 3870 5035">
     <span class='ocr_line' id='line_1_112' title="bbox 2268 4962 3870 5035; baseline 0.004 -19"><span class='ocrx_word' id='word_1_908' title='bbox 2268 4963 2398 5016; x_wconf 89' lang='lat' dir='ltr'><strong>satis</strong></span> <span class='ocrx_word' id='word_1_909' title='bbox 2428 4962 2663 5015; x_wconf 89' lang='lat' dir='ltr'><strong>indicant</strong></span> <span class='ocrx_word' id='word_1_910' title='bbox 2699 4962 2766 5017; x_wconf 94' lang='lat' dir='ltr'><strong>de</strong></span> <span class='ocrx_word' id='word_1_911' title='bbox 2816 4978 2923 5032; x_wconf 93' lang='lat' dir='ltr'><strong>quo</strong></span> <span class='ocrx_word' id='word_1_912' title='bbox 2966 4963 3202 5029; x_wconf 88' lang='lat' dir='ltr'><strong>dicatur;</strong></span> <span class='ocrx_word' id='word_1_913' title='bbox 3248 4965 3319 5018; x_wconf 92' lang='lat' dir='ltr'><strong>ita</strong></span> <span class='ocrx_word' id='word_1_914' title='bbox 3352 4976 3409 5018; x_wconf 95' lang='lat' dir='ltr'><strong>ut</strong></span> <span class='ocrx_word' id='word_1_915' title='bbox 3444 4966 3730 5035; x_wconf 89' lang='lat' dir='ltr'><strong>aliquando</strong></span> <span class='ocrx_word' id='word_1_916' title='bbox 3761 4984 3870 5023; x_wconf 82' lang='lat' dir='ltr'><strong>nec</strong></span> 
     </span>
    </p>
   </div>
   <div class='ocr_carea' id='block_1_113' title="bbox 2271 5054 3869 5127">
    <p class='ocr_par' dir='ltr' id='par_1_113' title="bbox 2271 5054 3869 5127">
     <span class='ocr_line' id='line_1_113' title="bbox 2271 5054 3869 5127; baseline 0.003 -19"><span class='ocrx_word' id='word_1_917' title='bbox 2271 5055 2362 5108; x_wconf 88' lang='lat' dir='ltr'><strong>Dei</strong></span> <span class='ocrx_word' id='word_1_918' title='bbox 2399 5054 2659 5120; x_wconf 87' lang='lat' dir='ltr'><strong>addatur,</strong></span> <span class='ocrx_word' id='word_1_919' title='bbox 2686 5062 2751 5107; x_wconf 62' lang='lat' dir='ltr'><strong>et,</strong></span> <span class='ocrx_word' id='word_1_920' title='bbox 2780 5054 3104 5125; x_wconf 89' lang='lat' dir='ltr'><strong>intelligatur</strong></span> <span class='ocrx_word' id='word_1_921' title='bbox 3152 5066 3332 5115; x_wconf 83' lang='lat' dir='ltr'><strong>tamen</strong></span> <span class='ocrx_word' id='word_1_922' title='bbox 3379 5056 3466 5111; x_wconf 89' lang='lat' dir='ltr'><strong>ille</strong></span> <span class='ocrx_word' id='word_1_923' title='bbox 3504 5058 3733 5127; x_wconf 84' lang='lat' dir='ltr'><strong>Spiritus</strong></span> <span class='ocrx_word' id='word_1_924' title='bbox 3767 5060 3869 5113; x_wconf 80' lang='lat' dir='ltr'><strong>Dei</strong></span> 
     </span>
    </p>
   </div>
   <div class='ocr_carea' id='block_1_114' title="bbox 2268 5146 3871 5217">
    <p class='ocr_par' dir='ltr' id='par_1_114' title="bbox 2268 5146 3871 5217">
     <span class='ocr_line' id='line_1_114' title="bbox 2268 5146 3871 5217; baseline 0.003 -19"><span class='ocrx_word' id='word_1_925' title='bbox 2268 5146 2630 5214; x_wconf 89' lang='lat' dir='ltr'><strong>principaliter</strong></span> <span class='ocrx_word' id='word_1_926' title='bbox 2673 5156 2914 5200; x_wconf 87' lang='lat' dir='ltr'><strong>sanctus.</strong></span> <span class='ocrx_word' id='word_1_927' title='bbox 2961 5147 3091 5200; x_wconf 80' lang='lat' dir='ltr'><strong>Nam</strong></span> <span class='ocrx_word' id='word_1_928' title='bbox 3124 5163 3282 5217; x_wconf 87' lang='lat' dir='ltr'><strong>quem</strong></span> <span class='ocrx_word' id='word_1_929' title='bbox 3324 5150 3487 5203; x_wconf 82' lang='lat' dir='ltr'><strong>alium</strong></span> <span class='ocrx_word' id='word_1_930' title='bbox 3529 5166 3871 5205; x_wconf 76' lang='lat' dir='ltr'><strong>commemo-</strong></span> 
     </span>
    </p>
   </div>
   <div class='ocr_carea' id='block_1_115' title="bbox 2266 5234 3865 5313">
    <p class='ocr_par' dir='ltr' id='par_1_115' title="bbox 2266 5234 3865 5313">
     <span class='ocr_line' id='line_1_115' title="bbox 2266 5234 3865 5313; baseline 0.003 -23"><span class='ocrx_word' id='word_1_931' title='bbox 2266 5246 2380 5301; x_wconf 89' lang='lat' dir='ltr'><strong>rat,</strong></span> <span class='ocrx_word' id='word_1_932' title='bbox 2428 5235 2515 5289; x_wconf 90' lang='lat' dir='ltr'><strong>ubi</strong></span> <span class='ocrx_word' id='word_1_933' title='bbox 2544 5234 2705 5301; x_wconf 87' lang='lat' dir='ltr'><strong>dicit,</strong></span> <span class='ocrx_word' id='word_1_934' title='bbox 2748 5235 2775 5288; x_wconf 87' lang='grc'><strong><em>1</em></strong></span> <span class='ocrx_word' id='word_1_935' title='bbox 2784 5252 2872 5306; x_wconf 86' lang='lat' dir='ltr'><strong>pse</strong></span> <span class='ocrx_word' id='word_1_936' title='bbox 2898 5235 3124 5303; x_wconf 85' lang='lat' dir='ltr'><strong>Spiritus</strong></span> <span class='ocrx_word' id='word_1_937' title='bbox 3153 5240 3490 5292; x_wconf 87' lang='lat' dir='ltr'><strong>testimonium</strong></span> <span class='ocrx_word' id='word_1_938' title='bbox 3534 5241 3622 5293; x_wconf 88' lang='lat' dir='ltr'><strong>dat</strong></span> <span class='ocrx_word' id='word_1_939' title='bbox 3648 5243 3865 5313; x_wconf 82' lang='lat' dir='ltr'><strong>spiritui</strong></span> 
     </span>
    </p>
   </div>
   <div class='ocr_carea' id='block_1_116' title="bbox 2266 5326 3869 5405">
    <p class='ocr_par' dir='ltr' id='par_1_116' title="bbox 2266 5326 3869 5405">
     <span class='ocr_line' id='line_1_116' title="bbox 2266 5326 3869 5405; baseline 0.006 -26"><span class='ocrx_word' id='word_1_940' title='bbox 2266 5336 2436 5382; x_wconf 87' lang='lat' dir='ltr'><strong>nostro</strong></span> <span class='ocrx_word' id='word_1_941' title='bbox 2457 5366 2473 5392; x_wconf 93' lang='lat'><strong>,</strong></span> <span class='ocrx_word' id='word_1_942' title='bbox 2506 5326 2625 5394; x_wconf 86' lang='lat' dir='ltr'><strong>quia</strong></span> <span class='ocrx_word' id='word_1_943' title='bbox 2653 5343 2828 5381; x_wconf 88' lang='lat' dir='ltr'><strong>sumus</strong></span> <span class='ocrx_word' id='word_1_944' title='bbox 2862 5328 2961 5397; x_wconf 83' lang='lat' dir='ltr'><strong>ﬁlii</strong></span> <span class='ocrx_word' id='word_1_945' title='bbox 2987 5327 3119 5393; x_wconf 83' lang='lat' dir='ltr'><strong>Dei;</strong></span> <span class='ocrx_word' id='word_1_946' title='bbox 3147 5339 3221 5395; x_wconf 91' lang='lat' dir='ltr'><strong>et,</strong></span> <span class='ocrx_word' id='word_1_947' title='bbox 3251 5329 3373 5401; x_wconf 88' lang='lat' dir='ltr'><strong>Ipse</strong></span> <span class='ocrx_word' id='word_1_948' title='bbox 3396 5330 3624 5401; x_wconf 86' lang='lat' dir='ltr'><strong>Spiritus</strong></span> <span class='ocrx_word' id='word_1_949' title='bbox 3646 5335 3869 5405; x_wconf 81' lang='lat' dir='ltr'><strong>adjuvat</strong></span> 
     </span>
    </p>
   </div>
   <div class='ocr_carea' id='block_1_117' title="bbox 2328 5524 3424 5585">
    <p class='ocr_par' dir='ltr' id='par_1_117' title="bbox 2328 5524 3424 5585">
     <span class='ocr_line' id='line_1_117' title="bbox 2328 5524 3424 5585; baseline 0.004 -13"><span class='ocrx_word' id='word_1_950' title='bbox 2328 5528 2345 5557; x_wconf 75' lang='grc' dir='ltr'>ί</span> <span class='ocrx_word' id='word_1_951' title='bbox 2371 5532 2443 5573; x_wconf 80' lang='lat' dir='ltr'><strong>Er.</strong></span> <span class='ocrx_word' id='word_1_952' title='bbox 2460 5538 2516 5574; x_wconf 84' lang='lat' dir='ltr'><strong>ac</strong></span> <span class='ocrx_word' id='word_1_953' title='bbox 2538 5531 2643 5574; x_wconf 87' lang='lat' dir='ltr'><strong>tres</strong></span> <span class='ocrx_word' id='word_1_954' title='bbox 2664 5531 2794 5585; x_wconf 70' lang='lat' dir='ltr'><strong>Mss,</strong></span> <span class='ocrx_word' id='word_1_955' title='bbox 2812 5524 3047 5575; x_wconf 82' lang='lat' dir='ltr'><strong>voluntate</strong></span> <span class='ocrx_word' id='word_1_956' title='bbox 3065 5524 3285 5576; x_wconf 72' lang='lat' dir='ltr'><strong>diabolus</strong></span> <span class='ocrx_word' id='word_1_957' title='bbox 3304 5533 3424 5576; x_wconf 88' lang='lat' dir='ltr'><strong>erat.</strong></span> 
     </span>
    </p>
   </div>
   <div class='ocr_carea' id='block_1_118' title="bbox 2326 5586 3863 5649">
    <p class='ocr_par' dir='ltr' id='par_1_118' title="bbox 2326 5586 3863 5649">
     <span class='ocr_line' id='line_1_118' title="bbox 2326 5586 3863 5649; baseline 0.003 -15"><span class='ocrx_word' id='word_1_958' title='bbox 2326 5590 2345 5619; x_wconf 83' lang='grc'><strong><em>²</em></strong></span> <span class='ocrx_word' id='word_1_959' title='bbox 2379 5587 2525 5645; x_wconf 69' lang='lat' dir='ltr'><strong>miti,</strong></span> <span class='ocrx_word' id='word_1_960' title='bbox 2560 5587 2623 5635; x_wconf 88' lang='lat' dir='ltr'><strong>ad</strong></span> <span class='ocrx_word' id='word_1_961' title='bbox 2657 5586 2931 5648; x_wconf 79' lang='lat' dir='ltr'><strong>fuciendunt</strong></span> <span class='ocrx_word' id='word_1_962' title='bbox 2962 5588 3142 5636; x_wconf 84' lang='lat' dir='ltr'><strong>malum</strong></span> <span class='ocrx_word' id='word_1_963' title='bbox 3173 5588 3223 5637; x_wconf 86' lang='lat' dir='ltr'><strong>in</strong></span> <span class='ocrx_word' id='word_1_964' title='bbox 3253 5588 3380 5637; x_wconf 84' lang='lat' dir='ltr'><strong>Saul.</strong></span> <span class='ocrx_word' id='word_1_965' title='bbox 3432 5588 3605 5649; x_wconf 77' lang='lat' dir='ltr'><strong>Abest,</strong></span> <span class='ocrx_word' id='word_1_966' title='bbox 3640 5590 3863 5648; x_wconf 77' lang='lat' dir='ltr'><strong>nmium.</strong></span> 
     </span>
    </p>
   </div>
   <div class='ocr_carea' id='block_1_119' title="bbox 2268 5656 3401 5771">
    <p class='ocr_par' dir='ltr' id='par_1_119' title="bbox 2268 5656 3401 5771">
     <span class='ocr_line' id='line_1_119' title="bbox 2268 5656 3401 5771; baseline 0.004 -16"><span class='ocrx_word' id='word_1_967' title='bbox 2268 5658 2294 5693; x_wconf 62' lang='grc'><strong>³</strong></span> <span class='ocrx_word' id='word_1_968' title='bbox 2321 5656 2569 5757; x_wconf 53' lang='grc' dir='ltr'>ξιῗῗιιαωι</span> <span class='ocrx_word' id='word_1_969' title='bbox 2591 5707 2719 5767; x_wconf 89' lang='lat' dir='ltr'><strong>libri,</strong></span> <span class='ocrx_word' id='word_1_970' title='bbox 2737 5708 2935 5771; x_wconf 77' lang='lat' dir='ltr'><strong>spiritus</strong></span> <span class='ocrx_word' id='word_1_971' title='bbox 2950 5709 3105 5758; x_wconf 80' lang='lat' dir='ltr'><strong>malus</strong></span> <span class='ocrx_word' id='word_1_972' title='bbox 3127 5722 3159 5756; x_wconf 92' lang='lat' dir='ltr'><strong>a</strong></span> <span class='ocrx_word' id='word_1_973' title='bbox 3185 5709 3401 5761; x_wconf 80' lang='lat' dir='ltr'><strong>Domino.</strong></span> 
     </span>
    </p>
   </div>
   <div class='ocr_carea' id='block_1_120' title="bbox 2263 5768 3857 5885">
    <p class='ocr_par' dir='ltr' id='par_1_120' title="bbox 2263 5768 3857 5885">
     <span class='ocr_line' id='line_1_120' title="bbox 2324 5768 3857 5881; baseline 0.004 -64"><span class='ocrx_word' id='word_1_974' title='bbox 2324 5774 2347 5802; x_wconf 67' lang='grc'>³</span> <span class='ocrx_word' id='word_1_975' title='bbox 2372 5768 2799 5881; x_wconf 48' lang='lat' dir='ltr'><strong>tiditMiLSSecundum</strong></span> <span class='ocrx_word' id='word_1_976' title='bbox 2820 5768 2946 5821; x_wconf 87' lang='lat' dir='ltr'><strong>enim</strong></span> <span class='ocrx_word' id='word_1_977' title='bbox 2963 5771 3069 5831; x_wconf 88' lang='lat' dir='ltr'><strong>hoc,</strong></span> <span class='ocrx_word' id='word_1_978' title='bbox 3102 5772 3271 5835; x_wconf 77' lang='lat' dir='ltr'><strong>inquit,</strong></span> <span class='ocrx_word' id='word_1_979' title='bbox 3288 5785 3318 5821; x_wconf 92' lang='lat' dir='ltr'><strong>a</strong></span> <span class='ocrx_word' id='word_1_980' title='bbox 3339 5771 3553 5823; x_wconf 79' lang='lat' dir='ltr'><strong>nomine.</strong></span> <span class='ocrx_word' id='word_1_981' title='bbox 3581 5774 3857 5823; x_wconf 63' lang='lat' dir='ltr'><strong>t’mendsno</strong></span> 
     </span>
     <span class='ocr_line' id='line_1_121' title="bbox 2263 5845 2557 5885; baseline -0.02 -1"><span class='ocrx_word' id='word_1_982' title='bbox 2263 5848 2339 5885; x_wconf 84' lang='lat' dir='ltr'><strong>tur</strong></span> <span class='ocrx_word' id='word_1_983' title='bbox 2368 5846 2425 5881; x_wconf 79' lang='lat' dir='ltr'><strong>ex</strong></span> <span class='ocrx_word' id='word_1_984' title='bbox 2505 5845 2515 5853; x_wconf 67' lang='grc'><strong><em>’</em></strong></span> <span class='ocrx_word' id='word_1_985' title='bbox 2548 5870 2557 5878; x_wconf 92' lang='grc'>.</span> 
     </span>
    </p>
   </div>
  </div>
