4136 6520
233 398 336 459 155

236 511 587 584 inﬁmitatem
638 518 865 565 nostram
901 507 1077 584 (Rom.
1119 504 1356 573 "p.16,
1402 504 1535 575 ἓως
1584 512 1657 566 et,
1704 501 1834 557 Haec

236 604 410 659 omnia
454 610 697 673 operatur
738 618 871 656 unus
923 611 1071 672 atque
1111 600 1246 655 idem
1305 598 1551 668 Spiritus,
1610 596 1836 649 dividens

236 696 443 767 singula
468 693 771 763 unicuique‘
815 703 968 764 prout
995 692 1137 757 vult;
1166 702 1242 757 et,
1285 690 1566 744 Divisiones
1595 688 1836 742 donatio-

228 803 357 842 num
380 795 515 851 sunt,
542 784 680 838 idem
714 794 884 838 autem
928 782 1152 853 Spiritus
1181 781 1229 853 (Ι
1257 779 1384 836 Cor:
1408 796 1502 847 xu,
1534 782 1620 846 ll,
1653 781 1748 850 4)?
1776 780 1832 834 In

232 877 321 931 his
347 876 489 931 enim
510 875 761 930 omnibus
784 875 1083 939 sententiis,
1111 888 1212 928 nec
1241 873 1356 939 Dei,
1382 887 1481 927 nec
1510 881 1726 927 sanctus
1752 878 1836 925 est

231 969 495 1033 additum,
522 977 576 1023 et
602 978 782 1022 tamen
812 967 927 1037 ipse
953 965 1286 1035 intelligitur.
1314 962 1421 1019 Sed
1451 963 1631 1018 nescio
1652 972 1831 1017 utrum

234 1062 523 1118 manifesto
550 1061 733 1132 aliquo
758 1060 1007 1129 exemplo
1034 1058 1247 1128 probari
1276 1057 1464 1127 possit,
1496 1055 1694 1111 alicubi
1723 1057 1833 1125 spi-

231 1154 403 1210 ritum
431 1154 522 1207 Dei
555 1152 755 1207 dictum
796 1151 915 1205 sine
944 1150 1331 1215 additamento,
1356 1148 1443 1202 ubi
1486 1147 1719 1217 Spiritus
1749 1147 1835 1200 ille

232 1252 457 1299 sanctus
482 1259 585 1297 non
625 1241 974 1313 signiﬁcetur,
1001 1241 1095 1297 sed
1138 1240 1332 1310 aliquis
1371 1240 1615 1310 quamvis
1641 1239 1832 1301 bonus,

236 1345 459 1391 creatus
501 1346 675 1389 tamen
720 1342 778 1389 et
821 1333 1088 1389 conditus.
1129 1332 1260 1399 Quae
1305 1332 1646 1402 proferuntur
1690 1331 1835 1384 enim

235 1427 401 1482 dubia
424 1436 565 1490 sunt,
585 1436 639 1481 et
662 1425 904 1495 indigent
919 1425 1145 1479 clariore
1161 1424 1516 1488 documento;
1549 1423 1686 1477 sicut
1707 1420 1833 1476 illud

234 1519 385 1589 quod
416 1519 672 1589 scriptum
711 1525 816 1583 est,
861 1515 1090 1587 Spiritus
1119 1515 1214 1570 Dei
1239 1516 1647 1585 superferebatur
1685 1531 1837 1584 super

232 1611 457 1683 aquam’
486 1608 639 1679 (Gen.
662 1625 700 1673 ι,
721 1608 805 1679 2).
824 1607 956 1662 Nam
977 1616 1032 1662 et
1052 1608 1123 1662 ibi
1145 1606 1401 1677 Spiritum
1424 1615 1666 1661 sanctum
1691 1606 1832 1660 acci-

235 1718 371 1772 pere
397 1702 526 1773 quid
549 1701 825 1770 impediat,
857 1700 1224 1755 non‘invenio.
1256 1700 1387 1754 Cum
1410 1699 1551 1753 enim
1580 1713 1833 1768 aquarum

232 1792 458 1849 nomine
504 1793 595 1847 illa
641 1793 889 1847 materies
937 1791 1238 1846 insinuetur
1285 1788 1583 1856 informis',
1621 1805 1739 1859 (ιιιτι³
1768 1789 1836 1843 de

231 1885 406 1940 nihilo
438 1883 577 1938 facta
615 1894 715 1948 εει,
745 1881 887 1937 unde
912 1882 1091 1937 omnia
1132 1882 1357 1947 ﬁerent;
1407 1879 1537 1951 quid
1585 1878 1837 1950 prohibet

236 1975 545 2046 intelligere
568 1974 825 2044 Spiritum
858 1982 1097 2028 sanctum
1124 1971 1447 2038 Conditoris,
1480 1971 1619 2041 quod
1643 1986 1832 2041 super-

236 2067 515 2123 !erebatur
539 2064 662 2120 huic
692 2065 950 2130 materiae,
981 2078 1087 2118 non
1118 2063 1355 2118 locorum
1385 2062 1637 2133 gradibus
1667 2064 1836 2117 inter-

234 2158 503 2228 vallisque
538 2156 853 2225 spatiorum,
886 2155 1027 2226 quod
1065 2169 1398 2225 nequaquam
1428 2154 1497 2209 de
1523 2154 1629 2208 ulla
1661 2169 1719 2208 re
1750 2154 1835 2207 iu-

237 2265 499 2321 corporea
541 2258 689 2304 recte
729 2247 943 2313 dicitur,
986 2247 1079 2302 sed
1110 2247 1425 2302 excellentia
1466 2256 1521 2301 et
1547 2246 1835 2302 eminentia

236 2340 562 2395 dominantis
593 2354 757 2408 super
793 2339 971 2393 omnia
1003 2338 1313 2406 voluntatis,
1344 2347 1401 2392 ut
1426 2338 1604 2393 omnia
1633 2339 1835 2393 conde-

242 2431 468 2487 rentur?
494 2431 797 2485 Prmsertim
821 2444 940 2483 eum
969 2445 1029 2484 ea
1062 2430 1278 2495 locutio,
1298 2430 1435 2485 sicut
1456 2430 1667 2484 illarum
1694 2429 1838 2485 Scri-

243 2534 520 2593 pturarum
548 2538 665 2577 mos
681 2532 785 2589 est,
802 2525 961 2577 etiam
985 2522 1353 2593 prOpheticum
1380 2523 1631 2594 quiddam
1660 2532 1833 2588 sonet,

239 2615 667 2687 tnysterittmque
704 2614 869 2669 futuri
919 2615 1259 2684 Baptismatis
1283 2630 1349 2670 ex
1384 2631 1517 2686 aqua
1545 2624 1600 2671 et
1635 2614 1835 2686 Spiritu

236 2715 430 2761 sancto
469 2704 718 2760 nascituri
750 2705 931 2776 pepuli
963 2704 1321 2775 praeﬁguret‘.
1362 2704 1480 2760 Non
1527 2721 1654 2776 ergo
1698 2708 1836 2777 cogit

234 2796 385 2866 quod
431 2796 628 2851 dictum
680 2806 801 2862 est,
855 2794 923 2848 Et
973 2795 1201 2861 Spiritus
1264 2795 1363 2851 Dei
1424 2796 1839 2868 superferebatur

235 2906 396 2961 super
438 2905 639 2957 aquam,
668 2888 819 2943 illum
868 2888 1167 2959 intelligere
1205 2889 1476 2959 spiritum,
1514 2890 1653 2945 sicut
1693 2906 1833 2945 non-

244 2980 376 3035 nulli
405 2980 738 3051 volunt,quo
766 2979 947 3034 mundi
977 2980 1145 3035 moles
1175 2981 1420 3035 universa
1446 2982 1543 3035 ista
1573 2997 1832 3052 corporea

238 3070 386 3126 velut
414 3072 702 3138 animatur,
734 3071 801 3127 ad
830 3072 1183 3127 ministerium
1227 3088 1564 3146 quorumque
1610 3076 1837 3147 gignen-

238 3163 398 3228 tium,
440 3174 496 3217 et
539 3162 591 3216 in
631 3177 726 3216 sua
773 3162 954 3230 specie
997 3163 1436 3218 continendarum
1480 3167 1837 3235 corporalium

237 3264 631 3310 creaturarum.
662 3253 919 3311 Creatura
964 3265 1047 3309 est
1085 3256 1227 3309 enim
1273 3255 1532 3327 quidquid
1580 3267 1664 3312 est
1711 3258 1835 3312 tale.

239 3344 375 3399 Illud
399 3346 561 3400 etiam
592 3345 735 3415 quod
771 3344 1031 3415 scriptum
1063 3355 1164 3411 est.
1210 3346 1464 3413 Quoniam
1486 3348 1712 3419 Spiritus
1731 3349 1841 3404 Do-

239 3436 368 3489 mini
398 3436 607 3507 replevit
632 3437 801 3490 orbem
841 3447 1091 3491 terrarum
1119 3438 1275 3507 (Sap.
1310 3454 1350 3505 t,
1393 3440 1472 3509 7),
1505 3456 1609 3495 non
1648 3440 1842 3497 desunt

238 3527 332 3594 qui
363 3526 612 3581 eumdem
658 3527 904 3596 spiritum
934 3528 1101 3583 velint
1129 3530 1321 3599 accipi,
1365 3530 1685 3587 invisibilem
1712 3535 1842 3588 sci-

241 3620 368 3674 licet
410 3630 710 3673 creaturam
755 3628 945 3674 cuncta
994 3620 1223 3675 visibilia
1278 3622 1565 3677 universali
1611 3624 1840 3694 quadam

239 3712 642 3781 conspiratione
690 3721 1026 3782 vegetantem
1080 3723 1240 3783 atque
1294 3714 1683 3770 continentem.
1734 3715 1841 3772 Sed

247 3818 425 3873 neque
471 3803 560 3858 hic
586 3803 743 3857 video
784 3801 911 3873 quid
962 3803 1219 3872 impediat
1262 3804 1558 3875 intelligere
1585 3806 1841 3876 Spiritum

243 3904 515 3962 sanctum,
541 3910 663 3950 cum
695 3896 809 3965 ipse
839 3895 978 3950 Deus
1004 3895 1147 3950 dicat
1174 3897 1315 3965 apud
1362 3899 1699 3967 prophetam,
1732 3897 1845 3954 Cae-

243 3991 353 4042 tum
381 3997 427 4041 et
472 3998 657 4041 terram
723 4003 815 4057 ego
864 3987 1050 4058 impleo
1102 3985 1311 4057 (Jerem.
1363 4004 1511 4054 χχιιι,
1563 3989 1681 4058 24).
1729 3989 1841 4044 Non

243 4084 389 4137 enim
438 4082 554 4136 sine
584 4097 683 4136 suo
708 4080 909 4150 Spiritu
934 4090 1121 4134 sancto
1153 4081 1337 4149 implet
1380 4081 1517 4135 Deus
1556 4083 1751 4136 ctelum
1792 4091 1846 4136 et

248 4182 468 4228 terram.
495 4172 632 4240 Quid
678 4187 810 4242 ergo
839 4172 1033 4225 mirum
1076 4172 1118 4225 si
1147 4170 1216 4226 de
1258 4172 1458 4240 Spiritu
1504 4183 1687 4227 sancto
1728 4173 1844 4244 ejus

245 4264 447 4318 dictum
489 4273 601 4325 est,
652 4262 877 4334 Replevit
923 4262 1093 4316 orbem
1142 4266 1433 4318 terrarum?
1485 4266 1655 4319 Aliter
1701 4269 1841 4320 enim

250 4358 425 4426 replet
452 4356 858 4422 sanctilicando,
906 4357 1045 4411 sicut
1085 4356 1152 4411 de
1189 4356 1463 4425 Stephano
1494 4357 1707 4425 dicitur,
1740 4358 1845 4412 Re-

249 4449 412 4518 pletus
445 4458 522 4502 est
570 4446 772 4517 Spiritu
823 4458 995 4501 sancto
1023 4446 1162 4519 (Act.
1196 4463 1268 4514 vt,
1306 4449 1361 4514 5,
1397 4456 1445 4500 et
1486 4464 1577 4513 vn,
1614 4448 1742 4521 55);
1792 4460 1847 4504 et

248 4541 317 4595 de
362 4539 574 4595 caeteris
623 4539 857 4593 talibus:
899 4539 1054 4593 aliter
1098 4554 1226 4609 ergo
1267 4540 1437 4608 replet
1483 4540 1846 4595 sanctiﬁcante

249 4631 477 4701 gratia“,
536 4630 674 4684 sicut
730 4628 989 4699 quosdam
1051 4641 1309 4694 sanctos;
1355 4629 1513 4683 aliter
1563 4639 1847 4685 attestante

248 4734 413 4793 atque
432 4722 715 4776 ordinante
744 4721 1025 4791 praesentia
1039 4720 1082 4787 ⁸,
1106 4721 1241 4774 sicut
1265 4721 1462 4774 omnia.
1488 4720 1845 4787 Quamobrem

252 4815 437 4869 nescio
473 4823 651 4867 utrum
691 4822 839 4867 certo
867 4811 1045 4881 aliquo
1082 4810 1404 4866 documento
1451 4811 1842 4881 Scripturarum

251 4905 425 4977 possit
462 4902 692 4967 ostendi,
755 4917 877 4956 cum
927 4902 1042 4956 sine
1090 4902 1199 4956 ullo
1249 4901 1609 4957 additamento
1654 4903 1848 4958 dicitur

317 5063 332 5091 ι
356 5057 478 5126 editi
502 5069 619 5126 cum
636 5055 854 5118 Vulgata,
872 5052 1094 5126 singulis.
1123 5060 1177 5103 At
1200 5055 1655 5126 vetustrisstmuspts.
1675 5058 1849 5126 Cor-he-

253 5122 415 5174 leusis
431 5116 710 5186 ,mu’cuique
724 5116 743 5177 ξ
757 5117 885 5186 quod
903 5116 1094 5186 plenius
1108 5116 1375 5185 reSpondet
1385 5130 1545 5186 graeco
1556 5116 1659 5186 idia
1672 5120 1846 5186 ecastb.

257 5195 467 5247 pro_quo
484 5178 787 5243 AugllSUDDS
812 5178 1074 5236 interdum,
1094 5178 1294 5240 propria
1317 5178 1588 5241 unicuique.
1613 5181 1685 5229 sic
1706 5180 1847 5240 intra,

252 5245 440 5353 “3753c
463 5312 567 5353 me.
599 5302 737 5366 juxta
759 5314 973 5366 graecum
1012 5306 1141 5349 LXX.
1179 5306 1235 5349 At
1268 5299 1404 5361 editi,
1431 5300 1672 5363 ferebatur
1703 5316 1849 5367 super

251 5380 409 5427 aquas

320 5400 685 5477 reorbeiensis
735 5432 790 5475 et
831 5429 1082 5473 vattcanus
1136 5431 1242 5473 Mss.
1264 5456 1279 5482 ,
1323 5422 1648 5473 insinuaretur
1696 5425 1847 5489 infor-

253 5488 435 5617 nfsto
456 5555 564 5617 uss.
590 5548 707 5617 miti
742 5559 879 5605 vero,
916 5546 1314 5617 quoddamsonet
1344 5543 1758 5617 mysteriumquo
1780 5549 1853 5617 [τίς

251 5613 356 5668 auri
386 5608 689 5674 Laptismatt's
709 5622 776 5659 ex
807 5606 936 5669 aqua
954 5614 999 5658 et
1022 5606 1204 5672 Spiritu
1234 5606 1411 5657 sancto
1430 5606 1667 5658 noscitari
1679 5606 1850 5673 populi

252 5673 712 5753 pne/igurarentur.
819 5731 829 5741 θ
858 5730 869 5741 ,
999 5732 1010 5743 ⁸
1666 5729 1677 5740 ⁸

318 5740 339 5771 ⁸
374 5750 449 5787 διο
492 5742 601 5785 Mss.
653 5741 710 5782 At
752 5729 899 5790 edttt,
943 5730 1084 5784 aliter
1129 5736 1289 5781 autem
1330 5729 1482 5795 replet
1520 5728 1852 5795 smtcttﬁcante

254 5798 414 5866 σημεῖα

320 5836 457 5909 ῖῖὲι
486 5866 619 5922 1pm.,
640 5851 961 5923 prmsdmtia.

1569 387 1772 444 LIBER
1810 388 2188 447 SECUNDUS.

3444 395 3543 456 134

1944 503 2161 573 spiritus
2192 503 2283 559 Dei
2321 504 2404 561 vel
2431 508 2649 578 spiritus
2679 508 2907 575 Domini,
2938 509 3136 582 aliquid
3162 511 3303 568 aliud
3332 513 3538 586 signiﬁ-

1942 594 2050 649 cari
2086 610 2243 666 quam
2274 596 2528 667 Spiritum
2556 610 2817 655 sanetum.
2847 601 2954 657 Sed
2982 603 3081 658 etsi
3111 612 3192 659 est
3218 603 3353 660 forte
3384 607 3530 677 quod

1943 685 1994 741 in
2027 690 2309 757 praesentia
2352 705 2460 745 non
2486 701 2752 761 occurrat,
2784 693 2916 750 illud
2959 706 3104 751 certe
3146 697 3377 754 arbitror
3421 714 3530 756 non

1943 785 2145 835 temere
2172 780 2298 847 dici,
2326 783 2535 852 quoties
2562 784 2613 838 in
2649 787 2848 841 sanctis
2886 786 3110 857 eloquiis
3137 803 3531 846 commemora-

1941 877 2029 923 tur
2054 872 2270 940 spiritus
2294 872 2409 940 Dei,
2439 890 2612 945 neque
2637 875 2849 931 additur
2875 878 3095 947 aliquid,
3119 880 3231 935 sive
3262 881 3352 936 ille
3386 881 3534 937 Patri

1941 968 1994 1013 et
2020 959 2152 1015 Filio
2177 963 2643 1020 consubstantialis
2687 966 2917 1035 Spiritus
2953 978 3186 1037 sanctus,
3216 973 3328 1027 sive
3354 973 3532 1043 aliqua

1940 1062 2181 1107 creatura
2230 1053 2511 1110 invisibilis
2555 1057 2895 1128 intelligatur,
2941 1061 3157 1115 malum”
3193 1071 3368 1117 tamen
3423 1080 3529 1120 non

1940 1158 2096 1212 posse
2134 1145 2378 1216 intelligi,
2409 1147 2509 1203 nisi
2540 1149 2767 1205 addatur
2794 1153 2953 1207 etiam
2999 1154 3189 1207 malus.
3222 1154 3359 1209 Malo
3386 1159 3528 1212 enim

1938 1236 2060 1304 quia
2090 1233 2225 1291 bene
2255 1238 2421 1293 utitur
2448 1240 2585 1295 Deus
2616 1241 2682 1296 ad
2712 1242 3063 1298 ministerium
3091 1244 3273 1313 judicii
3303 1247 3404 1314 sui,
3432 1263 3530 1320 ap-

1939 1327 2166 1395 pellatur
2197 1331 2356 1385 etiam
2385 1333 2498 1401 ipse
2527 1335 2748 1402 spiritus
2777 1336 2891 1402 Dei,
2940 1337 3004 1391 ad
3040 1338 3325 1395 vindictam
3357 1341 3531 1395 malo-

1936 1432 2053 1471 rum
2083 1429 2136 1472 et
2161 1420 2494 1491 disciplinam
2521 1424 2605 1478 vel
2628 1425 2994 1493 probationem
3028 1427 3307 1483 bonorum.

2009 1508 2061 1563 6.
2104 1509 2212 1564 Nec
2253 1512 2378 1566 illud
2419 1529 2634 1570 movere
2666 1516 2776 1585 jam
2820 1532 2918 1572 nos
2962 1517 3140 1586 debet,
3173 1520 3311 1589 quod
3344 1530 3529 1592 postea

1937 1599 2193 1669 scriptum
2223 1612 2324 1669 est,
2360 1605 2605 1660 eumdem
2652 1604 2867 1661 Saulem
2910 1609 3097 1677 spiritu
3144 1611 3236 1666 Dei
3279 1628 3441 1682 super
3469 1630 3530 1671 se

1938 1688 2076 1745 facto
2104 1694 2471 1761 prophetasse,
2497 1698 2766 1767 quomodo
2786 1708 2905 1768 post
2931 1699 3126 1754 bonum
3153 1703 3398 1771 Spiritum
3420 1705 3530 1776 spi-

1940 1780 2071 1836 ritus
2094 1785 2285 1847 malus,
2313 1793 2367 1839 et
2397 1802 2606 1842 rursum
2636 1798 2758 1859 post
2787 1789 2985 1845 malum
3018 1792 3208 1847 bonus.
3241 1793 3354 1849 Hoc
3382 1797 3527 1851 enim

1939 1870 2018 1937 ﬁt,
2041 1888 2147 1927 non
2173 1876 2525 1933 mutabilitate
2547 1877 2776 1948 Spiritus
2793 1883 2982 1949 sancti,
3006 1884 3096 1954 qui
3122 1894 3203 1939 est
3224 1885 3527 1942 incommu-

1941 1962 2114 2018 tabilis
2138 1979 2259 2020 cum
2292 1966 2451 2023 Patre
2478 1978 2533 2024 et
2559 1969 2715 2035 Filio,
2739 1974 2832 2027 sed
2856 1974 3207 2031 mutabilitate
3236 1977 3399 2033 animi
3422 1978 3526 2035 ltu-

1940 2056 2105 2121 mani,
2143 2057 2249 2112 Deo
2275 2070 2465 2115 cuncta
2494 2061 2866 2129 distribuente,
2898 2064 3012 2121 sive
3032 2066 3187 2121 malis
3213 2083 3310 2137 pro
3332 2070 3527 2125 merito

1938 2147 2294 2206 damnationis
2314 2153 2397 2207 vel
2418 2155 2825 2223 emendationis,
2849 2158 2967 2213 sive
2984 2158 3136 2214 bonis
3158 2175 3253 2230 pro
3284 2162 3527 2232 largitate

1938 2242 2120 2310 gratize
2146 2258 2278 2298 sure.
2308 2245 2623 2317 Quanquam
2642 2249 2809 2303 videri
2828 2251 2996 2320 possit
3014 2252 3176 2307 etiam
3206 2252 3345 2308 idem
3366 2254 3528 2310 fuisse

1939 2334 2031 2390 Dei
2058 2337 2274 2405 spiritus
2315 2355 2529 2410 semper
2571 2341 2623 2396 in
2667 2341 2825 2409 Saul;
2856 2346 3027 2401 malus
3055 2356 3230 2402 autem
3258 2347 3353 2413 illi,
3385 2348 3528 2419 quod

1938 2426 2053 2493 ejus
2079 2428 2410 2484 sanctitatis‘
2447 2446 2612 2500 capax
2639 2448 2744 2487 non
2775 2444 2937 2489 esset.
2981 2435 3086 2491 Sed
3117 2452 3222 2491 non
3253 2449 3398 2494 recte
3427 2438 3529 2494 hoc

1939 2517 2166 2572 videtur.
2184 2519 2369 2575 Tutior
2382 2529 2465 2576 est
2479 2523 2621 2577 enim
2636 2523 2728 2579 ille
2746 2538 2936 2581 sensus
2952 2535 3006 2581 et
3021 2528 3217 2593 verior,
3234 2538 3288 2582 ut
3302 2545 3398 2599 pro
3412 2544 3530 2584 mu-

1941 2609 2196 2665 tabilitate
2221 2610 2518 2667 aﬁ'eetionis
2549 2615 2795 2670 humanae
2821 2613 3051 2686 Spiritus
3077 2617 3167 2673 Dei
3191 2619 3361 2673 bonus
3392 2618 3530 2676 bene

1939 2698 2157 2765 alliciat,
2189 2702 2271 2756 vel
2288 2702 2354 2756 ad
2383 2706 2739 2774 prephetiam,
2760 2707 2841 2761 vel
2862 2706 2927 2762 ad
2946 2723 3080 2777 opus
3098 2711 3371 2779 quodlibet
3385 2711 3529 2767 aliud

1940 2791 1993 2845 in
2015 2807 2238 2848 munere
2259 2793 2469 2861 divino;
2502 2795 2700 2851 afﬁciet
2726 2806 2902 2853 autem
2930 2799 3102 2855 malus
3119 2800 3275 2863 male,
3295 2802 3384 2871 qui
3409 2818 3533 2873 pro-

1940 2889 2059 2952 pter
2085 2882 2438 2938 ministerium
2463 2884 2657 2941 divina:
2678 2889 2942 2957 aequitatis
2961 2890 3137 2943 omnia
3164 2890 3533 2948 distribuentis

1940 2981 1995 3027 et
2015 2974 2263 3029 omnibus
2293 2983 2437 3031 recte
2467 2978 2666 3033 utentis
2706 2979 2898 3034 dicitur
2924 2989 2978 3035 et
3004 2982 3119 3051 ipse
3147 2984 3365 3052 spiritus
3398 2985 3487 3040 Dei
3515 3002 3529 3038 :

1943 3065 2236 3133 prtesertim
2258 3066 2378 3135 quia
2406 3066 2605 3122 dictum
2628 3078 2730 3135 est,
2756 3068 2977 3126 Recessit
2996 3071 3058 3125 ab
3085 3088 3142 3125 eo
3171 3073 3397 3144 Spiritus
3417 3074 3529 3140 Dei,

1942 3162 1991 3209 et
2017 3158 2395 3228 comprehendit
2415 3175 2526 3213 eum
2545 3160 2755 3225 spiritus
2776 3160 3029 3233 malignus
3049 3180 3080 3216 a
3111 3163 3347 3218 Domino.
3375 3164 3534 3221 Nullo

1940 3247 2084 3303 enim
2113 3258 2268 3318 pacto
2289 3260 2466 3321 p0test
2490 3251 2628 3307 idem
2648 3253 2812 3307 videri
2836 3255 3120 3311 recessisse
3145 3266 3198 3310 et
3226 3262 3532 3329 apprehen-

1942 3337 2107 3394 disse.
2140 3340 2310 3396 Porro
2338 3352 2514 3397 autem
2544 3344 2594 3398 in
2625 3346 2893 3400 nonnullis
2924 3350 3338 3419 exemplaribus,
3376 3360 3430 3406 et
3455 3353 3535 3407 eis

1944 3431 2174 3485 maxime
2199 3447 2319 3502 quae
2360 3432 2428 3487 de
2468 3433 2645 3503 lingua
2688 3435 2897 3491 hebrtea
2924 3437 2992 3492 ad
3018 3440 3240 3494 verbum
3283 3440 3534 3496 videntur

1942 3535 2216 3591 expressa,
2246 3523 2513 3579 invenitur
2533 3526 2761 3595 Spiritus
2795 3529 2886 3583 Dei
2915 3530 3030 3585 sine
3055 3532 3415 3588 additamento
3433 3550 3533 3606 po-

1945 3612 2109 3677 situs;
2140 3622 2193 3668 et
2221 3614 2532 3685 intelligitur
2552 3618 2723 3672 malus
2744 3635 2808 3674 ex
2831 3636 2897 3675 eo
2914 3622 3051 3689 quod
3075 3624 3362 3692 arripiebat
3381 3625 3532 3692 Saul,

1945 3711 2001 3757 et
2028 3703 2297 3759 reﬁciebat
2325 3722 2445 3761 eum
2475 3707 2641 3762 David
2689 3712 2952 3780 tangendo
2995 3713 3273 3769 citharam.
3320 3716 3537 3773 Manife-

1948 3803 2088 3850 stum
2113 3805 2199 3851 est
2222 3806 2423 3862 tamen,
2458 3798 2578 3855 ideo
2607 3815 2710 3855 non
2740 3803 2976 3857 additum
3006 3805 3199 3871 malus,
3226 3808 3346 3877 quia
3370 3810 3534 3879 paulo

1947 3889 2196 3958 superius
2222 3890 2332 3958 jam
2362 3889 2563 3945 dictum
2591 3902 2724 3955 erat,
2753 3903 2807 3947 et
2835 3893 2902 3949 de
2930 3896 3201 3951 vicinitate
3240 3897 3532 3968 Scriptura:

1948 3981 2215 4035 subaudiri
2244 3992 2298 4035 et
2323 3981 2543 4052 intelligi
2585 3994 2811 4052 poterat.
2860 3985 2934 4041 lta
2965 3988 3107 4041 enim
3140 3989 3193 4043 in
3226 3990 3531 4059 hujusmotli

1948 4072 2342 4141 exemplaribus
2394 4074 2617 4144 legitur:
2648 4074 2820 4146 Igitur
2862 4078 3277 4150 quandocumque
3327 4084 3536 4151 spiritus

1950 4160 2154 4215 Domini
2202 4163 2478 4233 arripiebat
2526 4164 2679 4232 Saul,
2738 4168 2941 4221 tollebat
2980 4167 3147 4223 Dauid
3197 4173 3442 4227 citharam
3489 4188 3537 4228 ct

1951 4254 2254 4322 percutiebat
2309 4272 2463 4309 manu
2521 4272 2615 4310 sua
2645 4299 2659 4323 ,
2716 4269 2764 4311 et
2819 4260 3200 4331 refocillabatur
3260 4263 3391 4319 Saul
3412 4307 3428 4332 ,
3492 4278 3538 4320 rt

1951 4342 2105 4397 terius
2152 4344 2403 4399 habebat:
2428 4347 2684 4401 recedebat
2728 4349 2860 4402 enim
2893 4350 2955 4403 ab
2996 4367 3053 4405 ea
3097 4354 3307 4424 spiritus
3350 4359 3535 4411 malus.

1949 4432 2073 4489 Sive
2112 4450 2240 4505 ergo
2280 4436 2419 4505 quod
2471 4436 2557 4493 hic
2606 4454 2709 4492 non
2756 4448 2840 4493 est
2877 4441 3098 4509 dictum,
3147 4445 3365 4513 spiritus
3409 4448 3534 4515 Dei;

1950 4527 2043 4581 sed
2095 4528 2485 4596 tantutnmodo,
2541 4529 2760 4599 spiritus
2811 4533 3014 4588 malus:
3051 4537 3191 4605 quod
3247 4538 3316 4591 ibi
3360 4540 3539 4595 minus

1950 4620 2149 4674 dictum
2198 4630 2333 4687 erat,
2383 4628 2630 4691 tanquam
2678 4623 2942 4678 redditum
2989 4638 3228 4696 apparet,
3262 4630 3374 4684 sive
3413 4634 3533 4700 quia

1950 4711 2195 4779 superius
2237 4712 2306 4764 ita
2359 4712 2585 4780 positum
2624 4725 2772 4779 erat,
2829 4715 2892 4768 Et
2941 4718 3178 4772 dixerunt
3222 4721 3352 4773 servi
3408 4721 3541 4777 Saut

1950 4802 2019 4855 ad
2063 4818 2179 4855 eum
2217 4817 2235 4855 :
2272 4800 2404 4857 Ecce
2450 4805 2661 4874 spiritus
2698 4804 2797 4859 Dei
2845 4809 3010 4862 malus
3053 4812 3276 4881 exagitat
3317 4822 3400 4876 te;
3442 4815 3538 4883 ju-

1952 4891 2064 4947 beat
2082 4894 2317 4948 dominus
2346 4904 2533 4959 noster,
2565 4906 2613 4949 et
2638 4899 2767 4951 servi
2794 4899 2869 4950 tui
2887 4901 2974 4969 qui
2998 4917 3169 4953 coram
3193 4914 3241 4955 te
3264 4913 3381 4955 sunt
3401 4921 3538 4972 qum-

1952 4994 2064 5038 rent
2092 4986 2343 5039 hominem
2368 4987 2604 5040 scientem
2631 4989 2849 5057 psallere
2892 4990 3105 5054 cit/rara,
3139 5002 3194 5044 ut
3214 4992 3418 5062 quando
3456 5012 3539 5047 ar-

1952 5079 2163 5149 ripuerit
2188 5087 2236 5132 te
2261 5080 2471 5147 spiritus
2495 5078 2593 5133 Dei
2618 5081 2802 5143 malus,
2833 5081 3020 5150 psallat
3060 5100 3213 5135 manu
3254 5100 3364 5149 sua,
3396 5094 3440 5140 et
3460 5088 3535 5141 le-

1953 5174 2061 5227 vius
2091 5178 2225 5245 feras
2250 5173 2291 5243 (1
2313 5174 2442 5244 Reg.
2469 5190 2577 5237 xvn,
2596 5174 2685 5234 25.
2709 5175 2791 5237 l5,
2826 5176 2940 5244 16);
2972 5190 3075 5228 non
3102 5192 3236 5245 opus
3262 5189 3394 5240 erat.
3414 5195 3535 5236 cum

1955 5280 2166 5319 rursum
2195 5265 2481 5329 diceretur,
2514 5265 2929 5333 quandocumque
2952 5266 3162 5336 spiritus
3191 5266 3291 5322 Dei
3326 5273 3542 5341 arripis.

1956 5354 2038 5409 bat
2066 5354 2217 5421 Saul,
2243 5354 2440 5408 addere
2467 5355 2684 5419 malum,
2715 5356 2837 5424 quia
2860 5366 3043 5410 notum
3066 5368 3181 5413 erat
3200 5358 3267 5414 de
3288 5377 3394 5431 quo
3417 5373 3542 5418 tunc

1956 5450 2241 5504 diceretur.

2028 5543 2082 5597 7.
2126 5541 2501 5596 Verumtamen
2553 5540 2642 5594 illa
2691 5542 2914 5611 qurestio
2960 5545 3132 5613 major
3173 5556 3283 5611 est,
3334 5557 3387 5603 et
3432 5564 3537 5602 non

1958 5632 2262 5688 transitoria
2290 5630 2453 5685 animi
2484 5632 2779 5687 intentione
2799 5635 3060 5699 nmanda,
3090 5636 3229 5706 quod
3266 5653 3384 5692 cum
3412 5637 3538 5694 Saul

1961 5730 2373 5796 persequeretur
2418 5723 2585 5778 David
2629 5725 2993 5794 innocentem,
3036 5728 3221 5796 plenus
3269 5727 3462 5787 invidia
3490 5740 3543 5785 et

2030 5860 2045 5888 ί
2076 5865 2278 5908 veteres
2295 5855 2425 5919 libn,
2449 5863 2646 5909 sancte:
2674 5856 2797 5909 forte
2821 5872 2925 5925 pro,
2950 5860 3118 5911 sancti.
