4136 6538
582 385 685 441 135

578 498 746 553 livore
775 509 1017 560 vesanus,
1043 496 1224 563 'fartus
1249 504 1323 546 est
1360 509 1514 562 super
1552 508 1663 545 eum
1705 492 1928 559 Spiritus
1962 489 2079 553 Dei,
2112 498 2156 541 rt

575 588 862 643 ambulabat
882 585 1188 656 ingrediens,
1215 593 1261 638 et
1289 583 1641 654 prophetabat.
1667 582 1783 637 Non
1812 583 1952 635 enim
1984 591 2156 650 potest

576 679 665 735 hic
693 680 792 734 nisi
821 678 1038 747 spiritus
1062 681 1232 731 bonus
1260 677 1503 746 intelligi,
1536 692 1628 745 per
1653 691 1810 745 quem
1839 675 2008 729 sancti
2027 674 2159 728 Pro-

576 773 753 843 pheta:
794 770 1093 826 futurarum
1119 786 1296 825 rerum
1326 770 1581 839 imagines
1607 776 1661 824 et
1696 768 1806 821 visa
1829 766 2155 830 cernebant;

576 880 683 920 non
715 882 778 919 ex
806 880 872 919 eo
902 876 1105 920 tantum
1147 864 1268 935 quia
1310 862 1509 917 dictum
1540 870 1642 927 est,
1686 860 1751 914 Et
1789 859 2117 931 prophetabnt
2138 873 2157 911 :

578 972 700 1009 nam
728 957 781 1009 in
807 955 1200 1024 exemplaribus
1238 968 1356 1022 qua:
1381 961 1503 1005 sunt
1528 967 1591 1005 ex
1621 951 1856 1013 hebrzeo,
1898 950 1999 1004 hoc
2029 963 2159 1021 quo-

574 1062 681 1116 que
712 1047 977 1101 invenitur
1002 1045 1068 1099 de
1094 1042 1285 1114 spiritu
1329 1043 1469 1096 malo
1498 1041 1697 1095 dictum
1744 1040 1836 1105 ita,
1869 1037 1995 1092 Post
2025 1039 2158 1091 diem

571 1148 741 1191 autem
757 1139 971 1191 alterum
990 1136 1169 1190 inuasit
1189 1135 1397 1204 spiritus
1414 1132 1506 1186 Dei
1522 1132 1684 1185 malus
1702 1131 1853 1195 Saul,
1877 1141 1922 1183 et
1939 1129 2158 1199 prophe-

570 1231 709 1282 tabat
736 1230 788 1282 in
817 1228 979 1283 medio
995 1229 1174 1281 domus
1196 1241 1302 1280 sua:
1327 1225 1369 1296 (Ι
1399 1224 1525 1295 Reg.
1553 1240 1705 1289 xvnt,
1734 1223 1846 1292 10).
1870 1223 1935 1276 Ει
1959 1222 2012 1276 in
2034 1222 2150 1275 aliis

574 1320 877 1375 divinarum
914 1320 1309 1387 Scripturarum
1351 1317 1482 1371 locis
1529 1330 1672 1383 saepe
1716 1314 1980 1367 invenitur
2018 1311 2158 1382 quod

576 1410 855 1480 prophetia
882 1425 987 1464 non
1021 1418 1223 1462 tantum
1252 1408 1411 1471 bona,
1439 1406 1533 1461 sed
1578 1415 1633 1460 et
1673 1406 1809 1459 mala
1839 1405 2076 1468 dicatur;
2105 1414 2160 1458 et

574 1500 851 1570 propheta:
871 1499 995 1570 dicti
1021 1510 1145 1553 sunt
1172 1498 1370 1551 Baalim
1394 1495 1481 1569 (ΙΙΙ
1507 1495 1634 1566 Reg.
1657 1512 1805 1560 xvnt,
1834 1495 1920 1562 l9,
1942 1496 2034 1560 22,
2065 1495 2155 1558 25,

573 1592 697 1663 40);
743 1602 796 1646 et
834 1591 1210 1659 exprobratum
1252 1598 1335 1643 est
1368 1587 1686 1658 quibusdam
1716 1588 1837 1656 quia
1866 1588 2158 1656 propheta-

575 1684 703 1738 hant
732 1684 785 1738 in
812 1683 936 1737 Baal
966 1681 1180 1754 (Jerem.
1208 1697 1265 1745 11,
1292 1680 1371 1750 8).
1404 1679 1521 1735 Non
1550 1695 1678 1750 ergo
1714 1694 1933 1733 necesse
1963 1689 2045 1732 est
2072 1678 2156 1731 in-

575 1774 742 1844 telligi
772 1782 1050 1843 propterea
1069 1773 1265 1827 bonum
1284 1771 1551 1841 spiritum,
1582 1771 1673 1840 qui
1700 1768 1873 1823 lactus
1896 1778 1979 1823 est
1998 1785 2158 1838 super

571 1866 700 1920 Saul
727 1875 932 1935 postea,
957 1864 1082 1934 quia
1107 1863 1309 1918 dictum
1330 1872 1432 1929 est,
1461 1873 1506 1916 et
1532 1861 1819 1915 ambulabat
1848 1862 2151 1932 ingrediens,

570 1968 618 2011 et
644 1956 973 2028 proplietabat
991 1972 1009 2009 :
1034 1955 1128 2010 sed
1150 1956 1271 2025 quia
1295 1955 1411 2009 sine
1427 1954 1788 2008 additamento
1808 1955 2035 2024 positum
2052 1964 2151 2017 est,

572 2048 642 2102 Et
672 2053 835 2119 factus
862 2048 1014 2101 etiam
1037 2056 1112 2101 est
1136 2063 1288 2116 super
1328 2062 1444 2101 eum
1474 2045 1697 2116 Spiritus
1724 2044 1839 2099 Dei.
1871 2045 1985 2099 N011
2014 2044 2155 2099 enim

574 2141 715 2195 sicut
739 2141 793 2194 in
822 2139 916 2194 illo
948 2140 1066 2193 loco
1090 2138 1290 2193 dictum
1316 2146 1432 2191 erat
1454 2152 1638 2206 supra,
1678 2136 1902 2205 Spiritus
1931 2135 2022 2189 Dei
2046 2152 2155 2188 ma-

573 2231 685 2294 lus;
714 2240 773 2285 ut
802 2246 867 2285 ex
894 2230 995 2285 hoc
1025 2240 1206 2300 posset
1230 2229 1389 2284 etiam
1414 2228 1468 2282 in
1492 2227 1938 2298 consequentibus
1966 2227 2157 2281 subau-

574 2320 711 2375 diri:
745 2322 871 2391 quin
903 2321 1009 2375 imo
1034 2320 1310 2389 superiora
1337 2320 1505 2388 magis
1534 2320 1804 2389 magisque
1840 2327 2157 2373 attestantur

574 2413 724 2467 illum
750 2413 993 2481 spiritum
1018 2412 1113 2465 Dei
1133 2413 1327 2465 bonum
1345 2409 1509 2466 luisse
1534 2419 1587 2464 et
1615 2425 1737 2465 vere
1767 2410 2151 2491 propheticum.

574 2504 741 2559 David
770 2504 911 2560 enim
938 2513 1193 2560 eratcum
1235 2504 1505 2568 Samuele,
1535 2512 1590 2558 et
1614 2503 1759 2558 misit
1784 2503 1910 2558 Saul
1940 2504 2155 2557 nuntios

571 2597 662 2667 qui
705 2594 1171 2665 apprehenderent
1216 2594 1398 2647 David.
1448 2594 1671 2661 Quando
1713 2603 1891 2648 autem
1940 2592 2155 2648 Samuel

570 2698 687 2743 erat
715 2690 854 2744 inter
884 2690 1170 2758 prophetas
1195 2699 1250 2744 et
1291 2700 1489 2744 emtum
1519 2687 1918 2759 prophetarum,
1946 2690 2036 2757 qui
2063 2690 2155 2743 illo

571 2790 811 2849 tempore
841 2780 1250 2849 prophetabant,
1273 2780 1445 2834 nuntii
1472 2780 1561 2848 qui
1591 2778 1745 2833 missi
1762 2791 1907 2843 sunt,
1936 2788 2155 2849 accepto

566 2870 758 2924 eodem
804 2871 991 2940 spiritu
1042 2870 1516 2939 prOphetaverunt,
1560 2868 1844 2938 missisque
1889 2869 2007 2922 aliis
2054 2868 2156 2924 hoc

569 2960 812 3030 contigit,
843 2972 899 3014 et
928 2961 1101 3014 tertiis
1142 2957 1520 3013 nihilominus:
1554 2967 1738 3026 postea
1778 2973 1898 3012 cum
1946 2967 2001 3011 et
2041 2957 2156 3026 ipse

572 3048 701 3104 Saul
722 3049 977 3115 venisset,
1008 3052 1176 3119 [actus
1200 3057 1274 3103 est
1296 3050 1449 3102 etiam
1474 3064 1622 3118 super
1643 3065 1754 3101 eum
1788 3048 2013 3119 Spiritus
2035 3046 2153 3116 Dei,

572 3150 618 3194 et
644 3140 931 3194 ambulabat
957 3140 1261 3209 ingrediens,
1286 3148 1330 3193 et
1356 3139 1702 3211 prophetabat.
1731 3141 1865 3195 Cum
1904 3140 2048 3197 enim
2075 3140 2158 3196 di-

572 3234 729 3299 citur,
763 3232 952 3287 Factus
975 3244 1047 3287 est
1073 3234 1224 3287 etiam
1238 3250 1391 3304 super
1411 3234 1550 3302 ipsos
1579 3233 1803 3303 Spiritus
1822 3233 1938 3300 Dei,
1960 3244 2007 3289 et
2032 3252 2155 3306 pro-

572 3323 843 3393 phetabant
869 3335 914 3376 et
943 3324 1073 3394 ipsi;
1106 3322 1246 3378 idem
1288 3323 1470 3393 utique
1513 3332 1628 3377 erat
1656 3324 1893 3393 spiritus,
1924 3326 2013 3392 qui
2040 3336 2156 3380 erat

571 3416 625 3470 in
649 3416 944 3486 pr0pl1etis,
972 3418 1110 3470 inter
1130 3430 1264 3485 quos
1284 3424 1339 3470 et
1361 3416 1576 3471 Samuel
1593 3417 1840 3472 inventus
1860 3429 1941 3473 est
1960 3418 2000 3489 (ι
2024 3419 2151 3489 Reg.

572 3524 684 3573 xix,
710 3507 939 3577 20-25):
971 3522 1037 3563 ex
1068 3506 1171 3562 hoc
1198 3507 1374 3577 itaque
1400 3522 1621 3562 necesse
1654 3518 1737 3563 est
1763 3509 1983 3579 intelligi
2006 3511 2152 3565 illum

570 3599 818 3668 spiritum
845 3597 1063 3651 bonum.
1084 3598 1258 3668 Atque
1282 3598 1403 3653 ideo
1418 3599 1644 3668 quaestio
1668 3599 1953 3669 diligenter
1979 3602 2156 3657 discu-

572 3690 750 3743 tienda
774 3700 876 3757 est,
908 3689 1177 3760 quomodo
1221 3699 1276 3745 et
1316 3691 1390 3744 illi
1433 3706 1556 3745 cum
1597 3693 1746 3746 missi
1773 3702 1951 3747 essent
1976 3694 2041 3748 ad
2072 3702 2153 3748 te-

568 3781 805 3837 nendum
854 3781 1125 3836 hominem
1173 3789 1227 3835 et
1274 3782 1340 3836 ad
1388 3797 1575 3837 necem
1620 3783 2010 3849 adducendum,
2064 3786 2153 3839 tali

568 3874 757 3944 spiritu
782 3873 923 3927 allici
954 3883 1287 3939 meruerunt,
1336 3884 1392 3929 et
1433 3875 1560 3930 Saul
1609 3876 1724 3945 ipse
1772 3879 1861 3947 qui
1910 3880 2150 3945 miserat,

568 3964 788 4017 veniens
814 3973 865 4018 et
892 3964 1026 4032 ipse,
1072 3973 1127 4017 et
1170 3968 1486 4033 sanguinem
1529 3965 1869 4022 innocentem
1908 3984 2154 4039 quaerens

568 4054 862 4119 ell'undere,
909 4054 1156 4123 accipere
1197 4055 1394 4108 meruit
1435 4055 1584 4109 illum
1628 4058 1895 4127 spiritum,
1942 4069 1995 4114 et
2026 4076 2151 4130 pro-

570 4146 811 4215 phetare.

642 4238 696 4292 8.
738 4237 834 4292 Hic
852 4237 1099 4292 nimirum
1120 4239 1352 4293 occurrit
1377 4239 1528 4307 illud,
1559 4242 1701 4311 quod
1730 4245 1999 4312 apostolus
2017 4246 2153 4301 Pau-

572 4330 654 4386 lus
670 4328 1001 4398 apertissime
1018 4344 1080 4382 ex
1089 4330 1254 4398 ponit,
1277 4332 1759 4399 supereminentem
1778 4336 1914 4389 viam
1931 4336 2151 4393 demon-

571 4431 747 4474 strans
768 4436 781 4471 :
806 4417 867 4471 Si
895 4418 1081 4489 linguis
1107 4418 1367 4471 hominum
1396 4420 1595 4490 loquar,
1634 4424 1825 4492 inquit,
1857 4436 1901 4478 et
1930 4428 2153 4498 Angelo-

572 4527 706 4571 rum,
737 4511 1033 4563 charitatem
1060 4522 1228 4563 autem
1256 4527 1356 4564 non
1400 4512 1631 4577 habeam,
1683 4515 1849 4582 [actus
1873 4534 1989 4572 sum
2019 4521 2151 4574 velut

569 4611 898 4657 (crumentum
922 4619 1128 4666 sonans,
1168 4613 1253 4655 aut
1294 4604 1579 4673 cymbalum
1605 4607 1840 4661 tinniens.
1882 4609 1948 4663 Et
1976 4613 2018 4665 si
2055 4614 2152 4666 Ita-

569 4696 720 4748 buero
743 4692 1057 4763 praphetiam
1074 4694 1114 4755 ί,
1137 4703 1183 4746 et
1200 4695 1357 4748 sciero
1374 4696 1542 4748 omnia
1556 4709 1869 4753 sacramenta
1888 4712 1935 4754 et
1955 4720 2152 4758 omnem

569 4785 851 4849 scientiam,
891 4791 937 4836 et
978 4784 1021 4836 si
1065 4782 1286 4836 habuero
1315 4800 1512 4839 omnem
1559 4787 1732 4853 ﬁdem,
1761 4790 1832 4843 ita
1866 4803 1921 4844 ut
1960 4806 2151 4850 montes

568 4880 892 4946 transferam,
920 4874 1211 4927 charitatem
1253 4884 1420 4928 autem
1447 4893 1547 4930 non
1589 4878 1817 4943 habeam,
1866 4884 1994 4936 nihil
2014 4902 2148 4940 sum.

572 4966 635 5020 Et
662 4968 706 5019 si
730 4966 1028 5021 distribuero
1054 4982 1250 5019 omnem
1278 4968 1605 5021 substantiam
1634 4986 1817 5037 meam,
1847 4984 1893 5025 et
1920 4976 1964 5027 si
1993 4978 2154 5030 tradi-

569 5060 688 5110 dero
726 5074 909 5126 corpus
950 5074 1117 5110 meum
1146 5066 1202 5110 ut
1247 5058 1474 5124 ardeam,
1521 5061 1814 5115 cltaritatem
1853 5075 2020 5120 autem
2050 5086 2151 5123 non

571 5145 799 5211 habeam,
831 5148 958 5201 nilnl
999 5148 1122 5201 mihi
1151 5148 1371 5218 prodest.
1404 5148 1523 5217 Quo
1563 5150 1614 5203 in
1656 5151 1775 5207 loco
1812 5157 2147 5215 manifestum

570 5247 653 5291 est
680 5253 803 5292 eum
848 5256 1069 5294 munera
1118 5240 1206 5295 illa
1254 5256 1725 5311 commemorasse,
1772 5261 1892 5315 quae
1924 5247 2150 5316 Spiritus

574 5331 741 5382 sancti
766 5329 1112 5385 divisionibus
1135 5332 1348 5399 dantur,
1380 5334 1517 5390 sicut
1547 5336 1794 5406 superius
1829 5339 1987 5393 dicit:
2023 5341 2151 5395 Uni-

570 5421 747 5487 cuique
771 5431 937 5473 autem
968 5422 1117 5474 datur
1146 5426 1482 5493 manifestatio
1509 5428 1734 5497 Spiritus
1760 5432 1826 5483 ad
1852 5433 2149 5499 utilitatem;

572 5510 662 5564 alii
702 5511 899 5580 quidem
944 5529 1032 5581 per
1063 5513 1311 5581 Spiritum
1358 5517 1509 5570 datur
1537 5538 1698 5575 sermo
1736 5525 2031 5593 sapientiae;
2060 5530 2150 5581 alii

572 5617 731 5656 sermo
755 5602 973 5655 scientia:
997 5605 1271 5656 secundum
1299 5609 1527 5661 eumdem
1567 5611 1847 5680 Spiritum;
1878 5618 2024 5669 alteri
2057 5634 2149 5671 au-

633 5738 651 5767 ί
670 5743 802 5809 ιργη
825 5738 944 5809 ᾳβὲ
978 5736 1189 5788 habuero
1220 5740 1517 5803 prophetiam
1532 5757 1733 5796 munem.
1756 5750 1918 5807 Abest,
1941 5763 2146 5809 onmem,

568 5799 631 5845 sb
655 5799 798 5848 editis
811 5799 916 5849 aliis
938 5808 990 5850 ct
1010 5809 1111 5848 MSS.

1122 378 1206 432 DE
1249 375 1552 432 DlVEllSlS
1588 368 2108 442 QUAESTIONIBUS
2151 368 2242 424 AD
2283 369 2787 442 SIMPLICIANUM,
2826 377 2883 433 S.
2926 378 3292 436 AUGUSTINI

3760 389 3860 446 l38

2272 500 2368 544 tem
2404 494 2530 562 ﬁdes
2553 496 2606 549 in
2630 496 2804 552 eodem
2832 498 3062 569 Spiritu;
3103 504 3193 557 alii
3219 503 3424 560 donatio
3453 509 3779 565 curationum
3802 513 3852 566 in

2268 597 2369 635 uno
2396 583 2628 653 Spiritu;
2654 587 2744 642 alii
2781 592 3096 660 operationes
3127 596 3385 661 virtutum,
3427 598 3519 652 alii
3564 604 3849 670 prophetia,

2266 671 2356 725 alii
2403 674 2699 745 dijudicatio
2747 681 3056 749 spirituum,
3109 686 3254 739 alteri
3302 704 3486 758 genera
3537 692 3849 761 linguarum.

2271 763 2454 819 Omnia
2482 778 2650 821 autem
2677 769 2786 823 hac
2814 784 3052 839 operatur
3079 792 3206 829 unus
3232 791 3383 847 atque
3423 780 3555 834 idem
3602 783 3848 851 Spiritus,

2266 854 2491 910 dividens
2527 860 2732 928 propria
2763 862 3029 933 unicuique
3072 877 3221 933 prout
3258 869 3384 922 vult.
3418 868 3561 925 Satis
3589 887 3720 943 ergo
3756 889 3853 942 ap-

2268 956 2412 1014 paret
2433 948 2569 1003 inter
2585 950 2724 1004 dona
2748 951 2975 1022 Spiritus
2991 958 3157 1010 sancti
3180 973 3299 1013 esse
3319 962 3673 1029 prophetiam,
3692 979 3848 1034 quam

2267 1046 2442 1095 tamen
2470 1042 2513 1095 si
2537 1043 2655 1112 quis
2680 1043 2893 1107 haheat,
2919 1055 2971 1100 et
3000 1047 3315 1104 charitatem
3341 1067 3446 1105 non
3475 1052 3691 1119 habeat,
3722 1055 3849 1109 nihil

2265 1140 2364 1185 est.
2407 1132 2485 1187 Ex
2529 1149 2636 1202 quo
2666 1134 2980 1206 intelligitur
3010 1137 3122 1192 ﬁeri
3165 1155 3324 1210 posse
3356 1150 3412 1196 ut
3445 1143 3661 1213 quidam
3689 1146 3846 1200 etiam

2265 1222 2463 1294 indigni
2505 1226 2609 1280 vita
2647 1236 2845 1281 aeterna
2889 1245 3158 1301 regnoque
3186 1235 3469 1299 cmlorum,
3499 1247 3851 1306 aSpergantur

2266 1324 2441 1369 tamen
2468 1318 2783 1386 quibusdam
2804 1319 3034 1390 Spiritus
3058 1324 3226 1378 sancti
3260 1326 3572 1379 muneribus
3610 1342 3719 1380 non
3750 1326 3842 1379 ha-

2264 1402 2449 1460 bentes
2489 1406 2823 1472 charitatem,
2864 1412 2980 1465 sine
3020 1427 3121 1482 qua
3163 1413 3252 1467 illa
3297 1430 3516 1470 munera
3560 1432 3665 1470 non
3718 1417 3847 1471 nihil

2263 1503 2408 1561 sunt,
2426 1496 2520 1551 sed
2548 1497 2680 1551 nihil
2705 1499 2783 1552 eis
2803 1510 3045 1568 prosunt.
3068 1502 3351 1571 Pmphetia
3371 1504 3566 1574 quippe
3586 1504 3706 1560 sine
3721 1504 3847 1559 cha-

2263 1585 2441 1651 ritate,
2474 1586 2611 1641 sicut
2636 1589 2746 1657 jam
2773 1589 3196 1646 demonstratum
3235 1602 3339 1658 est,
3373 1609 3478 1648 non
3513 1597 3757 1665 perducit
3780 1597 3845 1651 ad

2261 1693 2482 1747 regnum
2516 1679 2641 1733 Dei:
2669 1680 2902 1736 charitas
2926 1698 3054 1738 vero
3078 1684 3194 1740 sine
3222 1686 3496 1756 prophetia
3512 1688 3694 1757 utique
3723 1704 3845 1757 per-

2260 1767 2422 1823 ducit.
2476 1769 2608 1825 Cum
2661 1773 2804 1827 enim
2848 1774 3072 1842 loquens
3116 1774 3183 1832 de
3226 1777 3478 1832 membris
3513 1776 3713 1832 Christi
3744 1780 3835 1841 ait,

2262 1860 2527 1929 Numquid
2553 1880 2725 1919 omnes
2754 1867 3008 1935 apostoli?
3051 1869 3293 1938 numquid
3333 1886 3504 1923 omnes
3546 1870 3847 1941 praphette?

2261 1951 2620 2009 indubitanter
2644 1956 2875 2011 ostendit
2910 1957 3071 2012 etiam
3102 1974 3225 2013 eum
3258 1960 3348 2029 qui
3379 1960 3711 2029 prophetiam
3745 1977 3845 2016 non

2262 2044 2439 2111 habet,
2469 2062 2625 2117 posse
2654 2048 2707 2103 in
2727 2049 2983 2105 membris
3011 2050 3209 2107 Christi
3246 2053 3546 2107 numerari:
3570 2054 3658 2109 ubi
3688 2071 3844 2125 quem

2260 2136 2435 2192 locum
2477 2139 2717 2206 haberet,
2758 2141 2801 2195 si
2843 2141 3177 2209 charitatem,
3230 2145 3347 2200 sine
3394 2160 3497 2215 qua
3527 2144 3689 2200 homo
3716 2147 3846 2201 nihil

2260 2240 2361 2294 est,
2412 2246 2518 2285 non
2562 2231 2817 2287 haberet?
2860 2234 3014 2290 Nullo
3051 2246 3229 2290 autem
3279 2235 3439 2291 modo
3494 2237 3568 2291 ita
3608 2237 3843 2305 diceret,

2260 2319 2471 2389 quando
2495 2320 2562 2375 de
2589 2322 2845 2377 membris
2871 2324 3060 2394 agebat
3087 2326 3280 2395 quibus
3309 2325 3509 2381 Christi
3537 2340 3736 2396 corpus
3756 2327 3845 2382 im-

2262 2411 2455 2480 pletur,
2486 2411 2751 2482 Numquid
2774 2428 2961 2469 omnes
2984 2415 3183 2470 habent
3205 2416 3554 2470 charitatem?
3583 2416 3842 2486 quemad-

2260 2502 2473 2556 modum
2497 2503 2648 2566 dixit,
2670 2502 2935 2574 Numquid
2952 2522 3122 2559 omnes
3140 2506 3391 2576 apostoli?
3411 2508 3655 2577 numquid
3675 2524 3845 2560 omnes

2261 2593 2555 2662 praphette!
2602 2595 2845 2663 numquid
2884 2611 3053 2649 omnes
3099 2597 3347 2651 uirtutes?
3385 2598 3630 2666 numquid
3674 2614 3843 2651 omnes

2258 2684 2395 2737 dona
2418 2684 2597 2738 habent
2623 2686 2938 2739 curationum
2967 2686 3009 2755 (ι
3039 2685 3156 2740 Cor.
3190 2703 3291 2755 ιιι,
3320 2688 3475 2753 7-H,
3500 2687 3725 2755 29,1111,
3756 2689 3844 2759 5)?

2258 2787 2313 2833 et
2331 2786 2524 2832 czetera
2555 2778 2883 2847 hujusmodi.

2330 2868 2385 2922 9.
2425 2868 2531 2923 Sed
2557 2868 2687 2923 dicit
2709 2869 2899 2938 aliquis
2929 2882 3086 2937 posse
3113 2867 3327 2938 quidem
3353 2867 3469 2923 fieri
3509 2878 3566 2923 ut
3607 2868 3841 2938 prophe-

2261 2958 2386 3014 tiam
2433 2961 2659 3031 quisque
2686 2976 2794 3016 non
2835 2960 3045 3023 habeat,
3090 2970 3144 3015 et
3176 2968 3355 3014 tamen
3386 2958 3578 3013 habeat
3618 2960 3845 3014 charita-

2261 3059 2390 3115 tem,
2421 3060 2581 3121 atque
2600 3051 2721 3106 ideo
2740 3051 2937 3106 Christi
2965 3051 3223 3106 membris
3259 3061 3641 3105 annumeratus
3673 3051 3843 3107 inita:-

2259 3152 2375 3199 reat
2396 3162 2410 3195 :
2432 3144 2527 3198 sed
2544 3142 2656 3198 ﬁeri
2683 3158 2788 3198 non
2811 3158 2970 3213 posse
2999 3152 3053 3197 ut
3082 3142 3413 3213 prophetiam
3432 3142 3647 3209 habeat,
3664 3152 3721 3197 ct
3739 3159 3845 3198 non

2259 3232 2452 3289 habeat
2475 3235 2821 3299 charitatem;
2854 3234 2982 3287 nihil
3010 3234 3154 3289 enim
3184 3242 3267 3288 est
3292 3232 3452 3286 homo
3484 3233 3686 3287 habens
3716 3250 3846 3303 pro-

2261 3324 2493 3394 phetiam
2520 3326 2636 3379 sine
2677 3325 2955 3379 eharitate.
2999 3323 3073 3378 lta
3117 3323 3364 3389 fortasse,
3393 3324 3846 3392 quemadmodum

2260 3430 2544 3484 possumus
2569 3414 2766 3482 dicere,
2797 3415 2929 3469 nihil
2957 3430 3079 3470 esse
3110 3415 3381 3469 hominem
3408 3414 3693 3469 habentem
3723 3417 3846 3470 ani-

2259 3522 2398 3561 mam
2427 3508 2541 3561 sine
2567 3516 2775 3562 mente:
2806 3524 2909 3562 non
2950 3509 3072 3577 quia
3100 3516 3276 3577 potest
3302 3506 3527 3561 inveniri
3558 3507 3722 3562 homo
3750 3508 3843 3577 qui

2259 3607 2492 3652 mentem
2523 3613 2628 3652 non
2657 3598 2847 3653 habeat
2883 3598 3083 3653 habens
3108 3598 3369 3663 animam;
3421 3597 3515 3652 sed
3553 3600 3676 3668 quia
3708 3598 3845 3653 nihil

2258 3697 2420 3753 esset,
2447 3689 2492 3742 si
2521 3689 2742 3742 inveniri
2770 3698 2968 3758 posset.
2997 3689 3084 3743 Sic
3103 3689 3263 3743 etiam
3285 3687 3389 3742 dici
3417 3697 3608 3757 potest,
3636 3688 3692 3742 Si
3713 3704 3843 3742 Cur-

2259 3793 2358 3848 pus
2388 3780 2607 3849 liguram
2636 3780 2845 3845 habeat,
2878 3781 3114 3836 colorem
3140 3795 3246 3835 non
3272 3779 3486 3846 habeat,
3532 3780 3701 3834 videri
3734 3796 3847 3835 non

2261 3879 2465 3938 potest:
2491 3886 2595 3924 non
2624 3872 2747 3941 quia
2777 3881 2859 3926 est
2884 3887 3078 3940 corpus
3098 3873 3183 3925 cui
3213 3871 3353 3926 desit
3376 3872 3554 3937 color;
3596 3872 3689 3925 sed
3718 3875 3847 3942 quia

2258 3962 2302 4016 si
2332 3971 2498 4026 esset,
2520 3963 2665 4017 cerni
2694 3978 2799 4016 non
2819 3972 3015 4033 posset.
3040 3962 3114 4016 ita
3141 3962 3365 4017 fortasse
3383 3961 3580 4017 dictum
3602 3972 3683 4016 est
3702 3962 3850 4032 quod

2258 4052 2304 4107 si
2330 4054 2450 4123 quis
2481 4053 2671 4107 habeat
2697 4054 3047 4123 prophetiam,
3074 4063 3129 4109 et
3153 4054 3463 4109 charitatem
3496 4072 3600 4109 non
3626 4056 3847 4122 habeat,

2259 4144 2391 4198 nihil
2418 4158 2531 4199 eSt:
2557 4161 2659 4199 non
2688 4146 2809 4215 quia
2838 4155 3009 4216 potest
3039 4148 3089 4200 in
3116 4162 3381 4218 quoquam
3407 4164 3530 4203 esse
3558 4151 3846 4220 prophetia

2260 4235 2377 4289 sine
2401 4234 2693 4299 charitate;
2729 4235 2823 4290 sed
2853 4237 2973 4305 quia
3003 4238 3047 4289 si
3074 4246 3253 4302 esset,
3300 4238 3553 4306 prodesse
3581 4254 3687 4293 non
3722 4256 3853 4309 pos-

2260 4333 2359 4379 set.
2388 4324 2533 4393 Opus
2551 4336 2633 4380 est
2660 4325 2816 4395 igitur
2843 4325 2911 4380 ad
2942 4326 3251 4381 solvendam
3280 4328 3432 4381 istam
3458 4329 3842 4399 qua'stionem,

2260 4424 2319 4470 ut
2337 4415 2678 4470 ostendamus
2694 4417 2924 4485 aliquem
2948 4419 3230 4487 reprohum
3255 4419 3354 4473 hoc
3372 4419 3570 4476 donum
3593 4422 3851 4477 habuisse

2262 4505 2553 4575 prOphetim
2585 4523 2598 4560 :
2631 4506 2773 4576 quod
2804 4508 2849 4561 si
2872 4508 3139 4561 neminem
3178 4508 3573 4577 inveniremus,
3608 4511 3712 4565 hoc
3743 4512 3852 4565 iste

2260 4598 2374 4666 ipse
2400 4595 2529 4653 Saul
2557 4599 2690 4651 satis
2718 4598 3045 4653 ostenderet.
3086 4598 3191 4654 Sed
3225 4608 3399 4655 tamen
3434 4602 3523 4657 ille
3548 4603 3709 4656 etiam
3743 4602 3853 4657 Ba-

2259 4689 2397 4743 laam
2438 4689 2698 4758 reprobus
2738 4700 2990 4759 apparet;
3025 4706 3130 4745 non
3172 4693 3314 4746 enim
3357 4709 3478 4749 eum
3521 4704 3660 4750 tacet
3698 4692 3853 4751 Scri.

2260 4791 2409 4849 plura
2437 4779 2835 4849 divinojudicio
2859 4797 2980 4836 esse
3008 4781 3315 4838 damnatum
3345 4802 3359 4837 :
3401 4795 3457 4839 et
3493 4796 3669 4841 tamen
3710 4804 3849 4856 pro-

2258 4872 2489 4941 phetiam
2536 4871 2792 4936 habebat;
2833 4881 2886 4926 et
2923 4874 3043 4943 quia
3084 4873 3316 4929 eharitas
3341 4876 3389 4930 ei
3430 4876 3632 4940 deerat,
3669 4879 3856 4934 inerat

2259 4964 2501 5016 voluntas
2527 4962 2873 5017 maledicendi
2901 4965 3096 5033 pupillo
3115 4963 3297 5029 Israel,
3328 4982 3487 5034 quam
3520 4967 3691 5021 hostis
3719 4985 3855 5037 pre-

2259 5057 2332 5111 tio
2356 5064 2775 5123 comparaverat,
2801 5055 2890 5121 qui
2914 5071 3035 5109 eum
3060 5056 3127 5109 ad
3157 5056 3577 5112 maledicendum
3596 5062 3858 5115 mercede

2258 5147 2617 5211 conduxerat;
2645 5146 2785 5199 dono
2814 5154 2989 5199 tamen
3020 5146 3113 5200 illo
3141 5148 3514 5216 praphetandi,
3542 5165 3647 5219 quo
3662 5167 3865 5220 asper-

2258 5239 2499 5307 gehatur,
2538 5238 2888 5293 benedicebat
2914 5239 3114 5292 invitus
3155 5238 3345 5309 (Num.
3392 5254 3707 5312 xsu-xxw).
3737 5244 3857 5299 Nec

2258 5330 2420 5383 verba
2451 5328 2537 5381 illa
2567 5344 2751 5396 parum
2795 5337 3115 5383 attestantur
3158 5329 3280 5383 huic
3308 5334 3609 5397 sententiae,
3638 5349 3761 5401 qua:
3798 5336 3855 5388 in

2260 5419 2548 5489 Evangelio
2566 5420 2760 5488 scripta
2782 5428 2923 5481 sunt,
2954 5420 3149 5474 multos
3169 5421 3404 5475 dicturos
3425 5423 3475 5475 in
3496 5423 3582 5477 illa
3599 5423 3709 5488 die,
3731 5425 3855 5479 υοο

2260 5512 2412 5575 mine,
2435 5508 2663 5573 Domine,
2690 5511 2741 5562 in
2763 5512 3059 5563 nominetno
3075 5512 3484 5567 manducavintus
3504 5525 3548 5567 ct
3565 5515 3787 5571 bibimus
3804 5519 3851 5583 ³,

2258 5611 2304 5652 et
2327 5600 2377 5652 in
2400 5600 2599 5652 nomine
2620 5610 2706 5652 tuo
2729 5601 3156 5668 prophetavintus,
3180 5612 3225 5655 et
3259 5603 3311 5655 in
3339 5605 3541 5658 nomine
3574 5616 3661 5661 tuo
3684 5609 3854 5661 virtu»

2323 5713 2338 5742 ¹
2365 5712 2501 5771 aliti,
2526 5724 2688 5761 coram
2709 5718 2753 5761 te
2775 5712 3184 5763 manducariamts.
3211 5722 3264 5764 At
3287 5722 3412 5770 Mss.
3451 5714 3503 5765 in
3538 5718 3729 5768 nomine
3765 5727 3856 5770 tuo

2258 5772 2682 5839 numdncauimus;
2692 5786 2800 5839 quo
2815 5774 2969 5839 modo,
2979 5784 3144 5839 postea
3158 5780 3455 5839 Augustinus
3474 5780 3520 5829 in
3544 5778 3670 5830 libro
3682 5781 3751 5831 de
3768 5790 3851 5833 (Ἃ-

2265 5835 2551 5884 uadtinndis
2574 5834 2796 5892 Butlibus,
2820 5848 2923 5897 cap.
2952 5834 3029 5897 ιδ,
3055 5846 3106 5888 et
3128 5834 3417 5901 alihi'saate.
