4136 6514
269 456 374 519 ιδ’]

263 589 336 632 tes
364 568 550 630 multas
576 575 788 646 fecimus
814 590 833 628 :
872 561 1065 644 quibus
1098 574 1283 630 tamen
1315 573 1555 629 dicturus
1596 582 1698 636 est,
1734 572 1856 626 Non

260 667 382 722 ptavi
401 682 515 729 vos;
543 666 762 720 recedite
789 683 821 719 a
849 683 946 731 me,
979 666 1201 736 operarii
1224 666 1503 738 iniquitatis
1531 665 1742 735 (Matth.
1762 681 1853 729 vn,

258 758 352 822 22,
381 756 496 828 25).
525 757 640 812 Νοιι
671 758 815 813 enim
831 773 925 812 eos
950 758 1275 814 mentientes
1301 767 1547 828 putamus
1575 758 1673 811 ista
1695 757 1858 810 dictu-

261 865 354 905 ros
378 850 433 907 in
455 849 544 904 illo
571 849 795 919 judicio,
839 849 928 905 ubi
961 849 1138 904 nullus
1163 850 1268 904 erit
1306 849 1523 904 fallendi
1565 849 1732 912 locus,
1767 857 1860 902 aut

260 943 426 997 ullam
472 957 658 997 vocem
694 942 884 996 talium
929 942 1186 1014 legimus,
1216 940 1530 1004 dicentium,
1563 940 1857 995 Dile‘ximus

261 1043 336 1091 te.
378 1035 637 1090 Poterunt
665 1049 793 1105 ergo
819 1034 1022 1102 dicere,
1056 1033 1123 1089 In
1165 1034 1366 1088 nomine
1406 1043 1494 1087 tuo
1537 1032 1858 1104 praphetavi-

259 1147 400 1196 mus,
427 1145 546 1184 cum
582 1129 691 1184 sint
716 1129 946 1199 improbi
985 1137 1038 1184 et
1066 1127 1446 1195 reprobiznon
1477 1135 1657 1181 autem
1702 1134 1857 1194 pole-

258 1231 394 1278 runt
420 1223 614 1288 dicere,
641 1222 993 1276 Dilectionem
1034 1234 1195 1290 quam
1234 1219 1521 1286 mandasti,
1564 1219 1853 1274 tenuimus.

263 1315 399 1370 Nam
427 1315 472 1368 si
493 1315 728 1380 diceut‘,
755 1329 862 1368 non
891 1314 970 1368 eis
998 1312 1430 1383 respondebitur,
1465 1311 1588 1366 Non
1613 1313 1729 1365 novi
1748 1327 1854 1366 vos.

264 1405 333 1460 In
367 1408 459 1459 hoc
521 1407 665 1461 enim
703 1418 1051 1477 cognoscatur,
1095 1407 1281 1474 inquit,
1325 1407 1443 1476 quia
1480 1393 1720 1475 discipuli
1761 1405 1857 1459 mei

261 1499 400 1563 estis,
424 1497 469 1550 si
487 1513 572 1550 vos
597 1497 806 1551 invicem
827 1496 1052 1568 diligatis
1073 1497 1250 1568 (Joan.
1284 1513 1398 1562 xm»,
1428 1496 1543 1568 55).

337 1588 426 1643 10.
457 1588 774 1658 Exemplum
809 1587 993 1658 itaque
1021 1587 1181 1655 hujus
1207 1588 1339 1643 Saﬁl
1370 1588 1571 1644 resistit
1609 1589 1854 1659 superbis

259 1679 533 1734 nonnullis
580 1678 882 1744 luereticis,
915 1679 1004 1748 qui
1043 1678 1240 1748 aliquid
1271 1679 1395 1734 boni
1439 1678 1506 1733 de
1544 1678 1855 1734 muneribus

255 1767 429 1824 sancti
459 1767 690 1838 Spiritus
735 1778 930 1838 negant
959 1781 1116 1837 posse
1160 1769 1275 1824 dari
1302 1770 1380 1824 eis
1414 1769 1504 1838 qui
1542 1768 1610 1822 ad
1654 1776 1853 1823 sortem

253 1869 570 1918 sanctorum
613 1877 718 1915 non
756 1861 1023 1931 pertinent
1055 1879 1068 1916 :
1100 1876 1220 1916 cum
1269 1862 1347 1916 eis
1391 1861 1618 1916 dicimus
1657 1860 1855 1916 habere

255 1953 381 2010 illos
411 1969 574 2024 posse
599 1964 988 2010 sacramentum
1015 1953 1270 2026 Baptismi
1289 1996 1303 2020 ,
1343 1955 1488 2025 quod
1516 1970 1638 2011 cum
1663 1955 1730 2010 ad
1751 1956 1857 2010 Ec-

250 2046 476 2101 clesiam
507 2046 824 2102 catholicam
844 2047 1095 2112 veniunt,
1125 2063 1232 2101 non
1258 2055 1340 2102 est
1369 2047 1422 2101 in
1450 2047 1530 2103 eis
1557 2047 1666 2102 ullo
1693 2047 1854 2104 modo

253 2138 594 2205 violandum,
635 2147 729 2193 aut
769 2139 918 2209 quasi
963 2155 1070 2193 non
1115 2138 1346 2195 habeant
1377 2138 1724 2203 tradendum;
1756 2140 1850 2194 sed

255 2240 436 2286 tamen
458 2245 553 2286 eos
577 2246 682 2286 non
711 2231 832 2286 ideo
869 2232 1026 2286 saluti
1054 2231 1252 2288 debere
1277 2231 1569 2295 confidere,
1595 2232 1716 2301 quia
1747 2247 1851 2287 non

256 2322 620 2393 inprobamus
667 2323 810 2394 quod
853 2323 970 2379 illos
1015 2323 1286 2394 accepisse
1337 2323 1712 2389 concedimus;
1759 2322 1853 2378 sed

256 2425 509 2485 oportere
533 2429 863 2484 cognoscere
889 2415 1106 2469 unitatis
1142 2415 1458 2471 societatem
1492 2415 1704 2470 vinculo
1723 2413 1852 2469 cha-

253 2507 430 2561 ritatis
458 2507 782 2573 iucundam,
825 2507 943 2562 sine
979 2522 1083 2578 qua
1119 2508 1337 2562 omnino
1366 2506 1622 2578 quidquid
1657 2507 1855 2563 habere

254 2599 548 2666 potuerint,
575 2600 820 2669 quamvis
857 2615 953 2670 per
977 2615 1036 2656 se
1074 2607 1319 2656 sanctum
1363 2615 1426 2654 ac
1454 2599 1851 2666 venerandum,

257 2690 360 2760 ipsi
393 2699 566 2745 tamen
597 2691 730 2745 nihil
767 2700 923 2757 sunt,
956 2701 1101 2747 tanto
1147 2693 1473 2763 indigniores
1511 2691 1688 2747 effecti
1733 2693 1854 2747 vita:

257 2793 477 2838 aeterna:
503 2785 723 2854 praemio
739 2826 753 2852 ,
785 2793 985 2855 quanto
1005 2786 1109 2841 illis
1135 2785 1289 2840 donis
1315 2800 1424 2840 non
1441 2785 1578 2842 bene
1595 2785 1676 2839 usi
1705 2793 1851 2852 sunt,

255 2884 382 2944 quae
423 2875 478 2930 in
522 2875 622 2930 hac
664 2875 772 2931 vita
797 2892 955 2947 ,quaa
1007 2877 1310 2932 transitoria
1357 2878 1484 2933 est‘I
1508 2883 1850 2947 acceperunt.

256 2966 375 3021 Non
421 2973 597 3022 autem
648 2967 786 3024 bene
834 2969 1016 3035 utitur,
1061 2970 1164 3025 nisi
1206 2969 1474 3036 charitas;
1517 2979 1576 3026 et
1620 2969 1854 3025 charitas

254 3057 440 3111 omnia
471 3059 659 3113 tolerat
678 3057 729 3130 ·(ι
758 3059 876 3113 Cor.
912 3075 1008 3114 xm
1029 3100 1044 3125 ,
1073 3056 1153 3132 7),
1182 3069 1342 3131 atque
1368 3060 1488 3116 ideo
1515 3074 1622 3115 non
1660 3058 1855 3114 scindit

253 3150 556 3218 unitatem,
587 3151 739 3222 cujus
763 3152 878 3222 ipsa
920 3164 1006 3208 est
1043 3152 1390 3208 fortissimum
1419 3153 1710 3208 vinculum.
1735 3152 1854 3208 Non

253 3241 401 3294 enim
431 3251 486 3296 et
515 3256 702 3296 servus
728 3243 814 3298 ille
853 3259 958 3298 non
989 3243 1197 3314 accepit
1222 3245 1508 3310 talentum,
1536 3251 1628 3297 aut
1655 3242 1854 3314 aliquid

255 3333 401 3388 aliud
441 3334 750 3404 intelligitur
781 3336 1038 3390 talentum
1068 3351 1226 3406 quam
1270 3352 1466 3392 munus
1507 3336 1722 3406 aliquod
1749 3336 1855 3391 uti-

255 3441 362 3494 que
407 3425 647 3480 divinum
684 3445 697 3479 :
730 3427 822 3482 sed
845 3469 860 3494 ,
897 3427 996 3493 Qui
1022 3429 1199 3493 habet,
1231 3429 1434 3482 dabitur
1461 3429 1542 3494 ei;
1567 3429 1653 3500 qui
1684 3437 1856 3483 autem

253 3533 359 3570 non
387 3517 555 3583 habet,
577 3528 623 3571 et
648 3518 782 3587 quod
803 3520 949 3573 habet
973 3525 1231 3591 auferetur
1279 3522 1343 3575 ab
1370 3537 1427 3576 eo
1483 3519 1693 3592 (Matth.
1719 3536 1852 3586 xxv,

255 3607 372 3679 29).
406 3609 558 3674 Quod
610 3625 718 3664 non
766 3611 922 3666 habet
948 3611 1142 3667 auferri
1184 3628 1289 3668 non
1331 3622 1540 3682 potest;
1585 3613 1681 3668 sed
1709 3613 1854 3668 aliud

255 3716 364 3753 non
397 3700 591 3766 habet,
618 3710 676 3754 ut
695 3701 885 3756 merito
909 3703 1179 3758 auferatur
1221 3705 1362 3774 quod
1388 3703 1586 3759 habet:
1617 3720 1723 3759 non
1757 3705 1853 3758 ha-

257 3789 349 3845 bet
395 3791 710 3846 charitatem
755 3793 974 3859 utendi,
1018 3804 1075 3848 ut
1109 3793 1382 3849 auferatur
1428 3795 1683 3865 quidquid
1712 3795 1854 3850 aliud

259 3882 420 3938 habet
440 3925 454 3945 ,
482 3883 624 3953 quod
656 3885 772 3939 sine
800 3885 1060 3940 charitate
1089 3901 1194 3940 non
1216 3886 1456 3956 prodest.

331 3977 420 4029 il.
452 3974 568 4029 Non
593 3976 751 4045 igitur
787 3976 980 4032 mirum
1027 3989 1141 4042 est,
1173 3993 1352 4048 regem
1383 3977 1506 4033 Safil
1536 3985 1590 4033 et
1622 3992 1692 4034 eo
1722 3986 1857 4034 tem-

257 4081 388 4136 pore
415 4081 522 4136 quo
549 4067 780 4136 primum
808 4077 997 4123 unctus
1025 4076 1135 4134 est,
1160 4069 1430 4139 accepisse
1457 4068 1704 4139 spiritum
1731 4085 1854 4140 pro-

259 4158 550 4228 phetandi,
580 4169 635 4214 et
683 4167 867 4229 postea
913 4175 1034 4214 cum
1083 4169 1228 4216 esset
1270 4171 1489 4232 propter
1537 4161 1853 4218 inobedien-

256 4251 383 4303 tiam
422 4250 770 4319 reprobatus,
797 4251 1082 4307 recedente
1109 4252 1178 4307 ab
1211 4267 1277 4308 eo
1302 4252 1492 4323 spiritu
1522 4253 1732 4309 Domini
1761 4270 1853 4309 ar-

257 4352 467 4411 reptum
517 4355 638 4396 esse
689 4342 918 4412 maligno
955 4343 1144 4412 spiritu
1184 4358 1214 4398 a
1255 4343 1526 4399 Domino:
1558 4344 1649 4414 qui
1691 4345 1853 4400 etiam

253 4431 477 4500 spiritus
510 4432 719 4487 Domini
748 4433 1044 4504 appellatus
1071 4443 1156 4490 est
1193 4446 1411 4505 propter
1457 4436 1850 4503 ministerium;

255 4525 380 4593 quia
409 4524 660 4580 omnibus
698 4525 858 4579 etiam
897 4525 1172 4595 spiritibus
1214 4527 1369 4582 malis
1391 4527 1527 4584 bene
1555 4530 1722 4584 utitur
1742 4529 1851 4584 Do.

255 4615 475 4680 minus,
520 4616 607 4672 vel
655 4615 725 4671 ad
769 4616 1166 4673 damnationem
1213 4619 1604 4689 quorumdam,
1654 4622 1741 4676 vel
1785 4621 1852 4676 ad

252 4707 712 4775 emendationem,
740 4709 824 4763 vel
853 4709 920 4764 ad
943 4711 1312 4780 probationem
1343 4729 1357 4764 :
1390 4721 1444 4767 et
1470 4713 1715 4782 quamvis
1743 4729 1849 4768 non

252 4800 325 4855 sit
349 4800 656 4870 malignitas
679 4817 711 4856 a
741 4801 968 4856 Domino
985 4842 999 4866 ,
1030 4818 1137 4857 non
1164 4811 1252 4858 est
1278 4812 1456 4859 tamen
1485 4811 1720 4874 potestas
1747 4807 1850 4861 nisi

251 4907 282 4946 a
312 4893 426 4948 Deo
453 4891 632 4966 (Rom.
669 4909 764 4948 xm
784 4934 800 4959 ,
828 4892 903 4965 1).
938 4895 1223 4965 Dictusque
1253 4903 1338 4950 est
1361 4897 1522 4950 etiam
1551 4911 1713 4964 sopor
1742 4895 1850 4950 Do-

254 4985 384 5036 mini
411 5025 426 5048 ,
459 4985 550 5054 qui
576 4998 928 5054 occupaverat
949 4987 1144 5040 milites
1168 4986 1408 5056 ejusdem
1432 4986 1580 5053 Saﬁl,
1601 5001 1723 5041 cum
1745 4987 1852 5041 Da-

253 5075 339 5128 vid
369 5075 578 5130 hastam
605 5085 658 5130 et
685 5076 944 5146 scyphum
971 5076 1322 5131 abstulisseta
1340 5077 1513 5147 capite
1537 5077 1851 5134 dormientis

250 5165 312 5237 (Ι
335 5167 464 5237 Reg.
498 5183 658 5231 χχιιι,
693 5166 781 5238 i9)
816 5184 829 5222 :
859 5183 965 5223 on
1008 5169 1133 5239 quia
1163 5175 1290 5224 tunc
1331 5183 1494 5238 sopor
1535 5169 1587 5223 in
1623 5168 1851 5224 Domino

248 5271 369 5314 erat
389 5303 404 5324 ,
435 5269 495 5314 ut
533 5263 650 5330 ipse
674 5261 965 5327 dormiret;
995 5262 1089 5318 sed
1119 5261 1241 5331 quia
1270 5261 1358 5316 ille
1392 5276 1574 5332 sopor,
1601 5263 1692 5332 qui
1723 5271 1851 5317 tunc

250 5353 504 5407 homines
539 5352 1006 5422 apprehenderat,
1035 5362 1168 5408 nutu
1217 5352 1310 5408 Dei
1357 5359 1473 5407 erat
1515 5351 1751 5418 infusus,
1783 5367 1852 5407 ne

250 5444 419 5499 David
463 5446 606 5500 servi
641 5445 756 5516 ejus
785 5445 806 5477 ³
836 5446 892 5501 in
941 5461 1009 5502 eo
1054 5447 1173 5504 loco
1217 5444 1500 5516 praesentia
1543 5445 1849 5501 sentiretur.

311 5625 326 5653 ⁸
362 5621 558 5685 Dicunt,
581 5622 720 5685 juxta
745 5628 818 5670 tu.
884 5630 940 5672 tl.

311 5687 332 5756 ξ
359 5684 594 5756 ﬁerique
618 5685 1036 5756 tiss:,.lr_amitura
1056 5689 1155 5755 est.
1264 5755 1269 5756 γ
1293 5755 1298 5756 γ
1329 5753 1366 5756 __
1564 5753 1590 5756 _
1665 5743 1677 5754 _
1701 5745 1712 5756 .
1840 5746 1852 5756 I

312 5747 333 5777 ⁸
357 5745 578 5804 ωιηρω
606 5745 761 5808 David
777 5754 822 5796 et
843 5761 1091 5796 servorum
1110 5748 1232 5808 eju‘.
1251 5755 1308 5798 At
1329 5753 1457 5806 Mss,
1471 5759 1530 5797 ne
1557 5745 1712 5796 David
1726 5746 1851 5797 servi

247 5806 371 5870 ejus.
407 5815 553 5856 Forte
605 5807 893 5869 legendum.
923 5822 982 5860 ne
1030 5806 1183 5859 David
1230 5817 1275 5859 et
1329 5809 1454 5860 serui
1489 5809 1628 5870 ejus;
1666 5807 1854 5858 scilicet

247 5867 403 5933 ipsius
425 5871 606 5929 aliisai,
633 5867 851 5933 quicum
875 5873 1018 5920 David
1041 5873 1102 5922 ad
1120 5872 1294 5922 salillo
1326 5882 1484 5924 castra
1504 5867 1850 5933 deséenderat,

247 5931 312 5982 ἐκ
333 5931 415 5981 lib.
442 5933 463 5982 1
497 5931 763 5994 licg.,t:ap.
788 5931 868 5990 26,
892 5935 940 5994 ᾗ.
967 5937 1015 5983 6.

503 6024 784 6089 Parnm.
834 6025 965 6088 XL.

1589 449 1796 514 LIBER
1827 447 2201 514 SECUNDUS.

3452 473 3562 535 138

1962 569 2148 640 Neque
2173 569 2301 626 illud
2337 571 2531 628 mirum
2559 582 2640 630 est
2660 617 2676 642 ,
2705 592 2918 634 rursum
2964 581 3211 638 eumdem
3241 582 3370 640 Saiil
3399 601 3561 646 acoe-

1967 662 2110 731 pisse
2135 662 2380 734 spiritum
2408 665 2721 736 prophetiae,
2751 683 2871 725 cum
2892 685 3304 744 persequeretur
3331 677 3558 749 justum,

1967 767 2021 812 et
2045 772 2168 812 eum
2211 760 2701 828 comprehensurus
2728 772 2784 818 et
2821 773 3108 822 necaturus
3129 769 3366 824 venisset
3391 770 3443 825 in
3475 772 3560 827 lo-

1966 862 2089 903 cum
2117 850 2205 905 ubt
2233 859 2350 905 erat
2383 854 2724 923 congregatio
2753 855 3153 925 prophetarum.
3183 859 3274 915 Sic
3306 862 3450 916 enim
3474 879 3563 918 sa-

1965 940 2033 994 tis
2061 941 2482 998 dcmonstratum
2525 955 2608 1001 est
2649 949 2917 1004 neminem
2945 949 3014 1006 de
3056 951 3148 1006 tali
3191 968 3414 1010 munere
3447 956 3558 1026 jam

1965 1047 2209 1089 securum
2233 1050 2356 1092 esse
2380 1037 2597 1106 debere,
2622 1048 2874 1111 tanquam
2903 1043 2972 1098 sit
2998 1044 3401 1115 acceptissimus
3425 1047 3557 1115 Deo,

1965 1127 2007 1180 si
2034 1141 2142 1182 non
2165 1128 2360 1184 habeat
2389 1130 2702 1188 charitatem
2721 1151 2733 1187 :
2753 1135 3182 1206 quandoquidem
3208 1137 3337 1192 illud
3359 1139 3557 1194 donum

1964 1230 2018 1276 et
2046 1221 2188 1278 Sauli
2216 1223 2331 1279 dari
2367 1225 2571 1295 potuit,
2600 1236 2822 1298 propter
2848 1244 3102 1284 arcanum
3150 1230 3364 1301 quidem
3396 1233 3560 1288 alicu-

1959 1312 2047 1382 jus
2068 1318 2417 1384 sacramenti;
2460 1317 2556 1375 sed
2599 1330 2776 1376 tamen
2807 1322 2920 1376 dari
2951 1323 3123 1393 potuit
3152 1324 3436 1392 reprobate
3459 1365 3475 1392 ,
3504 1335 3560 1380 et

1962 1404 2162 1473 invido,
2195 1416 2249 1462 et
2279 1409 2503 1479 ingrato,
2535 1419 2590 1464 et
2627 1411 2868 1468 reddenti
2907 1415 3044 1468 mala
3077 1429 3172 1483 pro
3195 1414 3382 1480 bouis,
3409 1425 3465 1471 et
3493 1432 3561 1472 no

1963 1506 2084 1566 post
2123 1497 2293 1568 ipsam
2329 1500 2544 1570 quidem
2571 1504 2938 1573 acceptionem
2987 1505 3204 1576 spiritus
3235 1519 3478 1563 correcto
3504 1508 3558 1563 in

1963 1588 2152 1644 melius
2177 1598 2336 1660 atque
2356 1601 2577 1647 mutato.

1960 1677 2178 1746 Quas-1‘.
2207 1679 2272 1735 ll.
2299 1712 2371 1722 —
2396 1683 2476 1737 De
2495 1683 2605 1739 Deo
2635 1685 2766 1739 nihil
2792 1687 3003 1757 dignum
3029 1687 3235 1744 dicitur.
3265 1689 3553 1748 Prtescien-

2033 1771 2103 1824 tia
2130 1788 2198 1826 an
2227 1775 2431 1844 proprie
2465 1777 2529 1830 sit
2570 1777 2623 1830 in
2657 1775 2782 1831 Deo.
2817 1777 3044 1833 Scientia
3079 1779 3222 1850 quid,
3260 1789 3307 1836 et
3343 1799 3558 1851 quomo-

2033 1863 2098 1916 do
2148 1865 2201 1918 in
2244 1865 2371 1919 Deo.
2432 1866 2560 1931 Ira,
2611 1869 2987 1937 misericordia,
3038 1880 3086 1925 et
3132 1871 3270 1926 zelus
3317 1871 3420 1927 Dei
3451 1890 3555 1944 quo

2031 1969 2180 2010 sensu
2214 1957 2416 2012 dicitur.
2463 1958 2631 2014 Rebus
2680 1959 2864 2014 divinis
2916 1962 3158 2016 uocabula
3195 1964 3420 2019 humana
3460 1967 3556 2019 tri-

2030 2048 2280 2115 buuntur,
2314 2051 2402 2104 sed
2461 2051 2530 2104 ibi
2581 2053 2785 2108 remotis
2836 2054 3298 2126 imperfectionibus
3354 2058 3557 2114 intelli-

2032 2137 2217 2208 genda.
2247 2140 2513 2211 Sapientia
2547 2151 2594 2196 et
2621 2144 2830 2197 scientia
2853 2144 2988 2199 unde
3008 2143 3269 2212 diﬂ'erunt.
3299 2146 3557 2204 Paenitere

2032 2230 2284 2298 quomodo
2324 2234 2552 2286 convenit
2593 2231 2721 2288 Deo.
2769 2233 3077 2291 Panitentia
3113 2247 3161 2292 et
3187 2237 3327 2294 setas
3351 2257 3443 2294 cur
3462 2244 3560 2295 mi-

2032 2336 2128 2374 nus
2177 2322 2444 2377 videantur
2471 2323 2579 2379 Deo
2608 2341 2882 2397 congruere
2921 2344 3074 2398 quam
3105 2331 3421 2400 prwsoientia
3439 2374 3454 2400 ,
3475 2333 3559 2387 ira

2027 2420 2080 2466 et
2105 2413 2313 2468 similia.

2033 2507 2085 2559 t.
2108 2506 2240 2575 Age,
2260 2506 2370 2576 jam
2405 2507 2684 2564 videamus
2723 2510 2993 2580 quomodo
3021 2511 3220 2567 dictum
3247 2514 3352 2580 sit,
3381 2513 3559 2570 Pani-

1960 2604 2028 2648 tet
2049 2612 2127 2650 me
2136 2597 2271 2667 quod
2283 2599 2625 2653 constituerim
2645 2616 2811 2671 regem
2825 2600 2958 2656 Salii
2972 2605 2989 2673 (
2999 2601 3012 2655 Ι
3029 2604 3156 2674 Reg.
3174 2606 3297 2672 xv,i
3308 2603 3384 2674 i).
3401 2604 3559 2675 Qua.

1961 2686 2036 2742 ris
2066 2689 2231 2752 enim,
2261 2702 2370 2742 non
2407 2690 2588 2759 utique
2629 2691 2680 2744 in
2732 2691 2914 2746 talium
2957 2694 3242 2749 verborum
3281 2695 3559 2752 intellectu

1961 2775 2143 2842 rudis,
2166 2777 2264 2833 sed
2305 2777 2611 2834 rudimenta
2641 2781 2927 2850 explorans
2969 2796 3087 2838 mea
3135 2792 3357 2852 paterno
3379 2785 3558 2840 studio

1961 2879 2015 2925 et
2041 2869 2272 2941 benigna
2301 2886 2430 2926 cura
2453 2911 2468 2936 ,
2515 2872 2782 2941 quomodo
2826 2873 3081 2943 paeniteat
3117 2874 3318 2946 aliquid
3349 2876 3515 2930 Deum
3536 2917 3553 2942 ,

1962 2960 2016 3016 in
2042 2975 2149 3031 quo
2169 2961 2240 3016 sit
2279 2962 2454 3018 omnis
2496 2965 2852 3034 praescientia.
2878 2966 2989 3036 Ego
3019 2980 3145 3022 vero
3166 3005 3184 3034 ,
3215 2982 3338 3023 cum
3362 2968 3464 3024 hoc
3491 2969 3562 3026 de

1965 3051 2076 3106 Deo
2101 3051 2319 3119 dicitur,
2349 3052 2624 3124 indignum
2654 3054 2854 3124 aliquid
2897 3055 3002 3110 dici
3046 3057 3356 3125 arbitrarer,
3382 3059 3429 3114 si
3456 3060 3560 3114 ali-

1960 3143 2090 3214 quid
2121 3144 2340 3214 dignum
2372 3145 2700 3200 inveniretur
2723 3145 2862 3216 quod
2894 3147 2961 3202 dc
2988 3147 3079 3203 illo
3106 3147 3393 3204 diceretur.
3426 3152 3560 3208 Cum

1962 3251 2092 3292 vero
2113 3237 2274 3292 verba
2299 3237 2498 3304 omnia,
2517 3237 2710 3307 quibus
2731 3237 2960 3293 humana
2973 3239 3238 3310 colloquia
3265 3256 3560 3298 conserun-

1965 3337 2052 3384 tur
2077 3331 2092 3362 ί
2115 3372 2129 3398 ,
2161 3329 2306 3384 illius
2332 3330 2656 3399 sempiterna
2684 3331 2852 3386 virtus
2876 3337 2932 3386 et
2958 3330 3206 3387 divinitas
3237 3335 3560 3393 mirabiliter

1962 3432 2122 3492 atque
2163 3422 2534 3478 incunctanter
2573 3423 2826 3490 excedat,
2855 3425 3110 3496 quidquid
3146 3427 3214 3482 de
3244 3427 3334 3482 illo
3363 3430 3558 3483 huma-

1964 3519 2105 3572 niter
2133 3517 2362 3582 dicitur,
2393 3517 2538 3587 quod
2568 3517 2729 3572 etiam
2760 3517 3069 3575 hominibus
3114 3521 3450 3590 aspernabile
3478 3521 3559 3576 vio

1963 3605 2173 3672 deatur,
2202 3606 2316 3676 ipsa
2344 3606 2572 3660 humana
2603 3607 2921 3662 admonetur
2946 3608 3250 3675 infirmitas,
3277 3610 3439 3667 etiam
3468 3611 3558 3667 illa

1963 3716 2082 3770 quae
2106 3708 2465 3770 congruenter
2511 3700 2564 3754 in
2612 3699 2902 3770 Scripturis
2944 3701 3140 3757 sanctis
3176 3702 3243 3757 de
3286 3703 3395 3758 Deo
3419 3703 3559 3759 dicta

1965 3791 2255 3857 existimat,
2276 3790 2520 3846 humanae
2543 3791 2827 3861 capacitati
2843 3792 3048 3862 aptiora
3073 3807 3195 3848 esse
3231 3807 3391 3862 quam
3418 3793 3557 3848 divi-

1965 3897 2048 3936 na:
2078 3881 2432 3945 sublimitati;
2457 3896 2519 3936 ac
2545 3895 2641 3950 per
2668 3883 2769 3938 hoc
2790 3882 2951 3936 etiam
2980 3882 3096 3952 ipsa
3125 3884 3553 3942 transcendenda

1961 3988 2084 4029 esse
2127 3972 2443 4029 semuiore'
2489 3973 2802 4042 intellectu,
2843 3973 2983 4029 sicut
3036 3973 3136 4029 ista
3183 3974 3558 4047 qualicumque

1965 4072 2272 4118 transcensa
2299 4071 2443 4118 sunt.

2033 4156 2090 4210 2.
2144 4154 2274 4221 Quis
2328 4163 2413 4210 est
2462 4153 2605 4210 enim
2652 4154 2967 4223 hominum,
3018 4156 3104 4212 cui
3158 4172 3265 4213 non
3307 4167 3558 4216 occurrat

1963 4247 2017 4301 in
2044 4247 2152 4302 Deo
2175 4253 2364 4302 cuncta
2393 4246 2741 4316 prteseiente,
2763 4247 3128 4317 pmnitentiam
3149 4263 3274 4304 esse
3299 4265 3407 4305 non
3431 4265 3556 4320 pos-

1961 4338 2054 4394 se?
2082 4338 2150 4392 Et
2169 4347 2313 4393 certe
2337 4347 2512 4392 tamen
2546 4338 2659 4392 lucc
2687 4337 2794 4392 duo
2822 4338 2985 4394 verba
3003 4347 3146 4406 sunt,
3167 4341 3477 4410 pteniteutia
3497 4351 3556 4399 et

1965 4429 2320 4500 praescimuia,
2349 4444 2581 4499 quorum
2603 4429 2725 4499 quia
2756 4445 2920 4484 unum
2945 4444 3244 4501 congruere
3279 4431 3555 4490 credimus

1962 4521 2097 4587 Deo,
2128 4520 2182 4575 id
2207 4529 2290 4575 est
2312 4520 2699 4590 prmscientiam
2722 4561 2737 4585 ,
2771 4535 3028 4591 negamus
3055 4521 3107 4575 in
3139 4537 3204 4577 eo
3235 4537 3355 4578 esse
3376 4525 3553 4594 peni-

1962 4612 2202 4668 tentiam.
2221 4611 2355 4666 Cum
2381 4626 2510 4667 vero
2533 4612 2669 4666 alius
2701 4611 2982 4682 liquidiore
3007 4612 3433 4670 consideratione
3452 4617 3553 4673 ista

1960 4711 2297 4773 pertractans
2319 4743 2336 4770 ,
2365 4702 2637 4773 quaesierit
2663 4703 3113 4773 quemadmodum
3155 4705 3238 4760 vel
3266 4707 3380 4776 ipsa
3407 4722 3550 4779 pra:-

1959 4795 2186 4851 scientia
2218 4795 2326 4850 Deo
2338 4804 2599 4866 congruat
2621 4835 2636 4861 ,
2661 4805 2715 4850 et
2738 4795 3003 4852 invenerit
3027 4796 3184 4867 hujus
3206 4799 3368 4853 etiam
3397 4799 3548 4855 verbi

1961 4887 2234 4942 notionem
2271 4887 2413 4942 illius
2442 4887 2692 4943 ineffabili
2720 4887 2996 4942 divinitate
3018 4889 3172 4959 longe
3197 4889 3410 4959 lateque
3451 4903 3548 4945 su-

1961 4978 2170 5046 perari;
2200 4992 2308 5033 non
2336 4978 2564 5034 miratur
2591 4987 2874 5049 utrumque
2906 4977 2974 5032 de
3004 4979 3093 5032 illo
3127 4987 3346 5048 pr0pter
3371 4978 3545 5035 homi-

1962 5085 2058 5124 nes
2088 5069 2192 5127 dici
2241 5069 2514 5140 potuisse,
2545 5069 2612 5124 de
2655 5084 2761 5140 quo
2803 5077 3087 5138 utrumque
3133 5079 3350 5138 propter
3373 5068 3548 5140 ipsum

1961 5161 2250 5231 incongrue
2278 5161 2562 5216 diceretur.
2591 5159 2726 5228 Quid
2752 5168 2836 5214 est
2879 5159 3023 5214 enim
3053 5160 3384 5228 praescientia
3407 5204 3422 5229 ,
3445 5163 3549 5218 nisi

1959 5255 2182 5310 scientia
2229 5252 2572 5310 futurorum?
2597 5251 2735 5318 Quid
2781 5258 2962 5305 autem
3013 5250 3246 5307 futurum
3281 5263 3366 5308 est
3395 5254 3505 5312 Deo
3530 5297 3547 5321 ,

1959 5346 2049 5415 qui
2077 5345 2253 5399 omnia
2303 5342 2700 5416 supergreditur
2742 5341 3099 5412 temporaYSi
3139 5345 3282 5399 enim
3326 5346 3548 5402 scicntia

1960 5437 2057 5494 Dei
2105 5453 2191 5493 res
2239 5437 2385 5507 ipsas
2414 5435 2573 5490 habet
2595 5435 2633 5501 ',
2661 5450 2767 5490 non
2793 5442 2917 5491 sunt
2951 5435 3003 5491 ei
3031 5433 3221 5492 futurae
3244 5477 3259 5506 ,
3280 5437 3376 5494 sed
3405 5454 3549 5510 prm-

2022 5660 2041 5693 ι
2064 5661 2139 5710 Sic
2159 5665 2266 5708 Mss.
2284 5656 2403 5721 mliti
2426 5662 2608 5721 autem,
2629 5657 2940 5721 confer-antra
2956 5668 2974 5707 :
2991 5663 3044 5707 et
3063 5655 3184 5707 infra
3206 5654 3311 5706 loco
3328 5651 3549 5707 me

1959 5718 2651 5788 ter,babebant,hupumitus.
2720 5718 2729 5721 '
2811 5780 2822 5788 _
3187 5777 3198 5788 ο

2023 5780 2117 5850 ξω
2141 5781 2303 5840 editis,
2326 5780 2548 5842 saniore;
2579 5794 2667 5844 pro
2687 5794 2786 5850 quo
2809 5780 2856 5834 in
2880 5788 3022 5850 _Mss.,_
3039 5780 3298 5850 sereniore.

2025 5847 2041 5878 ¹
2068 5854 2140 5894 Slc
2161 5850 2267 5893 Mss.
2290 5837 2506 5906 excepto
2523 5837 2620 5906 un'o
2636 5857 2667 5893 e
2685 5837 2920 5906 Vaticanis
2942 5837 3156 5906 quicum
3178 5849 3294 5891 ante
3317 5838 3456 5894 editis
3477 5837 3547 5891 τοο

1961 5908 2120 5971 rebat,
2140 5919 2191 5959 ut
2209 5904 2409 5959 mentio
2429 5904 2508 5958 res
2530 5905 2660 5970 ipsas
2678 5905 2834 5958 habet.

3007 6009 3263 6093 (ϐίηφι)
