4136 6530
508 487 608 544 159

505 607 707 662 sentes;
741 610 802 651 ac
840 610 936 666 per
963 595 1067 652 hoc
1108 608 1213 650 non
1238 594 1351 665 jam
1383 591 1739 663 praescientia,
1764 589 1858 645 sed
1888 597 2092 644 tantum

478 688 481 691 ’
507 684 725 743 scientia
754 685 859 741 dici
896 694 1091 754 potest.
1119 684 1177 741 Si
1207 693 1385 740 autem
1423 684 1562 738 sicut
1590 684 1641 736 in
1671 681 1857 736 ordine
1890 691 2097 748 tempo-

506 778 695 833 ralium
712 786 1103 846 creaturarum,
1128 781 1200 831 ita
1217 775 1417 845 etapud
1440 788 1561 829 eum
1582 772 1814 827 nondum
1832 781 1955 826 sunt
1981 784 2101 841 quae

504 869 681 922 i‘utura
730 879 887 935 sunt,
916 867 1012 923 sed
1058 882 1121 923 ea
1163 867 1422 938 prmvenit
1470 864 1710 927 sciendo;
1744 863 1825 917 bis
1866 876 1994 932 ergo
2038 874 2101 915 ea

506 962 700 1026 sentit,
736 975 845 1015 uno
872 959 1085 1030 quidem
1114 959 1275 1015 modo
1314 958 1607 1015 secundum
1635 956 1931 1010 futurorum
1968 968 2101 1023 prte-

508 1050 811 1116 scientiam,
840 1051 1012 1105 altero
1040 1065 1168 1106 vero
1211 1049 1501 1105 secundum
1542 1049 1884 1118 prtescntium
1930 1044 2103 1099 scien-

511 1141 661 1196 tiam.
732 1141 945 1212 Aliquid
997 1157 1124 1212 ergo
1175 1140 1543 1211 temporalitcr
1597 1138 1805 1193 accedit
1867 1138 2105 1192 scientia:

512 1232 607 1289 Dei
636 1233 697 1302 ‘;
740 1232 884 1305 quod
933 1233 1372 1288 absurdissimum
1419 1239 1577 1301 atque
1606 1229 1946 1285 falsissimum
2000 1238 2101 1283 est.

513 1325 629 1381 Nec
654 1326 799 1381 enim
829 1334 1007 1397 potest
1034 1341 1154 1395 quae
1188 1332 1410 1379 ventura
1452 1322 1739 1394 praenoscit
1781 1335 1939 1375 nosse
1981 1333 2103 1373 cum

515 1419 803 1486 venerint;
831 1416 933 1472 nisi
958 1417 1040 1471 bis
1074 1416 1449 1471 innotescant'
1470 1456 1484 1482 ,
1515 1422 1567 1468 et
1597 1411 1981 1483 prmnoscendo
2006 1422 2105 1463 an-

521 1518 735 1580 tequam
763 1510 900 1575 sint,
929 1516 983 1564 et
1010 1507 1383 1578 cognoscendo
1408 1522 1527 1561 cum
1549 1505 1660 1575 jam
1690 1513 1832 1559 sunt.
1862 1503 1937 1558 lta
1963 1502 2022 1555 iit
2051 1509 2108 1555 ut

522 1599 702 1675 (quod
730 1601 887 1673 longe
927 1614 957 1653 a
998 1599 1225 1655 veritate
1268 1600 1534 1654 seclusum
1580 1595 1699 1667 est)
1748 1594 2109 1665 temporaliter

516 1692 717 1764 aliquid
761 1691 980 1748 accedat
1025 1690 1263 1747 scientia:
1312 1690 1444 1757 Dei,
1486 1703 1608 1743 cum
1648 1686 1960 1758 temporalia
1991 1700 2109 1754 qua:

522 1786 878 1855 prmsciuntur
928 1784 1089 1839 etiam
1141 1783 1423 1853 praesentia
1471 1782 1809 1845 sentiuntur,
1840 1792 1958 1848 qua:
2003 1791 2109 1831 non

519 1875 888 1931 sentiebantur
913 1884 1199 1945 antequam
1218 1872 1427 1938 fierent,
1446 1872 1540 1926 sed
1575 1870 1945 1925 tantummodo
1970 1883 2103 1938 pra:-

520 1969 845 2025 sciebantur.
891 1969 948 2025 Si
992 1982 1120 2023 vero
1144 1967 1303 2022 etiam
1352 1981 1474 2021 cum
1508 1965 1786 2031 venerint,
1818 1978 1937 2033 qua:
1969 1976 2107 2032 prae-

519 2060 829 2115 sciebantur
873 2072 994 2115 esse
1020 2068 1263 2136 ventura,
1294 2055 1426 2111 nihil
1458 2055 1580 2110 novi
1610 2055 1829 2109 accedet
1872 2052 2111 2107 scientizc

524 2154 653 2222 Dei,
684 2153 781 2209 sed
814 2153 1051 2209 manebit
1104 2152 1193 2206 illa
1234 2150 1564 2222 pratscientia
1607 2149 1745 2203 sicut
1789 2154 1904 2202 erat
1952 2144 2111 2199 etiam

495 2247 832 2317 .priusquam
878 2245 1124 2301 venirent
1169 2258 1290 2314 quas
1343 2241 1793 2313 prarsciebantur;
1845 2235 2113 2308 quomodo

516 2338 629 2408 jam
678 2337 1011 2409 praescientia
1059 2336 1302 2403 dicetur,
1333 2331 1549 2405 quando
1583 2346 1691 2387 non
1716 2338 1799 2386 est
1824 2344 2003 2385 rerum
2032 2326 2117 2381 fu-

490 2438 763 2486 rturarum
783 2429 809 2485 ἲ
831 2428 950 2486 Jam
978 2428 1123 2486 enim
1160 2425 1445 2497 przesentia
1474 2431 1602 2480 sunt
1641 2438 1760 2493 quin
1786 2421 1960 2476 futura
1991 2433 2112 2474 cer-

490 2520 807 2589 ~nebat,»et
843 2520 1003 2591 paulo
1040 2526 1162 2590 post
1186 2525 1345 2572 erunt
1382 2515 1670 2586 prtcterita.
1717 2512 2115 2568 Prmteritarum

522 2622 703 2669 autem
740 2627 920 2668 rerum
941 2652 958 2678 ,
983 2612 1121 2667 sicut
1160 2608 1502 2680 prmsentium
1525 2646 1544 2675 ,
1576 2606 1723 2661 nullo
1761 2603 1921 2659 modo
1945 2610 2118 2674 potest

523 2707 629 2763 dici
660 2706 1014 2778 praesciomia.
1036 2704 1259 2761 Reditur
1287 2716 1417 2773 ergo
1441 2700 1508 2756 ad
1536 2700 1610 2768 id,
1637 2708 1696 2754 ut
1714 2700 1805 2753 fiat
1830 2697 1989 2752 rebus
2004 2696 2116 2765 jam

526 2797 878 2868 praesentibus
918 2795 1141 2852 scientia
1161 2834 1178 2861 ,
1198 2809 1318 2865 qua:
1355 2792 1557 2847 eisdem
1600 2790 1761 2846 rebus
1787 2788 1977 2842 futuris
2004 2795 2120 2842 erat

514 2888 859 2959 sprzescicntia
887 2906 901 2941 :
925 2896 980 2942 ct
1019 2901 1140 2941 cum
1174 2900 1238 2939 ea
1265 2899 1385 2954 qua:
1413 2880 1750 2953 prmscientia
1781 2888 1895 2935 erat
1931 2878 2077 2948 prius
2100 2918 2116 2945 ,

527 2989 711 3052 postea
741 2980 960 3037 scientia
987 2979 1079 3033 ttat
1116 2978 1169 3032 in
1190 2976 1331 3043 Deo,
1349 2974 1580 3030 admittit
1618 2971 2020 3027 mutabilitatem
2067 2980 2122 3025 et

528 3071 838 3142 temporalis
854 3080 954 3137 est;
970 3084 1092 3124 cum
1123 3067 1195 3123 sit
1220 3068 1381 3135 Deus,
1404 3065 1493 3136 qui
1521 3078 1649 3120 vere
1664 3076 1976 3132 summeque
2003 3069 2085 3115 est
2103 3099 2119 3125 ,

516 3180 630 3221 nec
660 3164 765 3219 ulia
803 3178 871 3221 ex
906 3174 1058 3233 parte
1092 3160 1360 3215 mutabilis
1384 3198 1400 3224 ,
1438 3172 1541 3213 nec
1581 3156 1691 3212 ullo
1736 3165 1884 3210 motu
1922 3154 2123 3208 novitio

530 3256 857 3328 temporalis.
872 3256 1057 3310 Placet
1084 3268 1214 3324 ergo
1241 3264 1299 3307 ut
1327 3265 1433 3306 non
1456 3249 1702 3305 dicamus
1732 3244 2121 3317 praescientiam

531 3346 625 3403 Dei
650 3388 665 3413 ,
693 3346 788 3401 sed
832 3344 1197 3401 tantummodo
1231 3342 1510 3396 scientiam
1545 3357 1558 3394 :
1586 3354 1887 3410 quteramus
1929 3346 1985 3392 et
2020 3337 2123 3391 hoc

530 3437 821 3510 quomodo.
851 3436 967 3494 Non
994 3437 1135 3492 enim
1168 3434 1445 3490 scientiam
1482 3432 1718 3487 solemus
1742 3430 1924 3484 dicere
1954 3430 2006 3482 in
2030 3442 2124 3482 no-

530 3529 635 3597 bis,
662 3527 766 3583 nisi
787 3541 910 3583 cum
932 3540 1088 3582 sensa
1113 3534 1170 3581 et
1192 3524 1461 3579 intellecta
1502 3521 1762 3579 memoria
1792 3519 2121 3584 retinemus;

518 3635 652 3676 cum
678 3618 1018 3675 meminimus
1044 3615 1242 3687 aliquid
1267 3614 1500 3671 sensisse
1522 3628 1620 3668 nos
1648 3611 1735 3667 vel
1761 3608 2086 3665 intellexisse
2103 3646 2121 3675 ,

534 3724 594 3771 ut
621 3713 675 3771 id
694 3728 817 3771 cum
839 3713 1087 3770 volumus
1104 3710 1426 3767 recolamus.
1458 3707 1611 3777 Quod
1636 3708 1679 3763 si
1694 3706 1778 3761 ita
1806 3706 1861 3760 in
1883 3705 1993 3761 Deo
2018 3712 2121 3769 est,

532 3820 589 3866 ut
617 3808 789 3883 possit
835 3808 1049 3880 proprie
1097 3804 1237 3872 dici,
1271 3803 1522 3875 lutelligit
1547 3810 1603 3857 et
1642 3798 1934 3865 intellexit,
1964 3801 2127 3853 sentit

527 3902 813 3967 etsensit;
841 3900 1073 3956 admittit
1116 3907 1358 3969 tempus,
1404 3905 1459 3951 et
1504 3894 1743 3964 subrepit
1782 3891 2127 3947 nihilominus

533 3992 1023 4056 illa-mutabilitas,
1067 4005 1187 4062 quae
1219 3990 1375 4060 longe
1416 4003 1448 4043 a
1479 3987 1572 4044 Dei
1614 3985 1915 4042 substantia
1944 3996 2123 4039 remo-

530 4085 703 4142 venda
731 4092 834 4142 est.
876 4084 943 4138 Et
986 4092 1165 4137 tamen
1203 4093 1258 4136 et
1286 4080 1388 4135 scit
1429 4079 1569 4134 Deus
1594 4119 1609 4143 ,
1639 4086 1693 4133 et
1728 4075 1947 4147 pmscit
1986 4074 2128 4129 Deus

535 4178 787 4235 ineffabili
818 4177 977 4232 modo
1009 4175 1131 4233 :rsic
1158 4189 1281 4230 eum
1306 4183 1360 4228 et
1398 4172 1621 4243 poenitet
1660 4168 1913 4224 ineil‘abili
1944 4166 2125 4221 modo.

532 4275 669 4329 Cum
695 4271 837 4327 enim
866 4269 1086 4325 scientia
1111 4267 1203 4322 Dei
1229 4266 1387 4336 longe
1410 4264 1568 4319 distet
1595 4263 1662 4318 ab
1687 4262 1920 4317 humana
1950 4259 2129 4315 scien-

527 4367 633 4431 tia,
662 4366 734 4420 ita
773 4372 831 4419 ut
872 4361 1139 4418 irridenda
1182 4362 1252 4415 sit
1270 4357 1632 4429 comparatio,
1676 4365 1899 4427 utraque
1952 4364 2128 4409 tamen

538 4457 762 4515 scicntia
788 4465 1008 4512 vocatur
1034 4473 1049 4509 :
1077 4462 1131 4510 et
1157 4452 1288 4509 haec
1334 4451 1550 4523 quidem
1593 4450 1823 4504 humana
1867 4447 1987 4503 talis
2012 4458 2127 4511 est,

538 4562 598 4608 ut
621 4553 764 4608 dicat
803 4549 871 4607 de
898 4551 983 4605 illa
1016 4547 1305 4620 Apostolus
1348 4547 1511 4601 etiam
1536 4586 1550 4611 ,
1586 4542 1816 4597 Scientia
1846 4541 2129 4595 destruetur

540 4645 584 4715 (1
613 4644 732 4700 Cor.
762 4657 876 4711 xm,
896 4642 976 4712 8);
995 4640 1135 4712 quod
1163 4638 1312 4694 nullo
1338 4636 1497 4692 modo
1527 4644 1672 4691 recte
1699 4633 1766 4689 de
1790 4632 2009 4688 scientia
2035 4631 2129 4685 Dei

540 4740 642 4794 dici
673 4744 867 4809 potest.
899 4735 989 4790 Sic
1017 4742 1073 4790 et
1094 4733 1171 4788 ira
1194 4730 1426 4786 hominis
1456 4728 1661 4785 turbida
1690 4736 1771 4782 est
1800 4734 1853 4782 et
1873 4740 1980 4781 non
2015 4724 2133 4779 sine

537 4831 776 4888 cruciatu
804 4828 966 4882 animi
994 4845 1005 4880 :
1031 4827 1107 4881 ira
1131 4839 1261 4880 vero
1282 4824 1401 4891 Dei,
1415 4822 1482 4877 de
1498 4838 1601 4893 qua
1618 4821 1812 4875 dicitur
1827 4821 1878 4874 in
1893 4821 2135 4889 Evange-

546 4928 632 4993 lio,
651 4924 756 4981 Sed
773 4923 851 4978 ira
872 4921 965 4975 Dei
993 4927 1161 4974 manet
1180 4935 1334 4989 super
1359 4933 1473 4970 eum
1486 4914 1665 4987 (Joan.
1692 4930 1767 4976 ut,
1791 4913 1907 4983 56);
1923 4914 2132 4981 etApo-

545 5022 730 5084 stolus,
769 5015 1031 5071 Revelatur
1051 5012 1181 5066 enim
1204 5012 1284 5064 ira
1308 5009 1399 5063 Dei
1426 5008 1488 5061 de
1506 5007 1629 5061 casto
1646 5022 1796 5074 super
1823 5022 2018 5059 omnem
2039 5005 2137 5057 im-

550 5114 777 5175 pietatem
816 5106 999 5178 (Rom.
1031 5102 1243 5173 t,18);
1275 5101 1368 5155 illo
1419 5099 1471 5152 in
1522 5097 1899 5167 tranquillitate
1938 5096 2136 5166 iugiter

547 5197 881 5262 manente,in
908 5205 1153 5251 creatura
1182 5192 1393 5249 subdita
1414 5199 1629 5245 exercet
1649 5188 1947 5242 admirabili
1972 5188 2133 5258 acqui-

547 5299 657 5343 tate
698 5287 1003 5342 vindictam.
1032 5284 1394 5343 Misericordia
1440 5296 1652 5353 quoque
1701 5279 1933 5334 hominis
1974 5279 2133 5333 habet

551 5378 863 5433 nonnullam
883 5376 1060 5431 cordis
1084 5376 1373 5441 miseriam,
1399 5373 1543 5429 unde
1581 5372 1742 5427 etiam
1771 5372 1825 5425 in
1849 5371 2007 5425 latina
2034 5370 2136 5424 lin-

551 5484 649 5537 gua
684 5481 881 5525 nomen
918 5467 1154 5536 accepit:
1186 5482 1306 5521 nam
1338 5466 1460 5521 inde
1488 5473 1573 5521 est
1607 5465 1767 5520 etiam
1791 5504 1805 5528 ,
1837 5461 1981 5531 quod
2026 5477 2134 5516 non

550 5564 723 5616 solum
750 5558 983 5631 gaudere
1004 5572 1122 5610 cum
1148 5556 1518 5626 gaudentibus,
1545 5553 1639 5610 sed
1665 5555 1825 5609 etiam
1853 5552 1983 5608 ﬂere
2011 5566 2132 5606 cum

552 5654 807 5711 ﬂentibus
833 5651 1075 5705 hortatur
1088 5648 1373 5718 Apostolus
1393 5645 1504 5718 (Id.
1537 5646 1763 5716 xu,15).
1791 5646 1921 5713 Quis
1957 5652 2133 5699 autem

622 5811 641 5841 ³
667 5815 794 5867 513.,
821 5799 1001 5855 accidit
1018 5799 1230 5867 scientia:
1250 5799 1356 5867 Dei.
1378 5808 1433 5852 Et
1454 5800 1579 5851 infra
1602 5801 1803 5862 habent,
1823 5800 2033 5867 accidat,
2050 5816 2138 5855 ac-

561 5868 719 5930 cidet;
744 5862 868 5930 loco,
890 5864 1106 5930 accedat,
1134 5862 1347 5930 accedet.

621 5936 641 5968 ο
660 5924 714 5981 tu
732 5924 898 5981 codice
922 5925 1247 5977 vetustissimo
1265 5924 1563 5986 Corbeicnsi,
1581 5924 1859 5976 innotescat.

1077 480 1163 537 DE
1204 476 1513 535 DIVERSIS
1550 472 2063 543 QUJ'ISTIONIBUS
2102 473 2192 527 AD
2231 470 2739 544 SIMPLICIANUM,
2780 476 2835 532 S.
2877 476 3254 533 AUGUSTINI

3706 482 3810 537 140

2208 600 2338 642 sano
2381 588 2554 658 capite
2581 589 2809 658 dixerit,
2843 591 2949 645 ulla
2986 592 3198 647 miseria
3235 594 3375 667 tangi
3403 594 3571 651 Deum
3592 595 3619 650 τ
3643 612 3807 667 quem

2207 685 2383 734 tamen
2411 680 2605 751 ubique
2645 680 2917 753 Scriptura
2954 684 3354 739 misericordem
3396 701 3517 742 esse
3553 694 3807 744 testatur.

2207 770 2284 827 lla
2310 772 2481 828 zelum
2510 773 2800 829 humanum
2830 791 2933 830 non
2983 776 3100 831 sine
3140 786 3291 846 peste
3340 778 3525 833 livoris
3552 779 3809 851 intelligi-

2209 877 2332 918 mus
2355 864 2648 919 :zelantcm
2676 881 2805 922 vero
2828 867 2994 922 Deum
3018 882 3126 923 non
3152 868 3256 935 ita,
3284 868 3379 924 sed
3401 869 3590 925 eodem
3618 871 3808 938 verbo,

2210 969 2320 1010 non
2348 955 2537 1010 eodem
2570 956 2748 1012 modo.

2279 1046 2334 1101 5.
2362 1045 2601 1118 Longum
2628 1059 2711 1104 est
2735 1062 3046 1118 percurrere
3072 1060 3265 1106 caetera
3285 1092 3299 1118 ,
3325 1061 3381 1107 et
3405 1062 3530 1107 sunt
3550 1053 3809 1109 innume-

2209 1138 2395 1194 rabilia
2426 1140 2618 1211 quibus
2642 1142 2941 1197 ostenditur
2958 1143 3126 1198 multa
3147 1143 3323 1199 divina
3355 1144 3544 1200 iisdem
3572 1147 3812 1202 nomini-

2210 1227 2309 1283 bus
2332 1231 2591 1300 appellari
2617 1232 2808 1301 quibus
2851 1232 3081 1289 humana
3101 1275 3118 1303 ,
3143 1249 3265 1291 cum
3292 1236 3696 1306 incomparabili
3726 1239 3814 1292 di-

2211 1323 2460 1377 versitate
2483 1323 2723 1392 sejuncta
2752 1325 2854 1379 sint
2882 1340 3014 1380 :nec
3041 1335 3222 1383 tamen
3254 1326 3447 1382 frustra
3470 1328 3657 1384 eadem
3688 1340 3817 1385 sunt

2212 1414 2368 1469 rebus
2390 1410 2627 1486 utrisque
2654 1416 2818 1471 indita
2848 1418 3105 1473 vocabula
3124 1459 3140 1487 ,
3173 1419 3274 1475 nisi
3300 1422 3422 1490 quia
3448 1419 3560 1475 lucc
3595 1422 3815 1491 cognita

2212 1522 2329 1576 qua:
2352 1508 2404 1561 in
2453 1509 2759 1577 quotidiana
2798 1510 3185 1565 consuetudine
3229 1522 3529 1580 versantur,
3562 1524 3618 1568 et
3646 1529 3819 1582 expe-

2213 1597 2455 1654 rimentis
2480 1599 2846 1655 usitatioribus
2886 1602 3253 1671 innotescunt,
3288 1605 3597 1659 nonnullam
3639 1606 3708 1659 ad
3734 1608 3818 1659 in-

2215 1690 2495 1759 telligenda
2555 1692 2643 1745 illa
2691 1692 2937 1746 sublimia
2984 1694 3225 1763 prmbent
3272 1696 3433 1749 viam.
3484 1697 3618 1751 Cum
3667 1697 3816 1751 enim

2213 1778 2494 1851 dempsero
2515 1781 2580 1837 de
2598 1781 2828 1837 humana
2850 1785 3071 1839 scientia
3102 1786 3530 1855 mutabilitatem,
3553 1797 3607 1841 et
3636 1796 3821 1842 trans-

2216 1869 2321 1923 itus
2345 1871 2604 1940 quosdam
2636 1886 2665 1926 a
2712 1873 3034 1943 cogitatione
3056 1873 3109 1928 in
3135 1876 3511 1944 cogitationem
3533 1918 3546 1941 ,
3573 1891 3698 1931 cum
3730 1893 3820 1932 re-

2216 1961 2458 2026 colimus,
2488 1970 2547 2017 ut
2574 1977 2858 2019 cernamus
2897 1965 3079 2019 animo
3120 1966 3263 2036 quod
3304 1967 3355 2021 in
3409 1969 3652 2022 contuitu
3699 1969 3821 2038 ejus

2218 2053 2377 2122 paulo
2402 2063 2526 2109 ante
2574 2069 2679 2109 non
2728 2065 2881 2124 erat,
2912 2065 3071 2126 atque
3112 2057 3183 2111 ita
3232 2057 3301 2113 de
3342 2067 3493 2128 parte
3519 2060 3571 2113 in
3605 2068 3818 2129 partem

2217 2146 2421 2201 crebris
2463 2147 2928 2204 recordationibus
2965 2151 3333 2217 transilimus;
3366 2152 3505 2207 unde
3547 2154 3711 2208 etiam
3747 2168 3818 2209 ex

2218 2248 2371 2309 parte
2398 2238 2526 2295 dicit
2551 2254 2670 2296 esse
2694 2240 2985 2311 Apostolus
3027 2254 3263 2299 nostram
3290 2246 3569 2301 scientiam
3596 2246 3657 2319 (ι
3691 2246 3817 2301 Cor.

2217 2345 2352 2398 xm,
2384 2330 2442 2403 9)
2476 2345 2637 2386 :cum
2678 2347 2807 2403 ergo
2854 2332 2969 2389 haec
3030 2344 3223 2391 cuncta
3266 2335 3572 2403 detraxero,
3615 2345 3672 2393 et
3736 2352 3826 2392 re-

2218 2422 2427 2493 liquero
2470 2422 2637 2478 solam
2685 2424 3020 2481 vivacitatem
3090 2435 3253 2482 certa:
3316 2435 3476 2497 atque
3529 2428 3824 2484 inconcus-

2218 2530 2294 2571 sa:
2322 2514 2561 2571 veritatis
2614 2530 2717 2571 una
2770 2526 2931 2589 atque
2982 2527 3183 2574 aeterna
3211 2521 3663 2591 contemplatione
3685 2538 3825 2579 cun-

2219 2614 2306 2661 cta
2344 2604 2825 2674 lustrantis‘;imo
2866 2624 2973 2663 non
3012 2610 3317 2680 reliquero,
3368 2627 3474 2667 non
3528 2613 3674 2668 enim
3724 2614 3825 2669 lia-

2220 2695 2313 2753 bet
2352 2696 2457 2754 hoc
2501 2697 2735 2755 humana
2793 2701 3050 2768 scientia,
3104 2702 3221 2758 sed'
3262 2719 3361 2773 pro
3428 2705 3633 2761 viribus
3684 2707 3824 2777 cogi-

2225 2798 2436 2856 tavero;
2494 2790 2796 2847 insinuatur
2841 2792 2975 2847 mihi
3044 2802 3333 2865 utcumque
3408 2797 3630 2852 scientia
3679 2798 3821 2851 Dei:

2222 2881 2366 2952 quod
2407 2890 2585 2938 tamen
2636 2899 2869 2953 nomen,
2912 2900 2979 2941 ex
3039 2900 3107 2941 eo
3155 2887 3299 2957 quod
3357 2888 3575 2943 sciendo
3627 2887 3827 2958 aliquid

2225 2991 2331 3031 non
2353 2975 2483 3031 latet
2509 2976 2779 3033 hominem
2803 3016 2820 3045 ,
2853 2979 3023 3048 potuit
3046 2994 3167 3034 esse
3213 2980 3292 3035 rei
3323 2980 3536 3051 utrique
3581 2995 3828 3035 commu-

2224 3082 2312 3122 ne.
2334 3070 2645 3137 Quanquam
2668 3076 2723 3123 et
2751 3069 2803 3122 in
2853 3069 2981 3139 ipsis
3005 3069 3309 3125 hominibus
3357 3072 3493 3126 solet
3529 3070 3761 3125 discerni
3790 3086 3822 3125 a

2224 3161 2484 3230 sapientia
2512 3162 2765 3228 scientia,
2798 3170 2854 3216 ut
2882 3162 3040 3216 etiam
3072 3163 3360 3232 Apostolus
3381 3163 3541 3227 dicit,
3572 3162 3676 3215 Atii
3704 3162 3827 3231 qui-

2226 3255 2341 3308 dem
2391 3270 2480 3323 per
2510 3253 2762 3323 Spiritum
2802 3254 2954 3308 datur
2993 3271 3156 3308 sermo
3193 3255 3485 3325 sapientiae,
3537 3256 3627 3308 alii
3657 3270 3826 3308 sermo

2226 3346 2450 3400 scientia:
2491 3346 2766 3399 secundum
2825 3345 3053 3399 eumdem
3097 3345 3351 3417 Spiritum
3393 3345 3529 3415 (Id.
3585 3361 3693 3411 xu,
3723 3344 3827 3416 8):

2228 3436 2282 3490 in
2314 3436 2424 3491 Deo
2453 3445 2630 3490 autem
2659 3436 2908 3491 nimirum
2934 3451 3035 3491 non
3058 3447 3182 3491 sunt
3210 3436 3323 3490 hmc
3344 3437 3449 3491 duo
3469 3477 3485 3503 ,
3516 3437 3609 3490 sed
3638 3451 3826 3489 unum.

2229 3526 2298 3581 Et
2318 3526 2371 3581 in
2401 3526 2707 3581 hominibus
2733 3527 2946 3596 quidem
2989 3527 3104 3581 hinc
3127 3528 3198 3582 ita
3223 3528 3453 3582 discerni
3482 3527 3833 3598 probabiliter

2229 3620 2439 3686 solent,
2470 3627 2528 3672 ut
2548 3618 2807 3689 sapientia
2838 3618 3103 3688 pertineat
3138 3618 3205 3673 ad
3232 3619 3560 3674 intellectum
3591 3626 3828 3674 aeterno-

2230 3724 2349 3767 rum
2366 3752 2380 3777 ,
2411 3709 2631 3765 scientia
2661 3725 2788 3764 vero
2813 3708 2879 3764 ad
2901 3724 2961 3764 ea
2984 3725 3102 3780 quae
3126 3711 3373 3765 sensibus
3398 3712 3640 3781 corporis
3666 3726 3833 3780 expe-

2231 3803 2417 3858 rimur.
2464 3801 2569 3857 Sed
2618 3802 2743 3858 licet
2784 3803 2917 3857 alius
2958 3803 3115 3857 aliam
3157 3802 3506 3858 diil‘crentiam
3555 3802 3830 3873 proferat,

2230 3896 2334 3949 nisi
2376 3903 2553 3949 tamen
2598 3894 2807 3949 diversa
2838 3903 3050 3961 essent,
3083 3910 3190 3949 non
3222 3896 3299 3950 sic
3343 3896 3409 3951 ab
3437 3896 3696 3965 Apostoio
3720 3896 3833 3951 dis-

2233 3987 2619 4056 tinguerentur.
2650 3985 2803 4053 Quod
2837 4001 2969 4041 sane
3006 3987 3051 4040 si
3096 3987 3167 4040 ita
3194 3995 3310 4053 est,
3339 3996 3396 4041 ut
3420 4003 3617 4042 nomen
3647 3988 3832 4043 scien-

2232 4080 2317 4135 tiae
2339 4080 2498 4135 rebus
2524 4094 2658 4149 quas
2680 4094 2777 4151 per
2802 4094 2992 4134 sensus
3013 4082 3255 4151 corporis
3281 4082 3587 4151 experimur
3607 4123 3621 4146 ,
3653 4082 3828 4151 depu-

2234 4180 2399 4227 tatum
2426 4172 2526 4238 sit;
2568 4172 2710 4227 nulla
2738 4180 2821 4227 est
2865 4174 3084 4227 omnino
3128 4175 3351 4227 scientia
3378 4174 3488 4227 Dei.
3532 4173 3644 4228 Non
3676 4175 3825 4229 enim

2234 4263 2374 4320 Deus
2401 4278 2496 4333 per
2523 4277 2582 4317 se
2621 4263 2796 4332 ipsum
2826 4279 2892 4318 ex
2923 4278 3149 4333 corpore
3178 4274 3232 4319 ct
3258 4265 3435 4319 anima
3460 4274 3694 4330 constat,
3720 4264 3833 4319 sic-

2233 4363 2288 4411 ut
2319 4355 2499 4411 homo.
2568 4354 2676 4411 Sed
2721 4356 2911 4410 melius
2966 4355 3159 4411 dicitur
3193 4356 3349 4411 aliam
3395 4373 3515 4413 esse
3551 4358 3832 4413 scientiam

2236 4446 2330 4503 Dei
2351 4489 2363 4512 ,
2394 4458 2449 4503 et
2478 4463 2583 4504 non
2615 4448 2853 4519 ejusdem
2873 4450 3085 4518 generis
3106 4490 3121 4515 ,
3150 4449 3301 4518 cujus
3332 4450 3431 4504 ista
3461 4460 3543 4503 est
3570 4465 3690 4519 qua:
3732 4450 3835 4503 ho-

2238 4540 2443 4594 minum
2470 4539 2666 4595 dicitur
2697 4557 2711 4593 :
2745 4541 2880 4594 sicut
2905 4541 3064 4595 etiam
3095 4539 3323 4610 idipsum
3352 4540 3493 4610 quod
3522 4541 3665 4595 Deus
3693 4540 3834 4595 dici-

2239 4640 2359 4697 tur,
2416 4631 2575 4702 longe
2609 4631 2750 4685 aliud
2778 4641 2889 4695 est,
2926 4646 3085 4701 quam
3132 4632 3582 4702 quemadmodum
3629 4632 3835 4687 dictum

2235 4732 2319 4777 est
2346 4723 2467 4793 quia
2513 4722 2645 4775 stetit
2677 4724 2730 4775 in
2777 4738 3035 4793 synagogq
3081 4722 3289 4776 deorum
3316 4722 3485 4791 (Psat.
3516 4738 3714 4788 Lxxxl,
3750 4724 3826 4793 1).

2239 4812 2438 4866 Tamen
2479 4812 2545 4866 ad
2575 4828 2681 4866 non
2710 4812 2877 4867 latere
2905 4828 3118 4881 quoquo
3143 4813 3302 4867 modo
3333 4814 3562 4881 pertinet
3586 4829 3837 4868 commu-

2239 4905 2434 4959 nicatio
2474 4905 2586 4974 ipsa
2631 4906 2897 4959 vocabuli.
2932 4906 3022 4961 Sic
3065 4907 3225 4960 etiam
3256 4906 3323 4961 de
3352 4907 3428 4960 ira
3470 4906 3703 4962 hominis
3744 4909 3839 4962 de-

2241 4996 2394 5049 traho
2423 4996 2786 5050 turbulentum
2813 5006 3015 5050 motum
3037 5038 3051 5061 ,
3097 5006 3153 5049 ut
3179 5005 3451 5051 remaneat
3482 4997 3732 5051 vindictae
3757 4999 3838 5052 vi-

2240 5101 2366 5157 gor;
2396 5094 2561 5155 atque
2586 5086 2656 5140 ita
2709 5094 2996 5155 utcumque
3037 5100 3261 5153 assurgo
3311 5088 3363 5140 in
3404 5088 3647 5141 notitiam
3692 5088 3837 5144 illius

2239 5194 2358 5248 qua:
2401 5177 2697 5247 appellatur
2723 5179 2799 5232 ira
2846 5178 2959 5233 Dei.
2993 5178 3125 5233 Item
3164 5178 3233 5234 de
3261 5179 3627 5235 misericordia
3668 5183 3714 5237 si
3744 5197 3841 5236 au-

2241 5269 2382 5325 feras
2401 5271 2828 5339 compassionem
2849 5312 2863 5335 ,
2886 5286 3007 5325 cum
3034 5285 3100 5325 eo
3134 5286 3292 5341 quem
3335 5272 3607 5328 miseraris
3624 5314 3639 5335 ,
3670 5278 3839 5344 parti-

2244 5362 2433 5431 cipataa
2456 5362 2685 5417 miseria:
2709 5364 2751 5427 ',
2769 5371 2829 5416 ut
2855 5374 3129 5417 remaneat
3150 5363 3429 5433 tranquilla
3462 5365 3673 5420 bonitas
3707 5367 3834 5421 subs

2244 5452 2491 5507 veniendi
2528 5461 2583 5507 et
2624 5467 2654 5507 a
2705 5452 2916 5507 miseria
2965 5451 3257 5520 liberandi,
3305 5452 3605 5510 insinuatur
3642 5456 3842 5511 divina:

2244 5545 2623 5600 misericordia:
2659 5546 3059 5615 qualiscumque
3098 5545 3352 5615 cognitio.
3397 5545 3580 5603 Zelum
3627 5566 3843 5620 quoque

2245 5636 2336 5691 Dei
2381 5652 2487 5691 non
2526 5636 2866 5706 repudiemus
2894 5644 2949 5691 et
2992 5651 3375 5706 aspernemur,
3420 5652 3542 5695 cum
3580 5641 3838 5712 scriptum

2307 5813 2325 5883 ξ
2349 5812 2422 5883 sic
2444 5811 2674 5883 praecipui
2694 5817 2803 5862 Itss.
2824 5818 2879 5883 at
2901 5812 3041 5875 editi,
3059 5812 3400 5883 collustrans.

2300 5876 2326 5943 ξ
2352 5880 2406 5949 ιιι,
2422 5876 2637 5949 excusis,
2661 5886 2770 5949 cum
2941 5888 3082 5949 quem
3124 5876 3416 5940 miserearis,
3448 5877 3776 5949 participans
3792 5895 3840 5937 et

2243 5934 2453 5986 miserim
2482 5943 2763 5999 :corrupte,
2787 5937 2858 5987 uti
2881 5934 3036 6000 liquet
3062 5952 3127 5988 ex
3146 5948 3251 5989 uss.
