4136 6534
316 448 412 503 HI

317 556 619 614 invenimus
649 555 667 589 ⁸
712 554 850 613 :sed
876 553 1185 611 auferamus
1225 551 1295 609 de
1322 551 1559 608 humano
1603 551 1723 608 zelo
1761 549 1917 622 palli-

315 651 442 707 dam
490 648 669 706 tabem
712 647 946 714 doloris,
1000 656 1056 702 et
1110 644 1409 701 morbidam
1459 642 1914 714 perturbationem

315 742 518 807 animi;
546 748 927 810 remaneatque
975 738 1103 792 illud
1131 736 1305 793 solum
1329 734 1620 807 judicium,
1654 748 1761 803 quo
1788 746 1914 789 cor-

316 838 496 908 ruptio
549 834 811 891 castitatis
861 831 1123 902 impunita
1171 844 1293 886 esse
1337 844 1444 884 non
1471 826 1694 891 sinitur,
1746 834 1802 881 et
1829 839 1917 879 as-

314 928 589 1002 surgimus
632 936 690 981 ut
741 923 1061 995 incipiamus
1106 922 1285 993 aliquo
1311 920 1474 977 modo
1510 933 1704 990 capere
1739 916 1915 973 zelum

318 1022 435 1078 Dei.

388 1116 444 1169 4.
484 1114 823 1184 Quapropter
849 1125 969 1165 cum
986 1098 1218 1179 legimus
1243 1106 1406 1164 etiam
1431 1105 1600 1161 Deum
1622 1103 1911 1166 dicentem,

320 1205 540 1261 Pcnitet
559 1222 638 1259 me
648 1219 669 1269 ,'
707 1198 1112 1258 consideremus
1134 1198 1277 1272 quod
1305 1212 1427 1255 esse
1454 1198 1624 1254 soleat
1650 1196 1704 1252 in
1740 1194 1917 1249 homi-

321 1299 480 1353 nibus
507 1310 640 1366 opus
664 1283 976 1365 paenitendi.
1008 1292 1201 1347 Procul
1238 1290 1404 1346 dubio
1435 1288 1700 1358 reperitur
1730 1286 1917 1339 volun-

321 1398 405 1443 tas
430 1382 703 1441 mutandi'
733 1402 748 1438 :
781 1383 874 1439 sed
906 1384 959 1438 in
978 1376 1205 1438 homine
1240 1396 1364 1437 cum
1392 1379 1581 1436 dolore
1607 1378 1769 1433 animi
1801 1386 1912 1443 est;

319 1476 665 1550 reprehendit
691 1476 837 1532 enim
863 1476 917 1530 in
941 1490 1001 1530 se
1037 1474 1179 1546 quod
1208 1482 1408 1529 temere
1434 1471 1655 1529 fecerat.
1688 1469 1914 1524 Aufera-

319 1586 441 1625 mus
467 1584 595 1640 ergo
616 1569 740 1635 ista,
759 1583 879 1638 quae
901 1565 970 1623 de
992 1565 1224 1621 humana
1250 1564 1557 1620 inﬁrmitate
1580 1572 1737 1632 atque
1766 1562 1916 1632 igno-

319 1662 492 1716 rantia
519 1661 759 1726 veniunt,
793 1667 847 1715 ct
871 1668 1147 1714 remaneat
1171 1652 1346 1713 solum
1368 1656 1505 1712 velle
1530 1664 1588 1710 ut
1611 1670 1718 1709 non
1746 1654 1818 1708 ita
1845 1653 1915 1707 sit

315 1752 541 1823 aliquid,
569 1749 1024 1822 quemadmodum
1063 1749 1180 1805 erat
1209 1748 1323 1804 :sic
1362 1757 1540 1820 potest
1581 1740 1915 1817 aliquantum

316 1845 560 1900 intimari
593 1844 761 1901 menti
796 1853 1016 1910 nostrae,
1044 1857 1147 1914 qua
1192 1842 1377 1914 regula
1412 1832 1745 1911 intelligatur
1769 1830 1914 1910 quod

314 1938 549 2009 punitet
581 1938 765 1992 Deum.
792 1934 925 1992 Cum
962 1937 1106 1992 enim
1134 1936 1397 2006 ptenitere
1424 1934 1639 2001 dicitur,
1669 1926 1781 1987 vult
1808 1947 1915 1987 non

312 2044 444 2087 esse
467 2027 688 2101 aliquid,
716 2029 852 2083 sicut
879 2026 1079 2083 fecerat
1098 2037 1156 2082 ut
1175 2035 1321 2083 esset
1347 2043 1360 2080 :
1385 2021 1480 2082 sed
1508 2034 1686 2081 tamen
1712 2032 1768 2079 et
1791 2038 1914 2079 cum

316 2118 394 2177 i’ta
417 2128 581 2187 esset,
612 2120 683 2175 ita
707 2133 829 2176 esse
857 2115 1121 2185 debebat;
1159 2126 1217 2174 et
1242 2126 1365 2173 cum
1409 2117 1483 2172 ita
1520 2129 1643 2172 esse
1666 2114 1778 2185 jam
1805 2128 1913 2169 non

317 2215 531 2278 sinitur,
560 2213 671 2283 jam
696 2226 805 2268 non
828 2210 990 2268 debet
1031 2212 1103 2265 ita
1146 2225 1285 2277 esse,
1314 2218 1575 2281 perpetuo
1601 2205 1831 2278 quodam
1859 2212 1917 2261 et

318 2304 610 2376 tranquillo
639 2303 905 2375 aequitatis
942 2302 1168 2373 judicio,
1208 2315 1316 2372 quo
1345 2300 1489 2356 Deus
1516 2306 1707 2355 cuncta
1736 2306 1914 2352 muta-

316 2392 447 2452 bilia
476 2394 899 2450 incommutabili
927 2394 1202 2450 voluntate
1229 2390 1486 2462 disponit.

394 2486 449 2542 5.
489 2484 596 2542 Sed
636 2486 887 2556 quoniam
940 2483 1330 2556 praescientiam
1370 2493 1426 2539 et
1467 2481 1745 2538 scientiam
1788 2494 1912 2535 cum

315 2577 480 2635 laude
534 2576 771 2632 solemus
836 2575 890 2631 in
951 2574 1257 2631 hominibus
1313 2572 1620 2644 appellare,
1674 2572 1916 2641 iramque

320 2670 493 2741 ipsam
522 2670 656 2725 solet
689 2669 982 2725 humanum
1012 2676 1183 2739 genus
1222 2667 1278 2722 in
1318 2665 1526 2738 magnis
1559 2662 1916 2737 potestatibus

318 2763 511 2819 timere
528 2762 549 2793 ³
579 2762 754 2833 potius
777 2776 937 2831 quam
970 2758 1387 2830 reprehendere,
1431 2762 1796 2827 congruenter
1820 2769 1917 2825 pu-

319 2863 497 2908 tamus
518 2853 637 2907 talia
662 2852 767 2908 dici
791 2852 859 2908 de
884 2852 1015 2908 Deo.
1038 2851 1141 2918 Qui
1162 2859 1343 2906 autem
1368 2850 1526 2916 zelat,
1554 2857 1609 2905 et
1629 2863 1789 2919 quem
1814 2846 1914 2902 ali-

316 2944 448 3016 quid
478 2945 715 3016 pmnitel,
757 2945 1010 3016 quoniam
1053 2945 1137 3000 vel
1173 2942 1379 3015 culpari
1428 2941 1589 3010 solet,
1618 2941 1713 2997 vel
1761 2941 1816 2996 in
1855 2954 1916 2997 se

316 3037 536 3107 Culpam
584 3036 876 3107 corrigere,
924 3044 1088 3107 atque
1143 3034 1265 3091 ideo
1312 3048 1439 3090 cum
1491 3032 1915 3105 reprehensione

317 3130 422 3183 ista
458 3128 526 3184 de
564 3128 870 3183 hominibus
896 3127 1035 3194 dici;
1063 3136 1350 3199 prepterea
1383 3137 1585 3194 movet,
1615 3140 1740 3182 cum
1780 3124 1917 3197 legi-

317 3236 445 3276 mus
464 3236 582 3276 esse
610 3221 811 3291 aliquid
838 3220 892 3275 in
922 3220 1034 3279 Deo
1062 3218 1348 3291 ejusmodi.
1376 3218 1485 3277 Sed
1517 3219 1610 3274 illa
1641 3216 1917 3289 Scriptura

315 3313 571 3368 omnibus
590 3314 896 3380 consulens,
928 3322 1211 3383 propterea
1240 3313 1409 3384 magis
1433 3320 1488 3369 et
1516 3313 1617 3369 ista
1641 3311 1815 3383 ponit,
1848 3324 1917 3365 ne

318 3397 411 3459 illa
441 3419 562 3474 qum
606 3405 817 3474 placent
859 3402 937 3459 sic
966 3405 1330 3475 intelligantur
1368 3403 1425 3460 in
1467 3405 1601 3471 Deo,
1645 3396 1917 3474 quomodo

315 3504 718 3552 consueverunt
754 3497 809 3552 in
839 3490 1144 3553 hominibus
1191 3495 1436 3568 intelligi.
1479 3496 1584 3552 Per
1625 3496 1743 3551 hmc
1772 3494 1916 3550 enim

316 3605 441 3659 qua:
464 3588 768 3658 diSplicent,
792 3604 912 3643 cum
935 3604 998 3645 ea
1026 3604 1132 3644 non
1154 3586 1414 3644 audemus
1442 3588 1521 3644 sic
1541 3586 1841 3655 intelligere
1864 3586 1917 3641 in

318 3682 456 3747 Deo,
494 3688 554 3734 ut
599 3679 949 3735 inveniuntur
987 3678 1042 3734 in
1071 3678 1313 3747 homine,
1342 3677 1598 3734 discimus
1636 3677 1796 3733 etiam
1828 3676 1918 3731 illa

318 3766 401 3826 sic
431 3785 697 3841 quzerere,
726 3786 847 3841 qua:
876 3780 998 3840 apta
1028 3784 1149 3826 esse
1183 3778 1344 3840 atque
1368 3767 1741 3824 convenientia
1769 3776 1921 3837 puta-

318 3862 533 3915 bamus.
560 3859 693 3915 Nam
720 3860 764 3914 si
789 3870 1069 3930 propterea
1095 3875 1201 3915 non
1227 3869 1310 3915 est
1338 3858 1471 3913 illud
1495 3858 1565 3914 de
1597 3858 1707 3913 Deo
1735 3856 1920 3913 dicen-

317 3950 471 4016 dum,
500 3950 625 4021 quia
658 3950 711 4005 in
749 3951 966 4006 homine
990 3950 1268 4022 displicet;
1303 3964 1409 4004 non
1443 3949 1684 4004 dicamus
1710 3949 1918 4003 incom-

319 4042 633 4099 mutabilem
660 4043 848 4109 Deum,
877 4042 1001 4114 quia
1024 4042 1093 4099 de
1133 4040 1439 4097 hominibus
1464 4056 1588 4096 cum
1622 4040 1920 4111 reprehen-

319 4136 475 4189 sione
524 4133 722 4188 dictum
785 4141 903 4199 est,
953 4130 1076 4186 Non
1122 4132 1256 4186 enim
1312 4140 1388 4186 est
1436 4132 1541 4186 illis
1596 4130 1920 4186 commutatio

321 4225 497 4297 (Psal.
538 4224 784 4296 uvﬂO).
831 4224 963 4281 item
1001 4234 1126 4280 sunt
1173 4223 1416 4294 quazdam
1443 4239 1565 4296 qum
1607 4225 1661 4279 in
1702 4223 1921 4279 homine

322 4317 611 4373 laudabilia
654 4327 801 4385 sunt,
855 4318 908 4373 in
944 4318 1056 4374 Deo
1106 4326 1285 4374 autem
1335 4331 1457 4373 esse
1502 4332 1609 4373 non
1649 4327 1870 4387 possunt
1904 4337 1918 4372 :

320 4412 463 4466 sicut
504 4410 696 4482 pudor,
743 4410 885 4481 quod
926 4418 1145 4465 aetatum
1192 4410 1507 4465 viridiorum
1544 4423 1794 4480 magnum
1839 4416 1924 4464 est

320 4512 702 4557 ornamentum
732 4519 746 4555 :
779 4503 917 4555 sicut
948 4501 1108 4556 timor
1138 4501 1254 4568 Dei,
1295 4515 1403 4556 non
1439 4500 1582 4556 enim
1627 4508 1831 4555 tantum
1868 4500 1920 4555 in

324 4594 600 4649 veteribus
634 4593 807 4649 Libris
834 4592 1095 4660 laudatur,
1124 4592 1221 4649 sed
1262 4592 1553 4664 Apostolus
1579 4592 1741 4648 etiam
1768 4592 1917 4658 dicit,

325 4682 661 4753 Perﬁcientes
694 4684 1141 4753 sanctiﬁcationem
1174 4683 1228 4737 in
1252 4684 1431 4737 timore
1458 4682 1556 4738 Dei
1581 4682 1648 4756 (ll
1674 4682 1793 4738 Cor.
1823 4698 1920 4750 vlt,

328 4777 353 4830 l
370 4784 386 4843 )
406 4792 424 4841 ;
448 4775 539 4846 qui
563 4775 744 4846 utique
775 4775 831 4829 in
862 4775 971 4829 Deo
1007 4774 1184 4829 nullus
1221 4782 1324 4830 est.
1355 4773 1505 4831 Sicut
1529 4788 1656 4844 ergo
1676 4773 1920 4844 quaedam

329 4867 621 4923 laudabilia
664 4866 941 4923 hominum
977 4881 1084 4922 non
1129 4874 1276 4921 recte
1302 4864 1550 4922 dicuntur
1584 4866 1639 4921 in
1669 4865 1815 4932 Deo;
1845 4866 1924 4921 sic

327 4960 574 5031 qumdam
616 4959 898 5029 culpabilia
940 4958 1218 5014 hominum
1262 4967 1409 5013 recte
1453 4958 1824 5029 intelliguntur
1869 4974 1923 5012 tn

329 5053 443 5108 Deo
473 5070 486 5105 :
514 5066 624 5107 non
650 5052 721 5106 ita
752 5060 812 5105 ut
838 5052 890 5106 in
918 5050 1246 5116 hominibus,
1277 5049 1375 5107 sed
1394 5050 1666 5119 vocabulis
1694 5058 1925 5105 tantum-

330 5143 495 5197 modo
519 5141 916 5207 communibus,
944 5141 1101 5212 longe
1135 5141 1238 5196 alia
1263 5141 1473 5197 ratione
1501 5150 1556 5197 et
1583 5141 1764 5196 modo.
1790 5140 1923 5195 Nam

328 5234 493 5304 paulo
524 5242 644 5304 post
663 5232 803 5287 idem
833 5232 1072 5297 Samuel,
1103 5232 1187 5287 cui
1214 5231 1424 5286 dixerat
1445 5232 1720 5297 Dominus,
1754 5230 1929 5285 Paeni-

327 5337 400 5382 tet
439 5343 521 5380 me
538 5326 674 5398 quod
701 5326 1045 5380 constituerim
1068 5341 1235 5396 regem
1275 5323 1427 5392 Sat‘tl,
1454 5324 1555 5396 ipsi
1581 5325 1727 5381 Sauli
1758 5326 1831 5380 ait
1860 5326 1928 5379 de

328 5420 467 5482 Deo,
522 5417 775 5482 Quoniam
814 5433 914 5470 non
955 5424 1029 5470 est
1072 5418 1200 5469 sicut
1229 5415 1400 5482 homo,
1450 5424 1503 5469 ut
1537 5417 1771 5485 pmniteat
1812 5432 1927 5469 eum

323 5513 370 5585 (Ι
406 5512 538 5582 Reg.
569 5526 660 5576 xv,
699 5509 797 5581 29)
834 5527 848 5563 :
883 5510 972 5565 ubi
1015 5508 1267 5565 videlicet
1305 5509 1436 5563 satis
1477 5508 1714 5564 ostendit
1766 5510 1925 5564 etiam

388 5643 608 5723 :Siclfzr.
635 5652 689 5696 et
710 5646 862 5730 nostri
879 5653 984 5695 Mss.
1011 5649 1068 5695 At
1082 5636 1553 5730 ιρι,
1777 5699 1787 5711 _
1828 5699 1840 5711 ο

442 5712 559 5730 ελ...
598 5720 609 5730 .
647 5716 787 5730 an“...
829 5718 1015 5730 ωυρμ..-
1057 5716 1105 5730 ιι.
1217 5715 1318 5730 ...Α
1351 5714 1402 5730 αι
1568 5709 1616 5730 In
1663 5701 1837 5730 Ιιηαιοιικ

390 5700 414 5723 '
442 5709 561 5757 miti
598 5720 615 5777 ε
645 5704 1015 5774 (amitteremus
1055 5702 1175 5767 quid
1202 5700 1318 5755 esse
1348 5700 1513 5771 soleat.
1562 5709 1616 5773 ιρι
1660 5700 1929 5752 hominibus

320 5770 750 5880 πωμῗωαιάι
771 5772 860 5824 est,
884 5776 993 5815 cum
1040 5762 1211 5825 procul
1248 5762 1394 5816 dubsa
1431 5768 1673 5828 repentur
1714 5762 1930 5815 toltmtas

321 5830 568 5883 immitti.

388 5893 822 5956 ιωηινοηετε.

1101 6002 1127 6010 μ

1644 434 1854 494 LIBER
1891 429 2266 490 SECUNDUS.

3518 440 3621 498 ΗΒ

2026 561 2147 603 cum
2178 547 2318 602 Deus
2344 545 2493 617 dicit,
2530 549 2741 606 Paenitet
2779 569 2892 621 me,-
2935 569 3041 611 non
3071 553 3312 614 humano
3344 572 3498 615 more
3522 574 3619 615 ac-

2018 640 2325 711 cipiendum
2363 658 2501 710 esse,
2533 644 2674 701 sicut
2709 647 2820 716 jam
2850 656 3108 718 quantum
3132 649 3400 716 valuimus
3425 650 3617 724 dispu-

2021 735 2270 791 tavimus.

2019 824 2236 895 Qussr.
2276 827 2364 883 lli.
2400 859 2474 871 —
2497 828 2714 888 Samuel
2745 848 2836 903 per
2866 834 3218 906 pgthonissam
3246 838 3443 894 evocari
3478 852 3616 909 quo-

2093 917 2242 973 modo
2278 920 2517 991 potuerit.
2554 920 2810 977 Samuelis
2846 923 2979 994 forte
3017 926 3321 996 phantasma
3344 927 3463 1000 fuit,
3506 945 3609 984 non

2088 1009 2317 1081 spiritus.
2341 1009 2610 1067 Darmoues
2629 1013 2881 1083 quomodo
2912 1016 3082 1070 norint
3111 1016 3310 1086 futura.

2089 1102 2144 1158 l.
2183 1100 2317 1157 Item
2346 1104 2543 1173 quaeris
2582 1113 2763 1161 utrum
2790 1106 3014 1178 spiritus
3038 1107 3345 1165 immundus
3378 1111 3468 1183 qui
3498 1119 3615 1166 erat

2018 1193 2434 1269 inpythonissa,
2460 1200 2695 1267 potuerit
2717 1214 2879 1271 agere
2904 1209 2962 1257 ut
2979 1201 3194 1260 Samuel
3224 1218 3256 1259 a
3280 1203 3442 1259 Same
3466 1205 3616 1259 video

2017 1294 2167 1341 retur
2201 1296 2257 1343 et
2274 1288 2583 1359 loqueretur
2597 1305 2719 1346 cum
2747 1306 2814 1348 eo
2842 1292 2886 1365 (ι
2905 1291 3035 1365 Reg.
3070 1311 3255 1363 xxvm,
3284 1295 3468 1366 7-l9).
3501 1295 3612 1352 Sed

2018 1376 2187 1432 multo
2210 1377 2432 1449 majoris
2450 1379 2698 1436 miraculi
2717 1391 2801 1438 est
2826 1382 2968 1453 quod
2991 1384 3102 1455 ipse
3117 1383 3342 1441 Satanas
3361 1386 3613 1456 princeps

2017 1468 2255 1524 omnium
2304 1470 2701 1527 immundorum
2747 1473 3032 1544 spirituum
3076 1476 3248 1545 potuit
3294 1476 3441 1547 loqui
3487 1492 3613 1532 cum

2017 1560 2150 1630 Deo,
2207 1570 2261 1618 et
2297 1571 2485 1634 petere
2538 1563 2848 1621 tentandum
2891 1566 2995 1622 Job
3027 1566 3388 1638 iustissimum
3438 1568 3616 1624 virum

2022 1651 2160 1723 (Job.
2206 1670 2244 1721 ι,
2282 1653 2412 1729 ll):
2441 1656 2533 1728 qui
2584 1657 2743 1713 etiam
2791 1659 3077 1716 tentandos
3128 1661 3418 1732 Apostolus
3465 1662 3618 1731 petiit

2018 1743 2170 1819 (Luc.
2200 1762 2331 1815 χχιι,
2359 1746 2472 1821 5t).
2503 1749 2612 1805 Aut
2638 1750 2685 1805 si
2707 1749 2814 1808 hoc
2852 1768 2963 1808 non
2994 1752 3117 1809 ideo
3151 1752 3315 1811 habet
3338 1753 3612 1811 difﬁcilem

2016 1839 2391 1909 quaestionem,
2419 1841 2542 1913 quia
2580 1858 2677 1913 per
2702 1858 2865 1916 quam
2903 1844 3134 1902 voluerit
3170 1853 3499 1914 creaturam,
3525 1848 3616 1907 cui

2016 1928 2246 1985 voluerit
2277 1940 2561 2000 creature,
2592 1933 2789 2005 ubique
2827 1950 3070 2006 przesens
3108 1936 3310 1993 veritas
3348 1937 3612 2011 loquitur,

2016 2034 2119 2077 nec
2157 2030 2442 2095 propterea
2482 2024 2663 2096 magni
2694 2026 2874 2081 meriti
2912 2035 3004 2083 est
3030 2026 3117 2083 cui
3156 2027 3397 2101 loquitur
3430 2029 3613 2085 Deus:

2017 2111 2243 2170 interest
2277 2114 2425 2171 enim
2454 2116 2582 2187 quid
2612 2117 2894 2188 loquatur;
2916 2119 3041 2191 quia
3066 2129 3118 2175 et
3150 2119 3443 2193 imperator
3475 2121 3617 2177 mul-

2017 2203 2087 2260 tis
2106 2203 2480 2262 innocentibus
2510 2222 2618 2263 non
2645 2209 2901 2280 loquitur,
2929 2210 3123 2281 quibus
3146 2211 3617 2283 providentissime

2012 2296 2250 2351 consulit
2269 2296 2337 2352 ad
2365 2297 2630 2364 salutem;
2657 2308 2714 2355 et
2740 2314 2861 2355 cum
2892 2301 3074 2357 multis
3100 2304 3420 2359 nocentibus
3442 2304 3619 2374 loqui-

2020 2395 2125 2455 tur,
2153 2401 2287 2458 quos
2310 2386 2463 2459 jubet
2488 2389 2718 2446 interfici
2748 2410 2762 2446 :
2787 2393 2834 2447 si
2859 2408 2986 2464 ergo
3009 2393 3134 2450 hinc
3162 2405 3443 2467 propterea
3469 2397 3616 2452 nulla

2018 2476 2244 2546 quaestio
2285 2486 2399 2544 est;
2436 2480 2581 2535 nulla
2628 2482 2698 2536 sit
2733 2484 2962 2554 qurestio
2999 2486 3271 2556 quomodo
3310 2488 3473 2543 etiam
3516 2488 3620 2543 im-

2018 2565 2252 2623 mundus
2279 2568 2499 2638 Spiritns
2522 2585 2646 2626 cum
2662 2572 2838 2628 anima
2860 2576 3029 2630 sancti
3054 2576 3155 2631 viri
3178 2576 3324 2647 loqui
3356 2579 3615 2648 potuerit.

2019 2658 2283 2715 Omnibus
2316 2661 2462 2718 enim
2497 2664 2696 2720 sanctis
2738 2665 2883 2722 Deus
2923 2677 3137 2723 creator
3179 2678 3233 2725 et
3259 2670 3622 2727 sanctiﬁcator

2020 2749 2177 2822 longe
2200 2751 2384 2823 utique
2427 2752 2599 2824 major
2626 2763 2727 2810 est.
2759 2755 2914 2825 Quod
2943 2758 2988 2813 si
3016 2759 3118 2815 hoc
3156 2768 3356 2828 movet,
3383 2762 3526 2832 quod
3550 2763 3618 2817 li-

2019 2841 2193 2898 cuerit
2220 2842 2456 2915 maligno
2477 2844 2688 2915 spiritui
2714 2848 2949 2903 excitare
2974 2850 3210 2905 animam
3231 2849 3382 2920 justi,
3414 2861 3468 2907 et
3497 2860 3619 2908 tan-

2018 2948 2178 3005 quam
2209 2933 2277 2990 de
2314 2934 2509 2993 abditis
2544 2946 2879 2994 mortuorum
2924 2941 3277 3010 receptaculis
3298 2946 3619 3011 ‘evocare';

2020 3037 2199 3081 nonne
2226 3025 2397 3098 magis
2439 3027 2742 3084 mirandum
2776 3041 2859 3086 est
2888 3031 3030 3101 quod
3048 3028 3274 3089 Satanas
3300 3033 3478 3106 ipsum
3509 3035 3619 3091 Do-

2020 3116 2223 3172 minum
2266 3120 2554 3189 assumpsit
2582 3129 2637 3176 et
2678 3123 2955 3178 constituit
2996 3138 3161 3195 super
3186 3126 3404 3196 pinnam
3432 3128 3620 3197 templi

2024 3199 2237 3281 (Bauli.
2282 3226 2367 3278 tv,
2415 3212 2513 3284 5)?
2554 3213 2803 3282 Quolibet
2839 3215 2983 3273 enim
3041 3216 3204 3274 modo
3253 3218 3479 3286 fecerit,
3526 3219 3621 3276 ille

2020 3300 2182 3356 etiam
2219 3296 2411 3357 modus
2437 3318 2545 3373 quo
2574 3304 2811 3361 Samueli
2856 3307 3053 3364 factum
3078 3317 3163 3366 est
3190 3320 3248 3365 ut
3272 3312 3621 3375 excitaretur.

2021 3386 2269 3451 similiter
2294 3395 2445 3452 latet.
2475 3396 2589 3452 Nisi
2626 3398 2763 3455 forte
2801 3400 2920 3470 quis
2954 3401 3152 3457 dixerit
3180 3401 3473 3459 faciliorem
3507 3403 3626 3459 dia-

2027 3484 2150 3542 bolo
2179 3484 2349 3545 fuisse
2377 3487 2647 3545 licentiam
2673 3490 2741 3546 ad
2764 3492 3047 3548 Dominum
3074 3495 3253 3551 vivum
3283 3495 3427 3552 unde
3456 3496 3625 3551 voluit

2021 3580 2424 3648 assumendum,
2463 3591 2519 3638 et
2556 3582 2647 3638 ubi
2682 3583 2852 3639 voluit
2877 3586 3337 3653 constituendum,
3369 3603 3527 3659 quam
3552 3588 3623 3643 ad

2020 3667 2285 3727 Samuelis
2333 3671 2568 3729 defuncti
2604 3675 2852 3745 spiritum
2892 3691 2923 3730 a
2973 3677 3084 3732 suis
3125 3678 3343 3734 sedibus
3387 3680 3626 3736 excitan-

2022 3760 2172 3817 dum.
2213 3761 2367 3830 Quod
2407 3762 2453 3818 si
2482 3763 2611 3821 illud
2653 3764 2708 3820 in
2737 3766 3032 3837 Evangelio
3076 3782 3175 3824 nos
3203 3769 3324 3824 ideo
3363 3785 3469 3826 non
3498 3786 3626 3841 per-

2024 3851 2221 3919 turbat,
2250 3853 2373 3923 quia
2399 3854 2656 3911 Dominus
2691 3857 2857 3912 voluit
2886 3866 3047 3928 atque
3086 3859 3327 3928 permisit
3366 3860 3507 3915 nulla
3535 3862 3619 3916 di-

2024 3943 2321 4000 minutione
2346 3959 2457 4000 suaa
2483 3946 2764 4016 potestatis
2806 3956 2861 4003 et
2900 3947 3192 4003 divinitatis
3221 3949 3273 4004 id
3302 3949 3451 4017 ﬁeri;
3484 3952 3626 4007 sicut

2025 4035 2093 4091 ab
2119 4035 2247 4107 ipsis
2275 4035 2497 4103 Iudaeis,
2514 4051 2817 4109 quanquam
2846 4038 3118 4110 perversis
3147 4048 3306 4112 atque
3334 4041 3625 4097 immundis

2025 4142 2080 4189 et
2101 4130 2237 4188 facta
2269 4131 2464 4187 diaboli
2492 4131 2831 4200 facientibus,
2854 4142 2909 4189 et
2941 4133 3111 4190 teneri
3140 4149 3219 4201 se,
3251 4145 3307 4191 et
3330 4135 3540 4203 vinciri,
3568 4150 3626 4192 et

2025 4221 2196 4291 illudi,
2228 4230 2283 4277 et
2309 4221 2547 4294 cruciﬁgi
2581 4232 2742 4294 atque
2781 4224 3009 4281 interﬁci
3040 4240 3231 4297 passus
3254 4235 3337 4283 est
3364 4242 3381 4282 :
3406 4244 3515 4283 non
3540 4238 3625 4283 est

2025 4312 2316 4369 absurdum
2333 4313 2555 4370 credere
2579 4330 2646 4371 ex
2674 4314 2853 4387 aliqua
2877 4315 3283 4387 dispensatione
3312 4317 3505 4374 divina:
3531 4334 3625 4374 vo-

2027 4407 2244 4463 luntatis
2274 4408 2594 4478 permissum
2634 4406 2823 4477 fuisse,
2855 4418 2916 4466 ut
2944 4426 3052 4465 non
3092 4410 3292 4468 invitus
3316 4428 3418 4468 nec
3447 4412 3626 4468 domi-

2026 4507 2189 4555 nante
2223 4508 2385 4571 atque
2426 4500 2745 4572 subjugante
2784 4502 2988 4573 magica
3016 4503 3276 4574 potentia,
3308 4502 3405 4560 sed
3437 4505 3625 4560 volens

2025 4600 2189 4662 atque
2213 4590 2589 4661 obtemperans
2617 4592 2842 4649 occulta:
2865 4593 3254 4664 dispensationi
3276 4596 3394 4661 Dei,
3422 4612 3542 4668 qua:
3570 4607 3627 4653 et

2027 4679 2395 4751 pythonissam
2426 4680 2571 4737 illam
2596 4692 2650 4739 et
2675 4682 2892 4741 Saulem
2913 4684 3134 4751 latebat,
3162 4687 3493 4743 consentiret
3516 4688 3629 4757 spi-

2026 4771 2163 4827 ritus
2187 4770 2468 4842 Propheta:
2491 4774 2664 4829 sancti
2695 4789 2754 4830 se
2778 4774 2991 4831 ostendi
3018 4777 3323 4849 aspectibus
3347 4778 3508 4849 regis,
3537 4778 3627 4833 di-

2026 4860 2151 4916 vina
2195 4877 2320 4918 eum
2356 4864 2619 4919 sententia
2672 4878 3046 4935 percussurus.
3100 4867 3209 4924 Cur
3257 4869 3403 4923 enim
3446 4867 3626 4924 anima

2028 4951 2155 5008 boni
2182 4952 2435 5022 hominis,
2465 4971 2495 5010 a
2525 4956 2679 5010 malis
2707 4955 2844 5012 vivis
2876 4969 3098 5015 evocata
3127 4958 3174 5015 si
3204 4960 3430 5027 venerit,
3458 4962 3626 5015 amit-

2029 5052 2146 5100 tere
2173 5044 2414 5101 videatur
2442 5044 2755 5118 dignitatem
2784 5064 2970 5114 suam;
3016 5065 3137 5105 cum
3164 5060 3219 5107 et
3245 5051 3349 5106 vivi
3389 5052 3627 5123 plerum-

2030 5152 2136 5208 que
2160 5137 2287 5192 boni
2322 5140 2495 5193 vocati
2523 5139 2588 5193 ad
2621 5140 2791 5195 malos
2814 5140 3052 5209 veniant,
3099 5150 3153 5197 ct
3186 5152 3346 5213 agant
3383 5159 3504 5200 cum
3544 5149 3626 5202 eis

2031 5228 2173 5299 quod
2203 5227 2436 5284 ofﬁcium
2468 5230 2702 5299 postulat
2740 5231 3028 5302 aequitatis,
3072 5243 3288 5290 servato
3328 5245 3492 5307 atque
3538 5240 3626 5294 in-

2032 5334 2293 5374 concusso
2330 5318 2526 5375 decore
2562 5321 2770 5376 virtutis
2812 5335 2946 5390 suae,
2991 5332 3046 5379 et
3087 5325 3298 5382 illorutn
3346 5330 3489 5385 vitiis
3530 5348 3628 5400 pro

2034 5424 2213 5465 rerum
2240 5410 2578 5479 praesentium
2596 5411 2680 5467 vel
2709 5428 2807 5468 usu
2828 5416 2910 5470 vel
2933 5418 3253 5476 necessitate
3281 5424 3555 5477 tractatis?

2104 5500 2161 5557 2.
2199 5500 2509 5573 Quanquam
2539 5500 2590 5557 in
2619 5504 2720 5560 hoc
2742 5506 2879 5561 facto
2910 5516 3086 5579 potest
3112 5524 3235 5567 esse
3259 5513 3397 5569 alius
3416 5513 3627 5569 facilior

2034 5593 2207 5649 exitus
2230 5602 2283 5648 et
2309 5592 2611 5663 expeditior
2645 5595 2968 5668 intellectus,
3008 5610 3199 5658 utnon
3221 5620 3347 5661 vere
3375 5606 3621 5676 spiritum

2034 5685 2297 5743 Samuelis
2320 5686 2609 5745 excitatum
2647 5705 2679 5746 a
2721 5694 2904 5766 requie
2946 5710 3041 5751 sua
3065 5696 3370 5766 credamus,
3399 5700 3493 5755 sed
3522 5701 3626 5756 ali.

2037 5830 2552 5945 ωὶξιῖῗίιξιξίῦοτιυωωο.
2589 5842 2644 5893 At
2680 5846 2810 5904 ωδ,
2833 5852 3032 5893 (mare
3067 5852 3088 5895 :
3125 5849 3178 5894 et
3208 5844 3281 5895 sic
3318 5846 3367 5894 tn
3407 5842 3529 5897 libro
3564 5846 3625 5899 ad
