4136 6556
496 476 597 534 HS

492 590 632 661 quod
667 588 999 660 phantasma,
1048 594 1104 641 et
1142 583 1510 655 imaginariam
1556 578 1858 635 illusionem
1885 570 2081 627 diaboli

491 678 971 736 machinationibus
1014 676 1228 743 factam,
1284 688 1442 745 quam
1486 678 1770 743 propterea
1812 664 2083 734 Scriptura

492 772 705 825 nomine
745 768 1007 824 Samuelis
1046 767 1301 838 appellat,
1338 765 1462 835 quia
1503 763 1679 818 solent
1716 759 1975 829 imagines
1998 768 2085 810 re-

489 879 605 917 rum
653 877 836 917 earum
882 861 1189 916 nominibus
1230 857 1509 930 appellari,
1555 869 1779 926 quarum
1826 849 2083 920 imagines

488 966 633 1011 sunt.
662 956 811 1012 Sicut
844 955 1025 1010 omnia
1052 969 1171 1025 qua:
1199 953 1489 1023 pinguntur
1529 957 1689 1019 atque
1717 946 1988 1017 ﬁnguntur
2016 956 2081 995 ex

486 1049 664 1119 aliqua
708 1046 935 1103 materie
979 1045 1179 1101 metalli
1220 1052 1313 1099 aut
1350 1041 1498 1115 ligni,
1540 1040 1623 1095 vel
1663 1037 1921 1108 cujusque
1964 1032 2082 1087 ‘rei

486 1148 626 1209 aptae
654 1140 721 1195 ad
752 1153 917 1209 opera
947 1136 1271 1207 hujusmodi,
1301 1147 1525 1206 qumque
1562 1131 1724 1187 etiam
1758 1127 2005 1183 videntur
2028 1124 2082 1178 in

486 1232 714 1297 somnis,
747 1238 804 1286 et
840 1245 1030 1285 omnes
1061 1231 1170 1285 fere
1203 1227 1479 1298 imagines,
1513 1238 1697 1279 earum
1736 1234 1919 1276 rerum
1947 1232 2081 1289 qua-

489 1338 606 1376 rum
638 1323 894 1393 imagines
924 1331 1067 1387 sunt,
1096 1319 1351 1390 appellari
1384 1315 1689 1373 nominibus
1716 1314 1913 1369 solent.
1951 1310 2083 1379 Quis

486 1423 570 1469 cst
599 1415 741 1469 enim
768 1414 857 1484 qui
897 1412 1169 1468 hominem
1218 1412 1418 1482 pictum
1446 1408 1652 1463 dubitet
1688 1418 1880 1460 vocare
1912 1400 2082 1456 homi-

490 1506 654 1561 nem?
693 1504 1134 1575 Quandoquidem
1180 1513 1235 1559 et
1275 1500 1608 1572 singulorum
1650 1508 1979 1568 quorumque
2004 1492 2083 1563 pi-

486 1609 696 1653 cturam
730 1613 852 1654 cum
901 1597 1208 1667 aSpicimus,
1247 1594 1464 1665 propria
1508 1603 1721 1662 quoque
1758 1586 1974 1643 nomina
2004 1584 2083 1639 in-

493 1700 809 1746 cunctanter
826 1690 1182 1743 adhibemus:
1215 1686 1362 1742 velut
1396 1699 1517 1740 cum
1557 1683 1824 1737 intuentes
1850 1676 2082 1733 tabulam

486 1792 579 1838 aut
600 1782 875 1853 parietem,
908 1780 1159 1847 dicimus,
1190 1778 1286 1833 llle
1311 1776 1501 1832 Cicero
1527 1781 1629 1840 est,
1662 1773 1752 1828 ille
1779 1767 2081 1834 Sallustius,

488 1874 577 1929 ille
621 1873 881 1938 Achilles,
940 1870 1031 1925 ille
1076 1870 1295 1935 Hector,
1344 1867 1448 1923 hoc
1491 1864 1691 1919 ﬁumen
1734 1860 1952 1925 Simois,
1997 1857 2085 1911 illa

490 1966 686 2031 ltoma;
737 1980 860 2020 cum
898 1964 1041 2019 aliud
1076 1963 1208 2018 nihil
1249 1960 1358 2017 sint
1393 1974 1551 2031 quam
1597 1957 1755 2028 pictae
1802 1953 2082 2024 imagines.

488 2060 643 2115 Unde
684 2058 975 2115 Cherubim
1016 2073 1137 2113 cum
1180 2056 1289 2112 sint
1321 2055 1572 2109 caelestes
1611 2057 1919 2121 potestates,
1964 2048 2085 2101 ﬁcta

490 2162 667 2207 tamen
696 2154 716 2183 '
754 2166 817 2206 ex
850 2150 1088 2215 metallo,
1121 2148 1265 2219 quod
1294 2145 1577 2217 imperavit
1606 2144 1769 2211 Deus,
1810 2155 1971 2211 super
1996 2155 2083 2193 ar-

486 2260 610 2298 cam
640 2243 988 2308 Testamenti,
1018 2256 1224 2312 magna:
1260 2240 1339 2295 rei
1372 2235 1735 2309 signiﬁcanda:
1761 2234 1949 2306 gratia,
1978 2245 2083 2285 non

490 2335 638 2390 aliud
669 2350 827 2406 quam
863 2333 1157 2388 Cherubim
1192 2332 1281 2386 illa
1320 2345 1534 2402 quoque
1568 2327 1819 2399 ﬁgmenta
1843 2323 2083 2381 vocitan-

486 2437 579 2482 tur
616 2426 812 2501 (Exod.
840 2441 975 2495 xxv,
1010 2425 1125 2496 18).
1167 2424 1299 2480 Item
1340 2421 1581 2493 quisquis
1622 2418 1769 2474 videt
1795 2415 2083 2479 somnium,

481 2536 599 2574 non
630 2520 779 2583 dicit,
814 2518 930 2573 Vidi
963 2518 1244 2588 imaginem
1288 2513 1568 2585 Augustini
1605 2519 1696 2566 aut
1721 2506 2082 2580 Simpliciani;

491 2612 606 2678 sed,
660 2611 778 2666 Vidi
824 2612 1179 2682 Augustinum
1229 2616 1325 2663 aut
1368 2605 1774 2678 Simplicianum
1803 2620 1815 2656 :
1846 2617 1969 2658 cum
2020 2614 2085 2656 eo

492 2716 735 2774 tempore
776 2703 918 2774 quod
966 2703 1071 2758 tale
1108 2700 1309 2773 aliquid
1337 2700 1489 2767 vidit,
1533 2712 1634 2754 nos
1678 2698 2085 2768 ignoraremus;

488 2810 659 2865 usque
684 2796 819 2850 adeo
861 2793 1206 2850 manifestum
1234 2800 1341 2861 est,
1383 2807 1491 2847 non
1518 2792 1665 2861 ipsos
1688 2788 1958 2853 homines,
1992 2786 2087 2842 sed

491 2886 754 2957 imagines
775 2900 963 2941 eorum
992 2884 1183 2939 videri.
1217 2884 1284 2938 Et
1320 2882 1530 2937 Pharao
1558 2881 1733 2951 Spicas
1762 2893 1820 2934 se
1849 2878 1982 2934 dixit
2009 2878 2089 2932 vi-

486 2979 635 3034 disse
663 2979 713 3032 in
746 2978 949 3032 somnis
976 2984 1031 3032 et
1049 2977 1215 3033 boves
1236 2974 1387 3049 (Gen.
1412 2989 1522 3038 xu,
1546 2972 1758 3044 17-28),
1782 2986 1891 3027 non
1911 2970 2088 3042 spica-

493 3085 613 3123 rum
660 3077 753 3123 aut
792 3069 952 3124 boum
1001 3068 1282 3139 imagines.
1332 3066 1389 3122 Si
1436 3066 1595 3138 igitur
1636 3063 1840 3135 liquido
1881 3068 2093 3118 constat

494 3160 803 3216 nominibus
832 3175 1016 3216 earum
1047 3175 1226 3215 rerum
1256 3174 1479 3230 quarum
1508 3156 1766 3228 imagines
1798 3162 1939 3220 sunt,
1969 3168 2089 3210 eas-

492 3251 619 3308 dem
662 3251 919 3323 imagines
947 3250 1242 3322 appellari;
1286 3264 1395 3304 non
1435 3246 1628 3303 mirum
1658 3245 1911 3317 estquod
1946 3244 2092 3301 Scri-

495 3352 653 3415 ptura
673 3343 804 3400 dicit
832 3342 1137 3399 Samuelem
1168 3343 1360 3408 visum,
1390 3340 1597 3397 etiamsi
1622 3337 1761 3393 forte
1788 3337 1963 3408 imago
1990 3333 2091 3392 Sa-

492 3440 690 3495 muelis
724 3439 988 3509 apparuit,
1018 3436 1448 3492 machinamento
1482 3434 1599 3504 ejus
1627 3432 1715 3503 qui
1756 3430 2095 3500 transﬁgurat

496 3546 556 3586 se
578 3532 720 3585 velut
748 3532 996 3601 angelum
1024 3529 1178 3594 lucis,
1218 3537 1275 3584 et
1316 3526 1590 3581 ministros
1620 3538 1746 3580 suos
1766 3523 1913 3579 velut
1940 3523 2095 3577 mini-

499 3625 880 3694 strosjustitise
908 3622 976 3692 (ll
998 3621 1116 3678 Cor.
1146 3637 1222 3688 ιι,
1248 3621 1336 3687 14,
1371 3619 1481 3689 15).

568 3718 623 3770 5.
666 3716 916 3772 Jamvero
950 3714 993 3769 si
1022 3713 1154 3769 illud
1194 3719 1399 3775 movet,
1427 3708 1695 3781 quomodo
1726 3716 1780 3763 et
1807 3722 1834 3760 a
1866 3706 2098 3777 maligno

498 3812 689 3880 spiritu
718 3807 864 3865 Sauli
896 3822 1023 3863 vera
1052 3805 1307 3878 prmdicta
1337 3810 1489 3869 sunt;
1533 3808 1713 3873 potest
1738 3809 1793 3855 et
1830 3798 1955 3853 illud
1994 3798 2097 3852 mi-

497 3921 618 3961 rum
642 3903 831 3969 videri,
861 3901 1131 3973 quomodo
1158 3899 1433 3955 dazmones
1475 3896 1791 3968 agnoverint
1827 3892 2098 3947 Christum

501 3998 714 4069 (Matth.
740 4012 834 4052 vut
855 4038 871 4063 ,
900 3995 1019 4065 29),
1050 4010 1211 4065 quem
1232 3990 1402 4048 Judzei
1425 4006 1528 4046 non
1556 3988 1933 4060 agnoscebant.
1965 3984 2100 4041 Cum

501 4089 647 4144 enim
676 4089 792 4142 vult
828 4087 968 4141 Deus
995 4086 1157 4141 etiam
1185 4099 1282 4155 per
1323 4082 1535 4137 intimos
1574 4079 1919 4149 infernosque
1947 4076 2104 4148 spiri-

507 4194 591 4235 tus
633 4179 865 4248 aliquem
909 4192 1034 4231 vera
1084 4188 1433 4245 cognoscere,
1479 4172 1791 4242 temporalia
1846 4170 2105 4224 duntaxat

506 4280 668 4342 atque
694 4270 762 4324 ad
791 4270 948 4323 istam
974 4267 1349 4322 mortalitatem
1381 4264 1719 4335 pertinentia,
1745 4262 1895 4315 facile
1920 4269 2022 4324 est,
2052 4269 2107 4314 et

509 4379 615 4419 non
656 4362 1029 4431 incongruum,
1064 4368 1122 4413 ut
1149 4357 1571 4426 omnipotenset
1603 4354 1780 4424 justus
1816 4350 1882 4405 ad
1915 4365 2103 4406 eorum

511 4468 747 4523 poenam,
779 4452 971 4521 quibus
998 4450 1099 4504 ista
1125 4447 1517 4518 praedicuntur,
1551 4453 1609 4499 ut
1638 4442 1835 4498 malum
1861 4440 2001 4511 quod
2029 4441 2107 4495 eis

510 4545 808 4619 impendet,
849 4552 1137 4613 antequam
1166 4539 1346 4595 veniat
1390 4534 1775 4609 prarnoscendo
1818 4534 2105 4605 patiantur,

510 4639 726 4697 occulto
756 4644 1014 4707 apparatu
1044 4633 1462 4690 ministeriorum
1485 4630 1505 4661 ³
1532 4644 1749 4685 suorum
1792 4630 1951 4683 etiam
1996 4627 2107 4696 spi-

510 4734 704 4790 ritibus
727 4731 923 4786 talibus
951 4726 1155 4799 aliquid
1184 4724 1527 4782 divinationis
1553 4721 1843 4792 impertiat,
1875 4729 1936 4775 ut
1967 4718 2111 4790 quod

511 4826 739 4882 audiunt
761 4823 829 4878 ab
855 4821 1091 4892 Angelis,
1125 4816 1485 4890 praenuntient
1519 4812 1847 4869 hominibus.
1880 4812 2110 4867 Tantum

511 4931 688 4973 autem
719 4914 965 4981 audiunt,
989 4919 1245 4984 quantum
1271 4907 1511 4963 omnium
1542 4905 1797 4961 Dominus
1818 4910 1977 4973 atque
1998 4917 2113 4957 mo-

513 5011 730 5064 derator
758 5006 843 5062 vel
868 5004 1024 5077 jubet
1060 5002 1148 5059 vel
1193 5000 1339 5057 sinit.
1386 4998 1542 5054 Unde
1582 4997 1742 5053 etiam
1773 4994 1991 5066 spiritus
2016 5010 2114 5065 py-

514 5103 730 5155 tlmnius
768 5100 791 5132 δ
820 5100 874 5154 in
923 5097 1145 5153 Actibus
1188 5093 1568 5166 Apostolorum
1616 5098 1896 5144 attestatur
1946 5088 2113 5144 Paulo

509 5193 779 5261 apostolo,
821 5199 875 5245 et
912 5190 1230 5261 evangelista
1260 5201 1383 5243 esse
1424 5192 1649 5239 conatur
1679 5181 1818 5251 (Act.
1854 5195 1962 5245 xvt,
1996 5178 2112 5251 17).

518 5287 746 5341 Miscent
773 5292 952 5338 tamen
980 5285 1066 5338 isti
1094 5282 1350 5347 fallacias,
1376 5287 1430 5335 et
1454 5291 1642 5334 verum
1666 5272 1807 5346 quod
1835 5287 1994 5328 nosse
2015 5287 2115 5343 po-

584 5459 601 5490 ¹
626 5455 748 5529 eam
830 5453 1169 5529 “iw
1185 5466 1329 5529 ante
1354 5450 1823 5529 quassatae???)
1861 5448 2111 5513 ευίιιδίιυει

521 5521 649 5583 quod
681 5512 1193 5584 bic'atsséconstantetf
1211 5512 1416 5584 habent,
1434 5512 1562 5584 solet
1574 5512 1833 5584 usurpare.

586 5585 605 5613 ι
628 5578 935 5629 mrheiensls
954 5584 1057 5624 Ms:
1089 5575 1222 5626 unde
1245 5572 1516 5633 cherubim,
1549 5588 1661 5624 cum
1688 5572 1782 5625 sint
1814 5572 1995 5625 caelites
2030 5588 2116 5635 po-

521 5648 750 5701 testates,
796 5638 912 5711 ﬁcta
950 5642 1126 5692 tamen,
1168 5644 1264 5686 etc.
1320 5643 1370 5685 tn
1414 5637 1557 5707 editis
1606 5636 1894 5707 legebatur,
1937 5636 2068 5709 βείω
2097 5650 2115 5687 :

525 5708 572 5747 in
590 5705 769 5747 auibus
786 5708 933 5747 etiam
945 5699 1086 5747 paulo
1104 5706 1227 5747 post.
1247 5697 1500 5747 Cherubtm
1515 5698 1615 5747 ιιιω
1624 5710 1807 5747 auoaue
1817 5698 2019 5747 amares:
2034 5700 2115 5747 ubi

525 5708 573 5754 in
590 5698 769 5767 quibus
786 5698 933 5751 etiam
945 5699 1086 5761 paulo
1104 5706 1227 5761 post,
1247 5698 1500 5747 cherubim
1515 5698 1615 5747 illa:
1624 5710 1807 5761 quoque
1817 5698 2019 5763 efﬁgies;
2034 5700 2117 5748 ubi

528 5774 712 5834 atssaet
735 5764 861 5834 liber
882 5762 940 5834 ad
965 5760 1215 5834 Dulcitium
1230 5761 1439 5834 habent,
1462 5758 2016 5834 illa-quoqueﬁgrnenta.

592 5830 611 5859 ³
636 5828 773 5886 Editi,
797 5824 1153 5889 mysteriorum.
1193 5830 1248 5871 At
1284 5824 1499 5883 potiores
1534 5824 2078 5879 ttss.,'ministeriorum
2096 5838 2114 5886 ;

564 5904 625 5937 uo
648 5891 840 5937 nomine
864 5886 981 5935 alias
1004 5897 1344 5946 nonnunquam
1369 5882 1575 5946 Angelos
1589 5892 1735 5946 vocat
1752 5890 2059 5946 Augustinus.

527 5904 625 5951 quo
648 5904 840 5937 nomine
864 5904 981 5935 atlas
1004 5904 1344 5946 ttututuuquam
1369 5904 1575 5945 angulus
1600 5904 1735 5932 vucut
1752 5904 2059 5943 Augustinus.

591 5953 611 5981 ⁸
628 5952 762 6013 Editi,
787 5947 1082 6017 pythonicus.
1110 5954 1216 5996 Mss.
1243 5959 1377 6007 vero,
1401 5944 1687 6009 pythonius;
1715 5944 1814 6003 vel,
1848 5947 2080 6008 pythonis.

1057 470 1144 526 DE
1183 466 1497 525 DIVERSIS
1532 454 2052 535 QUIESTIONIBUS
2088 451 2179 508 AD
2218 454 2725 530 SIMPLICIANUM,
2768 462 2826 519 S.
2858 462 3228 520 AUGUSTINI

3687 460 3794 518 ιιι

2194 570 2411 641 tuerint,
2440 588 2547 629 non
2561 575 2789 633 docendi
2813 578 2981 650 magis
3002 594 3161 650 quam
3182 574 3481 649 decipiendi
3511 577 3614 632 ﬁne
3647 589 3791 647 pne-

2193 664 2458 721 nuntiant.
2504 667 2573 722 Et
2601 668 2740 725 forte
2775 670 2877 727 hoc
2908 680 2991 727 est
3033 672 3176 743 quod
3205 687 3323 727 cum
3353 672 3442 726 illa
3479 670 3655 742 imago
3685 673 3792 726 Sa~

2192 757 2381 812 muelis
2406 756 2621 816 Saﬁlem
2648 763 2965 832 prmdieeret
2992 764 3333 831 moriturum,
3363 763 3498 820 dixit
3516 764 3678 820 etiam
3702 777 3792 821 se-

2188 860 2311 903 cum
2334 848 2572 907 futurum
2604 855 2785 925 :quod
2811 856 2996 927 utique
3022 857 3211 912 falsum
3242 866 3343 913 est.
3376 856 3569 929 Magno
3589 855 3792 928 quippe

2188 938 2471 997 intervallo
2514 952 2636 1013 post
2676 955 2904 1001 mortem
2958 948 3196 1018 separari
3235 946 3405 1002 bonos
3447 961 3479 1001 a
3532 948 3689 1002 malis
3733 947 3789 1002 in

2189 1032 2485 1106 Evangelia
2501 1037 2750 1108 legimus,
2765 1054 2884 1094 cum
2901 1039 3158 1095 Dominus
3176 1039 3318 1095 inter
3330 1039 3619 1110 superbum
3635 1039 3789 1095 illum

2187 1124 2426 1196 divitem,
2450 1143 2571 1184 cum
2588 1130 2699 1201 jam
2726 1131 2865 1201 apud
2892 1132 3093 1189 inferos
3121 1141 3385 1188 tormenta
3409 1140 3705 1204 pateretur,
3733 1141 3791 1189 et

2187 1218 2335 1274 illum
2377 1222 2468 1293 qui
2506 1223 2574 1278 ad
2605 1225 2723 1295 ejus
2747 1224 2967 1296 januam
3004 1226 3279 1282 ulcerosus
3320 1227 3547 1297 jacebat,
3576 1226 3688 1297 jam
3732 1227 3789 1282 in

2186 1313 2370 1382 requie
2396 1316 2764 1381 constitutum,
2808 1332 3059 1389 magnum
3099 1318 3265 1373 chaos
3296 1317 3633 1387 interjectum
3662 1333 3791 1374 esse

2189 1410 2410 1458 testatur
2435 1402 2582 1477 (Luc.
2608 1421 2719 1473 xvr,
2746 1405 2864 1478 26).
2884 1410 2988 1463 Aut
3008 1408 3054 1463 si
3083 1418 3364 1479 propterea
3389 1409 3602 1464 Samuel
3636 1408 3789 1466 Sauli

2188 1494 2335 1563 dixit,
2359 1496 2558 1553 Mecum
2571 1499 2688 1567 eris,
2705 1508 2765 1555 ut
2779 1516 2886 1556 non
2901 1501 2968 1557 ad
2989 1502 3346 1573 aequalitatem
3366 1502 3655 1569 felicitatis,
3688 1502 3789 1561 sed

2187 1588 2252 1645 ad
2278 1605 2459 1661 parem
2480 1592 2845 1650 conditionem
2866 1596 3055 1652 mortis
3076 1596 3359 1665 referatur,
3399 1595 3541 1669 quod
3561 1606 3791 1668 uterque

2189 1684 2351 1741 homo
2384 1686 2563 1755 fuerit,
2595 1695 2651 1743 et
2679 1695 2907 1760 uterque
2940 1690 3079 1746 mori
3106 1691 3356 1761 potuerit,
3383 1690 3601 1762 jamque
3634 1705 3791 1746 mor-

2190 1787 2314 1835 tuus
2343 1788 2570 1835 mortem
2611 1783 2734 1838 vivo
2763 1782 3186 1854 praenuntiabat;
3217 1785 3489 1855 perspicit,
3525 1793 3790 1855 quantum

2188 1870 2399 1940 opinor,
2442 1872 2722 1942 prudentia
2766 1883 2875 1940 tua,
2913 1875 3205 1931 secundum
3253 1887 3537 1948 utrumque
3576 1876 3792 1933 intelle-

2189 1972 2331 2017 ctum
2362 1964 2561 2022 habere
2588 1967 2788 2021 exitum
2827 1967 2972 2023 illam
3002 1969 3285 2025 lectionem
3308 1970 3398 2040 qui
3427 1985 3535 2025 non
3562 1971 3633 2027 sit
3658 1986 3790 2027 con-

2193 2066 2270 2111 tra
2313 2056 2470 2113 ﬁdem
2501 2078 2512 2113 :
2545 2060 2645 2115 nisi
2677 2058 2813 2117 forte
2833 2060 3177 2132 profundiore
3206 2070 3261 2119 et
3289 2064 3627 2134 perplexiore
3647 2065 3664 2097 ί
3698 2065 3785 2120 ine

2190 2150 2475 2219 quisitionc
2499 2193 2513 2218 ,
2544 2168 2661 2222 qua:
2683 2153 2770 2208 vel
2787 2154 2999 2218 ,virium
3032 2170 3274 2209 mearum
3298 2155 3384 2211 vel
3408 2154 3664 2225 temporis
3688 2172 3790 2211 ex-

2190 2242 2333 2297 cedit
2361 2244 2652 2315 angustias,
2678 2244 2977 2301 inveniatur
3000 2245 3068 2301 ad
3095 2246 3377 2318 liquidum,
3406 2246 3490 2302 vel
3514 2262 3673 2317 posse
3699 2247 3789 2302 vel

2191 2346 2296 2387 non
2324 2348 2483 2404 posse
2512 2335 2744 2390 animam
2789 2336 3095 2404 humanam,
3138 2353 3259 2392 cum
3300 2353 3367 2394 ex
3404 2337 3502 2393 hac
3545 2338 3651 2393 vita
3684 2339 3785 2393 mi-

2190 2428 2441 2495 graverit,
2482 2428 2701 2500 magicis
2737 2430 3063 2485 carminibus
3108 2440 3382 2485 evocatam
3414 2430 3656 2485 vivorum
3684 2445 3785 2500 ap-

2190 2532 2382 2588 parere
2424 2520 2820 2591 conspectibus,
2862 2521 3020 2576 etiam
3063 2520 3304 2593 corporis
3334 2521 3658 2576 lineamenta
3697 2536 3792 2591 ge-

2191 2616 2443 2676 stantem,
2469 2612 2527 2665 ut
2555 2625 2663 2666 non
2692 2611 2866 2667 solum
2892 2610 3062 2667 videri
3087 2610 3279 2677 valeat,
3330 2610 3423 2667 sed
3454 2620 3508 2666 et
3546 2611 3786 2679 agnosci.

2193 2701 2259 2756 Et
2284 2702 2327 2757 si
2358 2710 2557 2774 potest,
2597 2717 2780 2759 utrum
2828 2706 2989 2759 etiam
3025 2703 3155 2775 justi
3193 2703 3392 2769 anima,
3434 2718 3541 2757 non
3570 2702 3789 2773 quidem

2193 2805 2414 2864 cogatur
2442 2794 2662 2867 magicis
2683 2796 2872 2864 sacris,
2896 2795 2992 2852 sed
3018 2795 3266 2867 dignetur
3295 2793 3504 2851 ostendi
3529 2795 3791 2851 occultio-

2194 2886 2343 2942 ribus
2372 2887 2612 2959 imperiis
2642 2903 2868 2945 summat
2897 2887 3029 2960 legis
3062 2889 3440 2959 obtemperans
3469 2905 3482 2941 :
3515 2896 3574 2942 ut
3597 2889 3641 2943 si
3673 2886 3790 2943 ﬁeri

2196 2992 2301 3033 non
2340 2991 2497 3049 posse
2542 2978 2816 3046 claruerit,
2872 2994 2981 3035 non
3026 2987 3255 3051 uterque
3295 2994 3485 3035 sensus
3534 2978 3587 3033 in
3631 2978 3794 3049 hujus

2197 3067 2487 3140 Scriptum
2510 3070 2842 3141 [tractatione
2873 3078 3035 3141 atque
3078 3068 3414 3140 expositione
3454 3067 3791 3135 admittatur,

2198 3159 2293 3214 sed
2324 3158 2416 3214 illo
2441 3160 2678 3229 excluso,
2731 3160 3042 3232 imaginaria
3082 3160 3349 3216 simulatio
3374 3159 3641 3217 Samuelis
3670 3159 3791 3213 dia-

2199 3250 2377 3306 bolico
2408 3252 2513 3306 ritu
2542 3251 2681 3308 facta
2716 3252 3060 3324 intelligatur.
3090 3252 3197 3310 Sed
3223 3252 3495 3323 quoniam,
3528 3252 3640 3307 sive
3663 3247 3797 3305 illud

2201 3342 2317 3398 ﬁeri
2355 3342 2545 3414 possit,
2592 3346 2705 3400 sive
2744 3359 2851 3399 non
2890 3345 3081 3415 possit,
3126 3353 3303 3399 tamen
3351 3342 3552 3399 fallacia
3583 3344 3801 3399 Satanae

2200 3444 2361 3507 atque
2397 3436 2688 3507 imaginum
2714 3435 3134 3492 simulandarum
3161 3435 3353 3490 callida
3386 3435 3625 3505 operatio
3646 3433 3801 3489 decis

2203 3528 2413 3600 picndis
2454 3529 2704 3585 humanis
2745 3530 2993 3586 sensibus
3031 3529 3375 3586 multiformis
3418 3529 3677 3601 invigilat,
3709 3546 3804 3601 pe-

2202 3618 2462 3675 detentim
2500 3621 2737 3691 quidem,
2764 3624 2870 3677 ne'
2897 3621 3333 3692 inquisitionibus
3371 3620 3804 3692 diligentioribus

2206 3713 2639 3783 praeseribamus,
2689 3713 2784 3770 sed
2836 3723 3011 3769 tamen
3061 3714 3238 3785 potius
3290 3714 3655 3769 existimemus
3698 3716 3805 3771 tale

2206 3806 2405 3877 aliquid
2449 3805 2646 3861 factum
2679 3806 2913 3877 maligno
2952 3805 3283 3879 pythonissae
3313 3806 3455 3861 illius
3484 3806 3804 3873 ministerio,

2208 3897 2462 3969 quamdiu
2489 3897 2645 3955 nobis
2673 3896 2875 3971 aliquid
2916 3897 3147 3969 amplius
3172 3896 3478 3969 excogitare
3516 3906 3676 3969 atque
3705 3913 3804 3954 ex-

2209 3991 2405 4061 plicare
2431 4006 2535 4046 non
2561 3990 2738 4046 datur.

2378 4084 2597 4152 Qumsr.
2640 4084 2811 4139 lV.—
2842 4083 2956 4152 Quo
2980 4084 3081 4140 situ
3110 4083 3337 4153 corporis
3366 4084 3636 4139 orandum.

2283 4175 2435 4242 Quod
2460 4183 2637 4231 autem
2659 4176 2875 4247 quzeris,
2899 4176 3022 4247 quid
3045 4176 3113 4231 sit
3136 4176 3279 4246 quod
3304 4176 3559 4246 scriptum
3582 4183 3687 4244 est,
3716 4171 3811 4230 In-

2213 4270 2361 4323 travit
2382 4284 2471 4324 rex
2487 4268 2673 4336 David,
2694 4278 2741 4323 et
2757 4270 2883 4324 sedit
2898 4278 3015 4324 ante
3028 4268 3305 4323 Dominum
3322 4268 3389 4339 (ll
3412 4268 3539 4339 Reg.
3565 4283 3658 4335 vn,
3684 4267 3808 4339 t8):

2212 4362 2337 4433 quid
2369 4361 2513 4417 aliud
2542 4361 2943 4433 intelligendum
2973 4370 3077 4428 est,
3129 4361 3230 4416 nisi
3252 4361 3375 4431 quia
3414 4360 3553 4415 sedit
3594 4360 3646 4414 in
3676 4374 3811 4415 con-

2215 4469 2404 4531 spectu
2435 4459 2679 4525 Domini;
2726 4459 2838 4514 sive
2868 4456 2957 4513 ubi
2996 4465 3112 4513 erat
3160 4471 3282 4511 arca
3322 4454 3675 4520 Testamenti,
3716 4470 3815 4525 per

2216 4567 2377 4623 quam
2418 4552 2681 4607 sacratior
2713 4559 2767 4606 et
2794 4548 3218 4606 commendatior
3246 4547 3488 4619 quaedam
3527 4546 3817 4617 przesentia

2218 4644 2430 4699 Domini
2456 4643 2623 4713 accipi
2651 4650 2855 4713 potest;
2893 4642 3007 4697 sive
3034 4641 3158 4711 quia
3186 4649 3436 4695 oraturus
3465 4638 3625 4705 sedit,
3672 4637 3815 4708 quod

2221 4752 2326 4791 non
2358 4736 2417 4791 ﬁt
2444 4744 2592 4791 recte
2618 4735 2719 4789 nisi
2746 4736 2800 4789 in
2827 4742 3119 4805 conspectu
3150 4732 3265 4797 Dei,
3300 4732 3402 4785 hoc
3422 4739 3504 4787 est
3532 4730 3585 4783 in
3612 4729 3817 4783 intimis

2218 4828 2430 4885 cordis?
2466 4829 2652 4884 Potest
2696 4828 2841 4883 enim
2878 4836 2936 4883 et
2978 4827 3056 4882 sic
3084 4825 3253 4896 accipi
3282 4823 3423 4895 quod
3460 4822 3663 4877 dictum
3711 4832 3818 4886 est,

2220 4934 2338 4979 ante
2366 4923 2679 4987 Dominum;
2708 4921 2798 4977 ubi
2826 4922 3001 4976 nullus
3042 4928 3184 4976 esset
3214 4918 3513 4984 hominum,
3542 4917 3633 4986 qui
3660 4915 3819 4971 audi-

2220 5027 2303 5072 ret
2322 5025 2584 5072 orantem.
2609 5014 2733 5071 Sive
2758 5027 2887 5085 ergo
2909 5022 3127 5084 propter
3141 5025 3317 5066 arcam
3338 5007 3689 5072 Testamenti,
3708 5008 3822 5061 sive

2223 5118 2441 5179 propter
2482 5116 2748 5162 secretum
2791 5106 2970 5161 locum
3009 5112 3272 5160 semotum
3311 5101 3378 5156 ab
3424 5100 3663 5167 arbitris,
3709 5099 3823 5153 sive

2223 5209 2440 5271 propter
2465 5200 2707 5253 intimum
2737 5198 2912 5253 cordis
2934 5196 3022 5251 ubi
3048 5205 3163 5250 erat
3202 5194 3401 5249 orantis
3427 5192 3672 5257 aﬁ‘eetus,
3692 5206 3824 5246 con-

2225 5294 2504 5348 venienter
2521 5292 2719 5345 dictum
2748 5299 2854 5357 est,
2889 5289 3033 5344 Sedit
3064 5300 3181 5342 ante
3221 5285 3520 5340 Dominum.
3544 5283 3659 5337 Nisi
3686 5281 3825 5337 forte

2230 5383 2371 5454 quod
2397 5384 2591 5438 sedens
2616 5382 2806 5454 oravit,
2841 5381 2941 5437 hoc
2969 5391 3181 5445 movet;
3210 5394 3329 5434 cum
3353 5387 3409 5434 et
3433 5386 3652 5433 sanctus
3682 5377 3824 5431 Elias

2226 5453 2328 5533 hoc
2349 5478 2552 5543 fecerit,
2567 5453 2780 5547 quando
2793 5475 3024 5546 pluviam
3043 5470 3564 5541 orandoimpetravit
3585 5468 3674 5538 (lll
3698 5469 3825 5539 ιιρρ.

2225 5588 2373 5638 xvut,
2404 5570 2615 5641 4245).
2634 5569 2835 5637 Quibus
2851 5566 3202 5620 admonemur
3230 5562 3524 5632 exemplis,
3572 5576 3680 5615 non
3710 5574 3833 5615 esse

2225 5667 2436 5739 prtescri
2444 5675 2588 5737 ptum
2602 5661 2870 5734 quomodo
2886 5674 3080 5731 corpus
3096 5659 3444 5713 constituatur
3459 5653 3525 5708 ad
3545 5654 3831 5720 orandum,

2289 5827 2303 5855 ι
2333 5824 2521 5884 Aliquot
2539 5827 2668 5877 Mss,
2692 5816 2972 5884 prolixiora.

2287 5889 2306 5917 ι
2331 5870 2587 5940 Particula,
2624 5870 2704 5939 ne,
2728 5882 2999 5928 restituitur
3023 5877 3101 5926 hic
3128 5890 3190 5925 ex
3215 5883 3325 5940 Mss.
3346 5871 3517 5940 Confer
3551 5871 3734 5923 librum
3762 5870 3829 5921 de

2228 5957 2336 5998 octo
2360 5946 2545 5995 Dulcitii
2570 5936 2941 6005 QuaeStiouist,
2966 5942 3015 5992 in
3037 5940 3132 5990 ﬁne
3157 5936 3439 6003 quaestionis
3460 5938 3507 5986 6.
