4136 6524
364 438 476 499 με

362 553 493 609 dum
522 552 737 610 animus
761 552 873 611 Deo
899 568 1133 626 praesens
1157 565 1373 626 peragat
1401 556 1750 612 intentionem
1788 572 1961 613 suam.

360 646 499 702 Nam
525 654 581 703 et
606 655 811 703 stantes
828 661 1063 715 oramus,
1092 647 1234 703 sicut
1250 648 1504 720 scriptum
1525 657 1628 715 est,
1652 647 1968 709 Publicanus

360 747 534 791 autem
563 738 627 793 de
660 739 935 810 longinquo
981 738 1145 794 stabat
1188 737 1342 809 (Luc.
1388 755 1551 807 xvut,
1583 738 1712 811 15);
1758 748 1815 795 et
1848 739 1968 796 ﬁxis

360 832 614 901 genibus,
643 832 782 889 sicut
828 832 884 887 in
914 833 1137 889 Actibus
1166 833 1542 904 Apostolorum
1568 833 1794 905 legimus
1824 833 1963 908 (Act.

362 940 464 991 vu,
498 925 593 993 59,
627 934 677 980 et
702 942 795 993 xx,
824 926 947 997 36);
975 935 1031 982 et
1054 926 1323 993 sedentes,
1357 928 1495 983 sicut
1523 943 1659 985 ecce
1676 928 1865 997 David,
1909 938 1965 986 et

360 1016 533 1073 Elias.
583 1016 695 1072 Nisi
753 1025 932 1073 autem
990 1019 1152 1074 etiam
1196 1019 1438 1090 jacentes
1487 1035 1804 1088 oraremus,
1856 1038 1964 1078 non

361 1112 626 1179 scriptum
652 1117 803 1167 esset
830 1110 885 1167 in
912 1110 1161 1168 Psalmis.
1194 1111 1400 1168 Lavabo
1428 1130 1518 1184 per
1542 1114 1773 1187 singulas
1796 1124 1964 1172 noctes

364 1200 555 1254 lectum
589 1217 795 1269 meum;
832 1202 887 1257 in
913 1201 1154 1274 lacrymis
1184 1204 1307 1259 meis
1336 1213 1550 1259 stratum
1576 1196 1747 1261 meum
1788 1207 1964 1277 rigabo

364 1289 543 1359 (Psal.
589 1306 663 1360 vr,
693 1292 773 1364 7).
812 1292 949 1349 Cum
978 1294 1122 1349 enim
1156 1294 1382 1366 quisque
1418 1295 1713 1353 orationem
1747 1299 1959 1369 quierit,

361 1382 592 1438 collocat
619 1382 880 1449 membra,
908 1384 1046 1441 sicut
1065 1384 1115 1441 ei
1136 1387 1431 1442 occurrerit
1449 1388 1845 1445 accommodata
1865 1404 1962 1460 pro

366 1483 616 1544 tempore
678 1476 876 1548 positio
931 1478 1209 1549 corporis‘
1238 1479 1305 1535 ad
1334 1480 1655 1538 movendum
1698 1483 1958 1539 animum.

356 1562 492 1618 Cum
536 1575 717 1622 autem
773 1582 882 1625 non
934 1569 1229 1640 qumritur,
1271 1569 1368 1627 sed
1420 1570 1646 1629 infertur
1694 1574 1960 1645 appetitus

355 1656 572 1722 orandi,
595 1656 697 1714 hoc
721 1668 826 1727 est,
843 1674 964 1716 cum
990 1659 1190 1732 aliquid
1206 1670 1427 1731 repente
1454 1663 1601 1719 venit
1628 1662 1681 1718 iu
1699 1673 1956 1736 mentem,

356 1760 467 1815 quo
488 1748 822 1820 supplicandi
838 1751 1355 1808 moveaturall‘ectus
1377 1753 1666 1824 gemitibus
1682 1755 1960 1813 inenarra-

353 1836 577 1907 bilihus,
605 1856 941 1915 quocumque
959 1843 1119 1901 modo
1140 1844 1404 1902 invenerit
1424 1847 1718 1918 hominem,
1740 1864 1847 1907 non
1873 1860 1957 1908 est

352 1932 541 2000 utique
566 1931 859 1991 diﬁ'erenda
903 1937 1096 2005 oratio,
1138 1946 1199 1993 ut
1234 1953 1536 2010 quaeramus
1575 1956 1684 2012 quo
1737 1943 1956 2000 seceda-

349 2037 476 2077 mus
494 2023 535 2092 ³,
569 2034 666 2081 aut
696 2026 787 2082 tibi
816 2036 1040 2097 stemus,
1069 2032 1170 2085 aut
1197 2029 1286 2089 ubi
1319 2040 1743 2102 prosternamur.
1774 2034 1955 2107 Gignit

349 2113 498 2167 enim
525 2114 627 2171 sibi
653 2118 847 2175 mentis
874 2121 1101 2177 intentio
1128 2122 1492 2190 solitudinem,
1531 2132 1587 2180 et
1613 2140 1758 2198 saepe
1790 2128 1951 2186 etiam

346 2203 724 2263 obliviscitur‘
744 2210 830 2266 vel
847 2210 916 2266 ad
945 2226 1104 2282 quam
1130 2213 1251 2271 οωιί
1278 2223 1506 2285 partem,
1531 2216 1619 2272 vel
1645 2217 1699 2273 in
1726 2233 1831 2289 qua
1855 2235 1953 2292 po-

347 2296 545 2356 sitione
572 2302 815 2371 corporis
843 2305 1083 2361 membra
1104 2305 1231 2363 illud
1252 2314 1461 2378 tempus
1485 2308 1771 2366 invenerit.

347 2386 569 2455 Qussr.
602 2389 639 2445 V
651 2422 743 2447 .—
762 2391 832 2449 In
861 2394 1010 2452 verba
1041 2395 1177 2453 Elite
1207 2400 1462 2470 querentis
1477 2398 1589 2457 Deo
1605 2400 1669 2457 de
1681 2410 1840 2459 morte
1851 2403 1949 2473 ﬁlii

1067 2488 1253 2544 vidum.

420 2570 478 2625 In
506 2572 683 2630 verbis
702 2582 881 2630 autem
911 2575 1054 2633 beati
1079 2578 1232 2649 Elite,
1274 2581 1468 2652 quibus
1494 2584 1591 2655 ait,
1623 2584 1669 2642 0
1704 2585 1943 2658 Domine,

346 2664 489 2718 testis
534 2664 688 2736 hujus
725 2668 911 2738 vidule,
948 2685 1063 2726 cum
1099 2687 1201 2742 qua
1226 2689 1317 2747 ego
1340 2675 1568 2733 inhabile
1591 2681 1734 2751 apud
1754 2681 1942 2754 ipsum,

346 2762 404 2807 tu
434 2755 566 2810 utale
587 2757 751 2830 fecisti
781 2768 838 2814 ut
862 2760 1114 2817 occideres
1146 2763 1312 2835 ﬁlium
1332 2768 1479 2837 ejus;
1508 2768 1642 2827 nihil
1677 2780 1941 2844 moveret,

345 2843 395 2898 si
442 2860 565 2900 vera
593 2849 959 2917 pronuntiatio
987 2864 1315 2912 servaretur.
1360 2857 1480 2915 Vox
1508 2869 1592 2917 est
1640 2864 1785 2920 enim
1832 2843 1943 2921 non

344 2936 617 2996 credentis
644 2940 789 3011 quod
819 2949 927 2998 tam
955 2944 1098 3002 male
1120 2945 1327 3005 faceret
1353 2949 1497 3007 Deus
1516 2967 1639 3009 cum
1667 2969 1732 3012 ea
1759 2956 1939 3027 vidua,

338 3041 461 3096 quae
494 3038 601 3085 tam
650 3032 739 3102 pie
781 3032 1108 3106 Pr0phetam
1163 3050 1497 3111 susceperat,
1545 3058 1612 3100 eo
1637 3048 1940 3116 prtesertim

340 3127 588 3190 tempore
611 3139 717 3194 quo
745 3123 818 3181 ibi
836 3136 975 3196 erat,
998 3130 1084 3185 cui
1108 3132 1401 3201 protulerat
1427 3136 1513 3190 illa
1543 3145 1711 3193 totum
1738 3138 1941 3196 victum

335 3226 495 3267 suum
525 3225 633 3271 tam
660 3219 910 3291 exiguum
941 3222 995 3278 in
1027 3231 1135 3279 tam
1180 3240 1370 3297 magna
1409 3236 1464 3283 et
1501 3244 1709 3288 summa
1735 3232 1935 3306 inopia.

338 3304 416 3361 ita
467 3324 597 3378 ergo
637 3310 837 3369 dictum
869 3323 982 3383 est,
1013 3331 1078 3374 ac
1115 3319 1161 3373 si
1188 3319 1409 3389 diceret,
1446 3321 1491 3377 0
1514 3321 1754 3395 Domine,
1800 3304 1940 3384 testis

336 3399 495 3470 hujus
520 3402 704 3470 vidule,
730 3421 849 3461 cum
872 3424 973 3479 qua
1001 3426 1093 3481 ego
1132 3411 1360 3468 inhabile
1400 3415 1545 3486 apud
1578 3415 1766 3488 ipsam,
1808 3426 1939 3477 tune

336 3493 472 3547 male
497 3496 659 3564 fecisti
683 3506 741 3553 ut
775 3500 1030 3558 occideres
1053 3502 1220 3573 ﬁlium
1240 3506 1391 3577 ejus?
1424 3515 1483 3563 ut
1508 3508 1939 3584 subintelligatur

336 3584 484 3653 quod
517 3588 699 3658 utique
727 3590 986 3648 Dominus
1010 3595 1160 3651 testis
1181 3598 1360 3654 cordis
1388 3599 1532 3656 illius
1551 3602 1813 3670 mulieris,
1842 3606 1935 3662 ubi

337 3676 562 3733 videbat
583 3688 779 3749 quanta
805 3693 949 3741 esset
968 3686 1161 3757 pietas,
1188 3687 1330 3746 unde
1345 3691 1506 3747 etiam
1521 3693 1693 3751 Eliam
1723 3695 1840 3767 ipse
1866 3697 1937 3755 ad

335 3785 456 3823 eam
483 3771 723 3841 miserat,
771 3791 881 3832 non
910 3780 1280 3838 malefaciendi
1308 3798 1471 3841 causa
1519 3788 1937 3848 mortiﬁcaverat

336 3865 507 3920 tilium
534 3866 672 3938 ejus,
695 3868 792 3926 sed
809 3870 1093 3929 exhibendi
1121 3875 1363 3934 miraculi
1393 3878 1458 3934 ad
1497 3879 1727 3951 gloriam
1755 3883 1935 3943 nomi-

334 3956 421 4010 nis
449 3956 556 4025 sui,
602 3974 711 4029 quo
753 3968 961 4017 tantum
992 3962 1315 4037 Pr0phetam
1334 3967 1355 3999 ⁸
1393 3978 1449 4025 et
1479 3977 1609 4027 tunc
1634 3972 1936 4033 viventibus

334 4056 391 4101 et
416 4048 645 4117 posteris
669 4053 1070 4111 commendaret
1109 4075 1123 4112 :
1154 4057 1293 4113 sicut
1317 4059 1447 4116 dicit
1488 4061 1783 4135 Dominus,
1824 4082 1934 4124 non

331 4137 400 4192 ad
432 4147 664 4197 mortem
692 4151 959 4200 mortuum
990 4145 1154 4205 fuisse
1181 4148 1461 4220 Lazarum,
1505 4154 1601 4211 sed
1629 4164 1689 4213 ut
1724 4158 1933 4230 gloriﬁ-

331 4241 550 4287 caretur
577 4232 719 4289 Deus
748 4235 802 4290 in
827 4234 966 4293 Filio
993 4254 1090 4295 suo
1116 4240 1297 4311 (Joan.
1324 4259 1401 4311 xt,
1424 4244 1460 4300 4
1477 4242 1518 4317 ).
1550 4246 1621 4303 Et
1647 4247 1772 4306 ideo
1796 4265 1931 4308 con-

330 4324 612 4393 sequentia
638 4326 885 4397 probant,
918 4338 973 4386 et
999 4330 1112 4402 ipsa
1153 4333 1315 4389 etiam
1342 4334 1534 4393 ﬁducia
1560 4353 1664 4409 qua
1704 4340 1933 4400 credidit

331 4413 500 4480 Elius,
529 4431 633 4472 non
659 4417 725 4474 ad
748 4418 849 4476 hoc
876 4420 1002 4478 illud
1029 4424 1337 4495 contigisse,
1359 4434 1416 4483 ut
1441 4428 1637 4485 acerbo
1661 4429 1806 4487 luctu
1831 4431 1931 4490 ho-

328 4505 471 4574 spita
500 4506 618 4576 ejus
641 4507 965 4580 alﬁigeretur
988 4528 1001 4567 :
1025 4512 1119 4569 sed
1146 4514 1323 4584 potius
1345 4515 1412 4571 ad
1437 4516 1541 4574 hoc
1559 4517 1756 4575 factum
1786 4537 1928 4593 esse,

330 4606 392 4654 ut
420 4600 559 4654 Deus
588 4602 1013 4672 magniﬁcentius
1057 4606 1366 4664 ostenderet
1394 4609 1568 4666 viduae
1592 4612 1807 4684 qualem
1836 4615 1930 4673 Dei

326 4687 591 4744 (ainulum
629 4695 974 4765 suscepisset.
1014 4695 1264 4769 Sequitur
1304 4698 1600 4773 Scriptura,
1631 4713 1687 4761 et
1714 4706 1927 4765 dicit':

328 4778 405 4844 Et
432 4780 702 4853 insufﬂauit
730 4802 886 4856 puero
912 4796 1006 4853 ter,
1036 4799 1085 4844 et
1107 4790 1355 4846 invocavit
1378 4791 1673 4863 Dominum,
1700 4806 1748 4853 et
1777 4799 1927 4868 dixit,

327 4870 553 4927 Domine
580 4873 715 4930 Deus
741 4893 899 4946 meus,
930 4891 1207 4937 revertatur
1231 4899 1366 4938 nunc
1394 4885 1567 4941 anima
1589 4890 1735 4960 pueri
1777 4890 1930 4963 hujus

324 4963 389 5021 in
419 4980 555 5019 eum.
596 4962 668 5021 Et
703 4971 893 5039 factum
930 4981 1004 5027 est
1032 4972 1125 5027 sic.
1160 4973 1283 5030 ΙΙωο
1311 4990 1439 5046 ergo
1466 4976 1792 5049 deprecatio,
1823 4962 1927 5054 qua

326 5054 487 5127 petiit
514 5054 662 5111 Elias
689 5066 796 5113 tam
827 5059 1062 5118 breviter
1087 5070 1144 5119 et
1184 5071 1290 5119 tam
1332 5066 1560 5124 ﬁdenter
1597 5080 1655 5126 ut
1683 5083 1929 5145 resurgat

326 5163 486 5217 puer,
515 5150 647 5205 satis
674 5150 877 5208 indicat
912 5169 1020 5225 quo
1057 5154 1252 5213 aﬁ'ectu
1292 5158 1451 5219 dicta.
1479 5160 1589 5216 sint
1626 5163 1923 5235 superiora.

324 5240 398 5295 Et
424 5240 538 5311 ipsa
570 5243 765 5300 mulier
797 5246 1034 5302 ostendit
1075 5247 1141 5303 ad
1187 5247 1293 5307 hoc
1334 5252 1712 5310 mortiﬁcatum
1754 5255 1924 5321 ﬁlium

321 5350 485 5390 suum
516 5334 703 5406 fuisse,
733 5337 802 5394 ad
837 5340 981 5411 quod
1006 5340 1149 5398 Elias
1180 5342 1379 5401 factum
1410 5360 1532 5402 esse
1568 5362 1925 5422 praesumpse-

390 5447 407 5517 ξ
433 5448 513 5517 sic
530 5454 639 5517 sise.
663 5454 720 5499 At
742 5449 879 5517 editi,
901 5449 1044 5515 positi
1063 5452 1295 5517 corporis.

386 5510 407 5540 ¹
434 5510 577 5579 naui,
598 5522 696 5579 quo
716 5510 988 5579 sedeamus.
1012 5520 1068 5563 At
1091 5510 1215 5578 Ms's.,
1237 5526 1331 5579 quo
1352 5515 1649 5571 secedamus.
1676 5526 1815 5573 Forte
1837 5522 1923 5573 ad-

318 5544 1121 5643 cessissem;

386 5642 407 5702 ς
431 5633 573 5702 εόὶιὶ,
595 5632 889 5686 obliviscitur
910 5649 979 5687 se.
1006 5640 1170 5702 abest,
1194 5651 1263 5702 se,
1284 5651 1311 5689 a
1327 5646 1434 5691 Mss.

383 5696 407 5762 ξ
433 5701 562 5762 διεῖδε,
590 5709 688 5760 qua
705 5703 891 5762 tantum
908 5696 1211 5762 ρνοριιειωθιε

382 5755 682 5828 ‘_Plures'.et
710 5758 946 5831 meliores
965 5755 1095 5809 Msa;
1120 5766 1176 5811 Et
1195 5761 1307 5813 ideo
1336 5765 1671 5831 consequentia
1699 5768 1920 5831 probant.

316 5816 885 5892 Egipsa‘ergirmﬂducia
920 5834 1119 5892 grta...._.
1162 5816 1501 5892 suscepissetf
1533 5816 1742 5892 seqritur
1766 5816 1775 5818 ἡ
1795 5816 1923 5881 seri;

312 5874 469 5991 gtur'a
489 5885 539 5931 ει
577 5874 658 5927 dic
678 5874 714 5934 ιζ
756 5886 895 5933 Forte
920 5874 1186 5947 legendum
1214 5874 1233 5935 εί
1250 5874 1321 5938 έῖ
1338 5874 1769 5953 ἶᾶἡὼηέὲῆίιὲῆὶιυ
1795 5874 1920 5955 'ﬁr'é-

343 5951 448 5991 tmt-
477 5957 559 5991 me

343 5951 448 6010 aut,
477 5957 575 6003 etc.

1715 440 1917 498 LIBER
1954 442 2329 503 SECUNDUS.

3554 474 3674 531 7H6

2076 574 2181 634 rat,
2221 581 2344 625 cum
2372 569 2460 625 illa
2496 572 2657 628 verba
2688 589 2796 632 non
2831 578 3218 653 conﬁrmando,
3255 585 3350 642 sed
3392 591 3672 647 renuendo

2073 659 2465 717 enuntiaverat.
2519 662 2657 720 Cum
2712 669 2854 724 enim
2909 671 3090 727 vivum
3153 676 3447 747 recepisset
3503 680 3670 738 lilium

2073 762 2250 820 suum,
2276 751 2374 820 ait,
2403 751 2540 810 Ecce
2574 760 2783 829 cognovi
2816 763 3055 832 quoniam
3082 765 3233 820 homo
3276 767 3374 823 Dei
3403 786 3454 824 es
3496 784 3582 839 tu,
3626 781 3670 829 et

2071 844 2272 899 verbum
2291 844 2499 903 Domini
2518 849 2571 904 in
2590 867 2677 907 ore
2696 862 2783 907 tuo
2807 855 3142 912 certissimum
3165 860 3263 930 (lll
3286 862 3419 934 Reg.
3436 880 3598 921 xvu-x
3610 884 3657 925 χ,

2070 935 2233 995 31-24
2252 938 2296 1011 ).
2322 939 2487 996 Multa
2517 953 2644 999 sunt
2673 954 2852 1002 autem
2882 947 2936 1002 in
2963 948 3276 1020 Scripturis,
3295 970 3416 1025 qua:
3446 957 3547 1011 nisi
3576 959 3669 1014 illo

2070 1029 2232 1086 modo
2261 1034 2698 1102 pronuntientur,
2728 1036 2782 1092 in
2822 1042 3144 1096 contrariam
3175 1047 3494 1101 sententiam
3531 1050 3666 1103 rcci-

2069 1120 2241 1179 dunt:
2269 1124 2427 1182 sicuti
2459 1136 2562 1193 est,
2595 1128 2724 1197 Quis
2750 1131 3007 1187 accusabit
3043 1134 3283 1191 adversus
3320 1138 3498 1194 electos
3537 1139 3630 1194 Dei
3641 1143 3664 1195 .’

2067 1210 2209 1268 Deus
2236 1215 2323 1286 qui
2358 1217 2611 1288 justi/icat
2649 1219 2844 1290 (Rom.
2884 1238 3000 1290 vnt,
3038 1225 3170 1296 33),
3218 1227 3263 1281 si
3290 1230 3439 1297 quasi
3468 1232 3663 1287 conlin-

2068 1319 2229 1361 mans
2263 1308 2614 1378 respondeas,
2658 1311 2811 1369 vides
2838 1324 3038 1384 quanta
3076 1320 3400 1388 perversitas
3437 1323 3658 1379 oriatur.

2069 1394 2161 1452 Sic
2188 1412 2317 1470 ergo
2344 1403 2927 1473 pronuntiandum'est,
2964 1422 3028 1463 ac
3056 1410 3101 1464 si
3129 1409 3418 1481 diceretur,
3447 1414 3673 1474 Deusae

2065 1490 2159 1561 qui
2179 1492 2471 1562 justiﬁcat?
2491 1503 2551 1552 ut
2574 1496 2942 1568 subaudiatur,
2967 1500 3083 1556 Non
3105 1502 3307 1574 utique.
3333 1505 3409 1561 Ac
3435 1523 3533 1577 per
3558 1510 3663 1566 hoe

2063 1592 2307 1653 apertam
2331 1594 2462 1657 puto
2486 1602 2608 1645 esse
2637 1589 2783 1646 illam
2815 1591 2945 1648 Elite
2975 1596 3319 1664 sententiam,
3352 1613 3510 1669 quam
3552 1616 3657 1657 non

2063 1688 2277 1732 servata
2304 1680 2671 1749 pronuntiatio
2698 1681 2929 1739 faciebat
2955 1684 3262 1741 obscuram.

2060 1788 2278 1858 Quasr.
2304 1791 2391 1849 Vl.
2413 1824 2488 1836 —
2522 1793 2601 1851 De
2625 1796 2807 1867 spiritu
2830 1799 3078 1855 mendacii
3104 1801 3256 1858 misso
3293 1803 3367 1857 ad
3397 1805 3656 1876 decipien-

2647 1890 2769 1944 dum
2791 1888 2985 1948 Achab.

2133 1996 2211 2054 De
2236 1998 2426 2070 spiritu
2454 2015 2587 2058 vero
2614 2002 2939 2071 mendacii‘,
2985 2019 3081 2075 per
3103 2021 3264 2077 quem
3290 2008 3545 2081 deceptus
3572 2024 3665 2069 est.

2057 2087 2243 2146 Achab
2291 2090 2399 2165 (Ill
2441 2092 2569 2164 Reg.
2612 2110 2766 2162 χχιι,
2806 2094 3051 2167 ΞΟ-Ξὸ),
3101 2096 3205 2153 hoc
3250 2099 3647 2173 intelligamus,

2056 2181 2198 2251 quod
2230 2180 2342 2254 jam
2380 2185 2625 2255 superius
2663 2186 2794 2243 satis
2832 2197 3014 2259 aperte
3055 2198 3345 2247 tractatum.
3375 2194 3647 2252 arbitror:

2056 2270 2226 2329 Deum
2256 2274 2461 2331 scilicet
2486 2276 2905 2348 omnipotentem
2941 2288 2997 2334 et
3014 2279 3219 2351 justum
3248 2282 3646 2343 distributorem

2053 2376 2333 2434 poenarum
2362 2368 2812 2440 praemiorumque
2836 2385 2933 2440 pro
2957 2371 3184 2440 meritis,
3214 2389 3321 2430 non
3348 2377 3521 2433 solum
3548 2377 3646 2433 bo-

2053 2454 2139 2511 nis
2158 2463 2213 2512 et
2232 2458 2432 2513 sanctis
2451 2459 2711 2514 ministris
2730 2461 2804 2514 uti
2826 2460 2891 2516 ad
2913 2477 3075 2533 opera
3096 2478 3351 2536 congrua,
3370 2467 3463 2521 sed
3484 2469 3643 2525 etiam

2052 2544 2209 2602 malis
2229 2546 2296 2602 ad
2318 2562 2479 2619 opera
2502 2548 2691 2621 digna;
2716 2565 2839 2606 cum
2882 2552 2957 2607 illi
2999 2569 3095 2623 pro
3134 2568 3229 2609 sua
3271 2570 3520 2625 perversa
3546 2574 3645 2614 cu-

2050 2635 2275 2707 piditate
2303 2639 2325 2670 ¹
2364 2652 2561 2695 nocere
2603 2649 2889 2711 appetant,
2931 2642 3175 2699 sinantur
3214 2654 3392 2701 autem
3437 2657 3669 2706 tantum,

2049 2735 2305 2798 quantum
2346 2728 2438 2785 ille
2465 2729 2670 2801 judicat
2690 2773 2706 2797 ,
2738 2733 2829 2802 qui
2858 2734 3037 2789 omnia
3062 2735 3116 2791 in
3144 2751 3392 2794 mensura
3422 2748 3475 2794 et
3504 2757 3640 2811 pon-

2048 2815 2180 2874 dere
2204 2828 2259 2875 et
2284 2835 2508 2877 numero
2535 2821 2770 2893 disponit
2799 2822 2971 2896 (Sap.
3010 2840 3088 2895 xt,
3113 2825 3178 2881 2|
3205 2825 3248 2899 ).
3293 2829 3436 2884 Dixit
3464 2840 3642 2886 autem

2048 2907 2152 2965 hoc
2183 2908 2434 2966 Michazas
2466 2912 2728 2984 propheta
2765 2914 3034 2986 quomodo
3070 2916 3173 2973 sibi
3222 2916 3384 2975 fuerit
3411 2920 3640 2978 demon-

2046 3010 2294 3058 stratum.
2338 3002 2559 3060 Occulta
2591 3006 2735 3062 enim
2766 3022 2854 3062 res
2892 3015 2948 3063 et
2989 3008 3148 3065 nimis
3192 3020 3398 3067 secreta
3442 3013 3513 3067 ita
3542 3012 3641 3070 dc-

2045 3104 2375 3153 monstratur
2399 3098 2696 3171 prophetis,
2727 3100 2864 3156 sicut
2891 3109 3068 3171 potest
3093 3118 3286 3175 capere
3315 3119 3505 3161 sensus
3543 3106 3642 3162 hu-

2045 3202 2261 3256 manus,
2299 3204 2424 3246 cum
2464 3191 2628 3247 etiam
2656 3206 2836 3247 rerum
2867 3192 3185 3265 imaginibus
3214 3195 3267 3250 in
3310 3197 3640 3257 revelatione

2045 3290 2298 3354 tanquam
2329 3283 2508 3341 verbis
2537 3285 2835 3341 instruitur.
2864 3285 2997 3342 Nam
3026 3288 3295 3358 quomodo
3336 3289 3480 3347 Deus
3524 3292 3640 3349 haec

2043 3382 2186 3446 agat,
2213 3375 2412 3447 ubique
2436 3385 2581 3433 totus
2614 3392 2679 3433 ac
2711 3393 2924 3449 semper
2959 3395 3231 3450 praesens;
3274 3391 3328 3438 et
3368 3385 3636 3454 quomodo

2043 3467 2162 3539 ejus
2190 3469 2490 3540 simplicem
2517 3480 2573 3527 et
2600 3471 3087 3529 incommutabilem
3116 3483 3480 3549 aeternamque
3496 3479 3636 3534 veri-

2042 3568 2207 3617 tatem
2251 3563 2535 3619 consulant
2575 3565 2976 3637 sanctiAngeli,
3008 3583 3301 3640 omnesque
3338 3571 3406 3626 ab
3444 3571 3639 3627 eodem

2042 3653 2156 3711 Deo
2202 3656 2368 3711 creati
2408 3655 2666 3712 sublimes
2707 3665 2761 3713 et
2805 3659 3143 3715 mundissimi
3184 3662 3424 3732 spiritus,
3474 3674 3641 3735 atque

2041 3743 2095 3801 id
2138 3744 2282 3815 quod
2329 3745 2383 3801 in
2420 3760 2486 3803 eo
2534 3749 2860 3817 sempiterne
2898 3749 3102 3820 justum
3130 3752 3333 3820 vident,
3371 3769 3467 3825 pro
3513 3771 3634 3811 cou-

2041 3836 2286 3907 gruentia
2334 3850 2517 3892 rerum
2566 3837 2876 3894 inferiorum
2930 3842 3295 3912 temporaliter
3340 3858 3627 3917 peragant:

2041 3926 2313 3998 quomodo
2338 3928 2501 3984 etiam
2530 3928 2663 3999 lapsi
2689 3931 2927 4001 spiritus,
2952 3934 3041 4004 qui
3067 3934 3119 3988 in
3144 3935 3366 3992 veritate
3392 3953 3498 3992 non
3524 3949 3631 3996 stc-

2041 4026 2243 4089 terunt,
2263 4022 2882 4092 propterimmunditiam
2905 4034 2958 4081 et
2985 4027 3346 4085 inﬁrmitatem
3372 4034 3629 4105 concupi-

2039 4111 2367 4169 scentiarum
2400 4121 2457 4168 et
2493 4129 2773 4185 ptenarum
2811 4132 3025 4173 suarum
3055 4134 3161 4175 non
3203 4122 3445 4179 valentes
3487 4141 3627 4196 prm-

2038 4213 2248 4262 sentem
2280 4206 2602 4264 intrinsecus
2630 4211 2870 4266 contueri
2915 4220 2969 4267 et
3012 4215 3292 4271 consulere
3326 4217 3625 4288 veritatem,

2038 4296 2189 4368 signa
2225 4297 2525 4356 forinsecus
2562 4316 2659 4372 per
2702 4310 3004 4359 creaturam
3047 4315 3399 4377 exspectent,
3446 4310 3629 4382 eisque

2037 4397 2358 4445 moveantur
2398 4390 2512 4447 sive
2545 4391 2616 4448 ad
2652 4390 2953 4450 faciendum
2982 4395 3204 4467 aliquid,
3251 4398 3364 4455 sive
3407 4400 3475 4455 ad
3520 4417 3655 4465 non~

2037 4478 2372 4547 iaciendum;
2418 4495 2592 4551 quove
2628 4482 2790 4539 modo
2829 4494 3085 4556 cogantur
3116 4496 3315 4544 aeterna
3356 4490 3492 4562 lege.
3524 4508 3627 4563 qua

2037 4571 2361 4629 universitas
2405 4572 2631 4645 regitur,
2675 4576 2836 4631 vincti
2878 4586 3039 4649 atque
3084 4581 3378 4649 constricti,
3427 4584 3511 4638 vel
3555 4584 3628 4640 si-

2037 4673 2254 4722 nentem
2285 4665 2453 4721 Deum
2484 4667 2705 4738 operiri,
2733 4668 2818 4723 vel
2859 4668 3051 4726 cedere
3090 4670 3333 4742 jubenti;
3380 4682 3433 4730 et
3475 4690 3628 4730 com-

2036 4756 2197 4829 plecti
2239 4757 2496 4821 arduum,
2527 4767 2583 4815 et
2622 4760 2892 4831 explicare
2926 4762 3295 4834 longissimum
3337 4774 3421 4822 est
3443 4766 3484 4821 ³.
3518 4767 3626 4824 Ve-

2035 4864 2163 4905 reor
2185 4858 2363 4905 autem
2395 4866 2464 4906 ne
2489 4851 2587 4907 ista
2615 4850 2727 4922 ipsa
2754 4868 2873 4923 que
2898 4865 3023 4911 sunt
3050 4871 3078 4910 a
3107 4872 3193 4912 me
3220 4856 3382 4924 dicta,
3425 4866 3480 4913 et
3520 4874 3626 4914 non

2035 4940 2393 4998 satisfecerint
2431 4944 2837 5013 exspectationi,
2867 4954 2921 5000 ct
2963 4945 3121 5001 taedio
3148 4948 3346 5003 fuerint
3372 4949 3619 5019 gravitati

2034 5042 2175 5101 tute;
2203 5034 2633 5106 quandoquidem
2657 5050 2777 5093 cum
2805 5045 2861 5092 tu
2885 5052 2950 5092 ex
2977 5038 3222 5094 omnibus
3249 5054 3367 5110 qua:
3396 5041 3625 5097 interro-

2032 5126 2166 5198 gasti
2184 5167 2200 5193 ,
2228 5141 2392 5182 unum
2419 5142 2450 5181 a
2478 5143 2566 5184 me
2591 5127 2824 5184 libellum
2851 5129 2989 5185 mitti
3010 5129 3177 5187 velles
3201 5172 3216 5196 ,
3257 5146 3359 5203 ego
3387 5132 3522 5188 duos
3558 5134 3617 5190 lio

2031 5216 2160 5272 bros
2193 5216 2518 5288 eosdemque
2547 5217 2886 5287 longissimos
2914 5218 3070 5287 misi,
3116 5229 3170 5275 et
3204 5220 3429 5279 fortasse
3471 5242 3621 5295 quac-

2031 5306 2297 5369 stionibus
2324 5306 2428 5363 tuis
2452 5320 2787 5378 nequaquam
2836 5307 3116 5379 diligenter
3145 5311 3499 5385 expediteque
3532 5332 3619 5373 re-

2097 5464 2118 5534 i.
2140 5460 2271 5524 Apud
2294 5467 2374 5535 nr.
2395 5460 2541 5535 Lugd,
2567 5468 2726 5535 veni
2728 5469 2780 5512 et
2820 5469 2929 5535 Lov.
2954 5466 3159 5535 quaestio
3180 5473 3323 5518 sexta
3346 5480 3443 5535 non
3481 5482 3627 5535 sepa-

2028 5524 2171 5591 ratim
2194 5536 2220 5591 a_
2243 5525 2410 5591 quinta
2427 5530 2677 5591 tractatur,
2700 5531 2789 5591 [fro
2811 5540 2826 5577 :
2850 5534 2920 5576 De
2931 5524 3114 5591 spiritu
3140 5542 3251 5578 vero
3272 5524 3631 5590 mendacit,'le-

2029 5585 2484 5657 giunj.simpliciter,
2510 5594 2581 5657 pe
2602 5585 2775 5649 spiritu
2796 5585 3057 5657 mendacii,
3084 5596 3314 5657 totusque
3340 5591 3484 5657 liber,
3511 5585 3627 5642 eon-

2023 5647 2206 5719 junctis
2225 5647 2393 5710 quinta
2415 5647 2657 5719 scutaque
2680 5647 3053 5715 qumstionibus,’
3072 5647 3290 5717 quinque
3314 5647 3482 5704 solum
3493 5669 3628 5719 qua».

2028 5709 2215 5759 stiones
2234 5709 2619 5771 comprehendit.
2686 5709 2742 5761 Et.

2092 5771 2128 5838 ζ
2137 5771 2211 5820 Sic
2233 5778 2338 5838 Mss.
2363 5778 2420 5838 At
2442 5772 2580 5833 editi,
2598 5784 2688 5835 pro
2709 5787 2804 5838 sua
2819 5781 3143 5838 perversitate.

2093 5828 2128 5863 "
2138 5838 2203 5881 tta
2226 5832 2443 5903 melioris
2464 5828 2721 5903 notze'ltss.
2746 5828 2863 5887 Editi
2887 5846 3071 5903 autem,
3095 5836 3169 5903 vel
3189 5842 3369 5891 sinente
3396 5847 3623 5903 Decepi»-

2027 5902 2156 5967 γπιιηἱ
2176 5893 2249 5964 vel
2273 5892 2445 5945 cedere
2458 5896 2704 5958 jubentm
2725 5898 3023 5964 compcllcmi
3035 5892 3285 5964 {arduum
3308 5908 3352 5955 ct
3374 5892 3644 5967 explicatus

2018 5954 2353 6020 longissimum
2373 5969 2458 6010 est.
