4136 6548
516 468 620 524 147
1259 461 1350 519 DE
1388 460 1567 519 OCTO
1608 458 1900 519 DULCl'l‘il
1939 454 2483 526 QUESTIONIBUS,
2522 455 2579 512 S.
2619 452 2985 513 AUGUSTINI
3711 451 3813 508 NB

516 577 732 649 spondi.
750 575 1107 645 Quamobrem
1125 588 1312 646 preces
1340 586 1458 632 tuas
1479 591 1581 647 pro
1599 575 1791 631 erratis
1810 574 1944 629 meis
1963 572 2106 628 mul-
2214 586 2379 641 opere
2417 577 2561 625 tuam
2603 569 3009 635 brevissimam,
3037 565 3132 622 sed
3161 562 3531 636 gravissimam
3575 563 3757 635 flagito
3792 578 3811 630 ;

519 682 603 726 tas
626 678 681 725 et
708 667 950 723 assiduas
985 675 1116 741 peto
1154 666 1273 724 ﬁeri
1324 685 1340 725 :
1379 667 1698 724 sententiam
1738 680 1871 723 vero
1902 664 1972 721 de
2004 664 2107 719 hoc
2214 672 2269 718 et
2290 662 2415 717 dum
2438 662 2507 717 sit
2532 663 2809 717 verissima
2829 705 2844 730 ,
2872 659 3265 717 severissimam
3296 671 3402 711 non
3434 672 3646 711 recuso.

1670 939 2729 1075 ADMONITIO

1227 1156 1310 1219 IN
1350 1154 1652 1221 LIBRUM
1692 1155 1797 1217 DE
1840 1151 2047 1217 OCTO
2086 1152 2436 1219 DULCITII
2478 1152 3102 1230 QUESTIONIBUS.

534 803 3817 863 Μ

1983 1331 2353 1391 Μεῇβίθ)

614 1472 691 1528 De
717 1470 948 1527 Dulcitio
976 1472 1237 1543 primum,
1279 1474 1370 1545 qui
1406 1474 1528 1531 libri
1557 1474 1718 1545 hujus
1741 1475 2015 1532 scribendi
2038 1484 2406 1545 argumentum
2441 1474 2739 1546 Augustino
2766 1474 3018 1545 praebuit,
3060 1475 3189 1530 nulli
3220 1475 3524 1531 dubitamus
3548 1477 3676 1547 quin
3716 1478 3817 1536 ille

530 1564 647 1635 ipse
675 1564 746 1619 sit
771 1564 1012 1620 tribunus
1038 1573 1091 1619 et
1121 1565 1359 1621 notarius
1386 1566 1439 1621 in
1470 1566 1608 1624 libro
1629 1568 1667 1623 2
1705 1567 2191 1632 Retractationum,
2228 1582 2348 1637 cap.
2378 1568 2468 1631 59,
2504 1568 2767 1635 laudatus,
2795 1568 2887 1638 qui
2916 1568 3131 1624 circiter
3168 1584 3369 1624 annum
3399 1569 3523 1636 420,
3551 1569 3707 1626 sicuti
3738 1586 3810 1626 ex

530 1656 723 1712 eodem
752 1656 872 1712 loco
902 1657 1233 1727 intelligitur,
1263 1658 1315 1712 in
1342 1658 1522 1715 Africa
1551 1660 1777 1729 agebat,
1806 1660 1946 1715 datis
1969 1658 2039 1714 ab
2064 1658 2386 1727 imperatore
2416 1659 2651 1715 Honorio
2680 1667 2865 1714 contra
2893 1658 3197 1715 Donatistas
3224 1660 3428 1731 legibus
3452 1662 3820 1731 exsequendis

528 1749 833 1821 praefectus.
863 1750 945 1805 Ad
972 1752 1241 1820 eumdem,
1272 1768 1393 1811 cum
1420 1753 1633 1810 edoceri
1662 1763 1883 1825 cuperet
1908 1753 2042 1826 quid
2067 1754 2332 1809 haereticis
2360 1754 2465 1808 illis
2492 1753 2801 1823 responderi
2831 1761 3135 1822 oporteret,
3177 1755 3374 1824 scripta
3401 1753 3500 1809 fuit
3524 1754 3816 1824 Augustini

530 1841 759 1909 epistola
784 1840 928 1910 θοι,
954 1842 1039 1897 cui
1072 1843 1256 1899 titulus
1275 1887 1290 1911 ,
1328 1863 1348 1897 ι
1377 1845 1603 1902 Domino
1630 1844 1861 1913 eximio,
1897 1855 1952 1901 et
1980 1844 2279 1900 honorabili
2308 1845 2415 1899 tilio
2444 1845 2701 1911 Dulcitio,
2733 1863 2752 1898 ι
2788 1844 3095 1915 ρηίὶςὶιυτ.
3129 1845 3476 1901 Mercatorem
3503 1861 3696 1917 porro,
3726 1846 3817 1901 cui

528 1948 629 2003 per
652 1932 904 1989 Albinum
936 1935 1191 1990 Romana:
1233 1936 1487 1992 Ecclesia:
1516 1937 1821 2009 acolythum
1862 1951 1930 1993 ex
1961 1934 2139 1992 Africa
2185 1936 2609 2006 proﬁciscentem
2652 1936 2887 2002 litteras,
2934 1936 3036 1991 hoc
3072 1937 3125 1991 iu
3166 1950 3329 2005 opere
3366 1936 3433 1991 ad
3463 1939 3820 2008 quaestionem

529 2027 568 2081 '5
592 2026 800 2092 citatas,
828 2028 977 2083 misit
1004 2029 1350 2099 Augustinus,
1384 2030 1612 2085 Dulcitio
1639 2031 1975 2088 notissimum
2010 2028 2297 2085 credebat:
2331 2029 2677 2084 Laurentium
2707 2044 2837 2083 vero
2851 2025 2879 2093 ,'
2900 2028 2985 2083 cui
3012 2029 3161 2085 urbis
3190 2029 3375 2083 Romae
3404 2030 3711 2099 primicerio
3732 2029 3819 2084 in-

529 2119 784 2175 scribitur
808 2120 1018 2175 libellus
1045 2120 1216 2176 dictus
1244 2121 1613 2189 Enchiridion,
1646 2122 1858 2177 Dulcitii
1898 2121 2119 2178 fratrem
2172 2121 2258 2176 hic
2288 2120 2355 2175 ad
2384 2122 2731 2191 quaestionem
2760 2122 2784 2176 l
2821 2120 3156 2192 respondens
3179 2122 3436 2191 appellat.

603 2210 720 2267 1am
745 2210 815 2267 de
835 2211 1208 2282 subsequentis
1235 2213 1415 2283 operis
1440 2221 1616 2278 attate,
1646 2213 1697 2268 id
1724 2212 1943 2269 omnino
1971 2220 2211 2279 constat,
2249 2212 2451 2267 editum
2479 2226 2597 2268 esse
2622 2222 2747 2283 post
2770 2211 2970 2268 Christi
3010 2226 3208 2266 annum
3240 2212 3366 2279 419,
3399 2213 3507 2267 imo
3537 2221 3656 2282 post
3683 2212 3820 2288 4‘20;

532 2303 965 2375 quandoquidem
992 2306 1188 2361 citatus
1213 2305 1265 2359 in
1296 2306 1631 2377 lqumstionc
1656 2305 2145 2361 liberEnchiridion
2173 2320 2314 2359 anno
2360 2305 2459 2377 (uti
2483 2321 2580 2360 suo
2605 2306 2797 2362 dicturi
2827 2321 3013 2364 sumus
3038 2308 3198 2377 loco),
3230 2323 3335 2363 non
3364 2308 3511 2379 prius
3534 2307 3633 2362 421
3657 2304 3823 2376 prod-

532 2393 617 2448 iit.
677 2394 835 2449 Aliud
884 2395 1046 2450 etiam
1074 2411 1180 2451 non
1207 2395 1384 2451 minus
1410 2397 1595 2466 liquet,
1627 2397 1919 2467 perfectum
1946 2397 2151 2452 scilicet
2179 2394 2345 2452 fuisse
2368 2396 2640 2466 aliquanto
2668 2406 2795 2454 ante
2832 2414 3031 2454 annum
3059 2400 3195 2466 450;
3223 2400 3419 2470 quippe
3461 2412 3585 2454 cum
3630 2398 3682 2451 in
3712 2397 3825 2452 Re-

532 2486 910 2541 tractationum
941 2486 1090 2542 libris
1119 2502 1261 2541 anno
1288 2486 1400 2543 fere
1428 2487 1531 2542 427
1559 2488 1819 2543 absolutis
1840 2494 2207 2544 recenseatur.
2234 2486 2571 2557 Quapropter
2596 2486 3040 2568 haudOimmerito
3079 2499 3303 2545 censent
3324 2487 3698 2560 corrigendam
3737 2488 3824 2543 hic

532 2576 587 2630 in
612 2577 830 2632 exordio
853 2577 1218 2648 consignatam
1247 2578 1482 2649 (tametsi
1512 2578 1724 2635 codices
1750 2579 1931 2639 excusi
1958 2588 2014 2635 et
2037 2578 2221 2649 scripti
2248 2578 2493 2635 eamdem
2515 2594 2703 2637 omnes
2732 2580 2983 2653 habeant)
3015 2592 3193 2639 notam
3215 2582 3511 2649 Paschalis,
3535 2582 3688 2651 cujus
3716 2581 3824 2637 Do-

531 2666 787 2721 minicum
817 2681 884 2721 eo
908 2682 1049 2721 anno
1079 2683 1183 2738 quo
1213 2668 1405 2723 librum
1438 2668 1579 2724 hunc
1605 2670 1945 2728 concinnavit
1970 2670 2319 2740 Augustinus,
2358 2671 2410 2725 in
2443 2671 2655 2727 tertium
2683 2673 2933 2729 calendas
2957 2675 3141 2745 aprilis
3164 2675 3415 2731 incidisse
3444 2674 3639 2731 ferunt.
3668 2674 3727 2728 id
3751 2674 3827 2728 εἰς

532 2756 745 2825 quidem
775 2772 871 2827 per
895 2758 1259 2828 episcopatum
1291 2760 1575 2830 Augustini
1616 2777 1720 2817 non
1751 2762 1974 2833 contigit
2000 2777 2259 2833 unquam,
2288 2764 2389 2819 nisi
2415 2766 2570 2820 annis
2597 2766 2702 2823 419
2726 2776 2781 2822 et
2808 2768 2935 2834 450,
2962 2770 3155 2840 quibus
3183 2769 3321 2823 istud
3343 2769 3661 2840 opusculum
3688 2769 3826 2823 assio

531 2849 683 2917 gnari
709 2864 815 2903 non
842 2864 998 2919 posse
1019 2849 1173 2905 facile
1201 2851 1567 2905 concedimus.
1596 2852 1712 2906 Erit
1733 2852 1892 2924 igitur
1917 2868 2013 2922 pro
2041 2852 2108 2907 lll
2134 2853 2237 2907 cal.
2265 2854 2569 2925 legendum,
2593 2866 2649 2910 ut
2670 2858 2885 2928 quidam
2906 2859 3110 2925 volunt,
3144 2858 3233 2914 "Il
3254 2860 3357 2913 cal.
3390 2858 3593 2928 aprilis,
3618 2867 3674 2912 ut
3694 2872 3828 2928 Opus

533 2939 601 2993 ad
622 2939 944 2994 Mannum
975 2940 1267 3006 pertineat;
1300 2950 1392 2995 aut
1431 2952 1578 2997 certe
1604 2943 1969 3012 reponendum
2006 2943 2078 3005 XI
2103 2946 2205 3001 cal.
2238 2947 2440 3017 aprilis,
2473 2963 2580 3019 quo
2619 2949 2706 3005 die
2732 2950 2939 3006 Pascha
2978 2966 3119 3008 anno
3145 2951 3250 3008 425
3290 2952 3619 3009 celebratum
3648 2967 3680 3006 a
3710 2951 3828 3021 qui-

531 3032 761 3087 busdam
787 3030 1097 3087 Latinorum
1126 3032 1290 3088 fuisse
1315 3034 1505 3089 asserit
1527 3033 1843 3091 Eucherius.

614 3168 701 3227 In
728 3166 959 3231 librum
986 3169 1063 3232 de
1093 3174 1238 3231 octo
1264 3171 1523 3234 Dulcitii
1558 3172 2059 3252 Quaestionibus,
2092 3176 2232 3239 vide
2259 3176 2368 3241 lib.
2392 3177 2464 3253 2,
2499 3198 2633 3259 cap.
2671 3179 2773 3253 65,
2807 3181 3390 3254 Retractationum,
3430 3190 3577 3242 tom.
3612 3182 3670 3254 1,
3705 3179 3822 3241 cal.

532 3272 680 3350 656,
712 3295 753 3337 α
786 3274 990 3339 verbis
1013 3321 1028 3346 .
1060 3278 1253 3340 Liber
1278 3296 1472 3358 quem
1504 3281 1862 3358 pernotavi,
1895 3299 2089 3363 usque
2112 3282 2194 3345 ad
2220 3283 2424 3353 verba,
2458 3284 2579 3345 Fili
2606 3284 2865 3347 Dulciti.
3033 3285 3120 3346 M.

1216 3496 1576 3505 ..ρ-ἠ...-

1216 3496 1365 3504 .__..___
1534 3497 1576 3505 _

550 3489 3791 3550 Mam

839 3532 1577 3545 .—.__v—-—_—.———

1067 3538 3314 3803 SEEE—uflUGUSTINI
3368 3539 3427 3550 ﬁ

1536 3887 2304 3972 HIPPONENSIS
2338 3890 2873 3980 EPISCOPI

1796 4090 2037 4201 DE
2114 4088 2578 4203 θειτο

938 4313 1832 4464 DULCITII
1921 4313 3460 4497 QU/ESTIONIBUS

1850 4579 2127 4674 iiber
2174 4602 2395 4680 unus
2420 4569 2549 4676 (α).

1948 4755 2421 4815 i-‘QEQ—t

837 4035 888 4071 ’π

610 4900 921 4956 Panum.
948 4898 1213 4968 Quantum
1236 4896 1367 4953 mihi
1397 4896 1622 4960 videtur,
1638 4897 1981 4989 dilectissime
2006 4898 2022 4929 ι
2056 4897 2131 4953 ﬁli
2245 4908 2403 4963 tertio
2424 4910 2678 4968 calendas
2705 4915 2908 4984 aprilis,
2935 4931 2966 4971 a
3000 4915 3321 4989 Carthagine
3354 4919 3487 4974 mihi
3525 4921 3719 4978 missas
3751 4923 3838 4979 lit-

538 4989 868 5059 l)ulciti,non
892 4989 1095 5045 tardavi
1122 4990 1447 5060 respondere
1473 4988 1975 5059 interrogationibus
2004 4989 2129 5044 tuis.
2244 5010 2386 5057 teras
2416 5012 2518 5059 ιυτε
2538 5004 2839 5063 dilectionis
2866 5011 3067 5078 30,0ch
3097 4988 3223 5065 post
3243 5026 3336 5066 ρος,
3361 5022 3539 5065 amem
3568 5012 3686 5069 dies
3712 5029 3837 5069 san-

539 5084 857 5141 PerPascha
881 5086 1077 5157 quippe
1100 5084 1200 5141 hoc
1216 5099 1378 5151 anno,
1409 5097 1515 5153 quo
1537 5081 2010 5152 Dominicus'eius
2034 5082 2133 5139 ἷυίι
2252 5106 2367 5151 ctos
2410 5096 2690 5154 confestim
2729 5100 3100 5173 Carthaginem
3144 5118 3259 5159 sum
3302 5105 3614 5174 profectus:
3656 5108 3709 5162 in
3737 5122 3836 5178 qua

1780 5207 2040 5244 Αυκοιεῐτιο
2072 5209 2145 5243 PP.
2180 5206 2605 5243 BENEDICTINORUI.

602 5278 719 5341 Huic
733 5277 797 5327 de
821 5286 929 5341 octo
943 5280 1128 5331 Dulcitii
1146 5276 1821 5341 Quaestionibusemendando
1846 5276 1967 5341 libro
1984 5276 2183 5341 adhibiti
2206 5285 2318 5325 sunt
2337 5283 2535 5341 veteres
2551 5275 2759 5341 Vaticani
2789 5284 2892 5326 tres
2915 5277 3042 5336 libri,
3066 5280 3388 5334 corbcienses
3408 5282 3521 5341 duo,
3536 5285 3738 5334 totidem
3765 5287 3838 5334 γί-

539 5340 729 5410 ctorinj,
752 5340 922 5412 eodex_
932 5342 1122 5412 Regius,
1146 5336 1449 5402 Sorbonicus,
1468 5339 1797 5412 Floriaceusis,
1826 5339 2145 5412 Michaelinus,
2168 5346 2218 5387 et
2236 5336 2607 5412 unusEcelesiae
2631 5338 2982 5412 laudunensis;
3012 5342 3250 5412 lecti-ones
3266 5346 3411 5412 etiam
3432 5336 3680 5395 variantes
3695 5354 3838 5395 homo

539 5401 786 5467 Hiensium
807 5412 869 5448 ex
896 5398 1099 5467 Belgicis
1122 5411 1226 5452 Mss.
1250 5398 1483 5467 quatuor;
1510 5415 1566 5467 a_c
1588 5401 1785 5450 tandem
1811 5402 2054 5467 editiones
2087 5408 2184 5449 nat.
2212 5411 2311 5448 Am.
2347 5406 2419 5447 Er.
2452 5406 2504 5449 et
2542 5406 2671 5461 bov.,
2696 5401 2746 5449 id
2772 5410 2849 5451 est
2880 5398 3132 5465 Augustini
3169 5405 3234 5453 de
3270 5407 3538 5467 natispona,
3562 5411 3758 5457 Joannis
3778 5410 3839 5458 de

541 5416 783 5447 mensium
807 5416 869 5448 ex
897 5416 1099 5449 βθισιοιε
1122 5416 1226 5452 mss.
1348 5416 1483 5461 tuor;
1510 5416 1566 5451 ac
1588 5416 1785 5450 tandem
1811 5416 2053 5449 eumenes
2088 5416 2184 5449 nat.
2212 5416 2311 5448 am.
2347 5416 2419 5447 ur.
2452 5416 2504 5449 et
2542 5416 2671 5461 wv.,
2696 5416 2746 5449 tu
2772 5416 2849 5451 ρει
2880 5416 3132 5465 Αιιειιδιωι
3169 5416 3234 5453 ae
3270 5416 3538 5467 Itazmpona,

541 5461 827 5520 Amerbach,
849 5438 1085 5509 Desicferii
1106 5416 1379 5522 insumit
1398 5463 1753 5527 Theologoruut
1780 5463 2162 5512 lmaniensium.

621 5542 1138 5622 Comparavt'mus
1153 5553 1458 5624 praeterea
1486 5564 1583 5606 eas
1613 5565 1818 5607 omne:
1847 5546 2147 5609 editiones
2176 5545 2360 5607 initio
2397 5547 2563 5609 Retr.
2589 5553 2643 5606 et
2666 5541 2982 5617 Confess.,
3007 5557 3051 5609 t.
3088 5549 3146 5617 1,
3173 5557 3559 5613 memoratas.
3666 5552 3751 5617 Μ.

608 5666 625 5729 ξ
656 5664 845 5729 Aliquot
862 5670 994 5723 uss,
1014 5663 1305 5729 dulcissime.

608 5727 631 5789 ἓ
655 5733 705 5789 tn
728 5724 978 5789 plerisque
999 5734 1129 5785 Mss,
1155 5724 1475 5789 Dominicum.

610 5787 687 5850 (ο)
708 5787 921 5853 Scriptus
943 5788 1068 5840 forte
1090 5802 1168 5838 an.
1197 5788 1305 5849 422,
1330 5796 1411 5838 aut
1435 5787 1541 5837 423.
