4136 6520
328 394 429 459 162

327 510 540 566 civitate
565 502 707 560 nihil
737 517 824 559 me
848 502 1054 558 dictare
1077 497 1318 572 permisit
1338 497 1769 568 occupationum,
1801 511 1922 567 qua:

325 601 397 656 ibi
440 612 548 652 non
594 604 771 666 potest
797 591 1005 658 deesse,
1030 589 1197 647 nimia
1225 588 1530 645 multitudo.
1563 587 1669 643 Sed
1717 595 1930 657 postea-

323 705 483 761 quam
537 686 663 741 inde
716 699 994 755 regressus
1039 696 1192 749 sum,
1248 679 1480 752 peractis
1529 678 1671 749 apud
1720 686 1934 733 nostros

322 777 635 850 quindecim
666 776 878 843 diebus,
912 774 1002 844 qui
1033 788 1120 830 me
1149 781 1273 843 post
1298 770 1594 826 absentiam
1624 770 1931 825 diuturnam

324 886 522 926 curare
564 869 670 923 alia
700 867 1076 937 compulerunt
1117 864 1272 937 (nam
1291 872 1411 933 post
1432 871 1541 917 tres
1570 876 1786 917 menses
1812 859 1938 916 red-

325 962 409 1021 ire
462 960 761 1033 permissus
803 956 989 1028 sum);
1033 955 1335 1011 rescribere
1367 953 1468 1009 ista
1513 967 1619 1007 non
1647 951 1849 1018 distuli,
1882 958 1936 1005 et

329 1054 431 1109 abs
474 1062 527 1109 te
566 1051 748 1108 missis
780 1049 1187 1121 qumstionibus,
1216 1062 1335 1117 qua:
1377 1061 1407 1101 a
1456 1061 1544 1101 me
1587 1060 1684 1116 per
1725 1044 1935 1099 diversa

330 1145 589 1216 opuscula
646 1159 765 1199 mea
815 1142 926 1213 jam
979 1142 1191 1196 fuerant
1240 1147 1694 1211 pertractatas,“
1731 1137 1935 1193 eisdem

333 1236 609 1307 opusculis
637 1234 870 1291 reddere
901 1232 981 1287 vel
1023 1231 1351 1287 solutionem
1382 1229 1466 1284 vel
1494 1237 1641 1284 certe
1667 1228 1935 1298 discepta-

335 1330 539 1384 tionem
567 1341 764 1382 meam.
790 1324 1029 1391 Denique
1053 1321 1182 1377 illud
1214 1318 1607 1385 tantummodo,
1627 1318 1715 1372 ubi
1742 1317 1937 1389 quaeris

335 1435 503 1488 quare
532 1417 730 1474 dixerit
760 1416 1023 1471 Dominus
1052 1412 1305 1468 nimirum
1337 1411 1591 1482 praescius
1615 1409 1933 1475 futurorum,

335 1506 486 1579 Elegi
518 1507 684 1561 David
722 1504 1000 1561 secundum
1039 1520 1127 1558 cor
1171 1518 1341 1557 meum
1372 1500 1472 1573 (lll
1518 1499 1647 1571 Reg.
1684 1514 1797 1562 vm,
1822 1498 1933 1571 l6),

334 1616 463 1655 cum
494 1600 590 1655 ille
629 1598 754 1653 talia
790 1604 846 1653 et
889 1604 1036 1652 tanta
1064 1593 1413 1661 commiserit,
1440 1591 1530 1647 ubi
1570 1588 1933 1657 tractaverim,

335 1704 393 1753 et
425 1691 697 1765 quomodo
748 1691 801 1746 id
846 1688 1213 1761 exposuerim,
1246 1702 1352 1741 non
1406 1683 1549 1755 potui
1600 1684 1857 1755 reperire,
1883 1690 1939 1737 et

332 1795 516 1842 utrum
543 1784 614 1839 sit
652 1784 707 1838 in
735 1782 916 1852 aliquo
937 1780 1075 1837 libro
1105 1792 1227 1834 meo
1254 1777 1336 1833 vel
1368 1773 1594 1846 epistola
1622 1773 1827 1829 nescio.
1858 1772 1937 1828 Ac

332 1894 433 1949 per
476 1875 583 1931 hoc
609 1872 859 1946 quoniam
899 1870 1030 1925 mihi
1060 1869 1129 1925 de
1168 1870 1271 1923 hoc
1314 1865 1538 1922 intulisti
1566 1879 1718 1919 nova:
1747 1863 1935 1933 dispu-

332 1967 558 2025 talionis
588 1964 984 2029 necessitatem,
1017 1961 1069 2015 in
1098 1960 1201 2015 hac
1228 1972 1347 2014 mea
1379 1956 1731 2027 rescriptione
1768 1954 1820 2009 id
1849 1954 1936 2009 ul-

333 2060 525 2113 timum
554 2055 676 2121 feci,
708 2055 856 2125 prius
887 2052 1072 2107 volens
1100 2066 1165 2107 ea
1204 2063 1403 2121 ponere
1428 2063 1549 2119 quae
1591 2046 1850 2103 habebam
1881 2047 1935 2101 in

332 2150 456 2206 aliis
488 2148 625 2204 meis
653 2144 1015 2201 voluminibus
1054 2149 1349 2214 praeparata
1374 2158 1388 2196 :
1416 2148 1477 2196 ut.
1504 2154 1604 2196 nec
1630 2139 1807 2196 studio
1831 2146 1937 2195 tute

332 2240 633 2297 sanctitatis
680 2238 986 2305 deessem‘,
1036 2235 1179 2307 quod
1232 2235 1363 2290 mihi
1410 2243 1495 2291 est
1541 2233 1932 2305 gratissimum;

334 2348 437 2389 nec
458 2332 564 2386 alio
590 2329 754 2386 modo
773 2328 962 2385 eadem
993 2327 1175 2385 dicere
1203 2341 1448 2397 cogerer,
1472 2325 1614 2398 quod
1642 2325 1775 2381 mihi
1795 2333 1937 2381 esset

333 2422 836 2488 laboriosissimum,
870 2429 1041 2476 necte
1069 2419 1245 2490 aliquo
1267 2417 1495 2489 amplius
1519 2416 1815 2487 adjuvaret.

332 2516 588 2587 Quasrto
625 2531 807 2570 PBIIA.
840 2543 914 2559 --
948 2511 1028 2567 An
1054 2511 1595 2584 baptisatipeccatores
1616 2509 1801 2564 exituri
1834 2509 1936 2564 sint

405 2611 469 2665 de
496 2611 744 2682 gehenna.
782 2607 949 2663 Locus
980 2605 1211 2677 Apostoli
1236 2605 1452 2677 difﬁcilis
1476 2604 1608 2659 male
1631 2602 1933 2659 intellectus.

407 2703 682 2775 Rcfutatur
710 2694 883 2772 opinio
925 2698 1322 2756 existimantium
1364 2698 1519 2767 ﬁdem
1557 2696 1669 2752 sine
1698 2694 1934 2767 operibus

409 2796 646 2867 prodesse
669 2795 737 2848 ad
765 2794 1002 2850 salutent.
1031 2791 1198 2847 Locus
1224 2790 1475 2863 Apostoli,
1502 2787 1755 2862 quomodo
1778 2788 1931 2843 intel-

408 2887 662 2958 ligendus.
686 2885 830 2940 Alius
858 2884 1088 2954 Apostoli
1110 2882 1252 2937 locus
1280 2885 1473 2955 frustra
1490 2879 1554 2934 ab
1578 2880 1641 2935 iis
1660 2878 1932 2947 adductus,

402 2979 491 3048 qui
536 2979 691 3049 ﬁdem
728 2978 837 3032 sine
879 2975 1115 3047 operibus
1153 2974 1350 3028 salvare
1387 2973 1587 3026 docent.
1631 2966 1937 3026 Chartam

404 3070 534 3141 ﬁdes
559 3071 724 3141 qualis
767 3069 979 3125 laudata
1004 3077 1097 3122 est.
1132 3065 1322 3138 Opinio
1359 3063 1717 3137 quorumdam,
1759 3062 1935 3133 ﬁdeles

406 3163 711 3233 baptizatos,
734 3161 1055 3229 quantumvis
1081 3167 1390 3230 peccatores,
1418 3156 1691 3212 salvandos
1718 3171 1827 3210 esse
1845 3170 1936 3226 per

402 3253 594 3321 ignem.
637 3250 787 3324 Ignis
835 3252 1084 3323 cujusque
1134 3265 1263 3319 opus
1308 3247 1526 3320 probans
1568 3247 1624 3302 in
1674 3246 1771 3301 hac
1807 3246 1932 3301 vita.

404 3344 747 3416 Purgatorius
774 3345 905 3415 ignis
935 3353 1049 3415 post
1077 3342 1210 3397 hanc
1235 3342 1409 3398 vitam.

403 3440 459 3493 1.
500 3437 683 3492 Prima
730 3436 910 3506 itaque
953 3433 1248 3506 propositio
1277 3441 1367 3488 tua
1410 3440 1514 3499 est,
1553 3449 1573 3484 ι
1619 3429 1810 3488 Utrum
1838 3430 1936 3486 ali-

332 3530 575 3603 quando,
620 3530 710 3601 qui
746 3536 872 3585 sunt
913 3536 1036 3599 post
1083 3526 1410 3597 Baptismum
1457 3532 1804 3597 peccatores,
1834 3537 1937 3580 ex-

340 3634 471 3680 eant
496 3622 567 3679 de
597 3622 863 3693 gehenna.
900 3621 1311 3692 Aliquantorum
1351 3633 1584 3690 namque
1623 3630 1790 3689 super
1808 3615 1932 3685 hoc,

338 3715 545 3787 inquis,
582 3714 796 3771 diversa
836 3712 1102 3771 sententia
1140 3719 1257 3780 est,
1295 3709 1734 3782 respondentium
1756 3751 1770 3776 ,
1797 3709 1937 3764 sicut

326 3806 595 3879 iustorum
635 3805 950 3876 prtemium,
985 3804 1058 3860 ita
1104 3810 1446 3875 peccatorum
1499 3802 1660 3859 linem
1699 3816 1808 3857 non
1834 3799 1934 3856 ha-

328 3898 462 3955 bere
496 3906 784 3953 tormenta.
818 3898 1143 3952 Asseverare
1184 3894 1385 3951 etenim
1415 3892 1637 3964 cupiunt
1680 3900 1789 3947 tam
1813 3906 1937 3962 per.

329 4000 513 4063 pelem
554 3989 840 4046 vindictam
893 4004 1148 4057 manere,
1185 4002 1345 4058 quam
1402 3985 1703 4057 praemium.
1732 3983 1936 4055 Quibus

330 4092 525 4139 contra
569 4081 930 4153 prazscribitur
970 4078 1276 4152 evangelica
1329 4078 1417 4133 illa
1476 4076 1767 4143 sententia,
1814 4091 1934 4147 qua:

328 4175 427 4243 ait,
473 4173 596 4228 Non
640 4173 761 4227 inde
801 4172 956 4239 exies,
996 4171 1156 4227 donec
1202 4169 1388 4226 reddas
1449 4169 1774 4225 novissimum
1805 4183 1936 4238 qua-

330 4268 566 4324 drantem
609 4264 827 4337 (Matth.
866 4279 925 4331 'v,
963 4260 1081 4334 26).
1129 4261 1386 4333 Superest
1425 4275 1554 4333 ergo
1589 4269 1647 4315 ut
1673 4259 1776 4315 hoc
1810 4257 1934 4315 red-

329 4358 443 4414 dito
485 4358 655 4428 possit
695 4357 862 4412 exire.
906 4354 1193 4411 Credimus
1232 4353 1345 4413 hoc,
1378 4362 1433 4408 et
1461 4351 1704 4422 Apostoli
1747 4349 1937 4405 delini-

329 4451 479 4506 tione
514 4449 742 4504 dicentis
768 4489 783 4513 ,
824 4446 945 4519 Ipse
978 4454 1146 4499 autem
1170 4445 1342 4508 salvus
1364 4444 1479 4506 erit,
1501 4443 1574 4497 sic
1593 4450 1760 4499 tamen
1784 4441 1931 4511 quasi

332 4558 422 4612 per
459 4542 629 4613 ignem
669 4538 721 4612 (l
762 4538 879 4594 Cor.
920 4536 1146 4607 111,15).
1188 4534 1296 4593 Sed
1332 4535 1584 4606 quoniam
1634 4533 1760 4588 alibi
1798 4533 1933 4604 legi-

330 4649 489 4700 mus,
553 4631 766 4702 inquis,
803 4629 871 4684 Et
926 4645 1025 4687 non
1078 4626 1308 4698 cognovit
1346 4642 1480 4691 eam,
1524 4624 1682 4680 donec
1742 4623 1937 4695 peperit

326 4722 548 4791 (JIatth.
586 4738 625 4788 ι,
652 4720 777 4792 25),
810 4719 953 4791 quod
992 4719 1064 4773 ita
1094 4716 1434 4788 interpretari
1456 4730 1563 4772 non
1606 4729 1926 4787 possumus;

326 4817 533 4877 idcirco
565 4815 634 4871 de
677 4815 779 4870 hoc
816 4814 1060 4884 cupimus
1102 4810 1215 4866 fieri
1244 4811 1525 4868 certiores.
1561 4828 1582 4863 ι
1610 4807 1726 4865 Huc
1766 4821 1935 4879 usque

325 4921 414 4966 cst
440 4909 741 4981 propositio
769 4917 881 4962 tua.

400 5002 457 5055 2.
498 5000 597 5055 Cui
638 4998 942 5069 respondeo
979 5012 1044 5054 ex
1092 4997 1230 5053 libro
1267 5011 1412 5064 meo,
1453 4994 1929 5067 quiinscribitur,

326 5094 398 5149 de
427 5091 562 5148 Fide
604 5100 660 5147 et
682 5090 970 5161 Operibus,
1000 5089 1090 5159 ubi
1121 5089 1188 5144 de
1214 5088 1316 5144 hac
1354 5104 1413 5144 re
1439 5087 1509 5142 ita
1539 5087 1750 5143 locutus
1776 5101 1893 5141 sum
1918 5104 1933 5141 :

332 5205 353 5237 ε
402 5183 657 5251 Jacobus,
687 5183 926 5253 inquam,
957 5190 1065 5236 tam
1092 5180 1442 5244 vehementer
1484 5178 1708 5234 infestus
1735 5186 1819 5233 est
1856 5178 1937 5231 eis

325 5277 417 5346 qui
445 5276 666 5346 sapiunt
695 5272 857 5332 fidem
883 5272 1003 5335 sine
1023 5271 1278 5341 operibus
1300 5270 1490 5325 valere
1509 5269 1578 5324 ad
1600 5270 1855 5335 salutem,
1876 5277 1937 5323 ut

326 5371 452 5424 iilos
493 5367 655 5423 etiam
694 5365 1037 5421 damonibus
1066 5372 1363 5433 comparet,
1395 5362 1602 5425 dicens,
1632 5360 1712 5415 Tu
1740 5361 1929 5423 credis,

323 5460 572 5533 quoniam
608 5474 742 5513 unus
778 5466 852 5512 est
886 5456 1056 5512 Deus:
1082 5456 1205 5511 bene
1248 5454 1407 5526 facis;
1450 5465 1495 5507 et
1534 5454 1787 5507 daemones
1824 5468 1934 5506 cre-

326 5555 477 5616 dunt,
508 5560 557 5605 et
603 5549 1013 5605 contremiscunt.
1064 5546 1203 5616 Quid
1250 5544 1488 5610 brevius,
1520 5544 1721 5609 verius,
1764 5545 1932 5598 vehe-

327 5646 567 5703 mentius
592 5643 697 5699 dici
724 5642 917 5713 potuit,
941 5656 1065 5698 cum
1086 5648 1142 5698 et
1169 5640 1223 5696 in
1250 5637 1544 5708 Evangelio
1574 5635 1812 5707 legamus
1835 5636 1935 5691 hoc

326 5737 533 5794 dixisse
561 5732 851 5799 daemonia,
877 5746 999 5788 cum
1029 5730 1302 5787 Christum
1334 5728 1530 5785 Filium
1575 5727 1665 5782 Dei
1705 5728 1933 5782 confitc-

328 5836 537 5895 rentur,
582 5834 640 5882 et
681 5824 752 5881 ab
799 5823 891 5879 illo
928 5823 1330 5895 corriperentur
1382 5820 1573 5894 (Marc.
1623 5836 1659 5887 ι,
1691 5820 1779 5883 26,
1812 5819 1931 5889 c25),

388 5920 402 5951 ¹
448 5920 694 5978 Potiorcs
719 5920 865 5989 Mss,
897 5922 1129 5977 deesset.

1763 383 1934 437 UBE!

2042 384 2215 439 INUS‘.
3535 394 3632 448 ιςθ

2042 497 2183 567 quod
2224 498 2275 554 in
2308 496 2450 553 Petri
2477 497 2813 556 confessione
2844 500 3116 558 laudatum
3154 511 3237 559 est
3277 500 3489 578 (Matth.
3521 523 3631 569 xvi.

2045 590 2132 653 l6,
2166 587 2297 658 i7)?
2342 588 2477 655 Quid
2519 590 2763 661 proderit,
2802 592 2877 647 ait
2924 592 3175 661 Jacobus,
3220 596 3407 665 fratres
3438 600 3551 663 mei,
3591 602 3634 653 si

2043 679 2195 747 ﬁdem
2220 680 2356 734 dicat
2381 697 2435 735 se
2477 682 2589 752 quis
2615 682 2814 749 habere,
2847 700 3001 754 opera
3048 697 3216 741 autem
3258 704 3358 743 non
3406 690 3631 746 habeat?
3705 679 3708 683 ’

2045 769 2312 841 Numquid
2338 774 2520 843 poterit
2548 774 2677 842 ﬁdes
2704 776 2901 829 salvare
2939 779 3096 832 eum?
3142 779 3277 833 Dicit
3301 780 3484 848 etiam,
3513 785 3631 851 quia

2043 864 2170 933 ﬁdes
2197 865 2306 919 sine
2333 866 2567 935 operibus
2595 877 2794 922 mortua
2822 878 2895 923 est
2929 868 3129 941 (Jacobi
3160 888 3217 939 ιι,
3251 874 3339 939 l9,
3394 875 3478 939 M,
3511 876 3627 947 20).

2042 954 2331 1026 Quousque
2358 972 2486 1027 ergo
2530 958 2802 1026 falluntur,
2836 960 2924 1031 qui
2960 960 3028 1017 de
3056 960 3159 1019 fide
3188 975 3396 1020 mortua
3425 967 3523 1023 sibi
3554 970 3633 1022 vi-

2044 1055 2167 1133 tam_
2182 1058 2494 1119 perpetuam
2528 1050 2850 1120 pollicentur
2871 1053 2894 1104 ?

2115 1141 2169 1195 5.
2216 1159 2235 1193 ι
2268 1141 2609 1213 Quapropter
2634 1143 2918 1215 diligenter
2947 1154 3159 1217 oportet
3187 1149 3462 1204 attendere
3496 1166 3631 1219 quo-

2043 1230 2205 1287 modo
2222 1233 2531 1304 accipienda
2554 1234 2623 1290 sit
2646 1236 2873 1305 apostoli
2895 1236 3043 1291 Pauli
3064 1237 3150 1292 illa
3176 1242 3459 1306 sententia,
3477 1242 3641 1311 plane-

2043 1322 2111 1377 ad
2158 1324 2562 1395 intelligendum
2609 1325 2872 1393 dilIicilis,
2925 1327 3011 1384 ubi
3050 1329 3125 1384 ait
3163 1347 3177 1385 :
3218 1328 3641 1398 Fundamentum

2044 1416 2175 1469 enim
2198 1416 2341 1471 aliud
2363 1433 2509 1472 nemo
2537 1428 2698 1489 potest
2728 1436 2931 1490 ponere,
2950 1430 3135 1490 printer
3167 1421 3223 1475 id
3244 1422 3382 1493 quod
3413 1425 3632 1495 positum

2044 1516 2137 1571 est,
2166 1508 2300 1578 quod
2326 1516 2403 1562 est
2430 1508 2659 1564 Christus
2695 1510 2865 1565 Iesus.
2902 1511 2965 1567 Si
3000 1513 3111 1581 quis
3155 1522 3324 1569 autem
3352 1516 3632 1587 supertedi-

2044 1598 2163 1667 ﬁcat
2187 1615 2342 1667 super
2366 1600 2748 1671 fundamentum
2769 1602 2882 1668 hoc,
2903 1620 3104 1668 aurum,
3130 1616 3418 1676 argentum,
3438 1608 3641 1678 lapides

2044 1689 2309 1759 pretiosos,
2348 1692 2510 1763 ligna,
2543 1696 2735 1764 fenum,
2775 1694 3035 1763 stipulam,
3070 1697 3468 1770 uniuscujusque
3504 1716 3645 1772 Opus

2044 1782 2465 1851 manifestabitur.
2492 1782 2614 1839 Dies
2641 1786 2773 1839 enim
2800 1786 3095 1855 declarabit,
3125 1789 3247 1859 quia
3272 1790 3325 1845 in
3350 1791 3466 1863 igne
3489 1808 3627 1847 reve-

2044 1872 2249 1940 labitur,
2277 1884 2322 1929 et
2348 1876 2742 1948 uniuscujusque
2769 1894 2897 1949 opus
2935 1879 3084 1947 quale
3123 1881 3188 1934 sit
3216 1882 3349 1953 ignis
3379 1885 3630 1953 probabit.

2046 1962 2109 2020 Si
2135 1967 2283 2037 cujus
2326 1984 2455 2038 opus
2494 1968 2755 2037 manserit,
2788 1969 2924 2041 quod
2962 1971 3409 2043 supersedi/ienuit,
3440 1993 3633 2032 merce-

2043 2055 2159 2110 dem
2200 2057 2434 2128 accipiet.
2481 2059 2543 2115 Si
2589 2060 2734 2128 cujus
2780 2070 2947 2115 autem
2993 2078 3120 2132 apus
3157 2065 3357 2133 arserit,
3390 2065 3636 2123 damnum

2043 2149 2302 2220 patietur:
2334 2150 2446 2220 ipse
2485 2160 2653 2206 amem
2681 2152 2850 2207 salvus
2883 2153 2997 2220 erit,
3037 2154 3111 2209 sic
3153 2164 3321 2210 tamen
3357 2160 3505 2229 quasi
3547 2176 3636 2229 per

2042 2240 2208 2313 ignem
2239 2242 2293 2314 (l
2319 2242 2437 2299 Cor.
2468 2259 2548 2314 ιιι,
2598 2242 2814 2319 11-15).
2857 2245 3011 2314 Quod
3058 2247 3274 2318 quidam
3317 2250 3389 2305 ita
3438 2250 3636 2307 intelli-

2041 2331 2273 2404 gendum
2301 2343 2511 2404 putant,
2541 2344 2599 2390 ut
2630 2335 2709 2391 illi
2736 2334 3022 2393 videantur
3045 2339 3309 2396 aediﬁcare
3340 2355 3503 2412 super
3531 2341 3635 2399 hoc

2044 2420 2475 2493 fundamentum,
2513 2440 2727 2494 aurum,
2768 2436 3071 2498 argentum,
3103 2429 3308 2500 lapides
3346 2432 3633 2501 pretiosos,

2040 2515 2132 2586 qui
2158 2514 2282 2571 fidei
2302 2532 2423 2586 qua:
2448 2517 2502 2572 in
2519 2516 2737 2574 Christo
2756 2529 2857 2585 est,
2880 2518 3021 2575 bona
3048 2535 3211 2590 opera
3233 2521 3524 2591 adjiciunt;
3559 2525 3633 2579 illi

2041 2614 2221 2662 autem
2249 2606 2451 2677 fenum,
2470 2609 2632 2680 ligna,
2655 2610 2929 2679 stipulam,
2946 2610 3178 2682 quicum
3202 2612 3445 2668 eamdem
3473 2614 3635 2671 fidem

2043 2697 2299 2767 habeant,
2317 2701 2457 2757 male
2476 2710 2786 2772 operantur.
2814 2701 2967 2759 Unde
2988 2702 3319 2759 arbitrantur
3346 2720 3444 2776 per
3468 2721 3632 2776 quas.

2042 2788 2166 2847 dam
2207 2806 2394 2862 pmnas
2424 2793 2561 2863 ignis
2580 2808 2674 2849 eos
2700 2808 2856 2863 posse
2879 2795 3095 2866 purgari
3118 2794 3188 2851 ad
3208 2795 3433 2852 salutem
3462 2799 3634 2868 perci-

2042 2881 2293 2953 piendam
2323 2884 2517 2939 merito
2544 2884 2894 2941 fundamenti.

2114 2976 2170 3031 4.
2215 2994 2236 3029 ι
2276 2976 2389 3033 Hoc
2413 2977 2459 3032 si
2490 2977 2561 3032 ita
2590 2987 2691 3044 est,
2716 2977 2946 3034 fatemur
2986 2979 3118 3034 istos
3160 2978 3412 3035 laudabili
3455 2981 3633 3037 chari-

2043 3074 2153 3125 tate
2179 3068 2386 3135 conari,
2418 3077 2477 3123 ut
2514 3082 2704 3123 omnes
2734 3068 3021 3125 indiscrete
3058 3068 3407 3125 admittantur
3434 3070 3501 3126 ad
3533 3070 3633 3125 Ba-

2042 3161 2320 3233 ptismum,
2368 3176 2477 3216 non
2529 3161 2705 3217 solum
2757 3160 2985 3217 adulteri
3036 3170 3091 3217 et
3140 3162 3416 3230 adulterzn,
3447 3172 3643 3220 contra;

2042 3254 2362 3309 sententiam
2390 3253 2601 3309 Domini
2629 3253 2792 3309 falsas
2822 3254 3036 3324 nuptias
3074 3253 3504 3326 praetendentes;
3536 3270 3632 3311 ve-

2041 3360 2163 3400 rum
2198 3345 2361 3401 etiam
2393 3344 2620 3415 publieae
2660 3344 2972 3401 meretrices
3009 3344 3063 3399 in
3094 3345 3399 3415 turpissima
3431 3344 3634 3417 profes-

2042 3437 2197 3493 sione
2221 3444 2653 3508 perseverantes,
2670 3450 2804 3507 quas
2827 3443 2975 3494 certe
3002 3436 3165 3492 etiam
3193 3436 3337 3491 nulla
3361 3438 3636 3509 negligen-

2042 3526 2252 3582 tissima
2302 3526 2541 3583 Ecclesia
2598 3526 2882 3583 consuevit
2924 3525 3231 3595 admittere,
3276 3527 3379 3582 nisi
3424 3528 3493 3582 ab
3544 3528 3633 3583 illa

2042 3621 2692 3695 primitusprostitutione
2719 3620 2991 3677 liberatas.
3019 3619 3125 3676 Sed
3169 3620 3270 3675 ista
3308 3620 3516 3676 ratione
3540 3635 3636 3676 cur

2042 3728 2153 3771 non
2175 3712 2488 3769 omnimodo
2514 3713 2886 3779 admittantur,
2916 3713 3135 3769 omnino
3162 3727 3268 3768 non
3296 3712 3472 3768 video.
3504 3713 3636 3780 Quis

2041 3806 2187 3861 enim
2228 3820 2335 3861 non
2379 3806 2530 3861 malit
2553 3819 2646 3861 eas
2689 3805 2866 3876 posito
2914 3803 3284 3869 fundamento,
3317 3804 3443 3860 licet
3468 3803 3631 3875 ligna,

2043 3895 2226 3952 fenum
2250 3904 2306 3953 et
2327 3894 2576 3967 stipulam
2608 3902 2923 3966 congerant,
2946 3895 3221 3965 aliquanto
3247 3904 3395 3950 certe
3423 3894 3635 3950 diutur-

2042 3990 2197 4047 niore
2245 3990 2367 4061 igne
2414 3989 2651 4060 purgari,
2684 4002 2845 4059 quam
2890 3987 2947 4042 in
2975 3996 3234 4042 aeternum
3281 3987 3498 4058 perire?
3538 3988 3635 4046 sed

2043 4081 2176 4137 falsa
2215 4090 2371 4141 erunt
2417 4082 2528 4148 illa,
2559 4096 2679 4151 qua:
2708 4080 3086 4137 obscuritatem
3129 4080 3634 4152 ambiguitatemque

2042 4188 2150 4229 non
2183 4172 2382 4227 habent
2411 4189 2423 4226 :
2459 4172 2523 4227 Si
2561 4170 2774 4227 habeam
2810 4188 3007 4226 omnem
3037 4172 3211 4242 ﬁdem,
3240 4173 3311 4226 ita
3359 4182 3413 4227 ut
3442 4185 3636 4228 montes

2042 4267 2366 4337 transferam,
2406 4263 2702 4318 charitatem
2745 4272 2910 4317 autem
2953 4280 3055 4317 non
3101 4262 3332 4331 habeam,
3367 4264 3496 4318 nihil
3522 4281 3636 4318 sum

2043 4354 2166 4427 (Id.
2221 4372 2339 4423 xm,
2389 4355 2483 4425 2);
2531 4364 2615 4424 et,
2669 4355 2825 4423 Quid.
2860 4354 3114 4426 proderit,
3174 4355 3360 4424 fratres
3416 4355 3536 4421 mei,
3584 4356 3630 4409 si

2042 4448 2199 4520 ﬁdem
2236 4449 2349 4521 quis
2382 4448 2517 4502 dicat
2553 4464 2607 4503 se
2648 4448 2851 4513 habere,
2874 4465 3029 4519 opera
3065 4458 3235 4502 autem
3272 4465 3373 4502 non
3414 4447 3637 4503 habeat?

2045 4540 2312 4611 Numquid
2365 4542 2547 4611 poterit
2595 4540 2723 4609 ﬁdes
2768 4540 2968 4595 salvere
3002 4540 3162 4594 eum?
3208 4538 3423 4594 Falsum
3454 4539 3557 4595 erit
3583 4549 3639 4593 et

2043 4632 2207 4688 illud:
2254 4630 2430 4687 Nolite
2470 4648 2678 4697 errare;
2702 4648 2860 4701 neque
2904 4632 3252 4703 fornicatores,
3285 4648 3442 4703 neque
3486 4631 3639 4686 idolis

2040 4724 2330 4791 servientes,
2372 4739 2533 4793 neque
2574 4724 2730 4793 fures,
2775 4739 2934 4794 neque
2982 4724 3143 4790 avari,
3192 4739 3349 4793 neque
3394 4722 3634 4788 adulteri,

2042 4831 2202 4886 neque
2244 4814 2443 4881 molles,
2488 4830 2646 4884 neque
2686 4815 3026 4869 masculorum
3073 4814 3435 4878 concubitores,
3478 4828 3639 4884 neque

2041 4906 2255 4973 ebriosi,
2308 4921 2467 4977 neque
2514 4905 2769 4969 maledici,
2816 4922 2973 4978 neque
3018 4921 3230 4975 rapaces
3285 4920 3493 4975 regnum
3542 4902 3639 4957 Dei

2043 4994 2367 5067 possidebunt
2389 4994 2500 5067 (Id.
2532 5011 2605 5062 νι,
2623 4996 2676 5061 9,
2702 4996 2811 5064 10).
2837 4994 3051 5051 Falsum
3081 5002 3135 5048 et
3153 4992 3283 5047 illud
3309 5011 3323 5047 :
3357 4992 3637 5065 Manifesta

2040 5097 2159 5144 sunt
2186 5102 2341 5159 opera
2369 5088 2559 5153 carnis,
2596 5101 2709 5157 quia
2735 5097 2850 5140 sunt
2879 5085 3258 5157 fornicationes,
3280 5084 3634 5154 immunditiat,

2041 5178 2378 5251 impudicitia,
2407 5179 2632 5243 luxuria,
2666 5176 2920 5229 idolorum
2964 5175 3201 5242 servitus,
3244 5176 3501 5247 veneﬁcia,
3534 5178 3639 5232 ini-

2042 5271 2266 5338 micitiae,
2302 5270 2661 5334 contentiones,
2701 5266 3071 5333 wntulationes,
3118 5268 3482 5335 animositates,
3535 5270 3637 5325 dis-

2042 5362 2295 5416 sensiones
2317 5400 2333 5425 ,
2359 5360 2574 5414 hwreses
2608 5398 2623 5422 ,
2651 5355 2887 5421 invidie,
2915 5356 3195 5425 ebrietates,
3229 5359 3639 5423 comessationes,

2044 5464 2089 5508 ct
2116 5454 2193 5507 his
2217 5453 2425 5517 similia,
2453 5466 2568 5523 qua:
2598 5450 2819 5521 praedico
2846 5450 3003 5513 vobis,
3027 5451 3157 5505 sicut
3183 5462 3231 5505 et
3254 5452 3490 5521 pradixi,
3516 5468 3641 5520 quo.

2042 5547 2181 5600 niam
2208 5545 2294 5615 qui
2322 5544 2446 5598 talia
2474 5550 2653 5613 agunt,
2676 5558 2887 5614 regnum
2914 5542 3009 5597 Dei
3032 5558 3137 5597 non
3160 5542 3487 5615 possidebunt
3514 5542 3643 5614 (Ga-

2043 5639 2133 5693 lat.
2157 5654 2213 5704 v,
2237 5637 2448 5708 19-21).
2482 5636 2636 5691 Falsa
2664 5643 2823 5692 erunt
2848 5636 2984 5691 haec.
3007 5634 3067 5691 Si
3092 5636 3236 5691 enim
3270 5634 3639 5691 tantummodo

2042 5731 2265 5788 credant
2296 5740 2351 5785 ct
2376 5731 2726 5800 haptizcntur,
2759 5729 3001 5800 quamvis
3027 5727 3081 5783 in
3107 5728 3261 5783 malis
3292 5727 3487 5784 talibus
3518 5742 3637 5797 per-

2043 5832 2317 5890 severent,
2336 5822 2467 5877 salvi
2490 5831 2649 5877 erunt
2674 5838 2769 5892 per
2794 5824 2968 5894 ignem
2992 5839 3005 5876 :
3025 5831 3181 5893 atque
3204 5820 3326 5878 ideo
3344 5822 3395 5877 in
3413 5820 3634 5875 Christo

2046 5920 2133 5992 ba;
2153 5914 2319 5988 ticali,
2347 5914 2514 5973 etiam
2538 5920 2624 5990 qui
2656 5918 2777 5975 talia
2808 5925 2990 5990 agunt,
3021 5931 3240 5989 regnum
3268 5915 3359 5974 Dei
3395 5913 3629 5987 posside~
