4136 6518
556 386 649 444 IS!

546 505 698 560 bunt.
750 501 963 555 Frustra
995 510 1171 553 autem
1202 499 1414 563 dicitur,
1451 499 1513 553 Et
1544 502 1651 555 ha'c
1691 502 1889 567 quidem
1937 504 2120 573 fuistis,

543 597 635 650 sed
660 595 816 648 abluti
845 594 962 647 estis
995 591 1044 662 (Ι
1072 592 1189 647 Cor.
1218 608 1293 657 τι,
1327 593 1449 663 11);
1482 593 1694 662 quando
1725 604 1779 648 et
1806 595 1971 650 abluti
2013 595 2127 651 haec

540 696 684 742 sunt.
727 686 957 740 lnanitcr
982 684 1142 739 etiam
1185 684 1317 739 illud
1351 699 1381 737 a
1410 684 1568 739 Petro
1594 685 1795 739 dictum
1838 685 2122 751 videbitur,

539 778 635 833 Sic
668 786 716 832 et
759 793 846 831 vos
892 776 1047 830 simili
1098 778 1265 847 forma
1305 775 1567 843 Baptisma
1608 777 1772 831 salsos
1820 777 1980 848 facit;
2022 794 2127 833 non

537 870 708 925 carnis
740 868 989 937 depositio
1014 868 1260 934 sordium,
1282 868 1370 923 sed
1395 868 1713 925 conscientia
1739 868 1883 925 bona
1904 869 2121 923 interro-

538 965 674 1034 gatio
703 963 757 1033 (l
790 962 932 1016 Petr.
965 976 1045 1029 tu,
1074 961 1207 1032 2|);
1250 962 1297 1016 si
1327 961 1541 1031 quidem
1583 971 1637 1015 et
1664 961 1920 1017 habentes
1950 961 2121 1031 pessi-

536 1070 657 1110 mas
700 1054 1055 1109 conscientias
1104 1053 1343 1109 omnium
1398 1052 1719 1122 ﬂagitiorum
1756 1061 1811 1108 et
1858 1052 2121 1109 scelerum

533 1148 746 1218 plenas,
774 1161 875 1202 nec
901 1160 1084 1201 eorum
1111 1145 1370 1199 malorum
1400 1144 1709 1215 pmnitentia
1759 1152 2010 1210 mutatas,
2043 1152 2122 1198 ta-

534 1254 663 1293 men
701 1237 972 1307 Baptisms
1018 1236 1193 1291 salvos
1242 1236 1413 1291 facit:
1453 1244 1673 1305 preptcr
1715 1234 2116 1290 fundamentum

533 1331 681 1384 enim
710 1329 852 1399 quod
894 1328 949 1383 in
989 1327 1177 1383 eodem
1220 1327 1547 1397 Baptismate
1597 1326 1830 1395 ponitur,
1869 1326 1996 1381 licet
2022 1340 2119 1396 per

535 1420 740 1490 ignem,
786 1419 922 1474 salvi
951 1427 1125 1475 erunt.
1154 1417 1288 1473 illud
1310 1432 1521 1488 quoque
1548 1431 1656 1471 non
1682 1416 1836 1471 video
1873 1432 1971 1472 cur
2008 1417 2115 1470 Do-

534 1511 716 1566 minus
738 1509 950 1575 dixerit,
978 1508 1041 1565 Si
1064 1510 1139 1565 vis
1179 1509 1347 1563 venire
1371 1509 1439 1561 ad
1480 1508 1654 1574 sitam,
1695 1516 1838 1565 serva
1875 1512 2118 1562 mandata

534 1604 748 1677 (Matth.
779 1619 894 1668 xu,
917 1602 1030 1674 17),
1062 1609 1117 1657 et
1140 1601 1575 1657 commemoravit
1612 1612 1675 1655 ea
1703 1612 1821 1670 qua:
1845 1599 1915 1655 ad
1946 1600 2115 1657 bonos

534 1710 713 1752 mores
736 1696 1038 1767 pertinent;
1078 1694 1125 1749 si
1149 1694 1307 1749 etiam
1342 1693 1424 1748 bis
1464 1706 1573 1747 non
1598 1692 1823 1747 servatis
1851 1693 1918 1746 ad
1947 1693 2112 1746 vitam

530 1786 702 1842 veniri
728 1795 903 1857 potest
937 1800 1030 1856 per
1051 1785 1219 1839 solam
1250 1782 1430 1848 ﬁdem,
1451 1798 1571 1853 quas
1590 1783 1701 1837 sine
1723 1782 1955 1852 operibus
1979 1798 2113 1835 mor-

529 1887 618 1931 tua
653 1886 748 1932 est.
785 1876 918 1931 Illud
950 1874 1144 1931 deinde
1167 1874 1435 1945 quomodo
1471 1888 1659 1929 verum
1697 1873 1822 1937 erit,
1850 1871 1993 1943 quod
2032 1871 2112 1927 eis

529 1982 668 2038 quos
694 1966 761 2023 ad
790 1966 1064 2021 sinistram
1109 1964 1379 2035 positurus
1406 1970 1491 2018 est
1516 1962 1657 2017 dicet
1686 1979 1701 2018 :
1730 1960 1810 2016 Ite
1845 1961 1899 2015 in
1944 1962 2111 2031 ignem

526 2068 789 2125 temnunt,
814 2057 901 2130 qui
928 2065 1136 2127 paratus
1159 2064 1232 2111 est
1259 2054 1461 2110 diabolo
1480 2063 1527 2110 et
1560 2055 1754 2124 angelis
1776 2054 1887 2125 ejus
1904 2054 1930 2107 7
1968 2052 2112 2123 Quos

527 2165 637 2205 non
677 2150 917 2218 increpat
938 2149 1063 2218 quia
1089 2148 1143 2202 in
1172 2162 1294 2203 eum
1326 2161 1433 2202 non
1459 2145 1823 2213 crediderunt,
1863 2143 1959 2200 sed
1985 2144 2110 2215 quia

527 2242 667 2295 bona
715 2254 876 2311 opera
926 2255 1034 2295 non
1085 2239 1347 2296 fecerunt.
1398 2237 1532 2293 Nam
1592 2236 1831 2307 profecto
1892 2252 1960 2291 ne
2010 2236 2110 2291 sibi

526 2331 807 2403 quisquam
850 2330 919 2386 de
963 2330 1089 2397 ﬁde,
1133 2345 1253 2401 quae
1294 2329 1413 2385 sine
1461 2329 1713 2400 operibus
1754 2335 1962 2383 mortua
2002 2335 2107 2394 est,

525 2422 691 2476 vitam
732 2421 1010 2491 promittat
1042 2429 1319 2488 aeternam,
1366 2429 1644 2490 propterea
1693 2434 1881 2475 omnes
1919 2426 2109 2490 gentes

525 2520 922 2582 segregaturum
953 2527 1014 2568 se
1038 2511 1198 2578 dixit,
1231 2526 1349 2583 quae
1375 2513 1651 2583 permixtze
1670 2511 1871 2567 eisdem
1896 2512 2110 2584 pascuis

526 2603 832 2670 utebantur,
880 2612 937 2659 ut
984 2615 1238 2674 appareat
1287 2617 1382 2659 eos
1419 2604 1498 2659 illi
1546 2603 1816 2669 dicturos,
1867 2602 2103 2670 Domine,

522 2693 731 2761 quantm
753 2703 801 2748 te
836 2694 1053 2749 uidimus
1080 2693 1169 2749 illa
1199 2701 1255 2749 et
1297 2695 1386 2748 illa
1414 2695 1725 2764 patientem,
1758 2704 1806 2749 et
1831 2711 1933 2749 non
1959 2695 2109 2749 mini-

518 2783 785 2841 stravimus
804 2784 931 2839 tibi?
959 2784 1048 2854 qui
1078 2784 1129 2839 in
1156 2799 1279 2839 eum
1308 2784 1667 2851 crediderant,
1690 2784 1786 2841 sed
1812 2785 1951 2841 bona
1979 2800 2109 2855 ope-

521 2874 629 2928 rari
660 2890 764 2929 non
791 2884 1134 2943 curaverant,
1158 2885 1408 2945 tanquam
1434 2876 1502 2931 de
1531 2877 1645 2946 ipsa
1681 2876 1783 2931 ﬁde
1807 2884 2017 2931 mortua
2038 2876 2106 2933 ad

518 2962 685 3019 vitam
709 2965 1077 3034 perveniretur
1095 2974 1371 3021 teternam.
1400 2968 1482 3021 An
1508 2966 1645 3023 forte
1680 2968 1829 3022 ibunt
1856 2967 1908 3023 in
1929 2969 2105 3039 ignem

520 3061 783 3110 retentum
805 3055 895 3124 qui
920 3069 1083 3124 opera
1106 3056 1489 3112 misericordiae
1509 3074 1615 3113 non
1641 3058 1903 3122 fecerunt.
1920 3068 1977 3116 et
1996 3075 2107 3118 non

520 3144 674 3201 ibunt
702 3144 792 3215 qui
837 3146 1004 3201 aliena
1052 3154 1366 3218 rapuerunt,
1409 3149 1495 3203 vel
1531 3149 1925 3219 corrumpendo
1964 3151 2016 3204 in
2046 3165 2105 3209 se

522 3238 777 3307 templum
820 3238 913 3293 Dei
958 3239 1009 3293 in
1052 3254 1113 3294 se
1162 3239 1307 3310 ipsos
1362 3240 1810 3297 immisericordes
1852 3240 2101 3309 fuerunt;

517 3328 672 3397 qtsasi
703 3344 868 3398 opera
902 3328 1282 3385 misericordiae
1313 3330 1518 3399 prosint
1559 3330 1758 3401 aliquid
1803 3330 1921 3388 sine
1962 3331 2102 3388 dile-

515 3419 717 3486 ctione,
751 3421 963 3476 dicente
1006 3420 1286 3491 Apostolo,
1329 3421 1391 3476 Si
1438 3421 1734 3477 distribuant
1779 3425 1951 3480 omnia
1991 3442 2103 3480 mea

514 3514 843 3587 pauperibus,
875 3514 1171 3569 charitatem
1210 3522 1380 3571 autem
1407 3532 1509 3571 non
1545 3516 1777 3583 habeam,
1807 3518 1936 3573 nihil
1977 3520 2104 3574 mihi

512 3604 721 3676 prodest
745 3604 800 3674 (Ι
826 3604 947 3661 Cor.
982 3621 1101 3673 xm,
1135 3606 1224 3676 '5);
1257 3616 1350 3663 aut
1391 3606 1575 3677 diligat
1602 3608 1883 3678 quisquam
1923 3610 2103 3679 proxi-

512 3711 663 3755 mum
690 3696 828 3751 sicut
857 3710 916 3751 se
960 3695 1156 3766 ipsum,
1184 3698 1275 3766 qui
1307 3711 1413 3752 non
1438 3696 1610 3768 diligit
1652 3713 1712 3754 se
1738 3699 1950 3765 ipsum?
1996 3700 2101 3767 Qui

514 3786 656 3842 enim
684 3786 850 3859 diligit
884 3787 1222 3857 iniquitatem,
1250 3787 1357 3843 odit
1392 3788 1617 3843 animam
1654 3806 1799 3845 suam
1827 3789 2003 3862 (Psal.
2037 3807 2096 3859 Χ,

510 3878 590 3948 6).
620 3877 803 3949 Neque
842 3878 972 3933 illud
1013 3878 1119 3935 dici
1164 3878 1251 3935 hic
1291 3879 1508 3950 poterit,
1541 3881 1595 3936 in
1623 3897 1730 3952 quo
1769 3884 2013 3938 nonnulli
2039 3897 2099 3941 se

509 3971 658 4040 ipsos
680 3969 940 4025 seducunt
964 3969 1225 4037 dicentes,
1252 3970 1427 4041 ignem
1454 3980 1712 4030 aeternum
1741 3972 1964 4041 dictum,
1988 3989 2096 4029 non

508 4060 679 4129 ipsam
703 4072 915 4129 pmuam
942 4069 1231 4115 mternam:
1258 4077 1352 4130 per
1379 4061 1557 4132 ignem
1581 4063 1794 4134 quippe,
1817 4064 1909 4135 qui
1934 4074 2096 4119 teter.

506 4166 612 4211 nus
649 4152 773 4216 erit,
804 4153 1124 4213 transituros
1151 4152 1478 4208 arbitrantur
1506 4168 1622 4220 eos,
1653 4155 1846 4224 quibus
1876 4164 2098 4226 propter

508 4240 669 4297 ﬁdem
714 4250 977 4300 mortuam
1022 4256 1120 4312 per
1147 4243 1325 4313 ignem
1372 4244 1684 4313 promittunt
1728 4246 1987 4314 salutem;
2040 4255 2098 4303 ut

506 4332 759 4389 videlicet
782 4333 922 4404 ignis
956 4341 1192 4390 mternus
1236 4337 1328 4403 sit,
1357 4336 1658 4393 combustio
1704 4353 1834 4393 vero
1881 4353 2091 4406 eorum,

506 4425 610 4481 hoc
638 4434 722 4482 est
750 4427 989 4496 Operatio
1030 4427 1187 4497 ignis,
1215 4442 1321 4482 non
1349 4426 1421 4483 sit
1461 4428 1514 4483 in
1558 4429 1639 4485 eis
1685 4438 1884 4485 eterna
1922 4446 1938 4485 :
1971 4445 2091 4486 cum

506 4523 563 4571 et
590 4514 693 4572 hoc
720 4516 1029 4586 praevidens
1068 4517 1347 4582 Dominus,
1375 4527 1625 4589 tanquam
1671 4519 1947 4587 Dominus,
1971 4536 2095 4576 sen-

502 4607 728 4667 tentiam
773 4621 924 4663 suam
966 4608 1039 4664 ita
1080 4608 1425 4673 concluserit,
1466 4611 1675 4679 dicens,
1716 4611 1808 4667 Sic
1846 4613 1988 4667 ibunt
2015 4615 2094 4669 illi

502 4698 559 4761 its
584 4696 975 4752 combustionem
997 4708 1257 4765 wlernam,
1278 4700 1409 4772 justi
1429 4711 1596 4755 autem
1615 4702 1667 4755 in
1682 4702 1833 4756 vitam
1852 4712 2092 4759 teternam

499 4788 718 4859 (Matth.
740 4804 866 4856 xxv,
891 4790 987 4853 41,
1013 4790 1103 4855 ib,
1124 4790 1237 4862 46).
1262 4791 1379 4848 Erit
1401 4807 1530 4865 ergo
1542 4800 1744 4849 mter-na
1768 4795 2089 4864 combustio,

500 4882 642 4941 sicut
670 4881 839 4953 ignis;
880 4890 935 4938 et
963 4897 1057 4938 eos
1084 4882 1136 4938 in
1168 4884 1311 4943 illam
1339 4884 1507 4941 ituros
1536 4886 1744 4943 Veritas
1766 4888 1924 4955 dixit,
1957 4905 2092 4961 quo-

499 4987 617 5030 rum
648 4989 755 5029 non
784 4973 942 5030 ﬁdem
962 5014 978 5040 ,
1009 4974 1105 5030 sed
1130 4975 1269 5031 bona
1313 4990 1475 5045 opera
1515 4976 1749 5039 defuisse
1774 4979 2085 5039 declaravit.

570 5063 624 5117 5.
654 5082 674 5117 ‹
711 5064 767 5120 Si
794 5081 921 5136 ergo
941 5065 1056 5122 haec
1080 5068 1257 5121 omnia
1277 5108 1293 5134 ,
1335 5076 1393 5125 et
1410 5077 1604 5127 caetera
1631 5085 1752 5141 quae
1776 5071 2088 5129 innumera-

502 5151 624 5209 bilia
655 5168 751 5220 per
773 5170 960 5212 omnes
983 5156 1284 5229 Scripturas
1311 5159 1428 5215 sine
1452 5159 1799 5231 ambiguitate
1819 5162 1963 5222 dicta
1995 5180 2087 5220 re-

500 5242 662 5317 periri
690 5257 929 5313 possunt,
960 5247 1091 5305 falsa
1120 5261 1311 5319 erunt;
1339 5253 1533 5322 poterit
1562 5270 1719 5311 verus
1746 5270 1866 5311 esse
1896 5257 1984 5313 ille
2007 5258 2087 5312 in-

500 5332 749 5389 tellectus
776 5334 844 5389 de
869 5336 1046 5404 lignis,
1066 5339 1187 5395 leno
1216 5352 1270 5397 et
1296 5344 1510 5414 stipula,
1529 5345 1671 5416 quod
1694 5346 1748 5401 hi
1779 5348 1911 5403 salvi
1929 5358 2087 5407 erunt

497 5438 595 5494 per
621 5423 823 5493 ignem,
851 5426 942 5495 qui
970 5428 1137 5483 solam
1166 5431 1220 5485 in
1248 5431 1462 5491 Christo
1490 5437 1647 5493 ﬁdem
1679 5447 1922 5496 tenentes
1947 5442 2085 5504 bona

497 5529 660 5585 opera
683 5516 1052 5585 neglexerunt.
1078 5518 1135 5574 Si
1155 5528 1329 5575 autem
1349 5525 1445 5580 ista
1471 5534 1525 5581 et
1542 5544 1688 5593 vera,
1708 5537 1762 5584 et
1776 5531 1917 5585 clara
1935 5542 2081 5597 sunt;

499 5606 688 5676 procul
717 5606 879 5662 dubio
908 5608 960 5662 in
991 5608 1079 5668 illa
1105 5610 1346 5680 Apostoli
1371 5619 1632 5673 sententia
1652 5618 1788 5676 alius
1808 5622 2085 5693 requiren-

498 5699 601 5761 dus
624 5704 707 5752 est
736 5697 1035 5755 intellectus
1053 5741 1069 5766 ,
1100 5708 1259 5767 atque
1300 5702 1351 5757 in
1383 5703 1463 5760 his
1487 5706 1790 5779 deputanda
1817 5720 1903 5769 est
1920 5754 1935 5777 ,
1962 5728 2083 5784 quae

499 5788 689 5844 Petrus
715 5788 841 5843 dicit
865 5803 984 5851 esse
1010 5791 1061 5855 in
1092 5791 1307 5858 scriptis
1334 5793 1446 5863 ejus
1470 5797 1709 5869 quaedam
1737 5800 1970 5859 difﬁcilia
2002 5807 2083 5861 ίη-

501 5880 738 5946 tellecta,
762 5893 875 5953 qua!
902 5894 1010 5943 non
1036 5880 1240 5943 debent
1268 5881 1504 5943 homines
1530 5898 1835 5959 pervertere
1865 5894 1929 5948 ad
1958 5911 2081 5970 pro-

1294 383 1380 440 DE
1419 386 1601 441 OCTO.
1635 386 1931 443 DULCITII
1969 389 2613 463 QUIESTIONIBUS,,S.
2656 400 3033 460 AUGUSTINI

3722 422 3823 480 139

2237 508 2408 575 prium
2436 525 2587 565 suum
2612 512 2880 572 interitum
2909 519 2975 591 (ll
3008 519 3145 576 Petr.
3177 541 3253 589 nt,
3280 526 3389 600 l6),
3415 540 3469 585 ut
3494 544 3679 589 contra
3700 541 3818 591 evi-

2233 597 2540 656 dentissima
2562 606 2859 663 testimonia
2884 610 3277 681 Scriptum-um
3298 597 3517 677 securos
3536 624 3727 680 faciant
3749 630 3817 690 «le

2235 690 2568 759 percipienda
2598 696 2767 753 salute
2809 704 3161 770 nequissimos
3181 748 3193 770 ,
3226 712 3475 780 nequitiae
3505 727 3615 768 sua:
3646 720 3815 786 perti-

2231 780 2510 839 nacissime
2536 785 2888 859 colum-entes,
2907 808 3007 851 nec
3032 798 3365 857 emendando
3390 812 3481 859 aut
3504 780 3818 876 paenitendo,

2229 880 2479 929 mutatos.

2298 963 2351 1018 6.
2376 984 2395 1015 ‹
2425 966 2521 1022 Hie
2548 981 2578 1022 a
2609 984 2697 1026 me
2718 970 2945 1031 fortasse
2961 989 3247 1048 qumratur,
3267 983 3340 1041 de
3366 985 3476 1056 ipsa
3506 988 3653 1044 Pauli
3684 1009 3818 1062 τινα.

2227 1055 2349 1109 stoli
2377 1060 2639 1115 sententia
2660 1064 2787 1132 quid
2816 1080 2915 1135 ego
2941 1070 3188 1137 sentiam,
3207 1082 3262 1128 et
3289 1055 3519 1145 quonam
3547 1055 3815 1139 modo-iu-

2227 1147 2563 1217 teliigendam
2606 1162 2806 1223 putem.
2837 1156 3064 1226 Fateor,
3097 1160 3223 1220 hinc
3265 1168 3479 1223 mallem
3508 1170 3695 1227 audire
3725 1174 3807 1227 in-

2228 1238 2605 1307 telligentiores
2630 1254 2788 1314 atque
2815 1246 3101 1316 doctiores,
3133 1253 3222 1323 qui
3262 1256 3341 1311 sic
3366 1272 3483 1312 eam
3514 1273 3811 1333 exponant,

2226 1333 2283 1379 ut
2308 1327 2397 1382 illa
2423 1332 2599 1386 omnia
2625 1348 2749 1389 vera
2771 1344 2826 1391 et
2847 1337 3158 1399 inconcussa
3186 1358 3550 1414 permaneant,
3576 1327 3695 1420 quae
3715 1368 3810 1408 ειιε

2224 1432 2318 1487 pra
2346 1428 2793 1494 commemoravi,
2820 1438 2876 1485 et
2912 1446 3258 1505 quzecnmque
3283 1439 3386 1494 alia
3417 1456 3523 1497 non
3563 1458 3810 1502 comme-

2216 1512 2421 1565 moravi
2441 1552 2457 1578 ,
2486 1515 2677 1584 quibus
2718 1521 3056 1588 apertissime
3081 1524 3355 1597 Scriptura
3382 1539 3639 1604 testatur,
3670 1538 3809 1597 nihil

2216 1600 2474 1667 prodesse
2502 1603 2659 1661 ﬁdem
2679 1649 2695 1675 ,
2727 1609 2831 1665 nisi
2859 1626 2977 1667 eam
3012 1630 3170 1685 quam
3197 1618 3442 1677 deﬁnivit
3471 1600 3760 1695 Apostolus
3788 1672 3803 1694 ,

2219 1689 2272 1743 id
2300 1700 2414 1759 est,
2445 1710 2559 1764 qua:
2596 1713 2688 1768 per
2724 1700 3039 1759 dilectionem
3078 1720 3318 1778 operatur
3356 1689 3551 1787 (Galat.
3583 1734 3615 1771 v
3636 1760 3651 1784 ,
3701 1721 3759 1790 6)

2218 1783 2334 1839 sine
2362 1787 2610 1856 operibus
2646 1801 2823 1848 autem
2865 1797 3070 1854 salvare
3096 1817 3202 1858 non
3230 1783 3421 1873 posse,
3455 1824 3627 1879 neque
3656 1828 3800 1881 prm-

2215 1880 2300 1927 ter
2329 1875 2500 1945 ignem
2518 1920 2533 1945 ,
2560 1895 2733 1951 neque
2758 1899 2853 1953 per
2877 1886 3051 1957 ignem
3086 1909 3098 1943 :
3131 1893 3250 1962 quia
3278 1896 3323 1949 si
3366 1912 3462 1966 per
3488 1875 3801 1969 ignem-sal-

2213 1974 2337 2030 vat,
2380 1968 2493 2037 ipsa
2522 1971 2704 2041 utique
2746 1976 2937 2032 salvat.
2969 1980 3224 2039 Absolute
3266 1995 3443 2043 autem
3488 1968 3688 2047 dictum
3718 2004 3804 2050 est
3892 2010 3897 2015 '

2214 2064 2268 2110 et
2291 2068 2473 2127 aperte
2490 2102 2505 2127 ,
2538 2062 2675 2130 Quid
2699 2068 2933 2136 prodest,
2959 2072 3005 2125 si
3028 2074 3161 2128 dicat
3187 2077 3299 2145 quis
3327 2095 3380 2131 se
3402 2079 3554 2149 ﬁdem
3577 2083 3760 2139 habere
3780 2128 3797 2151 ,

2215 2161 2369 2216 opera
2391 2161 2556 2205 autem
2580 2170 2681 2209 non
2702 2156 2884 2213 habeat
2900 2160 2927 2213 .’
2952 2159 3218 2236 Numquid
3240 2171 3424 2237 poterit
3449 2172 3575 2239 fides
3602 2176 3801 2231 salvare

2214 2238 2371 2291 eum?
2399 2240 2577 2296 Dicam
2610 2252 2786 2302 tamen
2807 2289 2821 2311 ,
2855 2265 3011 2320 quam
3041 2253 3354 2315 brevissime
3383 2238 3567 2329 potero
3589 2307 3604 2329 ,
3633 2267 3799 2322 etiam

2215 2324 2329 2395 ipse
2351 2330 2491 2420 quid
2520 2334 2745 2389 sentiam
2773 2336 2841 2392 de
2865 2339 2954 2394 illa
2984 2347 3247 2401 sententia
3284 2324 3431 2404 Pauli
3458 2324 3685 2420 apostoli
3728 2357 3798 2412 ad

2214 2416 2615 2490 intelligendum
2630 2424 2863 2497 difﬁcili;
2884 2430 3175 2491 dummodo
3202 2437 3350 2507 illud,
3370 2416 3512 2512 quod
3538 2443 3603 2498 ad
3621 2460 3799 2501 meam

2212 2510 2598 2577 professionem
2640 2520 2860 2589 attinet,
2906 2528 3177 2598 prtecipue
3219 2510 3494 2602 teneatur,
3543 2539 3685 2609 quod
3727 2540 3799 2597 de

2212 2601 2312 2658 hac
2354 2621 2440 2663 me
2476 2610 2636 2666 malle
2677 2612 2787 2668 dixi
2827 2617 3013 2674 audire
3052 2623 3321 2681 meliores.
3369 2601 3799 2697 Fundamentum

2209 2693 2454 2755 Christus
2481 2710 2566 2757 est
2593 2704 2647 2758 in
2673 2713 2939 2764 structura
2964 2712 3239 2771 architecti
3270 2719 3554 2789 sapientis;
3579 2723 3680 2780 hoc
3702 2693 3797 2781 ex;

2212 2789 2473 2856 positione
2497 2808 2602 2849 non
2630 2796 2831 2869 indiget
2862 2818 2875 2854 :
2907 2813 3091 2873 aperte
3112 2809 3255 2864 enim
3284 2810 3482 2867 dictum
3504 2825 3587 2870 est
3605 2860 3620 2881 ,
3648 2816 3795 2872 Fun-

2210 2878 2500 2937 damentum
2524 2887 2658 2941 enim
2681 2888 2827 2945 aliud
2841 2909 2985 2949 nemo
3002 2908 3164 2966 potest
3188 2917 3374 2970 ponere
3390 2915 3569 2976 praeter
3592 2878 3646 2962 id
3660 2910 3799 2979 quod

2210 2972 2429 3040 positum
2470 2985 2574 3041 est,
2606 2980 2741 3048 quod
2767 2992 2842 3037 est
2869 2983 3099 3041 Christus
3127 2988 3299 3049 Iesus.
3330 2972 3399 3049 Si
3429 3006 3609 3053 autem
3637 2972 3793 3054 Citri-

2210 3069 2359 3160 stus,
2406 3067 2589 3134 procul
2626 3068 2790 3126 dubio
2833 3073 2965 3130 ﬁdes
3007 3074 3204 3134 Christi
3235 3097 3250 3135 :
3284 3098 3381 3152 per
3409 3084 3565 3141 ﬁdem
3596 3090 3793 3160 quippe

2210 3149 2415 3209 habitat
2439 3156 2682 3215 Christus
2713 3161 2763 3216 in
2793 3165 3041 3222 cordibus
3066 3149 3297 3239 nostris,
3326 3176 3463 3230 sicut
3490 3149 3629 3233 idem
3660 3149 3791 3249 apo-

2208 3242 2395 3341 ﬁliolus.
2413 3244 2544 3301 dicit
2584 3247 2803 3341 (Ephes.
2838 3270 2929 3321 Ill,
2965 3256 3074 3327 17).
3105 3259 3273 3316 Porro
3305 3264 3349 3317 si
3393 3264 3526 3322 ﬁdes
3555 3242 3790 3341 Christi,

2208 3328 2295 3382 illa
2323 3332 2503 3403 utique
2523 3351 2682 3406 quam
2710 3338 2950 3399 deﬁnivit
2974 3347 3281 3418 Apostolus,
3310 3370 3425 3423 que
3448 3374 3539 3423 per
3565 3328 3795 3413 dilectio;

2208 3435 2605 3493 nem‘operatur.
2630 3428 2749 3488 Non
2775 3434 2920 3489 enim
2948 3436 3075 3493 ﬁdes
3106 3440 3195 3495 illa
3216 3441 3517 3500 daemonum
3538 3490 3553 3513 ,
3585 3463 3704 3503 cum
3736 3461 3794 3511 et

2207 3512 2307 3582 ipsi
2351 3516 2572 3575 credam
2596 3529 2653 3577 et
2689 3527 3140 3601 contremiscunt,
3170 3542 3222 3588 et
3248 3534 3441 3591 Filium
3482 3512 3575 3595 ou
3618 3542 3792 3598 conﬁ-

2208 3616 2418 3705 teantur
2437 3610 2621 3668 Jesum
2643 3655 2659 3681 ,
2688 3624 2867 3686 potest
2890 3623 3057 3692 accipi
3088 3624 3140 3679 in
3180 3626 3547 3687 fundamento.
3575 3632 3749 3700 Quare
3770 3678 3788 3705 ,

2204 3696 2306 3751 nisi
2327 3698 2452 3767 quia
2481 3716 2588 3757 non
2613 3712 2698 3761 est
2725 3706 2856 3764 ﬁdes
2880 3725 3002 3781 quae
3031 3726 3125 3783 per
3147 3715 3483 3775 dilectionem
3515 3696 3787 3794 operatur,

2204 3788 2301 3845 sed
2331 3806 2450 3883 qua:
2474 3796 2789 3866 exprimitur
2816 3815 2912 3870 per
2941 3803 3221 3874 timorem?
3242 3809 3401 3866 Fides
3430 3788 3609 3883 itaque
3636 3788 3795 3871 Cllri;

2202 3883 2306 3947 sti,
2339 3882 2470 3940 ﬁdes
2496 3889 2680 3957 gratim
2704 3890 3008 3950 christiana:
3025 3938 3040 3961 ,
3076 3897 3128 3953 id
3154 3909 3268 3965 est,
3298 3917 3362 3957 ea
3390 3882 3670 3977 ﬁdesiq'uaa
3694 3925 3792 3979 per

2202 3973 2544 4055 dilectionem
2584 3993 2868 4053 operatur,
2899 3990 3069 4057 posita
3112 3992 3166 4046 in
3193 3992 3538 4053 fundamento
3558 3973 3581 4065 ,⁷
3611 3973 3791 4060 nemi-

2202 4082 2322 4161 nem
2348 4071 2525 4139 perire
2545 4075 2821 4141 permittit.
2850 4076 2954 4134 Sed
2976 4082 3101 4151 quid
3123 4084 3190 4139 sit
3212 4086 3476 4143 aediﬁcare
3500 4105 3664 4161 super
3687 4094 3791 4150 hoc

2200 4155 2600 4217 fundamentum
2623 4206 2636 4228 ,
2668 4180 2857 4222 aurum
2878 4210 2892 4234 ,
2924 4182 3201 4242 argentum
3223 4217 3238 4241 ,
3271 4177 3472 4248 lapides
3500 4155 3784 4255 pretiosos,

2200 4258 2257 4306 et
2291 4251 2463 4323 ligna,
2494 4254 2708 4323 fenum,
2738 4261 3026 4331 stipulam,
3055 4265 3100 4320 si
3127 4267 3373 4325 subtilius
3398 4271 3665 4329 disserere
3690 4251 3786 4337 co;

2200 4355 2320 4407 uer,
2346 4358 2536 4400 vereor
2562 4362 2631 4402 ne
2654 4348 2721 4403 ad
2747 4350 3143 4425 intelligendum
3170 4357 3438 4417 difﬁcilior
3456 4364 3525 4418 sit
3552 4364 3665 4435 ipsa
3688 4383 3787 4422 ex-

2199 4434 2393 4502 positio
2426 4454 2440 4491 :
2471 4439 2643 4494 enitar
2684 4450 2859 4499 tamen
2880 4486 2896 4512 ,
2947 4457 3201 4518 quantum
3234 4452 3490 4510 Dominus
3529 4434 3745 4528 adjuvat
3767 4501 3782 4523 ,

2199 4534 2254 4581 et
2275 4526 2526 4597 breviter,
2545 4539 2599 4587 et
2622 4544 2877 4604 quantum
2896 4550 3103 4610 potero,
3121 4543 3352 4603 dilucide
3373 4526 3628 4619 expedire
3641 4555 3785 4624 quod

2197 4620 2390 4675 sentio.
2420 4622 2559 4680 Ecce
2587 4625 2676 4682 ille
2714 4629 2805 4698 qui
2832 4634 3073 4702 quaesivit
3102 4650 3132 4691 a
3162 4639 3419 4709 magistro
3448 4642 3589 4698 bono
3609 4686 3624 4710 ,
3655 4620 3785 4716 quid

2197 4709 2321 4767 boni
2350 4714 2576 4785 iaceret,
2604 4727 2663 4774 ut
2688 4719 2908 4780 haberet
2950 4726 3112 4784 vitam
3139 4740 3427 4799 aeternam;
3459 4748 3511 4791 et
3538 4709 3779 4807 audivit,

2196 4801 2242 4862 si
2271 4803 2336 4858 ad
2378 4806 2542 4862 vitam
2585 4812 2768 4868 venire
2794 4816 2991 4886 vellet,
3033 4823 3292 4879 servanda
3332 4825 3432 4881 sibi
3461 4844 3581 4885 esse
3625 4846 3783 4886 man-

2195 4892 2317 4949 data
2350 4913 2363 4949 :
2397 4907 2450 4952 et
2473 4913 2596 4954 cum
2623 4914 2885 4970 quaereret
2904 4923 3022 4978 qua:
3046 4913 3292 4968 mandata
3312 4955 3327 4981 ,
3358 4916 3555 4974 dictum
3586 4932 3667 4975 est
3690 4924 3739 4977 ci
3763 4966 3779 4990 ,

2198 4984 2319 5041 Non
2346 4991 2573 5058 occides,
2619 4992 2744 5049 Non
2783 5000 3141 5072 maechaberis,
3173 5004 3296 5060 Non
3340 5012 3535 5077 furtum
3583 5014 3740 5081 facies
3764 5060 3779 5086 ,

2197 5075 2320 5132 Non
2356 5079 2544 5147 falsum
2582 5084 2921 5142 testimonium
2963 5090 3132 5160 dices,
3163 5075 3376 5151 Honora
3413 5075 3607 5170 patrem
3639 5075 3783 5164 tuum

2193 5178 2242 5227 et
2261 5179 2469 5225 matrem
2505 5182 2682 5239 tuam;
2707 5186 2754 5231 et
2774 5220 2790 5245 ,
2817 5178 3012 5252 Diliges
3051 5186 3338 5254 proximum
3368 5199 3511 5245 tuum
3538 5203 3783 5265 tanquam

2193 5265 2240 5313 te
2272 5260 2458 5326 ipsum.
2501 5262 2627 5321 Haec
2654 5267 2853 5331 faciens
2882 5270 2933 5325 in
2960 5272 3065 5328 ﬁde
3088 5272 3319 5344 Christi,
3350 5289 3559 5345 teneret
3598 5260 3780 5353 procul

2192 5349 2353 5407 dubio
2378 5350 2533 5407 ﬁdem
2553 5370 2672 5424 qua:
2700 5372 2796 5427 per
2822 5360 3161 5420 dilectionem
3189 5380 3459 5438 aperatur.
3488 5349 3670 5445 Neque
3696 5380 3778 5433 dt.—

2193 5440 2379 5510 ligeret
2404 5446 2700 5513 proximum
2730 5458 2976 5523 tanquam
3008 5471 3067 5512 se
3094 5459 3266 5528 ipsum
3286 5503 3303 5528 ,
3328 5464 3428 5522 nisi
3460 5480 3671 5537 recepta
3703 5472 3753 5523 di

2192 5532 2422 5593 lectione
2454 5538 2585 5605 Dei,
2616 5540 2734 5599 sine
2758 5561 2861 5615 qua
2896 5563 3003 5605 non
3030 5550 3277 5622 diligeret
3305 5569 3363 5611 se
3388 5532 3599 5627 ipsum;
3614 5562 3780 5616 Porro

2191 5626 2233 5679 si
2262 5625 2461 5685 faceret
2482 5633 2640 5687 etiam
2668 5638 2810 5705 quod
2840 5639 3096 5699 Dominus
3116 5645 3319 5702 addidit
3338 5691 3352 5711 ,
3378 5625 3563 5706 dicens
3582 5694 3597 5717 ,
3623 5654 3685 5707 Si
3709 5659 3779 5708 ris

2191 5723 2438 5790 perfectus
2482 5739 2619 5792 esse,
2662 5728 2820 5795 vade,
2866 5734 3023 5788 vende
3060 5738 3229 5791 omnia
3266 5756 3380 5809 qua:
3407 5743 3591 5811 habes,
3633 5756 3682 5799 et
3712 5747 3777 5799 da

2190 5814 2492 5878 pauperibus
2512 5857 2525 5877 ,
2558 5825 2602 5868 et
2645 5817 2846 5875 habebis
2870 5824 3159 5881 thesaurum
3184 5828 3235 5883 in
3260 5831 3423 5895 ratio;
3451 5842 3498 5887 et
3522 5836 3634 5888 veni
3652 5877 3666 5900 ,
3698 5853 3778 5890 se-

2192 5918 2340 5971 qunre
2375 5921 2454 5960 me
2482 5904 2691 5977 (Malth.
2725 5926 2813 5967 XIX
2836 5953 2850 5981 ,
2888 5913 3109 5989 l6—2l);
3144 5918 3430 5978 aediﬁcaret
3456 5939 3617 5998 super
3646 5927 3772 5989 illud
