4136 6522
315 415 423 473 153

312 534 722 594 fundamentum
741 582 757 606 ,
785 555 970 595 aurum
995 581 1008 604 ,
1037 546 1312 610 argentum
1336 578 1351 602 ,
1380 533 1583 604 lapides
1605 533 1867 602 pretiosos
1893 550 1906 585 ε

313 640 424 680 non
451 627 596 681 enim
641 630 936 699 cogitaret,
967 629 1067 685 nisi
1108 627 1376 699 quomodo
1404 625 1641 695 placeret
1669 624 1813 687 Deo;
1858 634 1912 679 et

316 716 437 773 haec
458 719 814 788 Cogitationes
861 731 1019 788 sunt,
1049 730 1306 791 quantum
1349 715 1633 782 existimo,
1677 730 1863 770 aurum
1889 756 1906 782 ,

311 819 619 877 argentum,
639 810 845 882 lapides
872 812 1112 882 pretiosi.
1139 811 1306 865 Porro
1331 809 1376 864 si
1402 809 1543 863 circa
1559 806 1769 862 divitias
1784 820 1910 861 suas

312 901 521 955 carnali
539 902 770 971 quodam
799 912 1071 959 teneretur
1094 902 1308 967 all'eetu,
1325 900 1566 972 quamvis
1587 915 1650 955 ex
1678 900 1756 956 eis
1773 900 1911 954 mul-

313 999 400 1046 tas
425 993 798 1065 eleemosynas
823 995 1056 1061 faceret,
1086 1010 1187 1050 nec
1208 993 1274 1048 ad
1298 1008 1390 1048 eas
1419 991 1688 1062 augendas
1709 989 1910 1046 fraudis

310 1084 515 1154 aliquid
557 1087 862 1156 rapiamque
901 1088 1212 1152 moliretur,
1242 1093 1334 1140 aut
1376 1099 1560 1139 earum
1590 1082 1908 1139 minuenda-

313 1191 436 1230 rum
465 1177 549 1231 vel
579 1179 991 1234 amitteudarum
1022 1187 1166 1233 metu
1194 1177 1246 1232 in
1289 1175 1502 1246 aliquod
1526 1175 1731 1231 facinus
1754 1173 1908 1245 ﬁagi-

311 1266 520 1324 tiumve
552 1268 824 1324 laberetur
852 1269 1112 1339 (alioquin
1137 1268 1247 1338 jam
1275 1282 1335 1322 se
1359 1267 1462 1322 isto
1486 1265 1647 1321 modo
1663 1266 1736 1320 ab
1765 1264 1906 1320 illius

311 1360 642 1416 fundamenti
670 1363 960 1419 stabilitate
985 1361 1379 1432 subtraheret),
1407 1359 1502 1418 sed
1531 1368 1747 1430 propter
1780 1373 1906 1413 car-

311 1454 492 1509 nalem
512 1496 526 1519 ,
555 1465 613 1509 ut
640 1456 784 1521 dixi,
829 1471 988 1528 quem
1021 1456 1074 1511 in
1112 1455 1192 1512 eis
1221 1455 1444 1510 haberet
1472 1453 1722 1510 affectum
1743 1495 1758 1518 ,
1799 1465 1906 1521 quo

311 1547 508 1609 talibus
550 1547 706 1604 bonis
729 1548 847 1604 sine
874 1548 1058 1604 dolore
1082 1562 1265 1603 carere
1289 1562 1394 1601 non
1418 1555 1633 1616 posset;
1670 1543 1904 1599 aediﬁca-

307 1648 397 1692 ret
420 1654 584 1708 super
611 1637 1011 1694 fundamentum
1039 1638 1168 1694 illud
1199 1639 1360 1708 ligna,
1389 1636 1588 1702 fenum,
1615 1634 1860 1705 stipulam
1885 1650 1900 1688 :

309 1729 551 1784 maxime
588 1730 631 1783 si
657 1738 714 1785 et
743 1745 964 1785 uxorem
993 1730 1072 1785 sic
1110 1730 1362 1792 haberet.
1402 1736 1462 1782 ut
1501 1726 1659 1782 etiam
1687 1732 1905 1795 propter

309 1819 486 1888 ipsam
520 1821 778 1890 cogitaret
802 1835 863 1876 ea
892 1837 1010 1891 quae
1035 1829 1161 1876 sunt
1185 1819 1402 1886 mundi,
1429 1816 1698 1889 quomodo
1722 1816 1903 1886 place-

306 1919 394 1964 ret
420 1912 596 1966 uxori.
629 1912 753 1967 ΙΙωο
791 1913 949 1983 igitur
979 1913 1232 1982 quoniam
1257 1910 1450 1966 aﬂ‘ectu
1480 1908 1674 1964 dilecta
1699 1907 1902 1962 carnali

306 2019 419 2059 non
447 2005 564 2059 sine
589 2004 776 2060 dolore
800 2006 1112 2061 emittuntur
1131 2047 1146 2071 ,
1181 2013 1461 2076 propterea
1485 2003 1574 2074 qui
1604 2017 1666 2058 ea
1693 2002 1774 2058 sic
1801 2001 1900 2056 ha-

302 2093 475 2161 bent,
516 2104 572 2149 ut
601 2095 834 2152 habeant
861 2097 914 2152 in
943 2096 1291 2152 fundamento
1317 2095 1473 2151 ﬁdem
1495 2136 1510 2160 ,
1549 2110 1669 2165 qua:
1694 2108 1789 2164 per
1815 2092 1901 2148 di-

304 2185 592 2242 lectionem
619 2196 892 2257 operatur,
918 2203 1019 2244 nec
1043 2187 1168 2243 huic
1193 2189 1293 2242 ista
1321 2187 1430 2244 ulla
1460 2185 1666 2241 ratione
1690 2184 1774 2239 vel
1801 2199 1900 2239 cu-

307 2280 531 2352 piditate
567 2291 912 2353 praeponam,
943 2282 1000 2338 in
1025 2297 1212 2338 eorum
1251 2281 1537 2336 amissione
1563 2279 1702 2349 passi
1729 2277 1898 2333 detri-

304 2385 550 2430 mentum
569 2419 584 2443 ,
611 2392 710 2447 per
733 2377 910 2446 ignem
945 2375 1228 2447 quemdam
1253 2374 1457 2430 doloris
1484 2371 1800 2442 perveniunt
1831 2369 1897 2426 ad

301 2465 551 2520 salutem.
577 2468 619 2520 Α
642 2481 750 2536 quo
769 2466 956 2522 dolore
968 2473 1128 2534 atque
1147 2465 1471 2520 detrimento
1493 2471 1640 2518 tanto
1655 2469 1739 2517 est
1756 2460 1901 2531 quis-

301 2571 410 2625 que
435 2557 692 2620 securior,
726 2566 929 2628 quanto
955 2572 1018 2612 ea
1051 2557 1136 2612 vel
1165 2556 1343 2611 minus
1369 2555 1648 2620 amaverit,
1665 2553 1752 2608 vel
1782 2561 1902 2607 tan-

301 2662 465 2717 quam
493 2662 598 2703 non
626 2647 833 2703 habens
860 2647 1122 2703 habuerit.
1154 2646 1255 2714 Qui
1277 2660 1409 2702 vero
1447 2651 1669 2715 propter
1693 2643 1784 2697 illa
1809 2641 1897 2698 vel

305 2739 538 2804 tenenda
581 2741 663 2796 vel
705 2739 1047 2810 adipiscenda
1069 2782 1083 2804 ,
1115 2738 1456 2794 homicidium
1481 2779 1495 2802 ,
1535 2736 1853 2792 adulterium
1877 2777 1894 2804 ,

301 2829 706 2885 fornicationem
729 2871 745 2896 ,
778 2830 1127 2886 idololatriam
1149 2872 1164 2897 ,
1197 2838 1251 2885 et
1271 2829 1462 2884 similia
1491 2843 1715 2899 quaeque
1743 2842 1896 2882 com-

299 2921 547 2987 miserit,
581 2937 684 2977 non
717 2932 935 2994 propter
959 2921 1358 2977 fundamentum
1382 2935 1479 2991 per
1504 2920 1681 2990 ignem
1719 2919 1896 2974 salva-

295 3011 463 3078 bitur,
483 3013 575 3068 sed
588 3015 786 3070 amisso
801 3013 1166 3080 fundamento,
1185 3022 1386 3068 :eterno
1403 3013 1523 3083 igne
1541 3011 1892 3082 torquebitur.

370 3108 427 3160 7.
456 3124 474 3158 ι
513 3105 872 3173 Quamobrem
913 3115 968 3162 et
996 3107 1122 3160 illud
1148 3105 1291 3176 quod
1319 3105 1535 3170 dicunt,
1565 3104 1727 3159 veluti
1763 3118 1894 3174 pro-

294 3199 430 3258 bare
458 3199 734 3266 cupientes
776 3206 1031 3267 quantum
1060 3197 1233 3252 valeat
1275 3196 1385 3252 sola
1416 3195 1583 3261 ﬁdes,
1616 3194 1704 3250 ubi
1745 3195 1894 3264 Apo-

292 3288 474 3342 stolus
501 3288 648 3354 dicit,
675 3289 826 3354 Quod
850 3289 892 3343 si
922 3289 1141 3358 infidelis
1167 3287 1397 3352 discedit,
1420 3286 1674 3350 discedat;
1695 3301 1796 3339 non
1821 3292 1896 3340 est

292 3382 433 3436 enim
460 3381 688 3434 servituti
727 3380 979 3452 subjccms
1015 3383 1177 3449 frater
1203 3379 1280 3432 vel
1307 3394 1452 3432 soror
1482 3377 1537 3430 in
1581 3375 1877 3446 ltujusmodi

293 3471 337 3542 (l
362 3471 484 3527 Cor.
515 3487 586 3526 vn
607 3514 621 3534 ,
651 3470 778 3542 l5);
807 3470 860 3525 id
890 3479 990 3534 est,
1013 3478 1069 3524 ut
1099 3478 1318 3540 propter
1346 3468 1502 3523 ﬁdem
1517 3466 1711 3522 Christi
1730 3466 1892 3520 etiam

293 3563 412 3632 ipsa
443 3579 580 3617 uxor
602 3562 834 3633 legitima
865 3561 1118 3619 societate
1141 3560 1443 3630 conjuncta,
1469 3559 1588 3614 sine
1610 3557 1713 3612 ulla
1735 3556 1891 3629 culpa

293 3654 634 3724 relinquatur
651 3694 666 3720 ,
695 3652 738 3706 si
760 3667 883 3706 cum
904 3653 1021 3706 viro
1045 3650 1336 3706 christiano
1357 3691 1371 3714 ,
1407 3658 1624 3721 propter
1643 3647 1747 3704 hoc
1765 3647 1890 3718 quia

292 3745 622 3801 Christianus
659 3751 777 3812 est,
824 3758 1138 3812 permanere
1167 3742 1400 3797 noluerit
1431 3760 1445 3796 :
1476 3757 1582 3796 non
1611 3739 1894 3795 attendunt

291 3852 360 3893 eo
388 3835 551 3890 modo
578 3836 721 3890 illam
750 3833 1048 3890 rectissime
1087 3833 1316 3900 dimitti,
1361 3832 1405 3886 si
1430 3833 1544 3886 viro
1581 3847 1681 3887 suo
1707 3830 1887 3898 dicat,

293 3925 414 3981 Non
441 3941 538 3981 ero
575 3940 712 3980 uxor
738 3934 826 3980 tua
844 3965 861 3992 ,
886 3925 987 3979 nisi
1016 3924 1146 3978 mihi
1171 3925 1254 3978 vel
1282 3923 1348 3979 de
1372 3922 1650 3977 latrocinio
1674 3921 1891 3978 divitias

293 4033 560 4090 Congeras
580 4060 595 4085 ,
627 4025 722 4074 aut
749 4017 850 4072 nisi
891 4018 1046 4072 solita
1076 4017 1337 4072 lenocinia
1357 4057 1374 4084 ,
1417 4015 1612 4086 quibus
1648 4024 1890 4071 nostram

295 4110 519 4164 domum
551 4108 881 4180 transigehas
900 4148 915 4174 ,
944 4107 1103 4163 etiam
1134 4107 1457 4162 christianos
1481 4120 1768 4171 exerceas;
1798 4115 1892 4161 aut

294 4201 340 4256 si
381 4199 509 4270 quid
540 4198 686 4254 aliud
719 4199 798 4254 vel
829 4198 1186 4253 facinorosum
1225 4197 1306 4252 vel
1338 4196 1658 4268 ﬂagitiosum
1698 4196 1750 4250 in
1775 4196 1892 4252 viro

295 4299 545 4354 noverat,
573 4305 679 4361 quo
707 4290 969 4344 delectata
993 4290 1072 4343 vel
1104 4289 1375 4344 libidinem
1399 4287 1669 4358 explebat,
1699 4287 1784 4342 vel
1814 4286 1893 4342 fa-

295 4385 456 4439 cilem
489 4384 684 4438 victum
723 4381 986 4448 habebat,
1017 4382 1100 4436 vel
1129 4383 1287 4436 etiam
1325 4380 1604 4436 incedebat
1632 4379 1887 4435 ornatior.

296 4473 452 4530 Tunc
479 4474 623 4529 enim
646 4474 734 4528 ille
759 4473 844 4528 cui
869 4473 968 4528 hoc
984 4488 1118 4527 uxor
1141 4473 1288 4535 dicit,
1307 4473 1350 4525 si
1377 4472 1637 4528 veraciter
1655 4472 1760 4542 egit
1777 4487 1893 4542 pm-

297 4568 577 4622 nitentiam
619 4566 688 4620 ab
729 4564 980 4634 operibus
1010 4564 1268 4628 mortuis,
1302 4563 1515 4633 quando
1553 4563 1780 4618 accessit
1823 4562 1890 4617 ad

298 4658 633 4726 Baptismum
655 4699 671 4724 ,
705 4656 968 4726 habetque
997 4656 1047 4710 in
1079 4654 1424 4710 fundamento
1452 4654 1608 4709 fidem
1649 4670 1765 4724 quae
1795 4669 1892 4723 per

298 4747 640 4803 dilectionem
687 4755 972 4816 Operatur,
1018 4746 1204 4816 procul
1250 4745 1413 4800 dubio
1460 4745 1580 4814 plus
1629 4743 1892 4798 tenebitur

295 4853 483 4896 amore
519 4838 712 4892 divina:
738 4838 919 4907 gratia:
941 4878 955 4900 ,
987 4852 1144 4906 quam
1172 4836 1347 4890 carnis
1372 4835 1574 4890 uxoriae
1595 4877 1610 4902 ,
1640 4843 1692 4889 et
1719 4849 1890 4889 mem-

297 4935 453 4988 brum
481 4932 620 5003 quod
649 4947 768 4986 eum
796 4929 1139 4993 scandalizat,
1173 4929 1380 4984 fortiter
1405 4935 1660 4998 amputat.
1690 4927 1889 4996 Quem-

295 5041 526 5094 cumque
546 5034 726 5078 autem
746 5025 796 5076 in
827 5023 923 5077 hac
938 5023 1293 5092 diremptione
1319 5021 1559 5076 dolorem
1583 5020 1761 5076 cordis
1777 5037 1894 5090 pro-

297 5127 421 5188 pter
463 5115 734 5170 carnalem
767 5114 1010 5168 aﬁectum
1038 5113 1278 5183 conjugis
1317 5112 1631 5176 sustinebit,
1667 5112 1768 5167 hoc
1809 5124 1893 5167 est

295 5209 678 5266 detrimentum
708 5205 848 5276 quod
891 5205 1151 5275 patietur,
1189 5205 1272 5258 hic
1309 5213 1393 5260 est
1432 5204 1566 5275 ignis
1597 5220 1690 5274 per
1732 5219 1890 5274 quem

296 5303 426 5358 feno
450 5302 673 5358 ardente
702 5301 816 5370 ipse
854 5299 1160 5354 salvabitur.
1190 5298 1247 5354 Si
1267 5307 1442 5354 autem
1480 5300 1588 5369 jam
1619 5299 1697 5353 sic
1722 5297 1890 5353 hahe-

296 5395 390 5448 bat
430 5407 652 5448 uxorem
683 5401 933 5461 tanquam
961 5406 1064 5445 non
1109 5391 1310 5446 habens
1333 5432 1346 5457 ,
1377 5406 1480 5444 non
1518 5399 1733 5460 propter
1758 5405 1890 5445 con-

295 5485 724 5555 cupiscentiam,
770 5483 861 5538 sed
894 5492 1111 5554 propter
1155 5483 1574 5538 misericordiam
1596 5524 1612 5547 ,
1655 5499 1722 5538 ne
1752 5483 1891 5540 forte

293 5593 414 5634 eam
443 5577 647 5638 salvam
679 5575 898 5642 faceret,
921 5573 1150 5641 reddens
1172 5576 1347 5644 potius
1373 5589 1529 5643 quam
1561 5573 1780 5644 exigens
1797 5573 1894 5630 de-

295 5669 466 5724 bitum
497 5667 811 5738 conjugale;
838 5665 1077 5736 profecto
1108 5681 1205 5721 nec
1230 5665 1750 5733 dolebitcarnaliter,
1769 5680 1892 5721 cum

291 5765 363 5818 ab
392 5766 485 5820 illo
530 5765 638 5818 tale
672 5761 998 5817 connubium
1041 5760 1374 5832 separabitur
1407 5777 1420 5814 :
1453 5775 1625 5829 neque
1667 5760 1807 5814 enim
1839 5759 1891 5814 in

296 5873 360 5911 ea
399 5855 707 5928 cogitabat,
752 5853 852 5909 nisi
892 5867 1012 5924 quae
1039 5861 1163 5908 sunt
1188 5853 1319 5918 Dei,
1364 5850 1635 5924 quomodo
1662 5852 1895 5922 placeret

294 5949 404 6010 Deo
431 5949 476 6021 (ι
494 5948 615 6006 Cor.
639 5942 964 6019 vit,29-5t).
987 5948 1061 6001 Ac
1087 5959 1181 6019 per
1205 5943 1304 6000 hoc
1331 5958 1385 5999 in
1411 5953 1664 6016 quantum
1682 5958 1890 6012 aurum.

1742 413 1945 470 LIBER
1983 412 2180 468 UNUS.

3518 433 3615 492 I54

2021 538 2296 597 argentum
2315 570 2329 594 ,
2358 537 2414 586 et
2438 529 2641 603 lapides
2667 534 2930 604 pretiosos
2959 537 3067 593 illis
3090 539 3501 610 cogitationibus
3523 561 3616 602 sn-

2020 620 2435 692 peraediﬁcabat,
2453 625 2506 678 in
2537 635 2739 680 tantum
2765 627 3146 687 detrimentum
3168 633 3373 690 nullum
3406 625 3614 708 patere-

2019 722 2124 779 tur,
2144 717 2196 770 in
2215 717 2551 787 tantum-ejus
2571 727 2858 788 structura,
2877 737 2996 792 qua:
3014 739 3119 780 non
3137 736 3254 782 erat
3272 726 3447 797 fenea,
3468 734 3613 789 nullo

2017 807 2272 864 incendio.
2293 820 2643 866 cremaretur.

2087 897 2141 953 8.
2187 916 2207 950 ι
2241 897 2372 954 Sive
2409 915 2544 970 ergo.
2578 901 2629 955 in
2673 901 2772 956 hac
2819 912 3022 959 tantum
3066 906 3173 962 vita
3218 909 3316 963 ista
3361 911 3608 969 homines

2015 988 2306 1057 patiuntur,
2337 989 2450 1044 sive
2476 991 2645 1048 etiam.
2669 1001 2791 1061 post
2815 992 2952 1048 hanc
2990 995 3151 1050 vitam
3194 999 3318 1052 talia
3364 1002 3608 1069 quaedam

2009 1080 2209 1149 judicia
2226 1082 2647 1152 subsequuntur,
2662 1100 2767 1138 non
2791 1084 3064 1154 abhorret,
3083 1099 3338 1156 quantum
3358 1092 3609 1158 arbitror,

2013 1184 2044 1225 a
2073 1172 2279 1227 ratione
2307 1173 2548 1229 veritatis
2573 1174 2673 1229 iste
2703 1175 3008 1233 intellectus
3048 1177 3272 1247 hujusce
3307 1185 3609 1242 sementim.

2013 1262 2392 1321 Verumtamen
2420 1267 2577 1322 etiam
2609 1269 2653 1322 si
2677 1280 2759 1322 est
2777 1269 2932 1336 alius,
2959 1271 3047 1340 qui
3070 1272 3198 1326 mihi
3221 1288 3326 1326 non
3347 1278 3604 1344 occurrit,

2011 1358 2190 1427 potius
2213 1359 2527 1429 eligendus;
2558 1360 2717 1415 istum
2745 1362 3001 1431 quamdiu
3025 1371 3291 1431 tenemus,
3321 1379 3426 1420 non
3453 1368 3602 1437 cogi-

2010 1467 2131 1506 mur
2153 1452 2332 1508 dicere
2362 1453 2572 1523 injustis
2593 1496 2606 1520 ,
2634 1469 2740 1508 non
2762 1454 3009 1521 subditis,
3044 1456 3306 1522 scelestis,
3337 1460 3604 1514 contami»

2011 1544 2167 1609 natis,
2193 1545 2490 1614 parricidis,
2510 1545 2824 1613 matricidis,
2846 1547 3142 1615 homicidis,
3169 1550 3610 1620 fornicatoribus,

2009 1635 2372 1690 masculorum
2395 1636 2830 1692 concubitoribus
2847 1679 2862 1705 ,
2891 1638 3195 1708 plagiariis,
3220 1640 3564 1695 mendacibus
3585 1684 3600 1709 ,

2009 1727 2235 1795 perjuris
2254 1768 2269 1792 ,
2302 1736 2354 1782 et
2380 1727 2425 1782 si
2454 1727 2581 1797 quid
2607 1728 2752 1783 aliud
2781 1744 2926 1784 same
2965 1729 3225 1786 doctrina:
3263 1731 3608 1797 adversatur,

2006 1831 2124 1886 quae
2145 1826 2226 1872 est
2241 1817 2532 1873 secundum
2553 1819 2892 1889 Evangelium
2915 1820 3099 1889 gloriae
3123 1821 3262 1875 beati
3282 1822 3374 1876 Dei
3398 1822 3438 1893 (I
3465 1821 3598 1877 Tim.

2008 1928 2053 1978 t,
2079 1913 2234 1984 9—H)
2256 1932 2268 1967 :
2293 1913 2350 1968 Si
2379 1913 2744 1968 tantummodo
2762 1915 2814 1968 in
2849 1913 3116 1969 Christum
3143 1914 3373 1970 credatis
3393 1956 3411 1982 ,
3439 1924 3493 1969 ct.
3516 1931 3600 1969 sa-

2005 2012 2335 2058 cramentum
2382 2002 2639 2071 Baptismi
2685 2004 2802 2072 ejus
2846 2004 3145 2076 accipiatis,
3184 2006 3394 2060 etiamsi
3435 2008 3605 2062 vitam

2004 2094 2158 2150 istam
2187 2097 2475 2166 pessimam
2501 2112 2609 2151 non
2642 2096 2997 2165 mutaveritis,
3028 2097 3158 2151 salvi
3189 2098 3361 2153 eritis.

2076 2190 2131 2245 9.
2174 2210 2193 2244 ι
2220 2190 2380 2247 Unde
2400 2208 2500 2247 nec
2523 2193 2609 2247 illa
2641 2193 2793 2248 nobis
2817 2194 3008 2248 mulier
3035 2193 3331 2248 Chananaza
3358 2193 3600 2262 parseri-

2003 2278 2112 2348 bit,
2141 2282 2263 2352 quia
2302 2283 2562 2339 Dominus
2588 2283 2636 2338 ei
2667 2284 2810 2354 quod
2855 2285 3071 2354 petebat
3113 2284 3295 2351 dedit,
3324 2299 3444 2339 cum
3473 2293 3603 2340 ante

2003 2370 2244 2441 dixisset,
2278 2373 2400 2429 Non
2421 2386 2493 2429 est
2519 2375 2704 2430 bonum
2731 2377 2905 2430 tollere
2931 2393 3114 2448 panem
3137 2377 3378 2446 ﬁliorum,
3405 2386 3450 2430 et
3477 2377 3598 2430 mib-

2002 2473 2104 2519 tere
2128 2467 2364 2531 canibus;
2386 2468 2508 2538 quia
2535 2468 2626 2523 ille
2654 2469 2831 2523 cordis
2857 2470 3127 2538 inspector
3151 2477 3406 2522 mutatam
3435 2467 3592 2532 vidit,

2000 2556 2214 2627 quando
2245 2557 2499 2613 laudavit.
2527 2558 2593 2612 Et
2620 2558 2738 2614 ideo
2761 2575 2867 2614 non
2897 2559 3006 2624 ait,
3025 2559 3070 2613 0
3099 2559 3266 2624 canis,
3297 2573 3487 2627 magna
3511 2567 3595 2612 est

2002 2648 2136 2705 ﬁdes
2162 2650 2282 2704 tua!
2308 2650 2401 2706 sed
2423 2692 2438 2715 ,
2470 2649 2516 2705 0
2536 2652 2734 2716 mulier,
2760 2668 2945 2722 magna
2973 2659 3045 2706 est
3073 2651 3198 2720 ﬁdes
3241 2659 3327 2704 tua
3366 2649 3593 2720 (Matth.

1973 2756 2092 2808 'xv,
2119 2740 2210 2809 26,
2236 2742 2367 2812 28)!
2397 2743 2614 2798 Mutavit
2638 2744 2953 2799 vocabulum
2976 2785 2991 2811 ,
3022 2743 3144 2814 quia
3171 2751 3431 2797 mutatum
3459 2742 3591 2798 vidit

1998 2831 2272 2899 affectum,
2305 2842 2464 2904 atque
2503 2834 2648 2890 illam
2674 2836 3068 2905 correptionem
3104 2835 3172 2889 ad
3210 2834 3436 2889 fructum
3465 2849 3591 2902 pcr-

1997 2922 2210 2978 venisse
2239 2924 2508 2994 cognovit.
2531 2924 2690 2979 Miror
2717 2933 2895 2980 autem
2926 2924 2970 2978 si
2997 2923 3235 2978 laudaret
3261 2924 3312 2978 in
3335 2939 3399 2979 ea
3429 2922 3588 2978 fidem

1997 3017 2114 3071 sine
2139 3017 2423 3086 operibus,
2446 3017 2498 3071 id
2524 3026 2637 3082 est,
2665 3017 2823 3072 ﬁdem
2865 3032 2970 3071 non
3006 3017 3164 3072 talem
3199 3032 3315 3086 qua:
3341 3016 3450 3086 jam
3494 3032 3590 3086 per

1998 3105 2344 3162 dilectionem
2389 3116 2570 3177 posset
2603 3108 2833 3178 operari,
2863 3107 3020 3162 ﬁdem
3051 3115 3336 3173 mortuam,
3370 3117 3422 3161 et
3449 3107 3588 3176 quod

1996 3195 2229 3252 Jacobus
2253 3196 2434 3252 dicere
2461 3198 2682 3253 minime
2706 3197 2986 3264 dubitavit,
3018 3198 3175 3252 ﬁdem
3206 3213 3313 3253 non
3331 3197 3590 3251 Christia-

1995 3304 2208 3355 norum,
2231 3289 2327 3344 sed
2346 3289 2668 3344 daemonum.
2692 3290 2971 3344 Postremo
2991 3290 3034 3343 si
3063 3290 3214 3343 istam
3233 3288 3587 3343 Cltananrcam

1996 3381 2186 3437 nolunt
2231 3381 2531 3451 intelligere
2577 3391 2811 3436 mutasse
2861 3380 3094 3450 perditos
3140 3395 3347 3446 mores,
3377 3378 3590 3448 quando

1995 3487 2112 3527 eam
2140 3472 2382 3527 Christus
2406 3473 2799 3528 contemnendo
2824 3482 2879 3527 et
2905 3470 3242 3540 corripiendo
3273 3471 3543 3542 redarguit
3570 3489 3583 3525 :

1994 3577 2358 3632 quoscumque
2390 3562 2690 3617 invenerint
2736 3562 3102 3616 tantummodo
3144 3561 3384 3627 credere,
3426 3562 3588 3621 vitam

1993 3667 2122 3707 vero
2144 3652 2640 3723 inquinatissimam,
2661 3668 2761 3708 nec
2787 3654 2976 3708 saltem
2994 3653 3280 3717 occultare,
3307 3651 3400 3708 sed
3426 3653 3587 3711 etiam

1994 3740 2159 3798 libere
2184 3741 2447 3811 proﬁteri,
2477 3759 2540 3798 ac
2566 3743 2708 3798 nolle
2735 3753 2968 3809 nmtare;
2997 3752 3190 3798 sanent
3209 3742 3345 3797 ﬁlios
3368 3758 3577 3809 eorum,

1993 3832 2037 3886 si
2069 3841 2312 3900 possunt,
2347 3833 2485 3887 sicut
2517 3841 2700 3888 sanata
2727 3843 2808 3887 est
2836 3832 2940 3887 ﬁlia
2971 3832 3285 3886 Chananzea:
3313 3832 3583 3899 mulieris;

1994 3937 2099 3977 non
2123 3932 2297 3977 tamen
2323 3937 2418 3978 eos
2441 3923 2634 3978 faciant
2661 3923 2898 3978 membra
2926 3923 3158 3988 Christi,
3184 3939 3304 3978 cum
3335 3923 3433 3991 ipsi
3461 3938 3586 3978 esse

1995 4013 2616 4071 nOndesinantmembra
2630 4015 2957 4070 meretricis»
2986 4013 3088 4085 (De
3109 4014 3210 4084 ﬁde
3242 4023 3286 4068 et
3317 4013 3585 4086 Operibus,

1993 4123 2110 4176 cap.
2148 4105 2360 4178 14-16).

2066 4197 2156 4252 l0.
2199 4197 2331 4252 item
2359 4197 2410 4252 in
2441 4213 2504 4252 eo
2533 4197 2668 4252 libro
2695 4198 2777 4252 cui
2807 4198 2988 4252 titulus
3017 4205 3100 4252 est
3120 4238 3134 4262 ,
3167 4195 3234 4252 de
3259 4195 3389 4251 Fide
3410 4239 3425 4263 ,
3454 4193 3583 4268 Spe,

1994 4298 2044 4345 et
2076 4289 2379 4355 Charitate,
2409 4303 2568 4359 quem
2613 4290 2800 4358 scripsi
2846 4288 2912 4343 ad
2955 4288 3120 4342 ﬁlium
3157 4303 3336 4343 meum
3366 4286 3587 4346 fratrem

1994 4387 2143 4433 tuum
2183 4378 2564 4446 Laurentium,
2594 4379 2693 4434 ista
2731 4379 2800 4436 de
2831 4379 2929 4434 hac
2972 4395 3032 4433 re
3069 4361 3232 4434 verba
3261 4393 3377 4432 mea
3416 4386 3581 4431 sunt:

2001 4490 2020 4525 ι
2048 4471 2379 4536 Creduntur,
2421 4474 2668 4542 inquam,
2717 4487 2745 4524 a
2786 4471 3098 4541 quibusdam
3129 4511 3145 4537 ,
3183 4471 3342 4525 etiam
3389 4468 3440 4522 hi
3495 4470 3586 4539 qui

1995 4581 2189 4620 nomen
2221 4565 2418 4620 Christi
2452 4582 2554 4620 non
2583 4565 2907 4633 relinquunt,
2940 4572 2992 4619 et
3020 4563 3136 4632 ejus
3163 4563 3375 4619 lavacro
3405 4561 3455 4614 in
3487 4561 3587 4617 Ec,

1994 4656 2156 4711 clesia
2188 4655 2543 4725 baptizantnr,
2574 4670 2670 4708 nec
2696 4655 2763 4708 ab
2797 4669 2859 4710 ea
2905 4653 3014 4708 ullo
3047 4653 3335 4709 schismate
3362 4651 3443 4706 vel
3472 4651 3585 4710 haee

1994 4747 2102 4801 resi
2143 4746 2524 4816 prmciduntur,
2559 4745 2608 4798 in
2649 4745 2994 4816 quantislibet
3033 4745 3328 4799 sceleribus
3371 4743 3583 4809 vivant,

1995 4856 2111 4910 qum
2133 4855 2230 4894 nec
2250 4839 2451 4893 diluant
2468 4839 2794 4909 pmnitendo,
2816 4837 3279 4909 necelcemosynis
3299 4835 3583 4903 redimant,I

1995 4931 2087 4985 sed
2107 4932 2156 4985 in
2174 4931 2253 4986 eis
2271 4931 2514 5000 usquead
2538 4930 2693 5000 hujus
2709 4931 2828 4984 vita:
2846 4930 3085 4985 ultimum
3108 4929 3246 4983 diem
3273 4925 3584 4997 pertinacis—

1994 5022 2128 5076 sime
2166 5030 2538 5091 perseverent,
2572 5022 2703 5076 Salvi
2743 5021 2902 5075 futuri
2937 5036 3030 5090 per
3073 5021 3277 5090 ignem;
3321 5018 3446 5070 licet
3488 5030 3586 5085 pro

1995 5114 2358 5184 magnitudine
2387 5113 2681 5169 facinorum
2711 5112 3134 5183 ﬂagitiorumque
3163 5110 3414 5164 diuturno
3435 5150 3448 5173 ,
3472 5124 3578 5166 non

1997 5214 2170 5260 tamen
2212 5213 2413 5260 interno
2455 5205 2574 5275 igne
2609 5204 2798 5274 puniti.
2830 5202 2935 5258 Sed
2979 5201 3066 5272 qui
3113 5201 3213 5254 hoc
3239 5200 3495 5266 credunt,
3532 5210 3587 5259 et

1996 5303 2172 5350 tamen
2213 5296 2466 5351 catholici
2493 5304 2656 5362 sunt,
2685 5294 2914 5348 humana
2945 5293 3171 5364 quadam
3210 5293 3582 5348 benevolentia

1995 5388 2124 5444 mihi
2152 5385 2257 5440 falli
2283 5387 2567 5440 videntur:
2595 5400 2715 5438 nam
2741 5385 3014 5454 Scriptura
3057 5384 3234 5438 divina
3276 5383 3419 5438 aliud
3446 5400 3582 5437 con-

1996 5480 2135 5535 sulta
2163 5478 2466 5549 respondet.
2487 5477 2706 5533 Librum
2729 5487 2906 5532 autem
2935 5477 3000 5531 de
3022 5477 3123 5533 bac
3147 5478 3439 5547 quaestione
3462 5493 3589 5530 con-

1997 5573 2219 5644 scripsi,
2258 5571 2411 5641 cujus
2443 5571 2624 5626 titulus
2650 5580 2764 5638 est,
2796 5571 2863 5626 de
2898 5570 3028 5625 Fide
3067 5578 3121 5625 et
3157 5568 3452 5638 Operihus;
3498 5567 3582 5620 ubi

1999 5664 2294 5721 secundum
2319 5662 2621 5733 Srﬁpturas
2641 5672 2872 5728 sanctas,
2894 5670 3148 5732 quantum
3174 5660 3283 5714 Dco
3304 5658 3590 5728 adjuvantc

1999 5757 2182 5829 potui,
2225 5754 2593 5811 demonstravi
2617 5769 2735 5810 eam
2766 5753 2923 5809 ﬁdem
2963 5753 3139 5807 salvos
3178 5749 3387 5812 facere,
3432 5764 3588 5818 quam

2001 5848 2130 5904 satis
2174 5846 2447 5903 evidenter
2492 5847 2756 5919 expressit
2783 5844 2978 5900 Paulus
3014 5841 3320 5913 apostolus,
3356 5839 3542 5894 dicens
3576 5856 3590 5892 :

2003 5939 2068 5999 1η
2093 5941 2290 6000 Christo
2323 5941 2452 5998 enim
2480 5940 2605 5998 Iesu
2631 5956 2785 6015 neque
2805 5937 3116 5994 circumcisio
3141 5934 3411 6006 quidquam
3439 5929 3591 5999 valet,
