  <div class='ocr_page' id='page_1' title='image "/cluster/home/n/w/nwhite01/storage/ocr_20150623/40-41/uc1.31175026811482/085.png"; bbox 0 0 4084 6528; ppageno 0'>
   <div class='ocr_carea' id='block_1_1' title="bbox 484 436 590 493">
    <p class='ocr_par' dir='ltr' id='par_1_1' title="bbox 484 436 590 493">
     <span class='ocr_line' id='line_1_1' title="bbox 484 436 590 493; baseline 0.009 -1"><span class='ocrx_word' id='word_1_1' title='bbox 484 436 590 493; x_wconf 73' lang='grc'><strong>155</strong></span> 
     </span>
    </p>
   </div>
   <div class='ocr_carea' id='block_1_2' title="bbox 483 535 2069 621">
    <p class='ocr_par' dir='ltr' id='par_1_2' title="bbox 483 535 2069 621">
     <span class='ocr_line' id='line_1_2' title="bbox 483 535 2069 621; baseline -0.014 -15"><span class='ocrx_word' id='word_1_2' title='bbox 483 565 641 621; x_wconf 81' lang='lat' dir='ltr'><strong>neque</strong></span> <span class='ocrx_word' id='word_1_3' title='bbox 664 544 986 619; x_wconf 63' lang='lat' dir='ltr'><strong>praeputium,</strong></span> <span class='ocrx_word' id='word_1_4' title='bbox 1018 539 1112 598; x_wconf 83' lang='lat' dir='ltr'><strong>sed</strong></span> <span class='ocrx_word' id='word_1_5' title='bbox 1137 538 1262 609; x_wconf 80' lang='lat' dir='ltr'><strong>ﬁdes</strong></span> <span class='ocrx_word' id='word_1_6' title='bbox 1288 553 1402 607; x_wconf 72' lang='lat' dir='ltr'><strong>qua:</strong></span> <span class='ocrx_word' id='word_1_7' title='bbox 1427 553 1516 608; x_wconf 89' lang='lat' dir='ltr'><strong>per</strong></span> <span class='ocrx_word' id='word_1_8' title='bbox 1544 535 1861 591; x_wconf 65' lang='lat' dir='ltr'><strong>dilectionem</strong></span> <span class='ocrx_word' id='word_1_9' title='bbox 1884 548 2069 604; x_wconf 86' lang='lat' dir='ltr'><strong>opera—</strong></span> 
     </span>
    </p>
   </div>
   <div class='ocr_carea' id='block_1_3' title="bbox 482 627 2068 711">
    <p class='ocr_par' dir='ltr' id='par_1_3' title="bbox 482 627 2068 711">
     <span class='ocr_line' id='line_1_3' title="bbox 482 627 2068 711; baseline -0.012 -15"><span class='ocrx_word' id='word_1_10' title='bbox 482 654 564 695; x_wconf 82' lang='lat' dir='ltr'><strong>tur</strong></span> <span class='ocrx_word' id='word_1_11' title='bbox 594 639 787 711; x_wconf 84' lang='lat' dir='ltr'><strong>(Gatat.</strong></span> <span class='ocrx_word' id='word_1_12' title='bbox 813 650 867 700; x_wconf 90' lang='lat' dir='ltr'><strong>v,</strong></span> <span class='ocrx_word' id='word_1_13' title='bbox 886 634 965 704; x_wconf 89' lang='lat'><strong>6).</strong></span> <span class='ocrx_word' id='word_1_14' title='bbox 988 632 1046 689; x_wconf 90' lang='lat' dir='ltr'><strong>Si</strong></span> <span class='ocrx_word' id='word_1_15' title='bbox 1072 640 1250 687; x_wconf 90' lang='lat' dir='ltr'><strong>autem</strong></span> <span class='ocrx_word' id='word_1_16' title='bbox 1270 631 1431 699; x_wconf 89' lang='lat' dir='ltr'><strong>male,</strong></span> <span class='ocrx_word' id='word_1_17' title='bbox 1449 640 1502 685; x_wconf 89' lang='lat' dir='ltr'><strong>et</strong></span> <span class='ocrx_word' id='word_1_18' title='bbox 1520 644 1624 684; x_wconf 87' lang='lat' dir='ltr'><strong>non</strong></span> <span class='ocrx_word' id='word_1_19' title='bbox 1644 627 1780 683; x_wconf 90' lang='lat' dir='ltr'><strong>bene</strong></span> <span class='ocrx_word' id='word_1_20' title='bbox 1798 634 2068 696; x_wconf 93' lang='lat' dir='ltr'><strong>operatur,</strong></span> 
     </span>
    </p>
   </div>
   <div class='ocr_carea' id='block_1_4' title="bbox 484 719 2075 803">
    <p class='ocr_par' dir='ltr' id='par_1_4' title="bbox 484 719 2075 803">
     <span class='ocr_line' id='line_1_4' title="bbox 484 719 2075 803; baseline -0.013 -15"><span class='ocrx_word' id='word_1_21' title='bbox 484 731 666 803; x_wconf 84' lang='lat' dir='ltr'><strong>procul</strong></span> <span class='ocrx_word' id='word_1_22' title='bbox 693 726 854 784; x_wconf 92' lang='lat' dir='ltr'><strong>dubio</strong></span> <span class='ocrx_word' id='word_1_23' title='bbox 874 768 889 793; x_wconf 87' lang='lat'><strong>,</strong></span> <span class='ocrx_word' id='word_1_24' title='bbox 920 724 1212 783; x_wconf 87' lang='lat' dir='ltr'><strong>secundum</strong></span> <span class='ocrx_word' id='word_1_25' title='bbox 1240 723 1535 794; x_wconf 75' lang='lat' dir='ltr'><strong>apostolum</strong></span> <span class='ocrx_word' id='word_1_26' title='bbox 1563 719 1818 777; x_wconf 85' lang='lat' dir='ltr'><strong>Jacobum</strong></span> <span class='ocrx_word' id='word_1_27' title='bbox 1836 759 1849 782; x_wconf 95' lang='lat'><strong>,</strong></span> <span class='ocrx_word' id='word_1_28' title='bbox 1874 726 2075 771; x_wconf 87' lang='lat' dir='ltr'><strong>mortua</strong></span> 
     </span>
    </p>
   </div>
   <div class='ocr_carea' id='block_1_5' title="bbox 483 810 2076 889">
    <p class='ocr_par' dir='ltr' id='par_1_5' title="bbox 483 810 2076 889">
     <span class='ocr_line' id='line_1_5' title="bbox 483 810 2076 889; baseline -0.009 -12"><span class='ocrx_word' id='word_1_29' title='bbox 483 832 556 878; x_wconf 83' lang='lat' dir='ltr'><strong>est</strong></span> <span class='ocrx_word' id='word_1_30' title='bbox 584 823 637 875; x_wconf 88' lang='lat' dir='ltr'><strong>in</strong></span> <span class='ocrx_word' id='word_1_31' title='bbox 668 820 953 889; x_wconf 82' lang='lat' dir='ltr'><strong>semetipsa.</strong></span> <span class='ocrx_word' id='word_1_32' title='bbox 978 818 1077 887; x_wconf 85' lang='lat' dir='ltr'><strong>Qui</strong></span> <span class='ocrx_word' id='word_1_33' title='bbox 1109 832 1293 873; x_wconf 85' lang='lat' dir='ltr'><strong>rursus</strong></span> <span class='ocrx_word' id='word_1_34' title='bbox 1324 816 1433 871; x_wconf 87' lang='lat' dir='ltr'><strong>ait:</strong></span> <span class='ocrx_word' id='word_1_35' title='bbox 1460 815 1520 870; x_wconf 90' lang='lat' dir='ltr'><strong>Si</strong></span> <span class='ocrx_word' id='word_1_36' title='bbox 1549 813 1703 883; x_wconf 80' lang='lat' dir='ltr'><strong>ﬁdem</strong></span> <span class='ocrx_word' id='word_1_37' title='bbox 1726 811 1861 865; x_wconf 89' lang='lat' dir='ltr'><strong>dicat</strong></span> <span class='ocrx_word' id='word_1_38' title='bbox 1881 828 1933 865; x_wconf 90' lang='lat' dir='ltr'><strong>sc</strong></span> <span class='ocrx_word' id='word_1_39' title='bbox 1965 810 2076 879; x_wconf 85' lang='lat' dir='ltr'><strong>quis</strong></span> 
     </span>
    </p>
   </div>
   <div class='ocr_carea' id='block_1_6' title="bbox 486 903 2075 983">
    <p class='ocr_par' dir='ltr' id='par_1_6' title="bbox 486 903 2075 983">
     <span class='ocr_line' id='line_1_6' title="bbox 486 903 2075 983; baseline -0.01 -14"><span class='ocrx_word' id='word_1_40' title='bbox 486 914 689 980; x_wconf 86' lang='lat' dir='ltr'><strong>habere,</strong></span> <span class='ocrx_word' id='word_1_41' title='bbox 714 930 869 983; x_wconf 81' lang='lat' dir='ltr'><strong>Opera</strong></span> <span class='ocrx_word' id='word_1_42' title='bbox 898 920 1066 965; x_wconf 79' lang='lat' dir='ltr'><strong>autem</strong></span> <span class='ocrx_word' id='word_1_43' title='bbox 1090 927 1190 964; x_wconf 85' lang='lat' dir='ltr'><strong>non</strong></span> <span class='ocrx_word' id='word_1_44' title='bbox 1224 909 1437 974; x_wconf 82' lang='lat' dir='ltr'><strong>habeat,</strong></span> <span class='ocrx_word' id='word_1_45' title='bbox 1473 905 1717 973; x_wconf 87' lang='lat' dir='ltr'><strong>numquid</strong></span> <span class='ocrx_word' id='word_1_46' title='bbox 1746 904 1927 976; x_wconf 87' lang='lat' dir='ltr'><strong>poterit</strong></span> <span class='ocrx_word' id='word_1_47' title='bbox 1952 903 2075 970; x_wconf 81' lang='lat' dir='ltr'><strong>ﬁdes</strong></span> 
     </span>
    </p>
   </div>
   <div class='ocr_carea' id='block_1_7' title="bbox 485 994 2076 1063">
    <p class='ocr_par' dir='ltr' id='par_1_7' title="bbox 485 994 2076 1063">
     <span class='ocr_line' id='line_1_7' title="bbox 485 994 2076 1063; baseline -0.01 0"><span class='ocrx_word' id='word_1_48' title='bbox 485 1008 681 1063; x_wconf 81' lang='lat' dir='ltr'><strong>salvare</strong></span> <span class='ocrx_word' id='word_1_49' title='bbox 715 1005 877 1061; x_wconf 81' lang='lat' dir='ltr'><strong>eum?</strong></span> <span class='ocrx_word' id='word_1_50' title='bbox 902 1005 1067 1058; x_wconf 88' lang='lat' dir='ltr'><strong>Porro</strong></span> <span class='ocrx_word' id='word_1_51' title='bbox 1097 1011 1274 1057; x_wconf 88' lang='lat' dir='ltr'><strong>autem</strong></span> <span class='ocrx_word' id='word_1_52' title='bbox 1369 999 1416 1055; x_wconf 92' lang='lat' dir='ltr'><strong>si</strong></span> <span class='ocrx_word' id='word_1_53' title='bbox 1519 994 1685 1049; x_wconf 89' lang='lat' dir='ltr'><strong>homo</strong></span> <span class='ocrx_word' id='word_1_54' title='bbox 1787 994 2076 1051; x_wconf 84' lang='lat' dir='ltr'><strong>sceleratus</strong></span> 
     </span>
    </p>
   </div>
   <div class='ocr_carea' id='block_1_8' title="bbox 487 1087 2078 1169">
    <p class='ocr_par' dir='ltr' id='par_1_8' title="bbox 487 1087 2078 1169">
     <span class='ocr_line' id='line_1_8' title="bbox 487 1087 2078 1169; baseline -0.009 -16"><span class='ocrx_word' id='word_1_55' title='bbox 487 1107 711 1169; x_wconf 76' lang='lat' dir='ltr'><strong>propter</strong></span> <span class='ocrx_word' id='word_1_56' title='bbox 738 1096 894 1150; x_wconf 85' lang='lat' dir='ltr'><strong>fidem</strong></span> <span class='ocrx_word' id='word_1_57' title='bbox 925 1096 1092 1149; x_wconf 89' lang='lat' dir='ltr'><strong>solam</strong></span> <span class='ocrx_word' id='word_1_58' title='bbox 1122 1109 1218 1163; x_wconf 90' lang='lat' dir='ltr'><strong>per</strong></span> <span class='ocrx_word' id='word_1_59' title='bbox 1247 1094 1422 1162; x_wconf 83' lang='lat' dir='ltr'><strong>ignem</strong></span> <span class='ocrx_word' id='word_1_60' title='bbox 1464 1090 1774 1154; x_wconf 87' lang='lat' dir='ltr'><strong>salvabitur,</strong></span> <span class='ocrx_word' id='word_1_61' title='bbox 1813 1096 1867 1142; x_wconf 89' lang='lat' dir='ltr'><strong>et</strong></span> <span class='ocrx_word' id='word_1_62' title='bbox 1894 1087 1969 1141; x_wconf 91' lang='lat' dir='ltr'><strong>sic</strong></span> <span class='ocrx_word' id='word_1_63' title='bbox 1996 1095 2078 1139; x_wconf 88' lang='lat' dir='ltr'><strong>est</strong></span> 
     </span>
    </p>
   </div>
   <div class='ocr_carea' id='block_1_9' title="bbox 486 1181 2077 1259">
    <p class='ocr_par' dir='ltr' id='par_1_9' title="bbox 486 1181 2077 1259">
     <span class='ocr_line' id='line_1_9' title="bbox 486 1181 2077 1259; baseline -0.008 -15"><span class='ocrx_word' id='word_1_64' title='bbox 486 1186 860 1259; x_wconf 81' lang='lat' dir='ltr'><strong>accipiendum</strong></span> <span class='ocrx_word' id='word_1_65' title='bbox 872 1187 1012 1259; x_wconf 92' lang='lat' dir='ltr'><strong>quod</strong></span> <span class='ocrx_word' id='word_1_66' title='bbox 1039 1188 1110 1241; x_wconf 90' lang='lat' dir='ltr'><strong>ait</strong></span> <span class='ocrx_word' id='word_1_67' title='bbox 1134 1187 1320 1241; x_wconf 86' lang='lat' dir='ltr'><strong>beatus</strong></span> <span class='ocrx_word' id='word_1_68' title='bbox 1342 1184 1556 1250; x_wconf 82' lang='lat' dir='ltr'><strong>Paulus,</strong></span> <span class='ocrx_word' id='word_1_69' title='bbox 1582 1182 1611 1236; x_wconf 93' lang='grc'><strong><em>1</em></strong></span> <span class='ocrx_word' id='word_1_70' title='bbox 1616 1200 1702 1253; x_wconf 87' lang='lat' dir='ltr'><strong>pse</strong></span> <span class='ocrx_word' id='word_1_71' title='bbox 1721 1192 1889 1235; x_wconf 79' lang='lat' dir='ltr'><strong>autent</strong></span> <span class='ocrx_word' id='word_1_72' title='bbox 1911 1181 2077 1235; x_wconf 85' lang='lat' dir='ltr'><strong>salvus</strong></span> 
     </span>
    </p>
   </div>
   <div class='ocr_carea' id='block_1_10' title="bbox 491 1272 2078 1354">
    <p class='ocr_par' dir='ltr' id='par_1_10' title="bbox 491 1272 2078 1354">
     <span class='ocr_line' id='line_1_10' title="bbox 491 1272 2078 1354; baseline -0.008 -17"><span class='ocrx_word' id='word_1_73' title='bbox 491 1285 607 1351; x_wconf 86' lang='lat' dir='ltr'><strong>erit,</strong></span> <span class='ocrx_word' id='word_1_74' title='bbox 631 1284 704 1337; x_wconf 86' lang='lat' dir='ltr'><strong>sic</strong></span> <span class='ocrx_word' id='word_1_75' title='bbox 724 1292 887 1336; x_wconf 83' lang='lat' dir='ltr'><strong>tamen</strong></span> <span class='ocrx_word' id='word_1_76' title='bbox 903 1282 1051 1354; x_wconf 87' lang='lat' dir='ltr'><strong>quasi</strong></span> <span class='ocrx_word' id='word_1_77' title='bbox 1067 1297 1153 1350; x_wconf 85' lang='lat' dir='ltr'><strong>per</strong></span> <span class='ocrx_word' id='word_1_78' title='bbox 1172 1280 1356 1351; x_wconf 84' lang='lat' dir='ltr'><strong>ignem,</strong></span> <span class='ocrx_word' id='word_1_79' title='bbox 1376 1277 1709 1347; x_wconf 78' lang='lat' dir='ltr'><strong>poteritergo</strong></span> <span class='ocrx_word' id='word_1_80' title='bbox 1737 1275 1945 1328; x_wconf 84' lang='lat' dir='ltr'><strong>salvare</strong></span> <span class='ocrx_word' id='word_1_81' title='bbox 1964 1272 2078 1326; x_wconf 86' lang='lat' dir='ltr'><strong>sine</strong></span> 
     </span>
    </p>
   </div>
   <div class='ocr_carea' id='block_1_11' title="bbox 489 1366 2089 1449">
    <p class='ocr_par' dir='ltr' id='par_1_11' title="bbox 489 1366 2089 1449">
     <span class='ocr_line' id='line_1_11' title="bbox 489 1366 2089 1449; baseline -0.01 -16"><span class='ocrx_word' id='word_1_82' title='bbox 489 1378 746 1449; x_wconf 83' lang='lat' dir='ltr'><strong>operibus</strong></span> <span class='ocrx_word' id='word_1_83' title='bbox 774 1376 904 1430; x_wconf 87' lang='lat' dir='ltr'><strong>fides</strong></span> <span class='ocrx_word' id='word_1_84' title='bbox 925 1418 941 1441; x_wconf 90' lang='lat'><strong>,</strong></span> <span class='ocrx_word' id='word_1_85' title='bbox 968 1382 1023 1430; x_wconf 91' lang='lat' dir='ltr'><strong>et</strong></span> <span class='ocrx_word' id='word_1_86' title='bbox 1067 1373 1257 1427; x_wconf 90' lang='lat' dir='ltr'><strong>falsum</strong></span> <span class='ocrx_word' id='word_1_87' title='bbox 1284 1372 1385 1427; x_wconf 91' lang='lat' dir='ltr'><strong>erit</strong></span> <span class='ocrx_word' id='word_1_88' title='bbox 1411 1369 1552 1441; x_wconf 91' lang='lat' dir='ltr'><strong>quod</strong></span> <span class='ocrx_word' id='word_1_89' title='bbox 1582 1368 1715 1423; x_wconf 82' lang='lat' dir='ltr'><strong>dixit</strong></span> <span class='ocrx_word' id='word_1_90' title='bbox 1743 1366 1857 1437; x_wconf 81' lang='lat' dir='ltr'><strong>ejus</strong></span> <span class='ocrx_word' id='word_1_91' title='bbox 1885 1380 2089 1435; x_wconf 30' lang='lat' dir='ltr'><strong>coapo-.</strong></span> 
     </span>
    </p>
   </div>
   <div class='ocr_carea' id='block_1_12' title="bbox 489 1456 2078 1528">
    <p class='ocr_par' dir='ltr' id='par_1_12' title="bbox 489 1456 2078 1528">
     <span class='ocr_line' id='line_1_12' title="bbox 489 1456 2078 1528; baseline -0.009 -5"><span class='ocrx_word' id='word_1_92' title='bbox 489 1469 660 1523; x_wconf 88' lang='lat' dir='ltr'><strong>stolus</strong></span> <span class='ocrx_word' id='word_1_93' title='bbox 697 1467 926 1523; x_wconf 85' lang='lat' dir='ltr'><strong>.lacohus</strong></span> <span class='ocrx_word' id='word_1_94' title='bbox 957 1483 969 1518; x_wconf 92' lang='lat'><strong>:</strong></span> <span class='ocrx_word' id='word_1_95' title='bbox 1001 1465 1189 1519; x_wconf 90' lang='lat' dir='ltr'><strong>falsum</strong></span> <span class='ocrx_word' id='word_1_96' title='bbox 1224 1464 1325 1518; x_wconf 89' lang='lat' dir='ltr'><strong>erit</strong></span> <span class='ocrx_word' id='word_1_97' title='bbox 1363 1472 1416 1517; x_wconf 90' lang='lat' dir='ltr'><strong>et</strong></span> <span class='ocrx_word' id='word_1_98' title='bbox 1445 1460 1575 1515; x_wconf 92' lang='lat' dir='ltr'><strong>illud</strong></span> <span class='ocrx_word' id='word_1_99' title='bbox 1614 1458 1753 1528; x_wconf 87' lang='lat' dir='ltr'><strong>quod</strong></span> <span class='ocrx_word' id='word_1_100' title='bbox 1783 1457 1926 1512; x_wconf 89' lang='lat' dir='ltr'><strong>idem</strong></span> <span class='ocrx_word' id='word_1_101' title='bbox 1966 1456 2078 1526; x_wconf 87' lang='lat' dir='ltr'><strong>ipse</strong></span> 
     </span>
    </p>
   </div>
   <div class='ocr_carea' id='block_1_13' title="bbox 491 1550 2081 1625">
    <p class='ocr_par' dir='ltr' id='par_1_13' title="bbox 491 1550 2081 1625">
     <span class='ocr_line' id='line_1_13' title="bbox 491 1550 2081 1625; baseline -0.009 -10"><span class='ocrx_word' id='word_1_102' title='bbox 491 1559 707 1625; x_wconf 77' lang='lat' dir='ltr'><strong>Paulus,</strong></span> <span class='ocrx_word' id='word_1_103' title='bbox 740 1556 931 1623; x_wconf 78' lang='lat' dir='ltr'><strong>Nolite,</strong></span> <span class='ocrx_word' id='word_1_104' title='bbox 965 1556 1152 1625; x_wconf 82' lang='lat' dir='ltr'><strong>inquit,</strong></span> <span class='ocrx_word' id='word_1_105' title='bbox 1184 1570 1387 1619; x_wconf 90' lang='lat' dir='ltr'><strong>errare;</strong></span> <span class='ocrx_word' id='word_1_106' title='bbox 1418 1568 1575 1624; x_wconf 89' lang='lat' dir='ltr'><strong>neque</strong></span> <span class='ocrx_word' id='word_1_107' title='bbox 1602 1550 1961 1623; x_wconf 74' lang='lat' dir='ltr'><strong>fornicatores,</strong></span> <span class='ocrx_word' id='word_1_108' title='bbox 1992 1563 2081 1601; x_wconf 84' lang='lat' dir='ltr'><strong>ne-</strong></span> 
     </span>
    </p>
   </div>
   <div class='ocr_carea' id='block_1_14' title="bbox 493 1640 2077 1719">
    <p class='ocr_par' dir='ltr' id='par_1_14' title="bbox 493 1640 2077 1719">
     <span class='ocr_line' id='line_1_14' title="bbox 493 1640 2077 1719; baseline -0.006 -15"><span class='ocrx_word' id='word_1_109' title='bbox 493 1666 590 1719; x_wconf 87' lang='lat' dir='ltr'><strong>que</strong></span> <span class='ocrx_word' id='word_1_110' title='bbox 618 1650 767 1704; x_wconf 78' lang='lat' dir='ltr'><strong>idolis</strong></span> <span class='ocrx_word' id='word_1_111' title='bbox 793 1649 1078 1714; x_wconf 81' lang='lat' dir='ltr'><strong>servientes,</strong></span> <span class='ocrx_word' id='word_1_112' title='bbox 1116 1663 1273 1714; x_wconf 81' lang='lat' dir='ltr'><strong>neque</strong></span> <span class='ocrx_word' id='word_1_113' title='bbox 1297 1645 1534 1711; x_wconf 84' lang='lat' dir='ltr'><strong>adulteri,</strong></span> <span class='ocrx_word' id='word_1_114' title='bbox 1567 1659 1724 1715; x_wconf 85' lang='lat' dir='ltr'><strong>neque</strong></span> <span class='ocrx_word' id='word_1_115' title='bbox 1749 1640 1958 1708; x_wconf 83' lang='lat' dir='ltr'><strong>molles,</strong></span> <span class='ocrx_word' id='word_1_116' title='bbox 1987 1657 2077 1695; x_wconf 89' lang='lat' dir='ltr'><strong>ne-</strong></span> 
     </span>
    </p>
   </div>
   <div class='ocr_carea' id='block_1_15' title="bbox 490 1733 2077 1812">
    <p class='ocr_par' dir='ltr' id='par_1_15' title="bbox 490 1733 2077 1812">
     <span class='ocr_line' id='line_1_15' title="bbox 490 1733 2077 1812; baseline -0.006 -17"><span class='ocrx_word' id='word_1_117' title='bbox 490 1759 588 1812; x_wconf 78' lang='lat' dir='ltr'><strong>que</strong></span> <span class='ocrx_word' id='word_1_118' title='bbox 610 1743 949 1796; x_wconf 77' lang='lat' dir='ltr'><strong>masculorum</strong></span> <span class='ocrx_word' id='word_1_119' title='bbox 975 1738 1336 1802; x_wconf 70' lang='lat' dir='ltr'><strong>concubitores,</strong></span> <span class='ocrx_word' id='word_1_120' title='bbox 1370 1753 1528 1809; x_wconf 88' lang='lat' dir='ltr'><strong>neque</strong></span> <span class='ocrx_word' id='word_1_121' title='bbox 1552 1738 1711 1809; x_wconf 79' lang='lat' dir='ltr'><strong>fures,</strong></span> <span class='ocrx_word' id='word_1_122' title='bbox 1738 1749 1897 1804; x_wconf 77' lang='lat' dir='ltr'><strong>neque</strong></span> <span class='ocrx_word' id='word_1_123' title='bbox 1917 1733 2077 1795; x_wconf 81' lang='lat' dir='ltr'><strong>avari,</strong></span> 
     </span>
    </p>
   </div>
   <div class='ocr_carea' id='block_1_16' title="bbox 491 1824 2083 1906">
    <p class='ocr_par' dir='ltr' id='par_1_16' title="bbox 491 1824 2083 1906">
     <span class='ocr_line' id='line_1_16' title="bbox 491 1824 2083 1906; baseline -0.008 -14"><span class='ocrx_word' id='word_1_124' title='bbox 491 1853 649 1906; x_wconf 81' lang='lat' dir='ltr'><strong>neque</strong></span> <span class='ocrx_word' id='word_1_125' title='bbox 669 1834 924 1900; x_wconf 84' lang='lat' dir='ltr'><strong>maledici,</strong></span> <span class='ocrx_word' id='word_1_126' title='bbox 952 1849 1110 1903; x_wconf 87' lang='lat' dir='ltr'><strong>neque</strong></span> <span class='ocrx_word' id='word_1_127' title='bbox 1130 1831 1330 1897; x_wconf 79' lang='lat' dir='ltr'><strong>ebriosi,</strong></span> <span class='ocrx_word' id='word_1_128' title='bbox 1354 1846 1511 1901; x_wconf 80' lang='lat' dir='ltr'><strong>neque</strong></span> <span class='ocrx_word' id='word_1_129' title='bbox 1529 1846 1737 1901; x_wconf 83' lang='lat' dir='ltr'><strong>rapaces</strong></span> <span class='ocrx_word' id='word_1_130' title='bbox 1755 1844 1966 1900; x_wconf 84' lang='lat' dir='ltr'><strong>regnum</strong></span> <span class='ocrx_word' id='word_1_131' title='bbox 1987 1824 2083 1879; x_wconf 91' lang='lat' dir='ltr'><strong>Dei</strong></span> 
     </span>
    </p>
   </div>
   <div class='ocr_carea' id='block_1_17' title="bbox 491 1918 2083 1999">
    <p class='ocr_par' dir='ltr' id='par_1_17' title="bbox 491 1918 2083 1999">
     <span class='ocr_line' id='line_1_17' title="bbox 491 1918 2083 1999; baseline -0.006 -17"><span class='ocrx_word' id='word_1_132' title='bbox 491 1928 834 1999; x_wconf 77' lang='lat' dir='ltr'><strong>possidebunt.</strong></span> <span class='ocrx_word' id='word_1_133' title='bbox 868 1926 924 1981; x_wconf 89' lang='lat' dir='ltr'><strong>Si</strong></span> <span class='ocrx_word' id='word_1_134' title='bbox 955 1925 1097 1981; x_wconf 89' lang='lat' dir='ltr'><strong>enim</strong></span> <span class='ocrx_word' id='word_1_135' title='bbox 1127 1925 1286 1979; x_wconf 86' lang='lat' dir='ltr'><strong>etiam</strong></span> <span class='ocrx_word' id='word_1_136' title='bbox 1321 1922 1374 1977; x_wconf 89' lang='lat' dir='ltr'><strong>in</strong></span> <span class='ocrx_word' id='word_1_137' title='bbox 1404 1923 1519 1978; x_wconf 86' lang='lat' dir='ltr'><strong>istis</strong></span> <span class='ocrx_word' id='word_1_138' title='bbox 1542 1928 1950 1992; x_wconf 83' lang='lat' dir='ltr'><strong>perseverantes</strong></span> <span class='ocrx_word' id='word_1_139' title='bbox 1977 1918 2083 1973; x_wconf 89' lang='lat' dir='ltr'><strong>cri-</strong></span> 
     </span>
    </p>
   </div>
   <div class='ocr_carea' id='block_1_18' title="bbox 490 2012 2078 2086">
    <p class='ocr_par' dir='ltr' id='par_1_18' title="bbox 490 2012 2078 2086">
     <span class='ocr_line' id='line_1_18' title="bbox 490 2012 2078 2086; baseline -0.005 -14"><span class='ocrx_word' id='word_1_140' title='bbox 490 2018 760 2083; x_wconf 85' lang='lat' dir='ltr'><strong>minibus,</strong></span> <span class='ocrx_word' id='word_1_141' title='bbox 804 2024 981 2072; x_wconf 90' lang='lat' dir='ltr'><strong>tamen</strong></span> <span class='ocrx_word' id='word_1_142' title='bbox 1032 2024 1252 2086; x_wconf 89' lang='lat' dir='ltr'><strong>propter</strong></span> <span class='ocrx_word' id='word_1_143' title='bbox 1294 2013 1452 2068; x_wconf 81' lang='lat' dir='ltr'><strong>fidem</strong></span> <span class='ocrx_word' id='word_1_144' title='bbox 1490 2013 1690 2070; x_wconf 82' lang='lat' dir='ltr'><strong>Christi</strong></span> <span class='ocrx_word' id='word_1_145' title='bbox 1734 2012 1866 2067; x_wconf 89' lang='lat' dir='ltr'><strong>salvi</strong></span> <span class='ocrx_word' id='word_1_146' title='bbox 1892 2017 2078 2077; x_wconf 89' lang='lat' dir='ltr'><strong>erunt,</strong></span> 
     </span>
    </p>
   </div>
   <div class='ocr_carea' id='block_1_19' title="bbox 490 2106 1518 2181">
    <p class='ocr_par' dir='ltr' id='par_1_19' title="bbox 490 2106 1518 2181">
     <span class='ocr_line' id='line_1_19' title="bbox 490 2106 1518 2181; baseline -0.005 -16"><span class='ocrx_word' id='word_1_147' title='bbox 490 2108 764 2181; x_wconf 89' lang='lat' dir='ltr'><strong>quomodo</strong></span> <span class='ocrx_word' id='word_1_148' title='bbox 793 2109 845 2163; x_wconf 92' lang='lat' dir='ltr'><strong>in</strong></span> <span class='ocrx_word' id='word_1_149' title='bbox 873 2123 1037 2178; x_wconf 84' lang='lat' dir='ltr'><strong>regno</strong></span> <span class='ocrx_word' id='word_1_150' title='bbox 1065 2108 1159 2163; x_wconf 87' lang='lat' dir='ltr'><strong>Dei</strong></span> <span class='ocrx_word' id='word_1_151' title='bbox 1184 2121 1292 2161; x_wconf 91' lang='lat' dir='ltr'><strong>non</strong></span> <span class='ocrx_word' id='word_1_152' title='bbox 1322 2106 1518 2162; x_wconf 85' lang='lat' dir='ltr'><strong>erunt?</strong></span> 
     </span>
    </p>
   </div>
   <div class='ocr_carea' id='block_1_20' title="bbox 567 2192 2084 2270">
    <p class='ocr_par' dir='ltr' id='par_1_20' title="bbox 567 2192 2084 2270">
     <span class='ocr_line' id='line_1_20' title="bbox 567 2192 2084 2270; baseline -0.006 -15"><span class='ocrx_word' id='word_1_153' title='bbox 567 2202 656 2255; x_wconf 77' lang='grc' dir='ltr'><strong>Η.</strong></span> <span class='ocrx_word' id='word_1_154' title='bbox 691 2219 710 2252; x_wconf 74' lang='grc' dir='ltr'><strong><em>ι</em></strong></span> <span class='ocrx_word' id='word_1_155' title='bbox 745 2198 851 2256; x_wconf 89' lang='lat' dir='ltr'><strong>Sed</strong></span> <span class='ocrx_word' id='word_1_156' title='bbox 891 2200 1015 2270; x_wconf 90' lang='lat' dir='ltr'><strong>quia</strong></span> <span class='ocrx_word' id='word_1_157' title='bbox 1057 2198 1173 2253; x_wconf 70' lang='lat' dir='ltr'><strong>hmo</strong></span> <span class='ocrx_word' id='word_1_158' title='bbox 1215 2197 1507 2269; x_wconf 85' lang='lat' dir='ltr'><strong>apostolica</strong></span> <span class='ocrx_word' id='word_1_159' title='bbox 1554 2192 1984 2252; x_wconf 89' lang='lat' dir='ltr'><strong>manifestissima</strong></span> <span class='ocrx_word' id='word_1_160' title='bbox 2031 2201 2084 2247; x_wconf 90' lang='lat' dir='ltr'><strong>ct</strong></span> 
     </span>
    </p>
   </div>
   <div class='ocr_carea' id='block_1_21' title="bbox 493 2282 2081 2362">
    <p class='ocr_par' dir='ltr' id='par_1_21' title="bbox 493 2282 2081 2362">
     <span class='ocr_line' id='line_1_21' title="bbox 493 2282 2081 2362; baseline -0.006 -15"><span class='ocrx_word' id='word_1_161' title='bbox 493 2292 828 2362; x_wconf 89' lang='lat' dir='ltr'><strong>apertissima</strong></span> <span class='ocrx_word' id='word_1_162' title='bbox 862 2289 1165 2346; x_wconf 88' lang='lat' dir='ltr'><strong>testimonia</strong></span> <span class='ocrx_word' id='word_1_163' title='bbox 1198 2289 1330 2344; x_wconf 88' lang='lat' dir='ltr'><strong>falsa</strong></span> <span class='ocrx_word' id='word_1_164' title='bbox 1368 2302 1490 2345; x_wconf 89' lang='lat' dir='ltr'><strong>esse</strong></span> <span class='ocrx_word' id='word_1_165' title='bbox 1518 2303 1624 2343; x_wconf 89' lang='lat' dir='ltr'><strong>non</strong></span> <span class='ocrx_word' id='word_1_166' title='bbox 1662 2294 1914 2357; x_wconf 85' lang='lat' dir='ltr'><strong>possunt;</strong></span> <span class='ocrx_word' id='word_1_167' title='bbox 1955 2282 2081 2339; x_wconf 90' lang='lat' dir='ltr'><strong>illud</strong></span> 
     </span>
    </p>
   </div>
   <div class='ocr_carea' id='block_1_22' title="bbox 492 2376 2085 2453">
    <p class='ocr_par' dir='ltr' id='par_1_22' title="bbox 492 2376 2085 2453">
     <span class='ocr_line' id='line_1_22' title="bbox 492 2376 2085 2453; baseline -0.004 -16"><span class='ocrx_word' id='word_1_168' title='bbox 492 2383 635 2453; x_wconf 89' lang='lat' dir='ltr'><strong>quod</strong></span> <span class='ocrx_word' id='word_1_169' title='bbox 666 2383 890 2438; x_wconf 90' lang='lat' dir='ltr'><strong>obscure</strong></span> <span class='ocrx_word' id='word_1_170' title='bbox 915 2382 1114 2437; x_wconf 90' lang='lat' dir='ltr'><strong>dictum</strong></span> <span class='ocrx_word' id='word_1_171' title='bbox 1159 2390 1240 2438; x_wconf 88' lang='lat' dir='ltr'><strong>est</strong></span> <span class='ocrx_word' id='word_1_172' title='bbox 1261 2424 1275 2445; x_wconf 89' lang='lat'><strong>,</strong></span> <span class='ocrx_word' id='word_1_173' title='bbox 1306 2381 1374 2437; x_wconf 91' lang='lat' dir='ltr'><strong>de</strong></span> <span class='ocrx_word' id='word_1_174' title='bbox 1416 2380 1500 2435; x_wconf 91' lang='lat' dir='ltr'><strong>his</strong></span> <span class='ocrx_word' id='word_1_175' title='bbox 1539 2379 1627 2451; x_wconf 91' lang='lat' dir='ltr'><strong>qui</strong></span> <span class='ocrx_word' id='word_1_176' title='bbox 1658 2376 2085 2449; x_wconf 65' lang='lat' dir='ltr'><strong>supersedificaat</strong></span> 
     </span>
    </p>
   </div>
   <div class='ocr_carea' id='block_1_23' title="bbox 492 2471 2079 2545">
    <p class='ocr_par' dir='ltr' id='par_1_23' title="bbox 492 2471 2079 2545">
     <span class='ocr_line' id='line_1_23' title="bbox 492 2471 2079 2545; baseline -0.005 -16"><span class='ocrx_word' id='word_1_177' title='bbox 492 2490 656 2545; x_wconf 84' lang='lat' dir='ltr'><strong>super</strong></span> <span class='ocrx_word' id='word_1_178' title='bbox 681 2474 1112 2540; x_wconf 83' lang='lat' dir='ltr'><strong>fundamentum,</strong></span> <span class='ocrx_word' id='word_1_179' title='bbox 1144 2473 1285 2544; x_wconf 91' lang='lat' dir='ltr'><strong>quod</strong></span> <span class='ocrx_word' id='word_1_180' title='bbox 1317 2480 1399 2528; x_wconf 89' lang='lat' dir='ltr'><strong>est</strong></span> <span class='ocrx_word' id='word_1_181' title='bbox 1432 2471 1698 2538; x_wconf 89' lang='lat' dir='ltr'><strong>Christus,</strong></span> <span class='ocrx_word' id='word_1_182' title='bbox 1729 2485 1834 2525; x_wconf 91' lang='lat' dir='ltr'><strong>non</strong></span> <span class='ocrx_word' id='word_1_183' title='bbox 1865 2484 2079 2533; x_wconf 92' lang='lat' dir='ltr'><strong>aurum,</strong></span> 
     </span>
    </p>
   </div>
   <div class='ocr_carea' id='block_1_24' title="bbox 491 2560 2084 2636">
    <p class='ocr_par' dir='ltr' id='par_1_24' title="bbox 491 2560 2084 2636">
     <span class='ocr_line' id='line_1_24' title="bbox 491 2560 2084 2636; baseline -0.004 -17"><span class='ocrx_word' id='word_1_184' title='bbox 491 2572 771 2635; x_wconf 84' lang='lat' dir='ltr'><strong>argentum</strong></span> <span class='ocrx_word' id='word_1_185' title='bbox 790 2607 804 2631; x_wconf 92' lang='lat'><strong>,</strong></span> <span class='ocrx_word' id='word_1_186' title='bbox 834 2565 1038 2635; x_wconf 86' lang='lat' dir='ltr'><strong>lapides</strong></span> <span class='ocrx_word' id='word_1_187' title='bbox 1064 2565 1328 2636; x_wconf 88' lang='lat' dir='ltr'><strong>pretiosos</strong></span> <span class='ocrx_word' id='word_1_188' title='bbox 1348 2605 1362 2629; x_wconf 92' lang='lat'><strong>,</strong></span> <span class='ocrx_word' id='word_1_189' title='bbox 1412 2563 1504 2619; x_wconf 89' lang='lat' dir='ltr'><strong>sed</strong></span> <span class='ocrx_word' id='word_1_190' title='bbox 1532 2564 1671 2634; x_wconf 86' lang='lat' dir='ltr'><strong>ligna</strong></span> <span class='ocrx_word' id='word_1_191' title='bbox 1692 2603 1706 2628; x_wconf 88' lang='lat'><strong>,</strong></span> <span class='ocrx_word' id='word_1_192' title='bbox 1741 2560 1919 2617; x_wconf 90' lang='lat' dir='ltr'><strong>fenum</strong></span> <span class='ocrx_word' id='word_1_193' title='bbox 1943 2602 1958 2628; x_wconf 92' lang='lat'><strong>,</strong></span> <span class='ocrx_word' id='word_1_194' title='bbox 1989 2560 2084 2614; x_wconf 80' lang='lat' dir='ltr'><strong>sti—</strong></span> 
     </span>
    </p>
   </div>
   <div class='ocr_carea' id='block_1_25' title="bbox 492 2650 2082 2729">
    <p class='ocr_par' dir='ltr' id='par_1_25' title="bbox 492 2650 2082 2729">
     <span class='ocr_line' id='line_1_25' title="bbox 492 2650 2082 2729; baseline -0.004 -19"><span class='ocrx_word' id='word_1_195' title='bbox 492 2657 671 2727; x_wconf 90' lang='lat' dir='ltr'><strong>pulam</strong></span> <span class='ocrx_word' id='word_1_196' title='bbox 702 2655 790 2729; x_wconf 89' lang='lat' dir='ltr'><strong>(de</strong></span> <span class='ocrx_word' id='word_1_197' title='bbox 817 2656 901 2711; x_wconf 89' lang='lat' dir='ltr'><strong>his</strong></span> <span class='ocrx_word' id='word_1_198' title='bbox 928 2657 1070 2711; x_wconf 89' lang='lat' dir='ltr'><strong>enim</strong></span> <span class='ocrx_word' id='word_1_199' title='bbox 1120 2657 1317 2711; x_wconf 89' lang='lat' dir='ltr'><strong>dictum</strong></span> <span class='ocrx_word' id='word_1_200' title='bbox 1346 2664 1429 2711; x_wconf 90' lang='lat' dir='ltr'><strong>est</strong></span> <span class='ocrx_word' id='word_1_201' title='bbox 1462 2654 1604 2725; x_wconf 92' lang='lat' dir='ltr'><strong>quod</strong></span> <span class='ocrx_word' id='word_1_202' title='bbox 1630 2668 1726 2724; x_wconf 89' lang='lat' dir='ltr'><strong>per</strong></span> <span class='ocrx_word' id='word_1_203' title='bbox 1749 2652 1924 2723; x_wconf 84' lang='lat' dir='ltr'><strong>ignem</strong></span> <span class='ocrx_word' id='word_1_204' title='bbox 1951 2650 2082 2705; x_wconf 83' lang='lat' dir='ltr'><strong>salvi</strong></span> 
     </span>
    </p>
   </div>
   <div class='ocr_carea' id='block_1_26' title="bbox 492 2742 2081 2818">
    <p class='ocr_par' dir='ltr' id='par_1_26' title="bbox 492 2742 2081 2818">
     <span class='ocr_line' id='line_1_26' title="bbox 492 2742 2081 2818; baseline -0.003 -17"><span class='ocrx_word' id='word_1_205' title='bbox 492 2755 681 2813; x_wconf 85' lang='lat' dir='ltr'><strong>erunt,</strong></span> <span class='ocrx_word' id='word_1_206' title='bbox 734 2748 985 2818; x_wconf 82' lang='lat' dir='ltr'><strong>quoniam</strong></span> <span class='ocrx_word' id='word_1_207' title='bbox 1033 2747 1361 2802; x_wconf 82' lang='lat' dir='ltr'><strong>fundamenti</strong></span> <span class='ocrx_word' id='word_1_208' title='bbox 1410 2746 1603 2800; x_wconf 90' lang='lat' dir='ltr'><strong>merito</strong></span> <span class='ocrx_word' id='word_1_209' title='bbox 1643 2759 1748 2799; x_wconf 92' lang='lat' dir='ltr'><strong>non</strong></span> <span class='ocrx_word' id='word_1_210' title='bbox 1786 2742 2081 2814; x_wconf 87' lang='lat' dir='ltr'><strong>peribunt),</strong></span> 
     </span>
    </p>
   </div>
   <div class='ocr_carea' id='block_1_27' title="bbox 493 2836 2086 2912">
    <p class='ocr_par' dir='ltr' id='par_1_27' title="bbox 493 2836 2086 2912">
     <span class='ocr_line' id='line_1_27' title="bbox 493 2836 2086 2912; baseline -0.004 -17"><span class='ocrx_word' id='word_1_211' title='bbox 493 2840 572 2895; x_wconf 89' lang='lat' dir='ltr'><strong>sic</strong></span> <span class='ocrx_word' id='word_1_212' title='bbox 594 2840 1017 2912; x_wconf 85' lang='lat' dir='ltr'><strong>intelligendum,</strong></span> <span class='ocrx_word' id='word_1_213' title='bbox 1046 2848 1129 2896; x_wconf 90' lang='lat' dir='ltr'><strong>est</strong></span> <span class='ocrx_word' id='word_1_214' title='bbox 1150 2850 1209 2894; x_wconf 91' lang='lat' dir='ltr'><strong>ut</strong></span> <span class='ocrx_word' id='word_1_215' title='bbox 1230 2839 1313 2893; x_wconf 90' lang='lat' dir='ltr'><strong>his</strong></span> <span class='ocrx_word' id='word_1_216' title='bbox 1337 2837 1634 2892; x_wconf 83' lang='lat' dir='ltr'><strong>manifestis</strong></span> <span class='ocrx_word' id='word_1_217' title='bbox 1654 2851 1761 2891; x_wconf 90' lang='lat' dir='ltr'><strong>non</strong></span> <span class='ocrx_word' id='word_1_218' title='bbox 1785 2836 2086 2891; x_wconf 81' lang='lat' dir='ltr'><strong>inveniatur</strong></span> 
     </span>
    </p>
   </div>
   <div class='ocr_carea' id='block_1_28' title="bbox 440 2926 2085 3000">
    <p class='ocr_par' dir='ltr' id='par_1_28' title="bbox 440 2926 2085 3000">
     <span class='ocr_line' id='line_1_28' title="bbox 440 2926 2085 3000; baseline -0.003 -15"><span class='ocrx_word' id='word_1_219' title='bbox 440 2945 444 2948; x_wconf 72' lang='grc'><em>’</em></span> <span class='ocrx_word' id='word_1_220' title='bbox 494 2946 616 2987; x_wconf 88' lang='lat' dir='ltr'><strong>esse</strong></span> <span class='ocrx_word' id='word_1_221' title='bbox 662 2932 1011 2987; x_wconf 90' lang='lat' dir='ltr'><strong>contrarium.</strong></span> <span class='ocrx_word' id='word_1_222' title='bbox 1058 2931 1220 3000; x_wconf 89' lang='lat' dir='ltr'><strong>Ligna</strong></span> <span class='ocrx_word' id='word_1_223' title='bbox 1249 2930 1446 2999; x_wconf 83' lang='lat' dir='ltr'><strong>quippe</strong></span> <span class='ocrx_word' id='word_1_224' title='bbox 1475 2936 1529 2982; x_wconf 81' lang='lat' dir='ltr'><strong>et</strong></span> <span class='ocrx_word' id='word_1_225' title='bbox 1573 2926 1752 2983; x_wconf 90' lang='lat' dir='ltr'><strong>fenum</strong></span> <span class='ocrx_word' id='word_1_226' title='bbox 1801 2935 1855 2981; x_wconf 91' lang='lat' dir='ltr'><strong>et</strong></span> <span class='ocrx_word' id='word_1_227' title='bbox 1893 2926 2085 2996; x_wconf 86' lang='lat' dir='ltr'><strong>stipula</strong></span> 
     </span>
    </p>
   </div>
   <div class='ocr_carea' id='block_1_29' title="bbox 494 3018 2085 3090">
    <p class='ocr_par' dir='ltr' id='par_1_29' title="bbox 494 3018 2085 3090">
     <span class='ocr_line' id='line_1_29' title="bbox 494 3018 2085 3090; baseline -0.003 -14"><span class='ocrx_word' id='word_1_228' title='bbox 494 3038 601 3076; x_wconf 91' lang='lat' dir='ltr'><strong>non</strong></span> <span class='ocrx_word' id='word_1_229' title='bbox 625 3021 856 3076; x_wconf 88' lang='lat' dir='ltr'><strong>absurde</strong></span> <span class='ocrx_word' id='word_1_230' title='bbox 881 3021 1046 3089; x_wconf 85' lang='lat' dir='ltr'><strong>accipi</strong></span> <span class='ocrx_word' id='word_1_231' title='bbox 1072 3030 1293 3090; x_wconf 90' lang='lat' dir='ltr'><strong>possunt</strong></span> <span class='ocrx_word' id='word_1_232' title='bbox 1318 3034 1494 3074; x_wconf 89' lang='lat' dir='ltr'><strong>rerum</strong></span> <span class='ocrx_word' id='word_1_233' title='bbox 1517 3018 1873 3085; x_wconf 74' lang='lat' dir='ltr'><strong>smcularium,</strong></span> <span class='ocrx_word' id='word_1_234' title='bbox 1900 3034 2085 3087; x_wconf 82' lang='lat' dir='ltr'><strong>quam—</strong></span> 
     </span>
    </p>
   </div>
   <div class='ocr_carea' id='block_1_30' title="bbox 494 3110 2085 3181">
    <p class='ocr_par' dir='ltr' id='par_1_30' title="bbox 494 3110 2085 3181">
     <span class='ocr_line' id='line_1_30' title="bbox 494 3110 2085 3181; baseline -0.002 -12"><span class='ocrx_word' id='word_1_235' title='bbox 494 3114 577 3169; x_wconf 85' lang='lat' dir='ltr'><strong>vis</strong></span> <span class='ocrx_word' id='word_1_236' title='bbox 621 3113 762 3167; x_wconf 90' lang='lat' dir='ltr'><strong>licite</strong></span> <span class='ocrx_word' id='word_1_237' title='bbox 793 3127 1166 3168; x_wconf 91' lang='lat' dir='ltr'><strong>concessarum</strong></span> <span class='ocrx_word' id='word_1_238' title='bbox 1194 3154 1208 3179; x_wconf 90' lang='lat'><strong>,</strong></span> <span class='ocrx_word' id='word_1_239' title='bbox 1256 3111 1389 3167; x_wconf 89' lang='lat' dir='ltr'><strong>tales</strong></span> <span class='ocrx_word' id='word_1_240' title='bbox 1432 3110 1781 3181; x_wconf 86' lang='lat' dir='ltr'><strong>cupiditates,</strong></span> <span class='ocrx_word' id='word_1_241' title='bbox 1831 3118 1888 3165; x_wconf 91' lang='lat' dir='ltr'><strong>ut</strong></span> <span class='ocrx_word' id='word_1_242' title='bbox 1917 3112 2085 3166; x_wconf 89' lang='lat' dir='ltr'><strong>amitti</strong></span> 
     </span>
    </p>
   </div>
   <div class='ocr_carea' id='block_1_31' title="bbox 495 3203 2090 3276">
    <p class='ocr_par' dir='ltr' id='par_1_31' title="bbox 495 3203 2090 3276">
     <span class='ocr_line' id='line_1_31' title="bbox 495 3203 2090 3276; baseline -0.003 -14"><span class='ocrx_word' id='word_1_243' title='bbox 495 3209 612 3263; x_wconf 88' lang='lat' dir='ltr'><strong>sine</strong></span> <span class='ocrx_word' id='word_1_244' title='bbox 639 3207 799 3261; x_wconf 89' lang='lat' dir='ltr'><strong>animi</strong></span> <span class='ocrx_word' id='word_1_245' title='bbox 825 3206 1011 3261; x_wconf 90' lang='lat' dir='ltr'><strong>dolore</strong></span> <span class='ocrx_word' id='word_1_246' title='bbox 1038 3221 1143 3261; x_wconf 90' lang='lat' dir='ltr'><strong>non</strong></span> <span class='ocrx_word' id='word_1_247' title='bbox 1171 3206 1395 3276; x_wconf 88' lang='lat' dir='ltr'><strong>possint.</strong></span> <span class='ocrx_word' id='word_1_248' title='bbox 1426 3205 1560 3260; x_wconf 91' lang='lat' dir='ltr'><strong>Cum</strong></span> <span class='ocrx_word' id='word_1_249' title='bbox 1590 3212 1767 3259; x_wconf 90' lang='lat' dir='ltr'><strong>autem</strong></span> <span class='ocrx_word' id='word_1_250' title='bbox 1806 3203 1907 3259; x_wconf 89' lang='lat' dir='ltr'><strong>iste</strong></span> <span class='ocrx_word' id='word_1_251' title='bbox 1932 3203 2090 3258; x_wconf 82' lang='lat' dir='ltr'><strong>dolor</strong></span> 
     </span>
    </p>
   </div>
   <div class='ocr_carea' id='block_1_32' title="bbox 498 3294 2085 3365">
    <p class='ocr_par' dir='ltr' id='par_1_32' title="bbox 498 3294 2085 3365">
     <span class='ocr_line' id='line_1_32' title="bbox 498 3294 2085 3365; baseline -0.003 -12"><span class='ocrx_word' id='word_1_252' title='bbox 498 3300 624 3365; x_wconf 89' lang='lat' dir='ltr'><strong>urit,</strong></span> <span class='ocrx_word' id='word_1_253' title='bbox 652 3299 696 3353; x_wconf 88' lang='lat' dir='ltr'><strong>si</strong></span> <span class='ocrx_word' id='word_1_254' title='bbox 726 3298 970 3353; x_wconf 81' lang='lat' dir='ltr'><strong>Christus</strong></span> <span class='ocrx_word' id='word_1_255' title='bbox 998 3298 1050 3352; x_wconf 90' lang='lat' dir='ltr'><strong>in</strong></span> <span class='ocrx_word' id='word_1_256' title='bbox 1077 3296 1238 3351; x_wconf 89' lang='lat' dir='ltr'><strong>corde</strong></span> <span class='ocrx_word' id='word_1_257' title='bbox 1268 3295 1593 3350; x_wconf 87' lang='lat' dir='ltr'><strong>fundamenti</strong></span> <span class='ocrx_word' id='word_1_258' title='bbox 1622 3294 1784 3351; x_wconf 87' lang='lat' dir='ltr'><strong>habet</strong></span> <span class='ocrx_word' id='word_1_259' title='bbox 1809 3294 2002 3361; x_wconf 90' lang='lat' dir='ltr'><strong>locum,</strong></span> <span class='ocrx_word' id='word_1_260' title='bbox 2036 3294 2085 3348; x_wconf 88' lang='lat' dir='ltr'><strong>id</strong></span> 
     </span>
    </p>
   </div>
   <div class='ocr_carea' id='block_1_33' title="bbox 496 3385 2085 3459">
    <p class='ocr_par' dir='ltr' id='par_1_33' title="bbox 496 3385 2085 3459">
     <span class='ocr_line' id='line_1_33' title="bbox 496 3385 2085 3459; baseline -0.004 -13"><span class='ocrx_word' id='word_1_261' title='bbox 496 3400 610 3455; x_wconf 85' lang='lat' dir='ltr'><strong>est,</strong></span> <span class='ocrx_word' id='word_1_262' title='bbox 639 3399 694 3444; x_wconf 91' lang='lat' dir='ltr'><strong>ut</strong></span> <span class='ocrx_word' id='word_1_263' title='bbox 735 3389 784 3444; x_wconf 91' lang='lat' dir='ltr'><strong>ei</strong></span> <span class='ocrx_word' id='word_1_264' title='bbox 822 3389 954 3443; x_wconf 88' lang='lat' dir='ltr'><strong>nihil</strong></span> <span class='ocrx_word' id='word_1_265' title='bbox 992 3395 1367 3459; x_wconf 88' lang='lat' dir='ltr'><strong>anteponatur,</strong></span> <span class='ocrx_word' id='word_1_266' title='bbox 1402 3396 1458 3443; x_wconf 90' lang='lat' dir='ltr'><strong>et</strong></span> <span class='ocrx_word' id='word_1_267' title='bbox 1493 3387 1646 3445; x_wconf 67' lang='lat' dir='ltr'><strong>malit</strong></span> <span class='ocrx_word' id='word_1_268' title='bbox 1675 3385 1836 3440; x_wconf 92' lang='lat' dir='ltr'><strong>homo</strong></span> <span class='ocrx_word' id='word_1_269' title='bbox 1875 3386 1964 3457; x_wconf 91' lang='lat' dir='ltr'><strong>qui</strong></span> <span class='ocrx_word' id='word_1_270' title='bbox 1997 3386 2085 3439; x_wconf 86' lang='lat' dir='ltr'><strong>tali</strong></span> 
     </span>
    </p>
   </div>
   <div class='ocr_carea' id='block_1_34' title="bbox 497 3479 2087 3552">
    <p class='ocr_par' dir='ltr' id='par_1_34' title="bbox 497 3479 2087 3552">
     <span class='ocr_line' id='line_1_34' title="bbox 497 3479 2087 3552; baseline -0.003 -14"><span class='ocrx_word' id='word_1_271' title='bbox 497 3483 688 3538; x_wconf 91' lang='lat' dir='ltr'><strong>dolore</strong></span> <span class='ocrx_word' id='word_1_272' title='bbox 724 3482 915 3550; x_wconf 91' lang='lat' dir='ltr'><strong>uritur,</strong></span> <span class='ocrx_word' id='word_1_273' title='bbox 957 3481 1118 3536; x_wconf 89' lang='lat' dir='ltr'><strong>rebus</strong></span> <span class='ocrx_word' id='word_1_274' title='bbox 1155 3495 1288 3552; x_wconf 91' lang='lat' dir='ltr'><strong>quas</strong></span> <span class='ocrx_word' id='word_1_275' title='bbox 1317 3480 1388 3535; x_wconf 88' lang='lat' dir='ltr'><strong>ita</strong></span> <span class='ocrx_word' id='word_1_276' title='bbox 1431 3479 1635 3550; x_wconf 81' lang='lat' dir='ltr'><strong>diligit,</strong></span> <span class='ocrx_word' id='word_1_277' title='bbox 1680 3493 1897 3545; x_wconf 86' lang='lat' dir='ltr'><strong>carere,</strong></span> <span class='ocrx_word' id='word_1_278' title='bbox 1928 3494 2087 3549; x_wconf 90' lang='lat' dir='ltr'><strong>quam</strong></span> 
     </span>
    </p>
   </div>
   <div class='ocr_carea' id='block_1_35' title="bbox 495 3568 2088 3644">
    <p class='ocr_par' dir='ltr' id='par_1_35' title="bbox 495 3568 2088 3644">
     <span class='ocr_line' id='line_1_35' title="bbox 495 3568 2088 3644; baseline -0.003 -16"><span class='ocrx_word' id='word_1_279' title='bbox 495 3573 746 3639; x_wconf 87' lang='lat' dir='ltr'><strong>Christo;</strong></span> <span class='ocrx_word' id='word_1_280' title='bbox 780 3588 878 3644; x_wconf 89' lang='lat' dir='ltr'><strong>per</strong></span> <span class='ocrx_word' id='word_1_281' title='bbox 898 3572 1072 3643; x_wconf 91' lang='lat' dir='ltr'><strong>ignem</strong></span> <span class='ocrx_word' id='word_1_282' title='bbox 1096 3572 1155 3626; x_wconf 78' lang='lat' dir='ltr'><strong>fit</strong></span> <span class='ocrx_word' id='word_1_283' title='bbox 1175 3571 1372 3627; x_wconf 89' lang='lat' dir='ltr'><strong>salvus.</strong></span> <span class='ocrx_word' id='word_1_284' title='bbox 1396 3568 1452 3627; x_wconf 91' lang='lat' dir='ltr'><strong>Si</strong></span> <span class='ocrx_word' id='word_1_285' title='bbox 1472 3578 1648 3625; x_wconf 88' lang='lat' dir='ltr'><strong>autem</strong></span> <span class='ocrx_word' id='word_1_286' title='bbox 1672 3584 1760 3625; x_wconf 89' lang='lat' dir='ltr'><strong>res</strong></span> <span class='ocrx_word' id='word_1_287' title='bbox 1780 3568 2088 3639; x_wconf 74' lang='lat' dir='ltr'><strong>huiusmodi</strong></span> 
     </span>
    </p>
   </div>
   <div class='ocr_carea' id='block_1_36' title="bbox 500 3660 2091 3734">
    <p class='ocr_par' dir='ltr' id='par_1_36' title="bbox 500 3660 2091 3734">
     <span class='ocr_line' id='line_1_36' title="bbox 500 3660 2091 3734; baseline -0.003 -14"><span class='ocrx_word' id='word_1_288' title='bbox 500 3663 828 3734; x_wconf 84' lang='lat' dir='ltr'><strong>temporales</strong></span> <span class='ocrx_word' id='word_1_289' title='bbox 852 3678 916 3720; x_wconf 92' lang='lat' dir='ltr'><strong>ac</strong></span> <span class='ocrx_word' id='word_1_290' title='bbox 937 3663 1221 3719; x_wconf 68' lang='lat' dir='ltr'><strong>saeculares</strong></span> <span class='ocrx_word' id='word_1_291' title='bbox 1241 3669 1485 3733; x_wconf 85' lang='lat' dir='ltr'><strong>tempore</strong></span> <span class='ocrx_word' id='word_1_292' title='bbox 1510 3661 1819 3718; x_wconf 88' lang='lat' dir='ltr'><strong>tentationis</strong></span> <span class='ocrx_word' id='word_1_293' title='bbox 1843 3660 2091 3716; x_wconf 87' lang='lat' dir='ltr'><strong>maluerit</strong></span> 
     </span>
    </p>
   </div>
   <div class='ocr_carea' id='block_1_37' title="bbox 498 3752 2089 3827">
    <p class='ocr_par' dir='ltr' id='par_1_37' title="bbox 498 3752 2089 3827">
     <span class='ocr_line' id='line_1_37' title="bbox 498 3752 2089 3827; baseline -0.001 -17"><span class='ocrx_word' id='word_1_294' title='bbox 498 3765 684 3812; x_wconf 90' lang='lat' dir='ltr'><strong>tenere</strong></span> <span class='ocrx_word' id='word_1_295' title='bbox 707 3771 865 3827; x_wconf 85' lang='lat' dir='ltr'><strong>quam</strong></span> <span class='ocrx_word' id='word_1_296' title='bbox 892 3754 1165 3812; x_wconf 88' lang='lat' dir='ltr'><strong>Christum</strong></span> <span class='ocrx_word' id='word_1_297' title='bbox 1188 3794 1205 3822; x_wconf 95' lang='lat'><strong>,</strong></span> <span class='ocrx_word' id='word_1_298' title='bbox 1244 3770 1365 3810; x_wconf 90' lang='lat' dir='ltr'><strong>eum</strong></span> <span class='ocrx_word' id='word_1_299' title='bbox 1394 3754 1448 3809; x_wconf 91' lang='lat' dir='ltr'><strong>in</strong></span> <span class='ocrx_word' id='word_1_300' title='bbox 1478 3752 1823 3810; x_wconf 88' lang='lat' dir='ltr'><strong>fundamento</strong></span> <span class='ocrx_word' id='word_1_301' title='bbox 1850 3767 1957 3808; x_wconf 92' lang='lat' dir='ltr'><strong>non</strong></span> <span class='ocrx_word' id='word_1_302' title='bbox 1988 3752 2089 3808; x_wconf 87' lang='lat' dir='ltr'><strong>ha-</strong></span> 
     </span>
    </p>
   </div>
   <div class='ocr_carea' id='block_1_38' title="bbox 496 3843 2090 3918">
    <p class='ocr_par' dir='ltr' id='par_1_38' title="bbox 496 3843 2090 3918">
     <span class='ocr_line' id='line_1_38' title="bbox 496 3843 2090 3918; baseline -0.001 -16"><span class='ocrx_word' id='word_1_303' title='bbox 496 3846 643 3915; x_wconf 91' lang='lat' dir='ltr'><strong>buit;</strong></span> <span class='ocrx_word' id='word_1_304' title='bbox 674 3847 797 3918; x_wconf 86' lang='lat' dir='ltr'><strong>quia</strong></span> <span class='ocrx_word' id='word_1_305' title='bbox 844 3846 960 3903; x_wconf 66' lang='lat' dir='ltr'><strong>haec</strong></span> <span class='ocrx_word' id='word_1_306' title='bbox 997 3846 1176 3917; x_wconf 89' lang='lat' dir='ltr'><strong>priore</strong></span> <span class='ocrx_word' id='word_1_307' title='bbox 1215 3846 1334 3902; x_wconf 90' lang='lat' dir='ltr'><strong>loco</strong></span> <span class='ocrx_word' id='word_1_308' title='bbox 1378 3844 1584 3913; x_wconf 90' lang='lat' dir='ltr'><strong>habuit,</strong></span> <span class='ocrx_word' id='word_1_309' title='bbox 1617 3859 1737 3900; x_wconf 91' lang='lat' dir='ltr'><strong>cum</strong></span> <span class='ocrx_word' id='word_1_310' title='bbox 1769 3845 1824 3900; x_wconf 93' lang='lat' dir='ltr'><strong>in</strong></span> <span class='ocrx_word' id='word_1_311' title='bbox 1860 3843 2090 3901; x_wconf 65' lang='lat' dir='ltr'><strong>aedificio</strong></span> 
     </span>
    </p>
   </div>
   <div class='ocr_carea' id='block_1_39' title="bbox 499 3935 2089 4010">
    <p class='ocr_par' dir='ltr' id='par_1_39' title="bbox 499 3935 2089 4010">
     <span class='ocr_line' id='line_1_39' title="bbox 499 3935 2089 4010; baseline -0.003 -16"><span class='ocrx_word' id='word_1_312' title='bbox 499 3953 605 3994; x_wconf 90' lang='lat' dir='ltr'><strong>non</strong></span> <span class='ocrx_word' id='word_1_313' title='bbox 636 3938 705 3993; x_wconf 92' lang='lat' dir='ltr'><strong>sit</strong></span> <span class='ocrx_word' id='word_1_314' title='bbox 730 3938 928 4009; x_wconf 90' lang='lat' dir='ltr'><strong>aliquid</strong></span> <span class='ocrx_word' id='word_1_315' title='bbox 957 3938 1102 4010; x_wconf 90' lang='lat' dir='ltr'><strong>prius</strong></span> <span class='ocrx_word' id='word_1_316' title='bbox 1129 3936 1497 3994; x_wconf 90' lang='lat' dir='ltr'><strong>fundamento.</strong></span> <span class='ocrx_word' id='word_1_317' title='bbox 1528 3936 1669 4008; x_wconf 85' lang='lat' dir='ltr'><strong>Ignis</strong></span> <span class='ocrx_word' id='word_1_318' title='bbox 1693 3936 1859 4002; x_wconf 92' lang='lat' dir='ltr'><strong>enim,</strong></span> <span class='ocrx_word' id='word_1_319' title='bbox 1887 3935 1957 3992; x_wconf 89' lang='lat' dir='ltr'><strong>de</strong></span> <span class='ocrx_word' id='word_1_320' title='bbox 1982 3952 2089 4007; x_wconf 90' lang='lat' dir='ltr'><strong>quo</strong></span> 
     </span>
    </p>
   </div>
   <div class='ocr_carea' id='block_1_40' title="bbox 497 4027 2091 4100">
    <p class='ocr_par' dir='ltr' id='par_1_40' title="bbox 497 4027 2091 4100">
     <span class='ocr_line' id='line_1_40' title="bbox 497 4027 2091 4100; baseline -0.003 -14"><span class='ocrx_word' id='word_1_321' title='bbox 497 4047 565 4087; x_wconf 90' lang='lat' dir='ltr'><strong>eo</strong></span> <span class='ocrx_word' id='word_1_322' title='bbox 588 4032 705 4087; x_wconf 92' lang='lat' dir='ltr'><strong>loco</strong></span> <span class='ocrx_word' id='word_1_323' title='bbox 726 4031 933 4087; x_wconf 87' lang='lat' dir='ltr'><strong>locutus</strong></span> <span class='ocrx_word' id='word_1_324' title='bbox 958 4040 1039 4086; x_wconf 90' lang='lat' dir='ltr'><strong>est</strong></span> <span class='ocrx_word' id='word_1_325' title='bbox 1064 4030 1335 4100; x_wconf 84' lang='lat' dir='ltr'><strong>apostolus</strong></span> <span class='ocrx_word' id='word_1_326' title='bbox 1361 4029 1577 4091; x_wconf 88' lang='lat' dir='ltr'><strong>Paulus,</strong></span> <span class='ocrx_word' id='word_1_327' title='bbox 1607 4028 1728 4083; x_wconf 89' lang='lat' dir='ltr'><strong>talis</strong></span> <span class='ocrx_word' id='word_1_328' title='bbox 1751 4027 1912 4083; x_wconf 90' lang='lat' dir='ltr'><strong>debet</strong></span> <span class='ocrx_word' id='word_1_329' title='bbox 1933 4027 2091 4082; x_wconf 91' lang='lat' dir='ltr'><strong>intel-</strong></span> 
     </span>
    </p>
   </div>
   <div class='ocr_carea' id='block_1_41' title="bbox 498 4118 2093 4193">
    <p class='ocr_par' dir='ltr' id='par_1_41' title="bbox 498 4118 2093 4193">
     <span class='ocr_line' id='line_1_41' title="bbox 498 4118 2093 4193; baseline -0.004 -17"><span class='ocrx_word' id='word_1_330' title='bbox 498 4123 611 4193; x_wconf 89' lang='lat' dir='ltr'><strong>ligi,</strong></span> <span class='ocrx_word' id='word_1_331' title='bbox 634 4132 693 4177; x_wconf 91' lang='lat' dir='ltr'><strong>ut</strong></span> <span class='ocrx_word' id='word_1_332' title='bbox 720 4122 880 4177; x_wconf 89' lang='lat' dir='ltr'><strong>ambo</strong></span> <span class='ocrx_word' id='word_1_333' title='bbox 910 4138 1006 4192; x_wconf 91' lang='lat' dir='ltr'><strong>per</strong></span> <span class='ocrx_word' id='word_1_334' title='bbox 1028 4136 1149 4175; x_wconf 87' lang='lat' dir='ltr'><strong>eum</strong></span> <span class='ocrx_word' id='word_1_335' title='bbox 1177 4129 1483 4186; x_wconf 87' lang='lat' dir='ltr'><strong>transeant;</strong></span> <span class='ocrx_word' id='word_1_336' title='bbox 1516 4119 1566 4174; x_wconf 92' lang='lat' dir='ltr'><strong>id</strong></span> <span class='ocrx_word' id='word_1_337' title='bbox 1600 4128 1700 4185; x_wconf 87' lang='lat' dir='ltr'><strong>est,</strong></span> <span class='ocrx_word' id='word_1_338' title='bbox 1730 4128 1785 4174; x_wconf 86' lang='lat' dir='ltr'><strong>et</strong></span> <span class='ocrx_word' id='word_1_339' title='bbox 1806 4119 1896 4189; x_wconf 91' lang='lat' dir='ltr'><strong>qui</strong></span> <span class='ocrx_word' id='word_1_340' title='bbox 1926 4118 2093 4187; x_wconf 72' lang='lat' dir='ltr'><strong>azdiﬁ-</strong></span> 
     </span>
    </p>
   </div>
   <div class='ocr_carea' id='block_1_42' title="bbox 499 4208 2091 4281">
    <p class='ocr_par' dir='ltr' id='par_1_42' title="bbox 499 4208 2091 4281">
     <span class='ocr_line' id='line_1_42' title="bbox 499 4208 2091 4281; baseline -0.002 -16"><span class='ocrx_word' id='word_1_341' title='bbox 499 4221 581 4265; x_wconf 87' lang='lat' dir='ltr'><strong>cat</strong></span> <span class='ocrx_word' id='word_1_342' title='bbox 610 4228 764 4281; x_wconf 85' lang='lat' dir='ltr'><strong>super</strong></span> <span class='ocrx_word' id='word_1_343' title='bbox 792 4212 885 4264; x_wconf 83' lang='lat' dir='ltr'><strong>Itoc</strong></span> <span class='ocrx_word' id='word_1_344' title='bbox 914 4211 1319 4280; x_wconf 78' lang='lat' dir='ltr'><strong>fundamentum,</strong></span> <span class='ocrx_word' id='word_1_345' title='bbox 1343 4226 1542 4272; x_wconf 87' lang='lat' dir='ltr'><strong>aurum,</strong></span> <span class='ocrx_word' id='word_1_346' title='bbox 1575 4217 1859 4279; x_wconf 86' lang='lat' dir='ltr'><strong>argentum,</strong></span> <span class='ocrx_word' id='word_1_347' title='bbox 1894 4208 2091 4278; x_wconf 85' lang='lat' dir='ltr'><strong>lapides</strong></span> 
     </span>
    </p>
   </div>
   <div class='ocr_carea' id='block_1_43' title="bbox 501 4302 2090 4377">
    <p class='ocr_par' dir='ltr' id='par_1_43' title="bbox 501 4302 2090 4377">
     <span class='ocr_line' id='line_1_43' title="bbox 501 4302 2090 4377; baseline -0.003 -17"><span class='ocrx_word' id='word_1_348' title='bbox 501 4308 767 4376; x_wconf 87' lang='lat' dir='ltr'><strong>pretiosos,</strong></span> <span class='ocrx_word' id='word_1_349' title='bbox 791 4314 845 4361; x_wconf 88' lang='lat' dir='ltr'><strong>et.</strong></span> <span class='ocrx_word' id='word_1_350' title='bbox 864 4307 953 4376; x_wconf 88' lang='lat' dir='ltr'><strong>qui</strong></span> <span class='ocrx_word' id='word_1_351' title='bbox 974 4307 1193 4375; x_wconf 77' lang='lat' dir='ltr'><strong>tediﬁcat</strong></span> <span class='ocrx_word' id='word_1_352' title='bbox 1215 4307 1431 4377; x_wconf 81' lang='lat' dir='ltr'><strong>lignum,</strong></span> <span class='ocrx_word' id='word_1_353' title='bbox 1457 4305 1649 4373; x_wconf 80' lang='lat' dir='ltr'><strong>fenum,</strong></span> <span class='ocrx_word' id='word_1_354' title='bbox 1673 4305 1933 4372; x_wconf 86' lang='lat' dir='ltr'><strong>stipulam.</strong></span> <span class='ocrx_word' id='word_1_355' title='bbox 1956 4302 2090 4357; x_wconf 89' lang='lat' dir='ltr'><strong>Cum</strong></span> 
     </span>
    </p>
   </div>
   <div class='ocr_carea' id='block_1_44' title="bbox 499 4394 2086 4466">
    <p class='ocr_par' dir='ltr' id='par_1_44' title="bbox 499 4394 2086 4466">
     <span class='ocr_line' id='line_1_44' title="bbox 499 4394 2086 4466; baseline -0.004 -13"><span class='ocrx_word' id='word_1_356' title='bbox 499 4398 642 4453; x_wconf 90' lang='lat' dir='ltr'><strong>enim</strong></span> <span class='ocrx_word' id='word_1_357' title='bbox 699 4397 803 4453; x_wconf 87' lang='lat' dir='ltr'><strong>hoc</strong></span> <span class='ocrx_word' id='word_1_358' title='bbox 854 4397 1112 4465; x_wconf 78' lang='lat' dir='ltr'><strong>dixisset,</strong></span> <span class='ocrx_word' id='word_1_359' title='bbox 1167 4397 1448 4466; x_wconf 88' lang='lat' dir='ltr'><strong>adjunxit:</strong></span> <span class='ocrx_word' id='word_1_360' title='bbox 1505 4394 1909 4465; x_wconf 79' lang='lat' dir='ltr'><strong>Uniuscujusque</strong></span> <span class='ocrx_word' id='word_1_361' title='bbox 1958 4409 2086 4462; x_wconf 86' lang='lat' dir='ltr'><strong>opus</strong></span> 
     </span>
    </p>
   </div>
   <div class='ocr_carea' id='block_1_45' title="bbox 499 4485 2088 4560">
    <p class='ocr_par' dir='ltr' id='par_1_45' title="bbox 499 4485 2088 4560">
     <span class='ocr_line' id='line_1_45' title="bbox 499 4485 2088 4560; baseline -0.004 -17"><span class='ocrx_word' id='word_1_362' title='bbox 499 4491 650 4559; x_wconf 90' lang='lat' dir='ltr'><strong>quale</strong></span> <span class='ocrx_word' id='word_1_363' title='bbox 686 4491 784 4556; x_wconf 87' lang='lat' dir='ltr'><strong>sit,</strong></span> <span class='ocrx_word' id='word_1_364' title='bbox 823 4490 955 4559; x_wconf 86' lang='lat' dir='ltr'><strong>ignis</strong></span> <span class='ocrx_word' id='word_1_365' title='bbox 998 4488 1244 4560; x_wconf 84' lang='lat' dir='ltr'><strong>probabit.</strong></span> <span class='ocrx_word' id='word_1_366' title='bbox 1287 4488 1349 4544; x_wconf 89' lang='lat' dir='ltr'><strong>Si</strong></span> <span class='ocrx_word' id='word_1_367' title='bbox 1377 4489 1522 4558; x_wconf 84' lang='lat' dir='ltr'><strong>cujus</strong></span> <span class='ocrx_word' id='word_1_368' title='bbox 1562 4503 1689 4557; x_wconf 87' lang='lat' dir='ltr'><strong>opus</strong></span> <span class='ocrx_word' id='word_1_369' title='bbox 1721 4485 2088 4555; x_wconf 89' lang='lat' dir='ltr'><strong>permanserit,</strong></span> 
     </span>
    </p>
   </div>
   <div class='ocr_carea' id='block_1_46' title="bbox 500 4578 2092 4652">
    <p class='ocr_par' dir='ltr' id='par_1_46' title="bbox 500 4578 2092 4652">
     <span class='ocr_line' id='line_1_46' title="bbox 500 4578 2092 4652; baseline -0.004 -16"><span class='ocrx_word' id='word_1_370' title='bbox 500 4581 638 4651; x_wconf 81' lang='lat' dir='ltr'><strong>quod</strong></span> <span class='ocrx_word' id='word_1_371' title='bbox 664 4581 1113 4652; x_wconf 77' lang='lat' dir='ltr'><strong>superwdi/icavit,</strong></span> <span class='ocrx_word' id='word_1_372' title='bbox 1145 4580 1420 4634; x_wconf 84' lang='lat' dir='ltr'><strong>mercedem</strong></span> <span class='ocrx_word' id='word_1_373' title='bbox 1448 4580 1682 4651; x_wconf 83' lang='lat' dir='ltr'><strong>accipiet.</strong></span> <span class='ocrx_word' id='word_1_374' title='bbox 1725 4578 1787 4634; x_wconf 93' lang='lat' dir='ltr'><strong>Si</strong></span> <span class='ocrx_word' id='word_1_375' title='bbox 1818 4579 1965 4649; x_wconf 88' lang='lat' dir='ltr'><strong>cujus</strong></span> <span class='ocrx_word' id='word_1_376' title='bbox 1999 4594 2092 4630; x_wconf 85' lang='lat' dir='ltr'><strong>au—</strong></span> 
     </span>
    </p>
   </div>
   <div class='ocr_carea' id='block_1_47' title="bbox 502 4670 2093 4743">
    <p class='ocr_par' dir='ltr' id='par_1_47' title="bbox 502 4670 2093 4743">
     <span class='ocr_line' id='line_1_47' title="bbox 502 4670 2093 4743; baseline -0.004 -16"><span class='ocrx_word' id='word_1_377' title='bbox 502 4685 601 4728; x_wconf 81' lang='lat' dir='ltr'><strong>tem</strong></span> <span class='ocrx_word' id='word_1_378' title='bbox 626 4690 753 4743; x_wconf 86' lang='lat' dir='ltr'><strong>opus</strong></span> <span class='ocrx_word' id='word_1_379' title='bbox 777 4682 1007 4727; x_wconf 77' lang='lat' dir='ltr'><strong>exustum</strong></span> <span class='ocrx_word' id='word_1_380' title='bbox 1035 4673 1206 4743; x_wconf 82' lang='lat' dir='ltr'><strong>fuerit,</strong></span> <span class='ocrx_word' id='word_1_381' title='bbox 1241 4671 1481 4726; x_wconf 87' lang='lat' dir='ltr'><strong>damnum</strong></span> <span class='ocrx_word' id='word_1_382' title='bbox 1511 4672 1765 4741; x_wconf 71' lang='lat' dir='ltr'><strong>patietur:</strong></span> <span class='ocrx_word' id='word_1_383' title='bbox 1793 4670 1901 4741; x_wconf 89' lang='lat' dir='ltr'><strong>ipse</strong></span> <span class='ocrx_word' id='word_1_384' title='bbox 1923 4678 2093 4723; x_wconf 89' lang='lat' dir='ltr'><strong>autem</strong></span> 
     </span>
    </p>
   </div>
   <div class='ocr_carea' id='block_1_48' title="bbox 500 4762 2094 4835">
    <p class='ocr_par' dir='ltr' id='par_1_48' title="bbox 500 4762 2094 4835">
     <span class='ocr_line' id='line_1_48' title="bbox 500 4762 2094 4835; baseline -0.005 -12"><span class='ocrx_word' id='word_1_385' title='bbox 500 4768 670 4823; x_wconf 83' lang='lat' dir='ltr'><strong>salvus</strong></span> <span class='ocrx_word' id='word_1_386' title='bbox 690 4766 805 4833; x_wconf 90' lang='lat' dir='ltr'><strong>erit,</strong></span> <span class='ocrx_word' id='word_1_387' title='bbox 834 4767 906 4819; x_wconf 86' lang='lat' dir='ltr'><strong>sic</strong></span> <span class='ocrx_word' id='word_1_388' title='bbox 943 4773 1109 4820; x_wconf 87' lang='lat' dir='ltr'><strong>tamen</strong></span> <span class='ocrx_word' id='word_1_389' title='bbox 1135 4765 1281 4835; x_wconf 87' lang='lat' dir='ltr'><strong>quasi</strong></span> <span class='ocrx_word' id='word_1_390' title='bbox 1305 4781 1396 4833; x_wconf 90' lang='lat' dir='ltr'><strong>per</strong></span> <span class='ocrx_word' id='word_1_391' title='bbox 1414 4765 1601 4835; x_wconf 85' lang='lat' dir='ltr'><strong>ignem.</strong></span> <span class='ocrx_word' id='word_1_392' title='bbox 1635 4763 1748 4819; x_wconf 86' lang='lat' dir='ltr'><strong>Non</strong></span> <span class='ocrx_word' id='word_1_393' title='bbox 1778 4778 1906 4833; x_wconf 82' lang='lat' dir='ltr'><strong>ergo</strong></span> <span class='ocrx_word' id='word_1_394' title='bbox 1936 4762 2094 4817; x_wconf 90' lang='lat' dir='ltr'><strong>unius</strong></span> 
     </span>
    </p>
   </div>
   <div class='ocr_carea' id='block_1_49' title="bbox 499 4854 1756 4926">
    <p class='ocr_par' dir='ltr' id='par_1_49' title="bbox 499 4854 1756 4926">
     <span class='ocr_line' id='line_1_49' title="bbox 499 4854 1756 4926; baseline -0.005 -11"><span class='ocrx_word' id='word_1_395' title='bbox 499 4875 710 4925; x_wconf 88' lang='lat' dir='ltr'><strong>eorum,</strong></span> <span class='ocrx_word' id='word_1_396' title='bbox 738 4857 834 4914; x_wconf 89' lang='lat' dir='ltr'><strong>sed</strong></span> <span class='ocrx_word' id='word_1_397' title='bbox 867 4857 1141 4926; x_wconf 79' lang='lat' dir='ltr'><strong>utriusque</strong></span> <span class='ocrx_word' id='word_1_398' title='bbox 1168 4871 1302 4926; x_wconf 83' lang='lat' dir='ltr'><strong>Opus</strong></span> <span class='ocrx_word' id='word_1_399' title='bbox 1323 4856 1460 4926; x_wconf 82' lang='lat' dir='ltr'><strong>ignis</strong></span> <span class='ocrx_word' id='word_1_400' title='bbox 1488 4854 1756 4925; x_wconf 86' lang='lat' dir='ltr'><strong>probabit.</strong></span> 
     </span>
    </p>
   </div>
   <div class='ocr_carea' id='block_1_50' title="bbox 560 4943 2096 5027">
    <p class='ocr_par' dir='ltr' id='par_1_50' title="bbox 560 4943 2096 5027">
     <span class='ocr_line' id='line_1_50' title="bbox 560 4943 2096 5027; baseline -0.005 -20"><span class='ocrx_word' id='word_1_401' title='bbox 560 4952 663 5027; x_wconf 25' lang='lat'><strong>.12.</strong></span> <span class='ocrx_word' id='word_1_402' title='bbox 703 4969 723 5003; x_wconf 85' lang='grc'><strong><em>‹</em></strong></span> <span class='ocrx_word' id='word_1_403' title='bbox 753 4951 847 5006; x_wconf 83' lang='lat' dir='ltr'><strong>Est</strong></span> <span class='ocrx_word' id='word_1_404' title='bbox 888 4949 1101 5020; x_wconf 89' lang='lat' dir='ltr'><strong>quidam</strong></span> <span class='ocrx_word' id='word_1_405' title='bbox 1143 4948 1279 5019; x_wconf 82' lang='lat' dir='ltr'><strong>ignis</strong></span> <span class='ocrx_word' id='word_1_406' title='bbox 1325 4948 1548 5003; x_wconf 91' lang='lat' dir='ltr'><strong>tentatio</strong></span> <span class='ocrx_word' id='word_1_407' title='bbox 1592 4945 1986 5010; x_wconf 88' lang='lat' dir='ltr'><strong>tribulationis,</strong></span> <span class='ocrx_word' id='word_1_408' title='bbox 2030 4943 2096 5000; x_wconf 76' lang='lat' dir='ltr'><strong>de</strong></span> 
     </span>
    </p>
   </div>
   <div class='ocr_carea' id='block_1_51' title="bbox 499 5036 2095 5114">
    <p class='ocr_par' dir='ltr' id='par_1_51' title="bbox 499 5036 2095 5114">
     <span class='ocr_line' id='line_1_51' title="bbox 499 5036 2095 5114; baseline -0.006 -15"><span class='ocrx_word' id='word_1_409' title='bbox 499 5058 608 5114; x_wconf 83' lang='lat' dir='ltr'><strong>quo</strong></span> <span class='ocrx_word' id='word_1_410' title='bbox 633 5052 817 5113; x_wconf 90' lang='lat' dir='ltr'><strong>aperte</strong></span> <span class='ocrx_word' id='word_1_411' title='bbox 843 5042 947 5097; x_wconf 90' lang='lat' dir='ltr'><strong>alio</strong></span> <span class='ocrx_word' id='word_1_412' title='bbox 987 5042 1105 5096; x_wconf 94' lang='lat' dir='ltr'><strong>loco</strong></span> <span class='ocrx_word' id='word_1_413' title='bbox 1132 5040 1392 5110; x_wconf 90' lang='lat' dir='ltr'><strong>scriptum</strong></span> <span class='ocrx_word' id='word_1_414' title='bbox 1420 5046 1502 5093; x_wconf 91' lang='lat' dir='ltr'><strong>est</strong></span> <span class='ocrx_word' id='word_1_415' title='bbox 1528 5055 1542 5092; x_wconf 89' lang='lat'><strong>:</strong></span> <span class='ocrx_word' id='word_1_416' title='bbox 1586 5036 1718 5091; x_wconf 82' lang='lat' dir='ltr'><strong>Vasa</strong></span> <span class='ocrx_word' id='word_1_417' title='bbox 1742 5036 1890 5107; x_wconf 83' lang='lat' dir='ltr'><strong>ﬁguli</strong></span> <span class='ocrx_word' id='word_1_418' title='bbox 1918 5036 2095 5107; x_wconf 83' lang='lat' dir='ltr'><strong>probat</strong></span> 
     </span>
    </p>
   </div>
   <div class='ocr_carea' id='block_1_52' title="bbox 508 5127 2093 5208">
    <p class='ocr_par' dir='ltr' id='par_1_52' title="bbox 508 5127 2093 5208">
     <span class='ocr_line' id='line_1_52' title="bbox 508 5127 2093 5208; baseline -0.004 -19"><span class='ocrx_word' id='word_1_419' title='bbox 508 5141 718 5208; x_wconf 70' lang='lat' dir='ltr'><strong>(ornas),</strong></span> <span class='ocrx_word' id='word_1_420' title='bbox 756 5145 802 5190; x_wconf 89' lang='lat' dir='ltr'><strong>et</strong></span> <span class='ocrx_word' id='word_1_421' title='bbox 831 5136 1057 5191; x_wconf 85' lang='lat' dir='ltr'><strong>homines</strong></span> <span class='ocrx_word' id='word_1_422' title='bbox 1082 5135 1253 5207; x_wconf 87' lang='lat' dir='ltr'><strong>justas</strong></span> <span class='ocrx_word' id='word_1_423' title='bbox 1290 5133 1500 5187; x_wconf 85' lang='lat' dir='ltr'><strong>tentatio</strong></span> <span class='ocrx_word' id='word_1_424' title='bbox 1540 5129 1879 5183; x_wconf 86' lang='lat' dir='ltr'><strong>tribulationis</strong></span> <span class='ocrx_word' id='word_1_425' title='bbox 1909 5127 2093 5199; x_wconf 83' lang='lat' dir='ltr'><strong>(Eccli.</strong></span> 
     </span>
    </p>
   </div>
   <div class='ocr_carea' id='block_1_53' title="bbox 506 5221 2098 5298">
    <p class='ocr_par' dir='ltr' id='par_1_53' title="bbox 506 5221 2098 5298">
     <span class='ocr_line' id='line_1_53' title="bbox 506 5221 2098 5298; baseline -0.006 -14"><span class='ocrx_word' id='word_1_426' title='bbox 506 5243 669 5293; x_wconf 77' lang='lat' dir='ltr'><strong>xxv&quot;,</strong></span> <span class='ocrx_word' id='word_1_427' title='bbox 694 5226 772 5293; x_wconf 88' lang='lat'><strong>6).</strong></span> <span class='ocrx_word' id='word_1_428' title='bbox 800 5226 901 5283; x_wconf 91' lang='lat' dir='ltr'><strong>lste</strong></span> <span class='ocrx_word' id='word_1_429' title='bbox 923 5229 1059 5298; x_wconf 83' lang='lat' dir='ltr'><strong>ignis</strong></span> <span class='ocrx_word' id='word_1_430' title='bbox 1080 5230 1131 5282; x_wconf 92' lang='lat' dir='ltr'><strong>in</strong></span> <span class='ocrx_word' id='word_1_431' title='bbox 1156 5226 1257 5281; x_wconf 90' lang='lat' dir='ltr'><strong>hac</strong></span> <span class='ocrx_word' id='word_1_432' title='bbox 1278 5225 1491 5280; x_wconf 90' lang='lat' dir='ltr'><strong>interim</strong></span> <span class='ocrx_word' id='word_1_433' title='bbox 1514 5224 1619 5278; x_wconf 91' lang='lat' dir='ltr'><strong>vita</strong></span> <span class='ocrx_word' id='word_1_434' title='bbox 1644 5222 1769 5277; x_wconf 87' lang='lat' dir='ltr'><strong>facit</strong></span> <span class='ocrx_word' id='word_1_435' title='bbox 1789 5221 1928 5293; x_wconf 91' lang='lat' dir='ltr'><strong>quod</strong></span> <span class='ocrx_word' id='word_1_436' title='bbox 1955 5223 2098 5291; x_wconf 83' lang='lat' dir='ltr'><strong>Apo-</strong></span> 
     </span>
    </p>
   </div>
   <div class='ocr_carea' id='block_1_54' title="bbox 487 5300 2099 5379">
    <p class='ocr_par' dir='ltr' id='par_1_54' title="bbox 487 5300 2099 5379">
     <span class='ocr_line' id='line_1_54' title="bbox 487 5300 2099 5379; baseline -0.002 -8"><span class='ocrx_word' id='word_1_437' title='bbox 487 5300 675 5379; x_wconf 63' lang='lat' dir='ltr'><strong>lstolus</strong></span> <span class='ocrx_word' id='word_1_438' title='bbox 699 5314 866 5379; x_wconf 84' lang='lat' dir='ltr'><strong>dixit,</strong></span> <span class='ocrx_word' id='word_1_439' title='bbox 902 5317 945 5370; x_wconf 90' lang='lat' dir='ltr'><strong>si</strong></span> <span class='ocrx_word' id='word_1_440' title='bbox 981 5317 1186 5371; x_wconf 87' lang='lat' dir='ltr'><strong>accidat</strong></span> <span class='ocrx_word' id='word_1_441' title='bbox 1215 5316 1423 5372; x_wconf 91' lang='lat' dir='ltr'><strong>duobus</strong></span> <span class='ocrx_word' id='word_1_442' title='bbox 1451 5313 1697 5369; x_wconf 88' lang='lat' dir='ltr'><strong>ﬁdelibus</strong></span> <span class='ocrx_word' id='word_1_443' title='bbox 1717 5354 1732 5378; x_wconf 92' lang='lat'><strong>,</strong></span> <span class='ocrx_word' id='word_1_444' title='bbox 1779 5312 1867 5366; x_wconf 90' lang='lat' dir='ltr'><strong>uni</strong></span> <span class='ocrx_word' id='word_1_445' title='bbox 1895 5312 2099 5367; x_wconf 90' lang='lat' dir='ltr'><strong>scilicet</strong></span> 
     </span>
    </p>
   </div>
   <div class='ocr_carea' id='block_1_55' title="bbox 491 5400 2099 5509">
    <p class='ocr_par' dir='ltr' id='par_1_55' title="bbox 491 5400 2099 5509">
     <span class='ocr_line' id='line_1_55' title="bbox 491 5400 2099 5509; baseline -0.004 -45"><span class='ocrx_word' id='word_1_446' title='bbox 491 5400 760 5509; x_wconf 43' lang='lat' dir='ltr'><strong>&quot;cngitanti</strong></span> <span class='ocrx_word' id='word_1_447' title='bbox 801 5423 921 5478; x_wconf 70' lang='lat' dir='ltr'><strong>qure</strong></span> <span class='ocrx_word' id='word_1_448' title='bbox 957 5409 1051 5463; x_wconf 89' lang='lat' dir='ltr'><strong>Dei</strong></span> <span class='ocrx_word' id='word_1_449' title='bbox 1079 5417 1237 5474; x_wconf 89' lang='lat' dir='ltr'><strong>sunt,</strong></span> <span class='ocrx_word' id='word_1_450' title='bbox 1280 5407 1549 5478; x_wconf 90' lang='lat' dir='ltr'><strong>quomodo</strong></span> <span class='ocrx_word' id='word_1_451' title='bbox 1588 5406 1791 5476; x_wconf 88' lang='lat' dir='ltr'><strong>placeat</strong></span> <span class='ocrx_word' id='word_1_452' title='bbox 1832 5406 1963 5471; x_wconf 89' lang='lat' dir='ltr'><strong>Deo,</strong></span> <span class='ocrx_word' id='word_1_453' title='bbox 1996 5405 2099 5458; x_wconf 86' lang='lat' dir='ltr'><strong>hoc</strong></span> 
     </span>
    </p>
   </div>
   <div class='ocr_carea' id='block_1_56' title="bbox 507 5499 2093 5570">
    <p class='ocr_par' dir='ltr' id='par_1_56' title="bbox 507 5499 2093 5570">
     <span class='ocr_line' id='line_1_56' title="bbox 507 5499 2093 5570; baseline -0.004 -13"><span class='ocrx_word' id='word_1_454' title='bbox 507 5512 620 5570; x_wconf 89' lang='lat' dir='ltr'><strong>est,</strong></span> <span class='ocrx_word' id='word_1_455' title='bbox 650 5500 933 5555; x_wconf 81' lang='lat' dir='ltr'><strong>aedificanti</strong></span> <span class='ocrx_word' id='word_1_456' title='bbox 960 5516 1117 5569; x_wconf 86' lang='lat' dir='ltr'><strong>super</strong></span> <span class='ocrx_word' id='word_1_457' title='bbox 1147 5499 1414 5555; x_wconf 89' lang='lat' dir='ltr'><strong>Christum</strong></span> <span class='ocrx_word' id='word_1_458' title='bbox 1441 5500 1850 5555; x_wconf 87' lang='lat' dir='ltr'><strong>fundamentum</strong></span> <span class='ocrx_word' id='word_1_459' title='bbox 1883 5514 2093 5560; x_wconf 92' lang='lat' dir='ltr'><strong>aurum,</strong></span> 
     </span>
    </p>
   </div>
   <div class='ocr_carea' id='block_1_57' title="bbox 498 5589 2099 5663">
    <p class='ocr_par' dir='ltr' id='par_1_57' title="bbox 498 5589 2099 5663">
     <span class='ocr_line' id='line_1_57' title="bbox 498 5589 2099 5663; baseline -0.004 -17"><span class='ocrx_word' id='word_1_460' title='bbox 498 5592 789 5663; x_wconf 78' lang='lat' dir='ltr'><strong>argentum</strong></span> <span class='ocrx_word' id='word_1_461' title='bbox 811 5632 825 5657; x_wconf 91' lang='lat'><strong>,</strong></span> <span class='ocrx_word' id='word_1_462' title='bbox 876 5589 1079 5659; x_wconf 88' lang='lat' dir='ltr'><strong>lapides</strong></span> <span class='ocrx_word' id='word_1_463' title='bbox 1110 5590 1402 5659; x_wconf 88' lang='lat' dir='ltr'><strong>pretiosos;</strong></span> <span class='ocrx_word' id='word_1_464' title='bbox 1441 5590 1594 5643; x_wconf 86' lang='lat' dir='ltr'><strong>alteri</strong></span> <span class='ocrx_word' id='word_1_465' title='bbox 1623 5599 1799 5644; x_wconf 90' lang='lat' dir='ltr'><strong>autem</strong></span> <span class='ocrx_word' id='word_1_466' title='bbox 1846 5589 2099 5657; x_wconf 84' lang='lat' dir='ltr'><strong>cogitanti</strong></span> 
     </span>
    </p>
   </div>
   <div class='ocr_carea' id='block_1_58' title="bbox 511 5679 2099 5756">
    <p class='ocr_par' dir='ltr' id='par_1_58' title="bbox 511 5679 2099 5756">
     <span class='ocr_line' id='line_1_58' title="bbox 511 5679 2099 5756; baseline -0.006 -16"><span class='ocrx_word' id='word_1_467' title='bbox 511 5702 572 5741; x_wconf 87' lang='lat' dir='ltr'><strong>ea</strong></span> <span class='ocrx_word' id='word_1_468' title='bbox 604 5700 723 5756; x_wconf 75' lang='lat' dir='ltr'><strong>qua:</strong></span> <span class='ocrx_word' id='word_1_469' title='bbox 748 5683 928 5737; x_wconf 90' lang='lat' dir='ltr'><strong>mundi</strong></span> <span class='ocrx_word' id='word_1_470' title='bbox 954 5689 1111 5748; x_wconf 89' lang='lat' dir='ltr'><strong>sunt,</strong></span> <span class='ocrx_word' id='word_1_471' title='bbox 1145 5680 1410 5751; x_wconf 90' lang='lat' dir='ltr'><strong>quomodo</strong></span> <span class='ocrx_word' id='word_1_472' title='bbox 1448 5682 1653 5751; x_wconf 90' lang='lat' dir='ltr'><strong>placeat</strong></span> <span class='ocrx_word' id='word_1_473' title='bbox 1680 5680 1865 5748; x_wconf 83' lang='lat' dir='ltr'><strong>uxori,</strong></span> <span class='ocrx_word' id='word_1_474' title='bbox 1898 5679 1951 5733; x_wconf 92' lang='lat' dir='ltr'><strong>id</strong></span> <span class='ocrx_word' id='word_1_475' title='bbox 1984 5689 2064 5733; x_wconf 86' lang='lat' dir='ltr'><strong>est</strong></span> <span class='ocrx_word' id='word_1_476' title='bbox 2085 5720 2099 5738; x_wconf 84' lang='lat'><strong>,</strong></span> 
     </span>
    </p>
   </div>
   <div class='ocr_carea' id='block_1_59' title="bbox 514 5770 2095 5845">
    <p class='ocr_par' dir='ltr' id='par_1_59' title="bbox 514 5770 2095 5845">
     <span class='ocr_line' id='line_1_59' title="bbox 514 5770 2095 5845; baseline -0.007 -12"><span class='ocrx_word' id='word_1_477' title='bbox 514 5775 795 5833; x_wconf 57' lang='lat' dir='ltr'><strong>aedificanti</strong></span> <span class='ocrx_word' id='word_1_478' title='bbox 838 5790 997 5845; x_wconf 89' lang='lat' dir='ltr'><strong>super</strong></span> <span class='ocrx_word' id='word_1_479' title='bbox 1037 5774 1177 5830; x_wconf 89' lang='lat' dir='ltr'><strong>idem</strong></span> <span class='ocrx_word' id='word_1_480' title='bbox 1223 5772 1623 5828; x_wconf 88' lang='lat' dir='ltr'><strong>fundamentum</strong></span> <span class='ocrx_word' id='word_1_481' title='bbox 1664 5772 1836 5843; x_wconf 87' lang='lat' dir='ltr'><strong>ligna,</strong></span> <span class='ocrx_word' id='word_1_482' title='bbox 1884 5770 2095 5835; x_wconf 91' lang='lat' dir='ltr'><strong>fenum,</strong></span> 
     </span>
    </p>
   </div>
   <div class='ocr_carea' id='block_1_60' title="bbox 515 5863 2101 5941">
    <p class='ocr_par' dir='ltr' id='par_1_60' title="bbox 515 5863 2101 5941">
     <span class='ocr_line' id='line_1_60' title="bbox 515 5863 2101 5941; baseline -0.007 -16"><span class='ocrx_word' id='word_1_483' title='bbox 515 5871 797 5941; x_wconf 84' lang='lat' dir='ltr'><strong>stipulam:</strong></span> <span class='ocrx_word' id='word_1_484' title='bbox 831 5867 970 5923; x_wconf 88' lang='lat' dir='ltr'><strong>illius</strong></span> <span class='ocrx_word' id='word_1_485' title='bbox 996 5868 1138 5923; x_wconf 90' lang='lat' dir='ltr'><strong>enim</strong></span> <span class='ocrx_word' id='word_1_486' title='bbox 1170 5880 1305 5936; x_wconf 90' lang='lat' dir='ltr'><strong>opus</strong></span> <span class='ocrx_word' id='word_1_487' title='bbox 1327 5880 1431 5920; x_wconf 94' lang='lat' dir='ltr'><strong>non</strong></span> <span class='ocrx_word' id='word_1_488' title='bbox 1460 5863 1728 5928; x_wconf 72' lang='lat' dir='ltr'><strong>exuritur,</strong></span> <span class='ocrx_word' id='word_1_489' title='bbox 1758 5864 1880 5933; x_wconf 89' lang='lat' dir='ltr'><strong>quia</strong></span> <span class='ocrx_word' id='word_1_490' title='bbox 1909 5877 2014 5915; x_wconf 92' lang='lat' dir='ltr'><strong>non</strong></span> <span class='ocrx_word' id='word_1_491' title='bbox 2042 5876 2101 5915; x_wconf 86' lang='lat' dir='ltr'><strong>ea</strong></span> 
     </span>
    </p>
   </div>
   <div class='ocr_carea' id='block_1_61' title="bbox 518 5956 2100 6033">
    <p class='ocr_par' dir='ltr' id='par_1_61' title="bbox 518 5956 2100 6033">
     <span class='ocr_line' id='line_1_61' title="bbox 518 5956 2100 6033; baseline -0.005 -18"><span class='ocrx_word' id='word_1_492' title='bbox 518 5962 720 6030; x_wconf 72' lang='lat' dir='ltr'><strong>dilexit,</strong></span> <span class='ocrx_word' id='word_1_493' title='bbox 750 5975 975 6033; x_wconf 87' lang='lat' dir='ltr'><strong>quorum</strong></span> <span class='ocrx_word' id='word_1_494' title='bbox 1011 5959 1301 6016; x_wconf 71' lang='lat' dir='ltr'><strong>amissione</strong></span> <span class='ocrx_word' id='word_1_495' title='bbox 1331 5957 1629 6023; x_wconf 86' lang='lat' dir='ltr'><strong>crucietur;</strong></span> <span class='ocrx_word' id='word_1_496' title='bbox 1660 5956 1900 6011; x_wconf 72' lang='lat' dir='ltr'><strong>exuritur</strong></span> <span class='ocrx_word' id='word_1_497' title='bbox 1926 5961 2100 6008; x_wconf 88' lang='lat' dir='ltr'><strong>autem</strong></span> 
     </span>
    </p>
   </div>
   <div class='ocr_carea' id='block_1_62' title="bbox 1278 410 3005 483">
    <p class='ocr_par' dir='ltr' id='par_1_62' title="bbox 1278 410 3005 483">
     <span class='ocr_line' id='line_1_62' title="bbox 1278 410 3005 483; baseline -0.003 -5"><span class='ocrx_word' id='word_1_498' title='bbox 1278 422 1366 478; x_wconf 83' lang='lat' dir='ltr'><strong>DE</strong></span> <span class='ocrx_word' id='word_1_499' title='bbox 1405 419 1585 477; x_wconf 87' lang='lat' dir='ltr'><strong>OCTO</strong></span> <span class='ocrx_word' id='word_1_500' title='bbox 1623 414 1921 474; x_wconf 87' lang='lat' dir='ltr'><strong>DULCITII</strong></span> <span class='ocrx_word' id='word_1_501' title='bbox 1961 410 2504 483; x_wconf 66' lang='lat' dir='ltr'><strong>QUAESTIONlBUS,</strong></span> <span class='ocrx_word' id='word_1_502' title='bbox 2537 412 2593 469; x_wconf 89' lang='lat' dir='ltr'><strong>S.</strong></span> <span class='ocrx_word' id='word_1_503' title='bbox 2633 413 3005 473; x_wconf 83' lang='lat' dir='ltr'><strong>AUGUSTINI</strong></span> 
     </span>
    </p>
   </div>
   <div class='ocr_carea' id='block_1_63' title="bbox 2190 527 3773 608">
    <p class='ocr_par' dir='ltr' id='par_1_63' title="bbox 2190 527 3773 608">
     <span class='ocr_line' id='line_1_63' title="bbox 2190 527 3773 608; baseline 0.007 -25"><span class='ocrx_word' id='word_1_504' title='bbox 2190 544 2323 599; x_wconf 90' lang='lat' dir='ltr'><strong>opus</strong></span> <span class='ocrx_word' id='word_1_505' title='bbox 2343 527 2519 600; x_wconf 87' lang='lat' dir='ltr'><strong>hujus,</strong></span> <span class='ocrx_word' id='word_1_506' title='bbox 2538 529 2788 601; x_wconf 84' lang='lat' dir='ltr'><strong>quoniam</strong></span> <span class='ocrx_word' id='word_1_507' title='bbox 2806 532 2921 588; x_wconf 84' lang='lat' dir='ltr'><strong>sine</strong></span> <span class='ocrx_word' id='word_1_508' title='bbox 2937 532 3122 589; x_wconf 83' lang='lat' dir='ltr'><strong>dolore</strong></span> <span class='ocrx_word' id='word_1_509' title='bbox 3138 548 3242 590; x_wconf 89' lang='lat' dir='ltr'><strong>non</strong></span> <span class='ocrx_word' id='word_1_510' title='bbox 3259 541 3493 605; x_wconf 76' lang='lat' dir='ltr'><strong>pereunt</strong></span> <span class='ocrx_word' id='word_1_511' title='bbox 3504 552 3623 608; x_wconf 69' lang='lat' dir='ltr'><strong>qum</strong></span> <span class='ocrx_word' id='word_1_512' title='bbox 3645 553 3773 594; x_wconf 85' lang='lat' dir='ltr'><strong>cum</strong></span> 
     </span>
    </p>
   </div>
   <div class='ocr_carea' id='block_1_64' title="bbox 2181 623 3774 695">
    <p class='ocr_par' dir='ltr' id='par_1_64' title="bbox 2181 623 3774 695">
     <span class='ocr_line' id='line_1_64' title="bbox 2181 623 3774 695; baseline 0.007 -20"><span class='ocrx_word' id='word_1_513' title='bbox 2181 636 2365 676; x_wconf 90' lang='lat' dir='ltr'><strong>amore</strong></span> <span class='ocrx_word' id='word_1_514' title='bbox 2382 635 2624 691; x_wconf 85' lang='lat' dir='ltr'><strong>possessa</strong></span> <span class='ocrx_word' id='word_1_515' title='bbox 2638 631 2779 678; x_wconf 89' lang='lat' dir='ltr'><strong>sunt.</strong></span> <span class='ocrx_word' id='word_1_516' title='bbox 2799 623 2905 679; x_wconf 90' lang='lat' dir='ltr'><strong>Sed</strong></span> <span class='ocrx_word' id='word_1_517' title='bbox 2926 625 3176 695; x_wconf 90' lang='lat' dir='ltr'><strong>quoniam</strong></span> <span class='ocrx_word' id='word_1_518' title='bbox 3192 626 3445 683; x_wconf 88' lang='lat' dir='ltr'><strong>alterutra</strong></span> <span class='ocrx_word' id='word_1_519' title='bbox 3462 628 3774 686; x_wconf 84' lang='lat' dir='ltr'><strong>conditione</strong></span> 
     </span>
    </p>
   </div>
   <div class='ocr_carea' id='block_1_65' title="bbox 2184 714 3771 790">
    <p class='ocr_par' dir='ltr' id='par_1_65' title="bbox 2184 714 3771 790">
     <span class='ocr_line' id='line_1_65' title="bbox 2184 714 3771 790; baseline 0.003 -21"><span class='ocrx_word' id='word_1_520' title='bbox 2184 715 2488 785; x_wconf 89' lang='lat' dir='ltr'><strong>proposita,</strong></span> <span class='ocrx_word' id='word_1_521' title='bbox 2542 714 2620 770; x_wconf 89' lang='lat' dir='ltr'><strong>eis</strong></span> <span class='ocrx_word' id='word_1_522' title='bbox 2660 716 2835 785; x_wconf 89' lang='lat' dir='ltr'><strong>potius</strong></span> <span class='ocrx_word' id='word_1_523' title='bbox 2878 731 3062 773; x_wconf 90' lang='lat' dir='ltr'><strong>carere</strong></span> <span class='ocrx_word' id='word_1_524' title='bbox 3107 718 3293 774; x_wconf 88' lang='lat' dir='ltr'><strong>mallet</strong></span> <span class='ocrx_word' id='word_1_525' title='bbox 3332 735 3492 790; x_wconf 89' lang='lat' dir='ltr'><strong>quam</strong></span> <span class='ocrx_word' id='word_1_526' title='bbox 3533 720 3771 788; x_wconf 84' lang='lat' dir='ltr'><strong>Christo,</strong></span> 
     </span>
    </p>
   </div>
   <div class='ocr_carea' id='block_1_66' title="bbox 2185 806 3774 882">
    <p class='ocr_par' dir='ltr' id='par_1_66' title="bbox 2185 806 3774 882">
     <span class='ocr_line' id='line_1_66' title="bbox 2185 806 3774 882; baseline 0.003 -21"><span class='ocrx_word' id='word_1_527' title='bbox 2185 822 2283 862; x_wconf 89' lang='lat' dir='ltr'><strong>nec</strong></span> <span class='ocrx_word' id='word_1_528' title='bbox 2308 807 2498 860; x_wconf 91' lang='lat' dir='ltr'><strong>timore</strong></span> <span class='ocrx_word' id='word_1_529' title='bbox 2524 806 2803 863; x_wconf 89' lang='lat' dir='ltr'><strong>amittendi</strong></span> <span class='ocrx_word' id='word_1_530' title='bbox 2831 808 2954 862; x_wconf 85' lang='lat' dir='ltr'><strong>talia</strong></span> <span class='ocrx_word' id='word_1_531' title='bbox 2981 808 3183 864; x_wconf 90' lang='lat' dir='ltr'><strong>deserit</strong></span> <span class='ocrx_word' id='word_1_532' title='bbox 3209 809 3501 878; x_wconf 88' lang='lat' dir='ltr'><strong>Christum,</strong></span> <span class='ocrx_word' id='word_1_533' title='bbox 3526 811 3774 882; x_wconf 77' lang='lat' dir='ltr'><strong>quamvis</strong></span> 
     </span>
    </p>
   </div>
   <div class='ocr_carea' id='block_1_67' title="bbox 2183 897 3773 972">
    <p class='ocr_par' dir='ltr' id='par_1_67' title="bbox 2183 897 3773 972">
     <span class='ocr_line' id='line_1_67' title="bbox 2183 897 3773 972; baseline 0.001 -19"><span class='ocrx_word' id='word_1_534' title='bbox 2183 898 2362 953; x_wconf 82' lang='lat' dir='ltr'><strong>doleat</strong></span> <span class='ocrx_word' id='word_1_535' title='bbox 2387 897 2513 952; x_wconf 91' lang='lat' dir='ltr'><strong>dum</strong></span> <span class='ocrx_word' id='word_1_536' title='bbox 2535 898 2757 963; x_wconf 92' lang='lat' dir='ltr'><strong>amittit;</strong></span> <span class='ocrx_word' id='word_1_537' title='bbox 2785 900 2951 954; x_wconf 83' lang='lat' dir='ltr'><strong>salvus</strong></span> <span class='ocrx_word' id='word_1_538' title='bbox 2972 910 3042 954; x_wconf 87' lang='lat' dir='ltr'><strong>est</strong></span> <span class='ocrx_word' id='word_1_539' title='bbox 3066 901 3299 971; x_wconf 89' lang='lat' dir='ltr'><strong>quidem,</strong></span> <span class='ocrx_word' id='word_1_540' title='bbox 3328 903 3400 955; x_wconf 86' lang='lat' dir='ltr'><strong>sic</strong></span> <span class='ocrx_word' id='word_1_541' title='bbox 3428 912 3595 956; x_wconf 82' lang='lat' dir='ltr'><strong>tamen</strong></span> <span class='ocrx_word' id='word_1_542' title='bbox 3626 903 3773 972; x_wconf 83' lang='lat' dir='ltr'><strong>quasi</strong></span> 
     </span>
    </p>
   </div>
   <div class='ocr_carea' id='block_1_68' title="bbox 2188 990 3766 1064">
    <p class='ocr_par' dir='ltr' id='par_1_68' title="bbox 2188 990 3766 1064">
     <span class='ocr_line' id='line_1_68' title="bbox 2188 990 3766 1064; baseline 0.001 -20"><span class='ocrx_word' id='word_1_543' title='bbox 2188 1008 2275 1058; x_wconf 83' lang='lat' dir='ltr'><strong>per</strong></span> <span class='ocrx_word' id='word_1_544' title='bbox 2294 991 2461 1062; x_wconf 83' lang='lat' dir='ltr'><strong>ignem</strong></span> <span class='ocrx_word' id='word_1_545' title='bbox 2483 1005 2503 1045; x_wconf 91' lang='lat'><strong><em>:</em></strong></span> <span class='ocrx_word' id='word_1_546' title='bbox 2527 990 2649 1061; x_wconf 91' lang='lat' dir='ltr'><strong>quia</strong></span> <span class='ocrx_word' id='word_1_547' title='bbox 2672 992 2776 1046; x_wconf 91' lang='lat' dir='ltr'><strong>urit</strong></span> <span class='ocrx_word' id='word_1_548' title='bbox 2794 1007 2913 1047; x_wconf 92' lang='lat' dir='ltr'><strong>eum</strong></span> <span class='ocrx_word' id='word_1_549' title='bbox 2937 1008 3113 1048; x_wconf 87' lang='lat' dir='ltr'><strong>rerum</strong></span> <span class='ocrx_word' id='word_1_550' title='bbox 3137 993 3310 1058; x_wconf 91' lang='lat' dir='ltr'><strong>dolor,</strong></span> <span class='ocrx_word' id='word_1_551' title='bbox 3333 1008 3467 1064; x_wconf 90' lang='lat' dir='ltr'><strong>quas</strong></span> <span class='ocrx_word' id='word_1_552' title='bbox 3487 993 3766 1058; x_wconf 78' lang='lat' dir='ltr'><strong>dilexerat,</strong></span> 
     </span>
    </p>
   </div>
   <div class='ocr_carea' id='block_1_69' title="bbox 2184 1083 3775 1158">
    <p class='ocr_par' dir='ltr' id='par_1_69' title="bbox 2184 1083 3775 1158">
     <span class='ocr_line' id='line_1_69' title="bbox 2184 1083 3775 1158; baseline 0.004 -22"><span class='ocrx_word' id='word_1_553' title='bbox 2184 1083 2535 1151; x_wconf 89' lang='lat' dir='ltr'><strong>amissarum;</strong></span> <span class='ocrx_word' id='word_1_554' title='bbox 2579 1084 2672 1140; x_wconf 88' lang='lat' dir='ltr'><strong>sed</strong></span> <span class='ocrx_word' id='word_1_555' title='bbox 2710 1100 2818 1140; x_wconf 83' lang='lat' dir='ltr'><strong>non</strong></span> <span class='ocrx_word' id='word_1_556' title='bbox 2854 1086 3113 1141; x_wconf 83' lang='lat' dir='ltr'><strong>subvertit</strong></span> <span class='ocrx_word' id='word_1_557' title='bbox 3145 1102 3317 1158; x_wconf 91' lang='lat' dir='ltr'><strong>neque</strong></span> <span class='ocrx_word' id='word_1_558' title='bbox 3350 1088 3615 1143; x_wconf 85' lang='lat' dir='ltr'><strong>consumit</strong></span> <span class='ocrx_word' id='word_1_559' title='bbox 3650 1086 3775 1143; x_wconf 82' lang='lat' dir='ltr'><strong>fun-</strong></span> 
     </span>
    </p>
   </div>
   <div class='ocr_carea' id='block_1_70' title="bbox 2186 1173 3654 1249">
    <p class='ocr_par' dir='ltr' id='par_1_70' title="bbox 2186 1173 3654 1249">
     <span class='ocr_line' id='line_1_70' title="bbox 2186 1173 3654 1249; baseline 0.005 -21"><span class='ocrx_word' id='word_1_560' title='bbox 2186 1173 2420 1230; x_wconf 75' lang='lat' dir='ltr'><strong>dementi</strong></span> <span class='ocrx_word' id='word_1_561' title='bbox 2450 1176 2738 1232; x_wconf 88' lang='lat' dir='ltr'><strong>stabilitate</strong></span> <span class='ocrx_word' id='word_1_562' title='bbox 2763 1186 2920 1248; x_wconf 85' lang='lat' dir='ltr'><strong>atque</strong></span> <span class='ocrx_word' id='word_1_563' title='bbox 2945 1179 3341 1249; x_wconf 83' lang='lat' dir='ltr'><strong>incorruptione</strong></span> <span class='ocrx_word' id='word_1_564' title='bbox 3370 1181 3654 1237; x_wconf 86' lang='lat' dir='ltr'><strong>munitum.</strong></span> 
     </span>
    </p>
   </div>
   <div class='ocr_carea' id='block_1_71' title="bbox 2259 1265 3779 1340">
    <p class='ocr_par' dir='ltr' id='par_1_71' title="bbox 2259 1265 3779 1340">
     <span class='ocr_line' id='line_1_71' title="bbox 2259 1265 3779 1340; baseline 0.005 -18"><span class='ocrx_word' id='word_1_565' title='bbox 2259 1268 2346 1322; x_wconf 79' lang='grc'><strong>15.</strong></span> <span class='ocrx_word' id='word_1_566' title='bbox 2420 1265 2549 1323; x_wconf 81' lang='lat' dir='ltr'><strong>Tale</strong></span> <span class='ocrx_word' id='word_1_567' title='bbox 2610 1269 2810 1339; x_wconf 89' lang='lat' dir='ltr'><strong>aliquid</strong></span> <span class='ocrx_word' id='word_1_568' title='bbox 2871 1270 3031 1325; x_wconf 90' lang='lat' dir='ltr'><strong>etiam</strong></span> <span class='ocrx_word' id='word_1_569' title='bbox 3060 1280 3181 1340; x_wconf 91' lang='lat' dir='ltr'><strong>post</strong></span> <span class='ocrx_word' id='word_1_570' title='bbox 3207 1271 3343 1327; x_wconf 92' lang='lat' dir='ltr'><strong>hanc</strong></span> <span class='ocrx_word' id='word_1_571' title='bbox 3372 1273 3531 1327; x_wconf 85' lang='lat' dir='ltr'><strong>vitam</strong></span> <span class='ocrx_word' id='word_1_572' title='bbox 3560 1272 3673 1329; x_wconf 87' lang='lat' dir='ltr'><strong>fieri</strong></span> <span class='ocrx_word' id='word_1_573' title='bbox 3696 1273 3779 1329; x_wconf 89' lang='lat' dir='ltr'><strong>in-</strong></span> 
     </span>
    </p>
   </div>
   <div class='ocr_carea' id='block_1_72' title="bbox 2184 1357 3779 1433">
    <p class='ocr_par' dir='ltr' id='par_1_72' title="bbox 2184 1357 3779 1433">
     <span class='ocr_line' id='line_1_72' title="bbox 2184 1357 3779 1433; baseline 0.003 -20"><span class='ocrx_word' id='word_1_574' title='bbox 2184 1357 2441 1414; x_wconf 87' lang='lat' dir='ltr'><strong>credibile</strong></span> <span class='ocrx_word' id='word_1_575' title='bbox 2467 1372 2575 1413; x_wconf 92' lang='lat' dir='ltr'><strong>non</strong></span> <span class='ocrx_word' id='word_1_576' title='bbox 2600 1367 2718 1426; x_wconf 83' lang='lat' dir='ltr'><strong>est,</strong></span> <span class='ocrx_word' id='word_1_577' title='bbox 2749 1367 2807 1414; x_wconf 90' lang='lat' dir='ltr'><strong>et</strong></span> <span class='ocrx_word' id='word_1_578' title='bbox 2834 1369 3009 1415; x_wconf 91' lang='lat' dir='ltr'><strong>utrum</strong></span> <span class='ocrx_word' id='word_1_579' title='bbox 3042 1361 3114 1415; x_wconf 90' lang='lat' dir='ltr'><strong>ita</strong></span> <span class='ocrx_word' id='word_1_580' title='bbox 3140 1361 3246 1428; x_wconf 80' lang='lat' dir='ltr'><strong>sit,</strong></span> <span class='ocrx_word' id='word_1_581' title='bbox 3277 1363 3441 1433; x_wconf 74' lang='lat' dir='ltr'><strong>qumri</strong></span> <span class='ocrx_word' id='word_1_582' title='bbox 3470 1370 3644 1432; x_wconf 85' lang='lat' dir='ltr'><strong>potest</strong></span> <span class='ocrx_word' id='word_1_583' title='bbox 3675 1380 3691 1418; x_wconf 89' lang='lat'><strong>:</strong></span> <span class='ocrx_word' id='word_1_584' title='bbox 3722 1372 3779 1418; x_wconf 90' lang='lat' dir='ltr'><strong>et</strong></span> 
     </span>
    </p>
   </div>
   <div class='ocr_carea' id='block_1_73' title="bbox 2185 1450 3785 1529">
    <p class='ocr_par' dir='ltr' id='par_1_73' title="bbox 2185 1450 3785 1529">
     <span class='ocr_line' id='line_1_73' title="bbox 2185 1450 3785 1529; baseline 0.004 -23"><span class='ocrx_word' id='word_1_585' title='bbox 2185 1460 2277 1506; x_wconf 89' lang='lat' dir='ltr'><strong>aut</strong></span> <span class='ocrx_word' id='word_1_586' title='bbox 2315 1452 2536 1507; x_wconf 84' lang='lat' dir='ltr'><strong>inveniri</strong></span> <span class='ocrx_word' id='word_1_587' title='bbox 2563 1494 2577 1519; x_wconf 95' lang='lat'><strong>,</strong></span> <span class='ocrx_word' id='word_1_588' title='bbox 2605 1460 2697 1508; x_wconf 90' lang='lat' dir='ltr'><strong>aut</strong></span> <span class='ocrx_word' id='word_1_589' title='bbox 2720 1453 2885 1510; x_wconf 88' lang='lat' dir='ltr'><strong>latere</strong></span> <span class='ocrx_word' id='word_1_590' title='bbox 2904 1495 2920 1522; x_wconf 92' lang='lat'><strong>,</strong></span> <span class='ocrx_word' id='word_1_591' title='bbox 2950 1450 3233 1511; x_wconf 88' lang='lat' dir='ltr'><strong>nonnullos</strong></span> <span class='ocrx_word' id='word_1_592' title='bbox 3262 1456 3447 1512; x_wconf 81' lang='lat' dir='ltr'><strong>fideles</strong></span> <span class='ocrx_word' id='word_1_593' title='bbox 3477 1473 3568 1527; x_wconf 88' lang='lat' dir='ltr'><strong>per</strong></span> <span class='ocrx_word' id='word_1_594' title='bbox 3596 1458 3785 1529; x_wconf 85' lang='lat' dir='ltr'><strong>ignem</strong></span> 
     </span>
    </p>
   </div>
   <div class='ocr_carea' id='block_1_74' title="bbox 2186 1544 3780 1619">
    <p class='ocr_par' dir='ltr' id='par_1_74' title="bbox 2186 1544 3780 1619">
     <span class='ocr_line' id='line_1_74' title="bbox 2186 1544 3780 1619; baseline 0.004 -20"><span class='ocrx_word' id='word_1_595' title='bbox 2186 1544 2471 1615; x_wconf 87' lang='lat' dir='ltr'><strong>quemdam</strong></span> <span class='ocrx_word' id='word_1_596' title='bbox 2512 1548 2876 1617; x_wconf 89' lang='lat' dir='ltr'><strong>purgatorium</strong></span> <span class='ocrx_word' id='word_1_597' title='bbox 2897 1590 2914 1617; x_wconf 94' lang='lat'><strong>,</strong></span> <span class='ocrx_word' id='word_1_598' title='bbox 2952 1558 3150 1619; x_wconf 92' lang='lat' dir='ltr'><strong>quanto</strong></span> <span class='ocrx_word' id='word_1_599' title='bbox 3175 1550 3345 1619; x_wconf 82' lang='lat' dir='ltr'><strong>magis</strong></span> <span class='ocrx_word' id='word_1_600' title='bbox 3370 1551 3611 1607; x_wconf 87' lang='lat' dir='ltr'><strong>minusve</strong></span> <span class='ocrx_word' id='word_1_601' title='bbox 3636 1551 3780 1607; x_wconf 85' lang='lat' dir='ltr'><strong>bona</strong></span> 
     </span>
    </p>
   </div>
   <div class='ocr_carea' id='block_1_75' title="bbox 2188 1635 3787 1711">
    <p class='ocr_par' dir='ltr' id='par_1_75' title="bbox 2188 1635 3787 1711">
     <span class='ocr_line' id='line_1_75' title="bbox 2188 1635 3787 1711; baseline 0.004 -21"><span class='ocrx_word' id='word_1_602' title='bbox 2188 1636 2463 1706; x_wconf 84' lang='lat' dir='ltr'><strong>pereuntia</strong></span> <span class='ocrx_word' id='word_1_603' title='bbox 2491 1635 2827 1705; x_wconf 88' lang='lat' dir='ltr'><strong>dilexerunt,</strong></span> <span class='ocrx_word' id='word_1_604' title='bbox 2857 1645 3007 1694; x_wconf 86' lang='lat' dir='ltr'><strong>tanto</strong></span> <span class='ocrx_word' id='word_1_605' title='bbox 3036 1639 3239 1695; x_wconf 89' lang='lat' dir='ltr'><strong>tardius</strong></span> <span class='ocrx_word' id='word_1_606' title='bbox 3260 1641 3520 1711; x_wconf 89' lang='lat' dir='ltr'><strong>citiusque</strong></span> <span class='ocrx_word' id='word_1_607' title='bbox 3541 1642 3735 1697; x_wconf 87' lang='lat' dir='ltr'><strong>salvari</strong></span> <span class='ocrx_word' id='word_1_608' title='bbox 3762 1659 3787 1709; x_wconf 89' lang='lat'><strong>;</strong></span> 
     </span>
    </p>
   </div>
   <div class='ocr_carea' id='block_1_76' title="bbox 2188 1728 3786 1805">
    <p class='ocr_par' dir='ltr' id='par_1_76' title="bbox 2188 1728 3786 1805">
     <span class='ocr_line' id='line_1_76' title="bbox 2188 1728 3786 1805; baseline 0.005 -24"><span class='ocrx_word' id='word_1_609' title='bbox 2188 1742 2293 1783; x_wconf 86' lang='lat' dir='ltr'><strong>non</strong></span> <span class='ocrx_word' id='word_1_610' title='bbox 2316 1735 2494 1783; x_wconf 88' lang='lat' dir='ltr'><strong>tamen</strong></span> <span class='ocrx_word' id='word_1_611' title='bbox 2527 1728 2659 1784; x_wconf 89' lang='lat' dir='ltr'><strong>tales</strong></span> <span class='ocrx_word' id='word_1_612' title='bbox 2684 1771 2698 1796; x_wconf 93' lang='lat'><strong>,</strong></span> <span class='ocrx_word' id='word_1_613' title='bbox 2727 1728 2793 1785; x_wconf 91' lang='lat' dir='ltr'><strong>de</strong></span> <span class='ocrx_word' id='word_1_614' title='bbox 2818 1730 3063 1801; x_wconf 89' lang='lat' dir='ltr'><strong>qualibus</strong></span> <span class='ocrx_word' id='word_1_615' title='bbox 3082 1731 3282 1787; x_wconf 91' lang='lat' dir='ltr'><strong>dictum</strong></span> <span class='ocrx_word' id='word_1_616' title='bbox 3303 1741 3386 1788; x_wconf 87' lang='lat' dir='ltr'><strong>est</strong></span> <span class='ocrx_word' id='word_1_617' title='bbox 3404 1734 3542 1803; x_wconf 89' lang='lat' dir='ltr'><strong>quod</strong></span> <span class='ocrx_word' id='word_1_618' title='bbox 3568 1751 3786 1805; x_wconf 83' lang='lat' dir='ltr'><strong>regnum</strong></span> 
     </span>
    </p>
   </div>
   <div class='ocr_carea' id='block_1_77' title="bbox 2188 1815 3786 1895">
    <p class='ocr_par' dir='ltr' id='par_1_77' title="bbox 2188 1815 3786 1895">
     <span class='ocr_line' id='line_1_77' title="bbox 2188 1815 3786 1895; baseline 0.006 -24"><span class='ocrx_word' id='word_1_619' title='bbox 2188 1815 2286 1872; x_wconf 84' lang='lat' dir='ltr'><strong>Dei</strong></span> <span class='ocrx_word' id='word_1_620' title='bbox 2328 1833 2429 1872; x_wconf 90' lang='lat' dir='ltr'><strong>non</strong></span> <span class='ocrx_word' id='word_1_621' title='bbox 2452 1819 2809 1889; x_wconf 78' lang='lat' dir='ltr'><strong>possidebunt,</strong></span> <span class='ocrx_word' id='word_1_622' title='bbox 2848 1821 2949 1876; x_wconf 91' lang='lat' dir='ltr'><strong>nisi</strong></span> <span class='ocrx_word' id='word_1_623' title='bbox 2992 1823 3373 1878; x_wconf 87' lang='lat' dir='ltr'><strong>convenienter</strong></span> <span class='ocrx_word' id='word_1_624' title='bbox 3400 1824 3786 1895; x_wconf 73' lang='lat' dir='ltr'><strong>paenitentibus</strong></span> 
     </span>
    </p>
   </div>
   <div class='ocr_carea' id='block_1_78' title="bbox 2188 1908 3783 1983">
    <p class='ocr_par' dir='ltr' id='par_1_78' title="bbox 2188 1908 3783 1983">
     <span class='ocr_line' id='line_1_78' title="bbox 2188 1908 3783 1983; baseline 0.003 -19"><span class='ocrx_word' id='word_1_625' title='bbox 2188 1908 2374 1965; x_wconf 89' lang='lat' dir='ltr'><strong>eadem</strong></span> <span class='ocrx_word' id='word_1_626' title='bbox 2401 1910 2623 1965; x_wconf 91' lang='lat' dir='ltr'><strong>crimina</strong></span> <span class='ocrx_word' id='word_1_627' title='bbox 2650 1912 3005 1967; x_wconf 89' lang='lat' dir='ltr'><strong>remittantur.</strong></span> <span class='ocrx_word' id='word_1_628' title='bbox 3036 1914 3429 1971; x_wconf 88' lang='lat' dir='ltr'><strong>Convenienter</strong></span> <span class='ocrx_word' id='word_1_629' title='bbox 3445 1925 3622 1971; x_wconf 90' lang='lat' dir='ltr'><strong>autem</strong></span> <span class='ocrx_word' id='word_1_630' title='bbox 3648 1915 3783 1983; x_wconf 89' lang='lat' dir='ltr'><strong>dixi,</strong></span> 
     </span>
    </p>
   </div>
   <div class='ocr_carea' id='block_1_79' title="bbox 2190 2002 3786 2078">
    <p class='ocr_par' dir='ltr' id='par_1_79' title="bbox 2190 2002 3786 2078">
     <span class='ocr_line' id='line_1_79' title="bbox 2190 2002 3786 2078; baseline 0.006 -24"><span class='ocrx_word' id='word_1_631' title='bbox 2190 2010 2248 2055; x_wconf 89' lang='lat' dir='ltr'><strong>ut</strong></span> <span class='ocrx_word' id='word_1_632' title='bbox 2289 2002 2496 2057; x_wconf 86' lang='lat' dir='ltr'><strong>steriles</strong></span> <span class='ocrx_word' id='word_1_633' title='bbox 2537 2003 2589 2057; x_wconf 93' lang='lat' dir='ltr'><strong>in</strong></span> <span class='ocrx_word' id='word_1_634' title='bbox 2634 2003 2995 2076; x_wconf 86' lang='lat' dir='ltr'><strong>eleemosynis</strong></span> <span class='ocrx_word' id='word_1_635' title='bbox 3032 2020 3139 2061; x_wconf 88' lang='lat' dir='ltr'><strong>non</strong></span> <span class='ocrx_word' id='word_1_636' title='bbox 3178 2007 3317 2073; x_wconf 90' lang='lat' dir='ltr'><strong>sint,</strong></span> <span class='ocrx_word' id='word_1_637' title='bbox 3356 2008 3548 2078; x_wconf 90' lang='lat' dir='ltr'><strong>quibus</strong></span> <span class='ocrx_word' id='word_1_638' title='bbox 3579 2016 3786 2063; x_wconf 85' lang='lat' dir='ltr'><strong>tantum</strong></span> 
     </span>
    </p>
   </div>
   <div class='ocr_carea' id='block_1_80' title="bbox 2191 2095 3787 2168">
    <p class='ocr_par' dir='ltr' id='par_1_80' title="bbox 2191 2095 3787 2168">
     <span class='ocr_line' id='line_1_80' title="bbox 2191 2095 3787 2168; baseline 0.003 -17"><span class='ocrx_word' id='word_1_639' title='bbox 2191 2095 2376 2151; x_wconf 88' lang='lat' dir='ltr'><strong>tribuit</strong></span> <span class='ocrx_word' id='word_1_640' title='bbox 2418 2095 2689 2168; x_wconf 79' lang='lat' dir='ltr'><strong>Scriptum</strong></span> <span class='ocrx_word' id='word_1_641' title='bbox 2734 2098 2912 2154; x_wconf 89' lang='lat' dir='ltr'><strong>divina</strong></span> <span class='ocrx_word' id='word_1_642' title='bbox 2932 2140 2947 2166; x_wconf 91' lang='lat'><strong>,</strong></span> <span class='ocrx_word' id='word_1_643' title='bbox 2978 2108 3037 2155; x_wconf 90' lang='lat' dir='ltr'><strong>ut</strong></span> <span class='ocrx_word' id='word_1_644' title='bbox 3064 2115 3245 2154; x_wconf 89' lang='lat' dir='ltr'><strong>earum</strong></span> <span class='ocrx_word' id='word_1_645' title='bbox 3274 2102 3641 2156; x_wconf 90' lang='lat' dir='ltr'><strong>tantummodo</strong></span> <span class='ocrx_word' id='word_1_646' title='bbox 3673 2101 3787 2157; x_wconf 90' lang='lat' dir='ltr'><strong>fru-</strong></span> 
     </span>
    </p>
   </div>
   <div class='ocr_carea' id='block_1_81' title="bbox 2192 2191 3783 2262">
    <p class='ocr_par' dir='ltr' id='par_1_81' title="bbox 2192 2191 3783 2262">
     <span class='ocr_line' id='line_1_81' title="bbox 2192 2191 3783 2262; baseline 0.002 -17"><span class='ocrx_word' id='word_1_647' title='bbox 2192 2201 2339 2245; x_wconf 84' lang='lat' dir='ltr'><strong>etum</strong></span> <span class='ocrx_word' id='word_1_648' title='bbox 2380 2205 2440 2246; x_wconf 89' lang='lat' dir='ltr'><strong>se</strong></span> <span class='ocrx_word' id='word_1_649' title='bbox 2484 2191 2866 2262; x_wconf 87' lang='lat' dir='ltr'><strong>imputaturum</strong></span> <span class='ocrx_word' id='word_1_650' title='bbox 2907 2193 3230 2262; x_wconf 74' lang='lat' dir='ltr'><strong>prmnuntiet</strong></span> <span class='ocrx_word' id='word_1_651' title='bbox 3256 2193 3513 2249; x_wconf 90' lang='lat' dir='ltr'><strong>Dominus</strong></span> <span class='ocrx_word' id='word_1_652' title='bbox 3537 2193 3741 2249; x_wconf 81' lang='lat' dir='ltr'><strong>dextris</strong></span> <span class='ocrx_word' id='word_1_653' title='bbox 3766 2238 3783 2261; x_wconf 93' lang='lat'><strong>,</strong></span> 
     </span>
    </p>
   </div>
   <div class='ocr_carea' id='block_1_82' title="bbox 2190 2283 3790 2355">
    <p class='ocr_par' dir='ltr' id='par_1_82' title="bbox 2190 2283 3790 2355">
     <span class='ocr_line' id='line_1_82' title="bbox 2190 2283 3790 2355; baseline 0.002 -18"><span class='ocrx_word' id='word_1_654' title='bbox 2190 2292 2245 2337; x_wconf 88' lang='lat' dir='ltr'><strong>et</strong></span> <span class='ocrx_word' id='word_1_655' title='bbox 2288 2296 2473 2338; x_wconf 91' lang='lat' dir='ltr'><strong>earum</strong></span> <span class='ocrx_word' id='word_1_656' title='bbox 2516 2283 2884 2339; x_wconf 89' lang='lat' dir='ltr'><strong>tantummodo</strong></span> <span class='ocrx_word' id='word_1_657' title='bbox 2912 2285 3244 2340; x_wconf 89' lang='lat' dir='ltr'><strong>sterilitatem</strong></span> <span class='ocrx_word' id='word_1_658' title='bbox 3275 2284 3541 2352; x_wconf 88' lang='lat' dir='ltr'><strong>sinistris;</strong></span> <span class='ocrx_word' id='word_1_659' title='bbox 3572 2284 3790 2355; x_wconf 87' lang='lat' dir='ltr'><strong>quando</strong></span> 
     </span>
    </p>
   </div>
   <div class='ocr_carea' id='block_1_83' title="bbox 2192 2374 3792 2447">
    <p class='ocr_par' dir='ltr' id='par_1_83' title="bbox 2192 2374 3792 2447">
     <span class='ocr_line' id='line_1_83' title="bbox 2192 2374 3792 2447; baseline -0.001 -16"><span class='ocrx_word' id='word_1_660' title='bbox 2192 2375 2275 2431; x_wconf 85' lang='lat' dir='ltr'><strong>his</strong></span> <span class='ocrx_word' id='word_1_661' title='bbox 2296 2374 2535 2431; x_wconf 85' lang='lat' dir='ltr'><strong>dicturus</strong></span> <span class='ocrx_word' id='word_1_662' title='bbox 2558 2385 2660 2443; x_wconf 91' lang='lat' dir='ltr'><strong>est,</strong></span> <span class='ocrx_word' id='word_1_663' title='bbox 2699 2375 2892 2443; x_wconf 84' lang='lat' dir='ltr'><strong>Venite,</strong></span> <span class='ocrx_word' id='word_1_664' title='bbox 2918 2376 3162 2430; x_wconf 85' lang='lat' dir='ltr'><strong>benedicti</strong></span> <span class='ocrx_word' id='word_1_665' title='bbox 3189 2375 3363 2430; x_wconf 81' lang='lat' dir='ltr'><strong>Patris</strong></span> <span class='ocrx_word' id='word_1_666' title='bbox 3397 2377 3514 2441; x_wconf 89' lang='lat' dir='ltr'><strong>mei,</strong></span> <span class='ocrx_word' id='word_1_667' title='bbox 3546 2377 3792 2447; x_wconf 61' lang='lat' dir='ltr'><strong>percipit:</strong></span> 
     </span>
    </p>
   </div>
   <div class='ocr_carea' id='block_1_84' title="bbox 2191 2466 3786 2541">
    <p class='ocr_par' dir='ltr' id='par_1_84' title="bbox 2191 2466 3786 2541">
     <span class='ocr_line' id='line_1_84' title="bbox 2191 2466 3786 2541; baseline -0.001 -18"><span class='ocrx_word' id='word_1_668' title='bbox 2191 2485 2403 2541; x_wconf 87' lang='lat' dir='ltr'><strong>regnum</strong></span> <span class='ocrx_word' id='word_1_669' title='bbox 2440 2484 2460 2523; x_wconf 92' lang='lat'><strong><em>:</em></strong></span> <span class='ocrx_word' id='word_1_670' title='bbox 2495 2469 2601 2524; x_wconf 88' lang='lat' dir='ltr'><strong>illis</strong></span> <span class='ocrx_word' id='word_1_671' title='bbox 2630 2476 2827 2536; x_wconf 91' lang='lat' dir='ltr'><strong>autem,</strong></span> <span class='ocrx_word' id='word_1_672' title='bbox 2856 2467 2937 2523; x_wconf 88' lang='lat' dir='ltr'><strong>Ite</strong></span> <span class='ocrx_word' id='word_1_673' title='bbox 2958 2470 3010 2523; x_wconf 93' lang='lat' dir='ltr'><strong>in</strong></span> <span class='ocrx_word' id='word_1_674' title='bbox 3037 2470 3205 2539; x_wconf 89' lang='lat' dir='ltr'><strong>ignem</strong></span> <span class='ocrx_word' id='word_1_675' title='bbox 3232 2478 3477 2523; x_wconf 59' lang='lat' dir='ltr'><strong>aeternum</strong></span> <span class='ocrx_word' id='word_1_676' title='bbox 3499 2466 3601 2541; x_wconf 83' lang='lat' dir='ltr'><strong>(De</strong></span> <span class='ocrx_word' id='word_1_677' title='bbox 3631 2466 3786 2531; x_wconf 68' lang='lat' dir='ltr'><strong>Fide,</strong></span> 
     </span>
    </p>
   </div>
   <div class='ocr_carea' id='block_1_85' title="bbox 2194 2559 3807 2631">
    <p class='ocr_par' dir='ltr' id='par_1_85' title="bbox 2194 2559 3807 2631">
     <span class='ocr_line' id='line_1_85' title="bbox 2194 2559 3807 2631; baseline -0.004 -16"><span class='ocrx_word' id='word_1_678' title='bbox 2194 2559 2302 2631; x_wconf 91' lang='lat' dir='ltr'><strong>Spe</strong></span> <span class='ocrx_word' id='word_1_679' title='bbox 2321 2568 2367 2615; x_wconf 91' lang='lat' dir='ltr'><strong>et</strong></span> <span class='ocrx_word' id='word_1_680' title='bbox 2393 2559 2685 2628; x_wconf 83' lang='lat' dir='ltr'><strong>Charitate,</strong></span> <span class='ocrx_word' id='word_1_681' title='bbox 2717 2577 2831 2631; x_wconf 91' lang='lat' dir='ltr'><strong>cap.</strong></span> <span class='ocrx_word' id='word_1_682' title='bbox 2866 2560 3077 2630; x_wconf 83' lang='lat'><strong>67-69).</strong></span> <span class='ocrx_word' id='word_1_683' title='bbox 3114 2578 3133 2612; x_wconf 76' lang='grc' dir='ltr'><strong><em>ι</em></strong></span> <span class='ocrx_word' id='word_1_684' title='bbox 3169 2559 3296 2615; x_wconf 73' lang='lat' dir='ltr'><strong>Hcce</strong></span> <span class='ocrx_word' id='word_1_685' title='bbox 3321 2559 3389 2615; x_wconf 87' lang='lat' dir='ltr'><strong>de</strong></span> <span class='ocrx_word' id='word_1_686' title='bbox 3418 2559 3625 2615; x_wconf 91' lang='lat' dir='ltr'><strong>duobus</strong></span> <span class='ocrx_word' id='word_1_687' title='bbox 3652 2574 3807 2628; x_wconf 75' lang='lat' dir='ltr'><strong>opu-_</strong></span> 
     </span>
    </p>
   </div>
   <div class='ocr_carea' id='block_1_86' title="bbox 2193 2650 3743 2721">
    <p class='ocr_par' dir='ltr' id='par_1_86' title="bbox 2193 2650 3743 2721">
     <span class='ocr_line' id='line_1_86' title="bbox 2193 2650 3743 2721; baseline -0.002 -16"><span class='ocrx_word' id='word_1_688' title='bbox 2193 2650 2356 2706; x_wconf 89' lang='lat' dir='ltr'><strong>sculis</strong></span> <span class='ocrx_word' id='word_1_689' title='bbox 2383 2651 2519 2705; x_wconf 90' lang='lat' dir='ltr'><strong>meis</strong></span> <span class='ocrx_word' id='word_1_690' title='bbox 2543 2651 2671 2705; x_wconf 91' lang='lat' dir='ltr'><strong>satis</strong></span> <span class='ocrx_word' id='word_1_691' title='bbox 2694 2659 2823 2721; x_wconf 86' lang='lat' dir='ltr'><strong>puto</strong></span> <span class='ocrx_word' id='word_1_692' title='bbox 2844 2652 3124 2721; x_wconf 64' lang='lat' dir='ltr'><strong>quaestioni</strong></span> <span class='ocrx_word' id='word_1_693' title='bbox 3149 2660 3255 2706; x_wconf 71' lang='lat' dir='ltr'><strong>tua:</strong></span> <span class='ocrx_word' id='word_1_694' title='bbox 3282 2651 3443 2707; x_wconf 85' lang='lat' dir='ltr'><strong>fuisse</strong></span> <span class='ocrx_word' id='word_1_695' title='bbox 3467 2666 3743 2720; x_wconf 88' lang='lat' dir='ltr'><strong>responsa.</strong></span> 
     </span>
    </p>
   </div>
   <div class='ocr_carea' id='block_1_87' title="bbox 2267 2739 3807 2807">
    <p class='ocr_par' dir='ltr' id='par_1_87' title="bbox 2267 2739 3807 2807">
     <span class='ocr_line' id='line_1_87' title="bbox 2267 2739 3807 2807; baseline -0.002 -12"><span class='ocrx_word' id='word_1_696' title='bbox 2267 2741 2353 2796; x_wconf 77' lang='grc'><strong>14.</strong></span> <span class='ocrx_word' id='word_1_697' title='bbox 2385 2741 2461 2796; x_wconf 91' lang='lat' dir='ltr'><strong>De</strong></span> <span class='ocrx_word' id='word_1_698' title='bbox 2489 2741 2576 2795; x_wconf 89' lang='lat' dir='ltr'><strong>illa</strong></span> <span class='ocrx_word' id='word_1_699' title='bbox 2600 2755 2731 2797; x_wconf 87' lang='lat' dir='ltr'><strong>vero</strong></span> <span class='ocrx_word' id='word_1_700' title='bbox 2756 2742 3029 2796; x_wconf 87' lang='lat' dir='ltr'><strong>sententia</strong></span> <span class='ocrx_word' id='word_1_701' title='bbox 3053 2740 3295 2807; x_wconf 90' lang='lat' dir='ltr'><strong>Domini,</strong></span> <span class='ocrx_word' id='word_1_702' title='bbox 3327 2739 3449 2795; x_wconf 88' lang='lat' dir='ltr'><strong>Non</strong></span> <span class='ocrx_word' id='word_1_703' title='bbox 3470 2742 3604 2795; x_wconf 76' lang='lat' dir='ltr'><strong>exies</strong></span> <span class='ocrx_word' id='word_1_704' title='bbox 3632 2740 3807 2805; x_wconf 83' lang='lat' dir='ltr'><strong>inde,</strong></span> 
     </span>
    </p>
   </div>
   <div class='ocr_carea' id='block_1_88' title="bbox 2195 2830 3792 2903">
    <p class='ocr_par' dir='ltr' id='par_1_88' title="bbox 2195 2830 3792 2903">
     <span class='ocr_line' id='line_1_88' title="bbox 2195 2830 3792 2903; baseline 0.001 -20"><span class='ocrx_word' id='word_1_705' title='bbox 2195 2830 2353 2885; x_wconf 86' lang='lat' dir='ltr'><strong>donec</strong></span> <span class='ocrx_word' id='word_1_706' title='bbox 2410 2831 2594 2885; x_wconf 87' lang='lat' dir='ltr'><strong>reddas</strong></span> <span class='ocrx_word' id='word_1_707' title='bbox 2652 2831 2976 2885; x_wconf 79' lang='lat' dir='ltr'><strong>nouissimum</strong></span> <span class='ocrx_word' id='word_1_708' title='bbox 3026 2830 3408 2903; x_wconf 85' lang='lat' dir='ltr'><strong>quadrantem;</strong></span> <span class='ocrx_word' id='word_1_709' title='bbox 3461 2830 3792 2899; x_wconf 88' lang='lat' dir='ltr'><strong>respondere</strong></span> 
     </span>
    </p>
   </div>
   <div class='ocr_carea' id='block_1_89' title="bbox 2195 2921 3793 2992">
    <p class='ocr_par' dir='ltr' id='par_1_89' title="bbox 2195 2921 3793 2992">
     <span class='ocr_line' id='line_1_89' title="bbox 2195 2921 3793 2992; baseline -0.002 -15"><span class='ocrx_word' id='word_1_710' title='bbox 2195 2923 2322 2977; x_wconf 89' lang='lat' dir='ltr'><strong>mihi</strong></span> <span class='ocrx_word' id='word_1_711' title='bbox 2372 2936 2592 2978; x_wconf 89' lang='lat' dir='ltr'><strong>necesse</strong></span> <span class='ocrx_word' id='word_1_712' title='bbox 2627 2938 2732 2977; x_wconf 91' lang='lat' dir='ltr'><strong>non</strong></span> <span class='ocrx_word' id='word_1_713' title='bbox 2766 2921 2900 2987; x_wconf 86' lang='lat' dir='ltr'><strong>fuit,</strong></span> <span class='ocrx_word' id='word_1_714' title='bbox 2933 2922 3181 2992; x_wconf 88' lang='lat' dir='ltr'><strong>quoniam</strong></span> <span class='ocrx_word' id='word_1_715' title='bbox 3214 2932 3270 2976; x_wconf 89' lang='lat' dir='ltr'><strong>tu</strong></span> <span class='ocrx_word' id='word_1_716' title='bbox 3297 2922 3411 2991; x_wconf 90' lang='lat' dir='ltr'><strong>ipse</strong></span> <span class='ocrx_word' id='word_1_717' title='bbox 3438 2922 3793 2991; x_wconf 70' lang='lat' dir='ltr'><strong>qumstionem</strong></span> 
     </span>
    </p>
   </div>
   <div class='ocr_carea' id='block_1_90' title="bbox 2195 3013 3801 3086">
    <p class='ocr_par' dir='ltr' id='par_1_90' title="bbox 2195 3013 3801 3086">
     <span class='ocr_line' id='line_1_90' title="bbox 2195 3013 3801 3086; baseline -0.001 -16"><span class='ocrx_word' id='word_1_718' title='bbox 2195 3015 2357 3071; x_wconf 89' lang='lat' dir='ltr'><strong>simili</strong></span> <span class='ocrx_word' id='word_1_719' title='bbox 2400 3030 2465 3070; x_wconf 82' lang='lat' dir='ltr'><strong>ex</strong></span> <span class='ocrx_word' id='word_1_720' title='bbox 2506 3015 2793 3086; x_wconf 78' lang='lat' dir='ltr'><strong>Evangelio</strong></span> <span class='ocrx_word' id='word_1_721' title='bbox 2833 3015 3101 3071; x_wconf 90' lang='lat' dir='ltr'><strong>locutione</strong></span> <span class='ocrx_word' id='word_1_722' title='bbox 3134 3016 3151 3047; x_wconf 86' lang='grc'>¹</span> <span class='ocrx_word' id='word_1_723' title='bbox 3182 3014 3387 3070; x_wconf 89' lang='lat' dir='ltr'><strong>solvisti</strong></span> <span class='ocrx_word' id='word_1_724' title='bbox 3415 3015 3502 3069; x_wconf 90' lang='lat' dir='ltr'><strong>ubi</strong></span> <span class='ocrx_word' id='word_1_725' title='bbox 3531 3013 3801 3084; x_wconf 82' lang='lat' dir='ltr'><strong>scriptum</strong></span> 
     </span>
    </p>
   </div>
   <div class='ocr_carea' id='block_1_91' title="bbox 2193 3106 3791 3181">
    <p class='ocr_par' dir='ltr' id='par_1_91' title="bbox 2193 3106 3791 3181">
     <span class='ocr_line' id='line_1_91' title="bbox 2193 3106 3791 3181; baseline 0 -19"><span class='ocrx_word' id='word_1_726' title='bbox 2193 3116 2314 3176; x_wconf 90' lang='lat' dir='ltr'><strong>est,</strong></span> <span class='ocrx_word' id='word_1_727' title='bbox 2354 3106 2477 3161; x_wconf 87' lang='lat' dir='ltr'><strong>Non</strong></span> <span class='ocrx_word' id='word_1_728' title='bbox 2505 3109 2733 3179; x_wconf 87' lang='lat' dir='ltr'><strong>cognovit</strong></span> <span class='ocrx_word' id='word_1_729' title='bbox 2759 3125 2901 3176; x_wconf 87' lang='lat' dir='ltr'><strong>eam,</strong></span> <span class='ocrx_word' id='word_1_730' title='bbox 2931 3108 3089 3163; x_wconf 87' lang='lat' dir='ltr'><strong>donec</strong></span> <span class='ocrx_word' id='word_1_731' title='bbox 3115 3108 3326 3180; x_wconf 82' lang='lat' dir='ltr'><strong>peperit.</strong></span> <span class='ocrx_word' id='word_1_732' title='bbox 3358 3108 3500 3162; x_wconf 87' lang='lat' dir='ltr'><strong>Sane</strong></span> <span class='ocrx_word' id='word_1_733' title='bbox 3527 3119 3581 3162; x_wconf 89' lang='lat' dir='ltr'><strong>ut</strong></span> <span class='ocrx_word' id='word_1_734' title='bbox 3604 3122 3711 3181; x_wconf 85' lang='lat' dir='ltr'><strong>non</strong></span> <span class='ocrx_word' id='word_1_735' title='bbox 3736 3118 3791 3163; x_wconf 85' lang='lat' dir='ltr'><strong>te</strong></span> 
     </span>
    </p>
   </div>
   <div class='ocr_carea' id='block_1_92' title="bbox 2194 3201 3793 3272">
    <p class='ocr_par' dir='ltr' id='par_1_92' title="bbox 2194 3201 3793 3272">
     <span class='ocr_line' id='line_1_92' title="bbox 2194 3201 3793 3272; baseline 0.001 -16"><span class='ocrx_word' id='word_1_736' title='bbox 2194 3201 2364 3257; x_wconf 83' lang='lat' dir='ltr'><strong>celem</strong></span> <span class='ocrx_word' id='word_1_737' title='bbox 2410 3201 2477 3257; x_wconf 89' lang='lat' dir='ltr'><strong>de</strong></span> <span class='ocrx_word' id='word_1_738' title='bbox 2515 3201 2615 3257; x_wconf 91' lang='lat' dir='ltr'><strong>hac</strong></span> <span class='ocrx_word' id='word_1_739' title='bbox 2654 3217 2714 3257; x_wconf 87' lang='lat' dir='ltr'><strong>re</strong></span> <span class='ocrx_word' id='word_1_740' title='bbox 2750 3202 3125 3272; x_wconf 85' lang='lat' dir='ltr'><strong>cogitationem</strong></span> <span class='ocrx_word' id='word_1_741' title='bbox 3152 3218 3324 3257; x_wconf 89' lang='lat' dir='ltr'><strong>meam</strong></span> <span class='ocrx_word' id='word_1_742' title='bbox 3344 3245 3361 3270; x_wconf 93' lang='lat'><strong>,</strong></span> <span class='ocrx_word' id='word_1_743' title='bbox 3383 3203 3575 3258; x_wconf 89' lang='lat' dir='ltr'><strong>vellem</strong></span> <span class='ocrx_word' id='word_1_744' title='bbox 3601 3202 3644 3256; x_wconf 91' lang='lat' dir='ltr'><strong>si</strong></span> <span class='ocrx_word' id='word_1_745' title='bbox 3675 3203 3793 3257; x_wconf 86' lang='lat' dir='ltr'><strong>fieri</strong></span> 
     </span>
    </p>
   </div>
   <div class='ocr_carea' id='block_1_93' title="bbox 2196 3294 3793 3364">
    <p class='ocr_par' dir='ltr' id='par_1_93' title="bbox 2196 3294 3793 3364">
     <span class='ocr_line' id='line_1_93' title="bbox 2196 3294 3793 3364; baseline -0.001 -15"><span class='ocrx_word' id='word_1_746' title='bbox 2196 3302 2379 3364; x_wconf 87' lang='lat' dir='ltr'><strong>posset</strong></span> <span class='ocrx_word' id='word_1_747' title='bbox 2424 3311 2438 3359; x_wconf 92' lang='lat'><strong>;</strong></span> <span class='ocrx_word' id='word_1_748' title='bbox 2481 3294 2589 3348; x_wconf 92' lang='lat' dir='ltr'><strong>imo</strong></span> <span class='ocrx_word' id='word_1_749' title='bbox 2626 3308 2757 3349; x_wconf 92' lang='lat' dir='ltr'><strong>vero</strong></span> <span class='ocrx_word' id='word_1_750' title='bbox 2785 3294 2943 3361; x_wconf 90' lang='lat' dir='ltr'><strong>volo,</strong></span> <span class='ocrx_word' id='word_1_751' title='bbox 2972 3294 3017 3349; x_wconf 92' lang='lat' dir='ltr'><strong>si</strong></span> <span class='ocrx_word' id='word_1_752' title='bbox 3045 3294 3160 3350; x_wconf 88' lang='lat' dir='ltr'><strong>fieri</strong></span> <span class='ocrx_word' id='word_1_753' title='bbox 3188 3304 3399 3364; x_wconf 89' lang='lat' dir='ltr'><strong>potest,</strong></span> <span class='ocrx_word' id='word_1_754' title='bbox 3430 3294 3483 3348; x_wconf 92' lang='lat' dir='ltr'><strong>in</strong></span> <span class='ocrx_word' id='word_1_755' title='bbox 3516 3294 3614 3348; x_wconf 91' lang='lat' dir='ltr'><strong>hac</strong></span> <span class='ocrx_word' id='word_1_756' title='bbox 3638 3309 3793 3364; x_wconf 78' lang='lat' dir='ltr'><strong>qua:—</strong></span> 
     </span>
    </p>
   </div>
   <div class='ocr_carea' id='block_1_94' title="bbox 2196 3385 3789 3457">
    <p class='ocr_par' dir='ltr' id='par_1_94' title="bbox 2196 3385 3789 3457">
     <span class='ocr_line' id='line_1_94' title="bbox 2196 3385 3789 3457; baseline 0 -18"><span class='ocrx_word' id='word_1_757' title='bbox 2196 3385 2372 3441; x_wconf 87' lang='lat' dir='ltr'><strong>stione</strong></span> <span class='ocrx_word' id='word_1_758' title='bbox 2416 3386 2643 3442; x_wconf 88' lang='lat' dir='ltr'><strong>veritate</strong></span> <span class='ocrx_word' id='word_1_759' title='bbox 2686 3387 2949 3457; x_wconf 87' lang='lat' dir='ltr'><strong>superari.</strong></span> <span class='ocrx_word' id='word_1_760' title='bbox 2998 3386 3133 3442; x_wconf 90' lang='lat' dir='ltr'><strong>Illud</strong></span> <span class='ocrx_word' id='word_1_761' title='bbox 3177 3387 3319 3442; x_wconf 89' lang='lat' dir='ltr'><strong>enim</strong></span> <span class='ocrx_word' id='word_1_762' title='bbox 3363 3385 3504 3457; x_wconf 93' lang='lat' dir='ltr'><strong>quod</strong></span> <span class='ocrx_word' id='word_1_763' title='bbox 3552 3385 3789 3452; x_wconf 86' lang='lat' dir='ltr'><strong>dicitur,</strong></span> 
     </span>
    </p>
   </div>
   <div class='ocr_carea' id='block_1_95' title="bbox 2197 3477 3796 3550">
    <p class='ocr_par' dir='ltr' id='par_1_95' title="bbox 2197 3477 3796 3550">
     <span class='ocr_line' id='line_1_95' title="bbox 2197 3477 3796 3550; baseline 0.001 -18"><span class='ocrx_word' id='word_1_764' title='bbox 2197 3477 2517 3549; x_wconf 87' lang='lat' dir='ltr'><strong>quandoque</strong></span> <span class='ocrx_word' id='word_1_765' title='bbox 2540 3520 2555 3546; x_wconf 97' lang='lat'><strong>,</strong></span> <span class='ocrx_word' id='word_1_766' title='bbox 2596 3479 2698 3534; x_wconf 87' lang='lat' dir='ltr'><strong>etsi</strong></span> <span class='ocrx_word' id='word_1_767' title='bbox 2743 3487 2864 3549; x_wconf 90' lang='lat' dir='ltr'><strong>post</strong></span> <span class='ocrx_word' id='word_1_768' title='bbox 2894 3480 3179 3550; x_wconf 90' lang='lat' dir='ltr'><strong>plurimum</strong></span> <span class='ocrx_word' id='word_1_769' title='bbox 3208 3479 3463 3550; x_wconf 87' lang='lat' dir='ltr'><strong>temporis</strong></span> <span class='ocrx_word' id='word_1_770' title='bbox 3488 3480 3509 3511; x_wconf 78' lang='grc'>²</span> <span class='ocrx_word' id='word_1_771' title='bbox 3533 3520 3549 3546; x_wconf 90' lang='grc'><strong><em>,</em></strong></span> <span class='ocrx_word' id='word_1_772' title='bbox 3576 3494 3669 3535; x_wconf 90' lang='lat' dir='ltr'><strong>eos</strong></span> <span class='ocrx_word' id='word_1_773' title='bbox 3700 3480 3796 3550; x_wconf 87' lang='lat' dir='ltr'><strong>qui</strong></span> 
     </span>
    </p>
   </div>
   <div class='ocr_carea' id='block_1_96' title="bbox 2199 3567 3797 3641">
    <p class='ocr_par' dir='ltr' id='par_1_96' title="bbox 2199 3567 3797 3641">
     <span class='ocr_line' id='line_1_96' title="bbox 2199 3567 3797 3641; baseline 0.002 -18"><span class='ocrx_word' id='word_1_774' title='bbox 2199 3568 2251 3623; x_wconf 92' lang='lat' dir='ltr'><strong>in</strong></span> <span class='ocrx_word' id='word_1_775' title='bbox 2289 3567 2552 3624; x_wconf 90' lang='lat' dir='ltr'><strong>catholica</strong></span> <span class='ocrx_word' id='word_1_776' title='bbox 2580 3569 2960 3625; x_wconf 88' lang='lat' dir='ltr'><strong>communione</strong></span> <span class='ocrx_word' id='word_1_777' title='bbox 2988 3570 3292 3625; x_wconf 90' lang='lat' dir='ltr'><strong>moriuntur</strong></span> <span class='ocrx_word' id='word_1_778' title='bbox 3312 3610 3329 3638; x_wconf 94' lang='lat'><strong>,</strong></span> <span class='ocrx_word' id='word_1_779' title='bbox 3355 3568 3598 3641; x_wconf 89' lang='lat' dir='ltr'><strong>quamvis</strong></span> <span class='ocrx_word' id='word_1_780' title='bbox 3622 3585 3797 3639; x_wconf 86' lang='lat' dir='ltr'><strong>usque</strong></span> 
     </span>
    </p>
   </div>
   <div class='ocr_carea' id='block_1_97' title="bbox 2197 3660 3797 3733">
    <p class='ocr_par' dir='ltr' id='par_1_97' title="bbox 2197 3660 3797 3733">
     <span class='ocr_line' id='line_1_97' title="bbox 2197 3660 3797 3733; baseline 0.003 -18"><span class='ocrx_word' id='word_1_781' title='bbox 2197 3661 2250 3716; x_wconf 92' lang='lat' dir='ltr'><strong>in</strong></span> <span class='ocrx_word' id='word_1_782' title='bbox 2296 3660 2460 3717; x_wconf 82' lang='lat' dir='ltr'><strong>ﬁnem</strong></span> <span class='ocrx_word' id='word_1_783' title='bbox 2493 3661 2618 3717; x_wconf 73' lang='lat' dir='ltr'><strong>vita:</strong></span> <span class='ocrx_word' id='word_1_784' title='bbox 2656 3660 2814 3732; x_wconf 90' lang='lat' dir='ltr'><strong>hujus</strong></span> <span class='ocrx_word' id='word_1_785' title='bbox 2851 3661 3267 3733; x_wconf 85' lang='lat' dir='ltr'><strong>llagitiosissime</strong></span> <span class='ocrx_word' id='word_1_786' title='bbox 3294 3671 3350 3718; x_wconf 88' lang='lat' dir='ltr'><strong>et</strong></span> <span class='ocrx_word' id='word_1_787' title='bbox 3376 3662 3797 3719; x_wconf 87' lang='lat' dir='ltr'><strong>sceleratissime</strong></span> 
     </span>
    </p>
   </div>
   <div class='ocr_carea' id='block_1_98' title="bbox 2196 3752 3798 3824">
    <p class='ocr_par' dir='ltr' id='par_1_98' title="bbox 2196 3752 3798 3824">
     <span class='ocr_line' id='line_1_98' title="bbox 2196 3752 3798 3824; baseline 0 -15"><span class='ocrx_word' id='word_1_788' title='bbox 2196 3754 2465 3822; x_wconf 75' lang='lat' dir='ltr'><strong>vixerint,</strong></span> <span class='ocrx_word' id='word_1_789' title='bbox 2508 3753 2575 3809; x_wconf 93' lang='lat' dir='ltr'><strong>de</strong></span> <span class='ocrx_word' id='word_1_790' title='bbox 2617 3754 2791 3824; x_wconf 66' lang='lat' dir='ltr'><strong>poenis</strong></span> <span class='ocrx_word' id='word_1_791' title='bbox 2829 3753 3109 3809; x_wconf 90' lang='lat' dir='ltr'><strong>ultricibus</strong></span> <span class='ocrx_word' id='word_1_792' title='bbox 3160 3754 3433 3821; x_wconf 85' lang='lat' dir='ltr'><strong>exituros,</strong></span> <span class='ocrx_word' id='word_1_793' title='bbox 3479 3752 3798 3809; x_wconf 85' lang='lat' dir='ltr'><strong>familiarius</strong></span> 
     </span>
    </p>
   </div>
   <div class='ocr_carea' id='block_1_99' title="bbox 2198 3843 3811 3916">
    <p class='ocr_par' dir='ltr' id='par_1_99' title="bbox 2198 3843 3811 3916">
     <span class='ocr_line' id='line_1_99' title="bbox 2198 3843 3811 3916; baseline 0.001 -16"><span class='ocrx_word' id='word_1_794' title='bbox 2198 3859 2379 3900; x_wconf 90' lang='lat' dir='ltr'><strong>meum</strong></span> <span class='ocrx_word' id='word_1_795' title='bbox 2419 3844 2589 3916; x_wconf 78' lang='lat' dir='ltr'><strong>tangit</strong></span> <span class='ocrx_word' id='word_1_796' title='bbox 2625 3844 2874 3900; x_wconf 78' lang='lat' dir='ltr'><strong>affectum</strong></span> <span class='ocrx_word' id='word_1_797' title='bbox 2894 3886 2909 3911; x_wconf 91' lang='lat'><strong>,</strong></span> <span class='ocrx_word' id='word_1_798' title='bbox 2951 3859 3110 3915; x_wconf 90' lang='lat' dir='ltr'><strong>quem</strong></span> <span class='ocrx_word' id='word_1_799' title='bbox 3141 3843 3401 3900; x_wconf 88' lang='lat' dir='ltr'><strong>habemus</strong></span> <span class='ocrx_word' id='word_1_800' title='bbox 3429 3859 3554 3915; x_wconf 88' lang='lat' dir='ltr'><strong>erga</strong></span> <span class='ocrx_word' id='word_1_801' title='bbox 3580 3859 3674 3899; x_wconf 91' lang='lat' dir='ltr'><strong>eos</strong></span> <span class='ocrx_word' id='word_1_802' title='bbox 3698 3844 3811 3915; x_wconf 56' lang='lat' dir='ltr'><strong>qui,</strong></span> 
     </span>
    </p>
   </div>
   <div class='ocr_carea' id='block_1_100' title="bbox 2199 3934 3807 4007">
    <p class='ocr_par' dir='ltr' id='par_1_100' title="bbox 2199 3934 3807 4007">
     <span class='ocr_line' id='line_1_100' title="bbox 2199 3934 3807 4007; baseline 0 -17"><span class='ocrx_word' id='word_1_803' title='bbox 2199 3934 2476 3990; x_wconf 90' lang='lat' dir='ltr'><strong>nobiscum</strong></span> <span class='ocrx_word' id='word_1_804' title='bbox 2521 3935 2766 4007; x_wconf 90' lang='lat' dir='ltr'><strong>corporis</strong></span> <span class='ocrx_word' id='word_1_805' title='bbox 2807 3943 2862 3990; x_wconf 92' lang='lat' dir='ltr'><strong>et</strong></span> <span class='ocrx_word' id='word_1_806' title='bbox 2904 3934 3176 4006; x_wconf 81' lang='lat' dir='ltr'><strong>sanguinis</strong></span> <span class='ocrx_word' id='word_1_807' title='bbox 3214 3934 3413 3992; x_wconf 89' lang='lat' dir='ltr'><strong>Christi</strong></span> <span class='ocrx_word' id='word_1_808' title='bbox 3449 3935 3807 3991; x_wconf 56' lang='lat' dir='ltr'><strong>Sacramenta.</strong></span> 
     </span>
    </p>
   </div>
   <div class='ocr_carea' id='block_1_101' title="bbox 2198 4025 3799 4096">
    <p class='ocr_par' dir='ltr' id='par_1_101' title="bbox 2198 4025 3799 4096">
     <span class='ocr_line' id='line_1_101' title="bbox 2198 4025 3799 4096; baseline -0.001 -15"><span class='ocrx_word' id='word_1_809' title='bbox 2198 4025 2632 4091; x_wconf 86' lang='lat' dir='ltr'><strong>communicant;</strong></span> <span class='ocrx_word' id='word_1_810' title='bbox 2668 4025 2911 4096; x_wconf 90' lang='lat' dir='ltr'><strong>quamvis</strong></span> <span class='ocrx_word' id='word_1_811' title='bbox 2937 4040 3119 4081; x_wconf 91' lang='lat' dir='ltr'><strong>eorum</strong></span> <span class='ocrx_word' id='word_1_812' title='bbox 3147 4040 3325 4081; x_wconf 90' lang='lat' dir='ltr'><strong>mores</strong></span> <span class='ocrx_word' id='word_1_813' title='bbox 3353 4025 3591 4096; x_wconf 90' lang='lat' dir='ltr'><strong>perditos</strong></span> <span class='ocrx_word' id='word_1_814' title='bbox 3616 4026 3799 4081; x_wconf 81' lang='lat' dir='ltr'><strong>oderi-</strong></span> 
     </span>
    </p>
   </div>
   <div class='ocr_carea' id='block_1_102' title="bbox 2199 4116 3799 4188">
    <p class='ocr_par' dir='ltr' id='par_1_102' title="bbox 2199 4116 3799 4188">
     <span class='ocr_line' id='line_1_102' title="bbox 2199 4116 3799 4188; baseline -0.003 -15"><span class='ocrx_word' id='word_1_815' title='bbox 2199 4134 2319 4174; x_wconf 87' lang='lat' dir='ltr'><strong>mus</strong></span> <span class='ocrx_word' id='word_1_816' title='bbox 2342 4159 2357 4186; x_wconf 93' lang='lat'><strong>,</strong></span> <span class='ocrx_word' id='word_1_817' title='bbox 2387 4132 2522 4188; x_wconf 91' lang='lat' dir='ltr'><strong>quos</strong></span> <span class='ocrx_word' id='word_1_818' title='bbox 2546 4117 2826 4187; x_wconf 86' lang='lat' dir='ltr'><strong>disciplina</strong></span> <span class='ocrx_word' id='word_1_819' title='bbox 2848 4116 3209 4173; x_wconf 89' lang='lat' dir='ltr'><strong>ecclesiastica</strong></span> <span class='ocrx_word' id='word_1_820' title='bbox 3234 4116 3519 4173; x_wconf 90' lang='lat' dir='ltr'><strong>emendare</strong></span> <span class='ocrx_word' id='word_1_821' title='bbox 3543 4133 3647 4171; x_wconf 91' lang='lat' dir='ltr'><strong>non</strong></span> <span class='ocrx_word' id='word_1_822' title='bbox 3674 4132 3799 4186; x_wconf 85' lang='lat' dir='ltr'><strong>pos-</strong></span> 
     </span>
    </p>
   </div>
   <div class='ocr_carea' id='block_1_103' title="bbox 2200 4207 3797 4278">
    <p class='ocr_par' dir='ltr' id='par_1_103' title="bbox 2200 4207 3797 4278">
     <span class='ocr_line' id='line_1_103' title="bbox 2200 4207 3797 4278; baseline -0.001 -15"><span class='ocrx_word' id='word_1_823' title='bbox 2200 4223 2387 4264; x_wconf 91' lang='lat' dir='ltr'><strong>sumus</strong></span> <span class='ocrx_word' id='word_1_824' title='bbox 2410 4250 2423 4275; x_wconf 88' lang='lat'><strong>,</strong></span> <span class='ocrx_word' id='word_1_825' title='bbox 2453 4218 2545 4263; x_wconf 89' lang='lat' dir='ltr'><strong>aut</strong></span> <span class='ocrx_word' id='word_1_826' title='bbox 2563 4224 2592 4263; x_wconf 92' lang='lat' dir='ltr'><strong>a</strong></span> <span class='ocrx_word' id='word_1_827' title='bbox 2613 4222 2799 4265; x_wconf 86' lang='lat' dir='ltr'><strong>mensa</strong></span> <span class='ocrx_word' id='word_1_828' title='bbox 2824 4208 3090 4263; x_wconf 89' lang='lat' dir='ltr'><strong>dominica</strong></span> <span class='ocrx_word' id='word_1_829' title='bbox 3119 4223 3367 4278; x_wconf 90' lang='lat' dir='ltr'><strong>separare</strong></span> <span class='ocrx_word' id='word_1_830' title='bbox 3398 4226 3409 4262; x_wconf 91' lang='lat'>:</span> <span class='ocrx_word' id='word_1_831' title='bbox 3440 4207 3532 4263; x_wconf 90' lang='lat' dir='ltr'><strong>sed</strong></span> <span class='ocrx_word' id='word_1_832' title='bbox 3560 4223 3621 4263; x_wconf 89' lang='lat' dir='ltr'><strong>ea</strong></span> <span class='ocrx_word' id='word_1_833' title='bbox 3649 4208 3797 4263; x_wconf 86' lang='lat' dir='ltr'><strong>veri-</strong></span> 
     </span>
    </p>
   </div>
   <div class='ocr_carea' id='block_1_104' title="bbox 2199 4298 3797 4369">
    <p class='ocr_par' dir='ltr' id='par_1_104' title="bbox 2199 4298 3797 4369">
     <span class='ocr_line' id='line_1_104' title="bbox 2199 4298 3797 4369; baseline -0.001 -16"><span class='ocrx_word' id='word_1_834' title='bbox 2199 4308 2308 4355; x_wconf 88' lang='lat' dir='ltr'><strong>tate</strong></span> <span class='ocrx_word' id='word_1_835' title='bbox 2330 4299 2352 4330; x_wconf 85' lang='grc'><em>³</em></span> <span class='ocrx_word' id='word_1_836' title='bbox 2391 4299 2535 4354; x_wconf 90' lang='lat' dir='ltr'><strong>vinci</strong></span> <span class='ocrx_word' id='word_1_837' title='bbox 2575 4300 2696 4354; x_wconf 93' lang='lat' dir='ltr'><strong>volo</strong></span> <span class='ocrx_word' id='word_1_838' title='bbox 2713 4341 2727 4365; x_wconf 95' lang='lat'><strong>,</strong></span> <span class='ocrx_word' id='word_1_839' title='bbox 2762 4314 2879 4369; x_wconf 74' lang='lat' dir='ltr'><strong>qua.</strong></span> <span class='ocrx_word' id='word_1_840' title='bbox 2900 4299 3065 4353; x_wconf 89' lang='lat' dir='ltr'><strong>sacris</strong></span> <span class='ocrx_word' id='word_1_841' title='bbox 3085 4298 3299 4353; x_wconf 89' lang='lat' dir='ltr'><strong>Litteris</strong></span> <span class='ocrx_word' id='word_1_842' title='bbox 3318 4298 3669 4368; x_wconf 88' lang='lat' dir='ltr'><strong>apertissimis</strong></span> <span class='ocrx_word' id='word_1_843' title='bbox 3690 4313 3797 4352; x_wconf 89' lang='lat' dir='ltr'><strong>non</strong></span> 
     </span>
    </p>
   </div>
   <div class='ocr_carea' id='block_1_105' title="bbox 2200 4390 3815 4461">
    <p class='ocr_par' dir='ltr' id='par_1_105' title="bbox 2200 4390 3815 4461">
     <span class='ocr_line' id='line_1_105' title="bbox 2200 4390 3815 4461; baseline -0.002 -16"><span class='ocrx_word' id='word_1_844' title='bbox 2200 4392 2418 4447; x_wconf 84' lang='lat' dir='ltr'><strong>resistit.</strong></span> <span class='ocrx_word' id='word_1_845' title='bbox 2460 4390 2575 4445; x_wconf 87' lang='lat' dir='ltr'><strong>Non</strong></span> <span class='ocrx_word' id='word_1_846' title='bbox 2619 4392 2760 4446; x_wconf 90' lang='lat' dir='ltr'><strong>enim</strong></span> <span class='ocrx_word' id='word_1_847' title='bbox 2800 4406 2918 4461; x_wconf 65' lang='lat' dir='ltr'><strong>quae</strong></span> <span class='ocrx_word' id='word_1_848' title='bbox 2956 4391 3191 4456; x_wconf 86' lang='lat' dir='ltr'><strong>resistit,</strong></span> <span class='ocrx_word' id='word_1_849' title='bbox 3221 4390 3441 4446; x_wconf 89' lang='lat' dir='ltr'><strong>dicenda</strong></span> <span class='ocrx_word' id='word_1_850' title='bbox 3468 4398 3550 4444; x_wconf 89' lang='lat' dir='ltr'><strong>est</strong></span> <span class='ocrx_word' id='word_1_851' title='bbox 3579 4390 3681 4443; x_wconf 88' lang='lat' dir='ltr'><strong>ulla</strong></span> <span class='ocrx_word' id='word_1_852' title='bbox 3714 4404 3815 4443; x_wconf 78' lang='lat' dir='ltr'><strong>ra-.</strong></span> 
     </span>
    </p>
   </div>
   <div class='ocr_carea' id='block_1_106' title="bbox 2202 4479 3799 4552">
    <p class='ocr_par' dir='ltr' id='par_1_106' title="bbox 2202 4479 3799 4552">
     <span class='ocr_line' id='line_1_106' title="bbox 2202 4479 3799 4552; baseline -0.003 -15"><span class='ocrx_word' id='word_1_853' title='bbox 2202 4484 2348 4537; x_wconf 91' lang='lat' dir='ltr'><strong>tione</strong></span> <span class='ocrx_word' id='word_1_854' title='bbox 2380 4482 2610 4547; x_wconf 88' lang='lat' dir='ltr'><strong>veritas,</strong></span> <span class='ocrx_word' id='word_1_855' title='bbox 2645 4481 2730 4536; x_wconf 90' lang='lat' dir='ltr'><strong>vel</strong></span> <span class='ocrx_word' id='word_1_856' title='bbox 2759 4480 3013 4552; x_wconf 89' lang='lat' dir='ltr'><strong>putanda.</strong></span> <span class='ocrx_word' id='word_1_857' title='bbox 3047 4480 3153 4535; x_wconf 92' lang='lat' dir='ltr'><strong>Sed</strong></span> <span class='ocrx_word' id='word_1_858' title='bbox 3182 4479 3390 4535; x_wconf 90' lang='lat' dir='ltr'><strong>interim</strong></span> <span class='ocrx_word' id='word_1_859' title='bbox 3417 4479 3591 4535; x_wconf 90' lang='lat' dir='ltr'><strong>donec</strong></span> <span class='ocrx_word' id='word_1_860' title='bbox 3615 4479 3799 4533; x_wconf 56' lang='lat' dir='ltr'><strong>audia-</strong></span> 
     </span>
    </p>
   </div>
   <div class='ocr_carea' id='block_1_107' title="bbox 2201 4571 3804 4644">
    <p class='ocr_par' dir='ltr' id='par_1_107' title="bbox 2201 4571 3804 4644">
     <span class='ocr_line' id='line_1_107' title="bbox 2201 4571 3804 4644; baseline -0.001 -17"><span class='ocrx_word' id='word_1_861' title='bbox 2201 4588 2320 4628; x_wconf 91' lang='lat' dir='ltr'><strong>mus</strong></span> <span class='ocrx_word' id='word_1_862' title='bbox 2346 4573 2452 4628; x_wconf 88' lang='lat' dir='ltr'><strong>tale</strong></span> <span class='ocrx_word' id='word_1_863' title='bbox 2478 4573 2681 4644; x_wconf 90' lang='lat' dir='ltr'><strong>aliquid</strong></span> <span class='ocrx_word' id='word_1_864' title='bbox 2711 4582 2800 4627; x_wconf 90' lang='lat' dir='ltr'><strong>aut</strong></span> <span class='ocrx_word' id='word_1_865' title='bbox 2828 4574 3099 4643; x_wconf 81' lang='lat' dir='ltr'><strong>legamus,</strong></span> <span class='ocrx_word' id='word_1_866' title='bbox 3130 4573 3492 4627; x_wconf 84' lang='lat' dir='ltr'><strong>auscultemus</strong></span> <span class='ocrx_word' id='word_1_867' title='bbox 3522 4572 3570 4627; x_wconf 90' lang='lat' dir='ltr'><strong>ei</strong></span> <span class='ocrx_word' id='word_1_868' title='bbox 3601 4572 3691 4642; x_wconf 93' lang='lat' dir='ltr'><strong>qui</strong></span> <span class='ocrx_word' id='word_1_869' title='bbox 3722 4571 3804 4626; x_wconf 91' lang='lat' dir='ltr'><strong>di-</strong></span> 
     </span>
    </p>
   </div>
   <div class='ocr_carea' id='block_1_108' title="bbox 2201 4663 3806 4737">
    <p class='ocr_par' dir='ltr' id='par_1_108' title="bbox 2201 4663 3806 4737">
     <span class='ocr_line' id='line_1_108' title="bbox 2201 4663 3806 4737; baseline -0.002 -17"><span class='ocrx_word' id='word_1_870' title='bbox 2201 4667 2312 4731; x_wconf 88' lang='lat' dir='ltr'><strong>cit,</strong></span> <span class='ocrx_word' id='word_1_871' title='bbox 2358 4663 2535 4719; x_wconf 87' lang='lat' dir='ltr'><strong>Nolite</strong></span> <span class='ocrx_word' id='word_1_872' title='bbox 2576 4682 2791 4731; x_wconf 87' lang='lat' dir='ltr'><strong>errare;</strong></span> <span class='ocrx_word' id='word_1_873' title='bbox 2834 4682 2992 4735; x_wconf 86' lang='lat' dir='ltr'><strong>neque</strong></span> <span class='ocrx_word' id='word_1_874' title='bbox 3032 4666 3397 4737; x_wconf 80' lang='lat' dir='ltr'><strong>fornicatores,</strong></span> <span class='ocrx_word' id='word_1_875' title='bbox 3447 4680 3605 4734; x_wconf 83' lang='lat' dir='ltr'><strong>neque</strong></span> <span class='ocrx_word' id='word_1_876' title='bbox 3650 4663 3806 4717; x_wconf 82' lang='lat' dir='ltr'><strong>idolis</strong></span> 
     </span>
    </p>
   </div>
   <div class='ocr_carea' id='block_1_109' title="bbox 2201 4754 3817 4827">
    <p class='ocr_par' dir='ltr' id='par_1_109' title="bbox 2201 4754 3817 4827">
     <span class='ocr_line' id='line_1_109' title="bbox 2201 4754 3817 4827; baseline -0.004 -17"><span class='ocrx_word' id='word_1_877' title='bbox 2201 4755 2501 4821; x_wconf 79' lang='lat' dir='ltr'><strong>servientes,</strong></span> <span class='ocrx_word' id='word_1_878' title='bbox 2547 4764 2679 4823; x_wconf 89' lang='lat' dir='ltr'><strong>etc.,</strong></span> <span class='ocrx_word' id='word_1_879' title='bbox 2699 4772 2911 4827; x_wconf 87' lang='lat' dir='ltr'><strong>regnum</strong></span> <span class='ocrx_word' id='word_1_880' title='bbox 2940 4754 3033 4809; x_wconf 88' lang='lat' dir='ltr'><strong>Dei</strong></span> <span class='ocrx_word' id='word_1_881' title='bbox 3062 4755 3405 4826; x_wconf 83' lang='lat' dir='ltr'><strong>possidebunt.</strong></span> <span class='ocrx_word' id='word_1_882' title='bbox 3438 4754 3568 4821; x_wconf 86' lang='lat' dir='ltr'><strong>Quia</strong></span> <span class='ocrx_word' id='word_1_883' title='bbox 3599 4755 3643 4808; x_wconf 92' lang='lat' dir='ltr'><strong>si</strong></span> <span class='ocrx_word' id='word_1_884' title='bbox 3676 4754 3817 4809; x_wconf 63' lang='lat' dir='ltr'><strong>talia,</strong></span> 
     </span>
    </p>
   </div>
   <div class='ocr_carea' id='block_1_110' title="bbox 2201 4848 3804 4918">
    <p class='ocr_par' dir='ltr' id='par_1_110' title="bbox 2201 4848 3804 4918">
     <span class='ocr_line' id='line_1_110' title="bbox 2201 4848 3804 4918; baseline -0.002 -15"><span class='ocrx_word' id='word_1_885' title='bbox 2201 4856 2356 4914; x_wconf 90' lang='lat' dir='ltr'><strong>sunt,</strong></span> <span class='ocrx_word' id='word_1_886' title='bbox 2389 4863 2509 4918; x_wconf 68' lang='lat' dir='ltr'><strong>qua:</strong></span> <span class='ocrx_word' id='word_1_887' title='bbox 2532 4858 2718 4903; x_wconf 85' lang='lat' dir='ltr'><strong>contra</strong></span> <span class='ocrx_word' id='word_1_888' title='bbox 2746 4848 2997 4904; x_wconf 89' lang='lat' dir='ltr'><strong>dicuntur</strong></span> <span class='ocrx_word' id='word_1_889' title='bbox 3015 4890 3028 4914; x_wconf 95' lang='lat'><strong>,</strong></span> <span class='ocrx_word' id='word_1_890' title='bbox 3057 4856 3114 4901; x_wconf 87' lang='lat' dir='ltr'><strong>ut</strong></span> <span class='ocrx_word' id='word_1_891' title='bbox 3138 4848 3327 4903; x_wconf 88' lang='lat' dir='ltr'><strong>horum</strong></span> <span class='ocrx_word' id='word_1_892' title='bbox 3354 4848 3637 4903; x_wconf 87' lang='lat' dir='ltr'><strong>verborum</strong></span> <span class='ocrx_word' id='word_1_893' title='bbox 3667 4863 3804 4918; x_wconf 90' lang='lat' dir='ltr'><strong>apo-</strong></span> 
     </span>
    </p>
   </div>
   <div class='ocr_carea' id='block_1_111' title="bbox 2202 4938 3805 4995">
    <p class='ocr_par' dir='ltr' id='par_1_111' title="bbox 2202 4938 3805 4995">
     <span class='ocr_line' id='line_1_111' title="bbox 2202 4938 3805 4995; baseline 0 -1"><span class='ocrx_word' id='word_1_894' title='bbox 2202 4939 2516 4994; x_wconf 90' lang='lat' dir='ltr'><strong>stolicorum</strong></span> <span class='ocrx_word' id='word_1_895' title='bbox 2562 4938 3043 4995; x_wconf 89' lang='lat' dir='ltr'><strong>manifestationem</strong></span> <span class='ocrx_word' id='word_1_896' title='bbox 3095 4941 3149 4994; x_wconf 91' lang='lat' dir='ltr'><strong>in</strong></span> <span class='ocrx_word' id='word_1_897' title='bbox 3192 4940 3325 4995; x_wconf 90' lang='lat' dir='ltr'><strong>alios</strong></span> <span class='ocrx_word' id='word_1_898' title='bbox 3368 4954 3560 4994; x_wconf 91' lang='lat' dir='ltr'><strong>sensus</strong></span> <span class='ocrx_word' id='word_1_899' title='bbox 3602 4939 3805 4995; x_wconf 88' lang='lat' dir='ltr'><strong>ducere</strong></span> 
     </span>
    </p>
   </div>
   <div class='ocr_carea' id='block_1_112' title="bbox 2202 5030 3805 5103">
    <p class='ocr_par' dir='ltr' id='par_1_112' title="bbox 2202 5030 3805 5103">
     <span class='ocr_line' id='line_1_112' title="bbox 2202 5030 3805 5103; baseline 0.001 -16"><span class='ocrx_word' id='word_1_900' title='bbox 2202 5040 2502 5102; x_wconf 89' lang='lat' dir='ltr'><strong>nequeant,</strong></span> <span class='ocrx_word' id='word_1_901' title='bbox 2536 5030 2776 5103; x_wconf 88' lang='lat' dir='ltr'><strong>profecto</strong></span> <span class='ocrx_word' id='word_1_902' title='bbox 2800 5032 3059 5087; x_wconf 86' lang='lat' dir='ltr'><strong>adversus</strong></span> <span class='ocrx_word' id='word_1_903' title='bbox 3090 5047 3151 5086; x_wconf 88' lang='lat' dir='ltr'><strong>ea</strong></span> <span class='ocrx_word' id='word_1_904' title='bbox 3184 5047 3283 5086; x_wconf 91' lang='lat' dir='ltr'><strong>nos</strong></span> <span class='ocrx_word' id='word_1_905' title='bbox 3308 5031 3590 5098; x_wconf 84' lang='lat' dir='ltr'><strong>instruxit,</strong></span> <span class='ocrx_word' id='word_1_906' title='bbox 3624 5040 3678 5086; x_wconf 89' lang='lat' dir='ltr'><strong>et</strong></span> <span class='ocrx_word' id='word_1_907' title='bbox 3708 5048 3805 5102; x_wconf 84' lang='lat' dir='ltr'><strong>pa-</strong></span> 
     </span>
    </p>
   </div>
   <div class='ocr_carea' id='block_1_113' title="bbox 2209 5122 3806 5194">
    <p class='ocr_par' dir='ltr' id='par_1_113' title="bbox 2209 5122 3806 5194">
     <span class='ocr_line' id='line_1_113' title="bbox 2209 5122 3806 5194; baseline -0.001 -15"><span class='ocrx_word' id='word_1_908' title='bbox 2209 5133 2357 5179; x_wconf 88' lang='lat' dir='ltr'><strong>ratos</strong></span> <span class='ocrx_word' id='word_1_909' title='bbox 2401 5137 2521 5178; x_wconf 90' lang='lat' dir='ltr'><strong>esse</strong></span> <span class='ocrx_word' id='word_1_910' title='bbox 2558 5124 2726 5179; x_wconf 91' lang='lat' dir='ltr'><strong>voluit</strong></span> <span class='ocrx_word' id='word_1_911' title='bbox 2765 5124 2904 5179; x_wconf 91' lang='lat' dir='ltr'><strong>idem</strong></span> <span class='ocrx_word' id='word_1_912' title='bbox 2931 5125 3203 5194; x_wconf 90' lang='lat' dir='ltr'><strong>apostolus</strong></span> <span class='ocrx_word' id='word_1_913' title='bbox 3229 5124 3414 5179; x_wconf 89' lang='lat' dir='ltr'><strong>dicens</strong></span> <span class='ocrx_word' id='word_1_914' title='bbox 3447 5141 3460 5178; x_wconf 92' lang='lat'><strong>:</strong></span> <span class='ocrx_word' id='word_1_915' title='bbox 3492 5122 3607 5177; x_wconf 85' lang='lat' dir='ltr'><strong>Hoc</strong></span> <span class='ocrx_word' id='word_1_916' title='bbox 3636 5131 3806 5177; x_wconf 80' lang='lat' dir='ltr'><strong>autem</strong></span> 
     </span>
    </p>
   </div>
   <div class='ocr_carea' id='block_1_114' title="bbox 2203 5216 3807 5289">
    <p class='ocr_par' dir='ltr' id='par_1_114' title="bbox 2203 5216 3807 5289">
     <span class='ocr_line' id='line_1_114' title="bbox 2203 5216 3807 5289; baseline 0.001 -18"><span class='ocrx_word' id='word_1_917' title='bbox 2203 5218 2380 5271; x_wconf 85' lang='lat' dir='ltr'><strong>scitote</strong></span> <span class='ocrx_word' id='word_1_918' title='bbox 2420 5216 2758 5287; x_wconf 89' lang='lat' dir='ltr'><strong>intelligentes</strong></span> <span class='ocrx_word' id='word_1_919' title='bbox 2790 5258 2807 5285; x_wconf 86' lang='lat'><strong>,</strong></span> <span class='ocrx_word' id='word_1_920' title='bbox 2852 5218 3093 5288; x_wconf 89' lang='lat' dir='ltr'><strong>quoniam</strong></span> <span class='ocrx_word' id='word_1_921' title='bbox 3137 5219 3301 5272; x_wconf 89' lang='lat' dir='ltr'><strong>omnis</strong></span> <span class='ocrx_word' id='word_1_922' title='bbox 3341 5219 3622 5289; x_wconf 81' lang='lat' dir='ltr'><strong>fornicator</strong></span> <span class='ocrx_word' id='word_1_923' title='bbox 3650 5261 3664 5287; x_wconf 91' lang='lat'><strong>,</strong></span> <span class='ocrx_word' id='word_1_924' title='bbox 3718 5231 3807 5283; x_wconf 84' lang='lat' dir='ltr'><strong>aut</strong></span> 
     </span>
    </p>
   </div>
   <div class='ocr_carea' id='block_1_115' title="bbox 2204 5306 3807 5380">
    <p class='ocr_par' dir='ltr' id='par_1_115' title="bbox 2204 5306 3807 5380">
     <span class='ocr_line' id='line_1_115' title="bbox 2204 5306 3807 5380; baseline 0.002 -19"><span class='ocrx_word' id='word_1_925' title='bbox 2204 5306 2496 5362; x_wconf 88' lang='lat' dir='ltr'><strong>immundus</strong></span> <span class='ocrx_word' id='word_1_926' title='bbox 2517 5348 2531 5372; x_wconf 90' lang='lat'><strong>,</strong></span> <span class='ocrx_word' id='word_1_927' title='bbox 2562 5317 2654 5362; x_wconf 91' lang='lat' dir='ltr'><strong>aut</strong></span> <span class='ocrx_word' id='word_1_928' title='bbox 2679 5324 2892 5377; x_wconf 88' lang='lat' dir='ltr'><strong>avarus,</strong></span> <span class='ocrx_word' id='word_1_929' title='bbox 2918 5309 3052 5380; x_wconf 89' lang='lat' dir='ltr'><strong>quod</strong></span> <span class='ocrx_word' id='word_1_930' title='bbox 3072 5319 3144 5363; x_wconf 87' lang='lat' dir='ltr'><strong>est</strong></span> <span class='ocrx_word' id='word_1_931' title='bbox 3172 5309 3424 5363; x_wconf 88' lang='lat' dir='ltr'><strong>idolorum</strong></span> <span class='ocrx_word' id='word_1_932' title='bbox 3445 5310 3678 5375; x_wconf 81' lang='lat' dir='ltr'><strong>servitus,</strong></span> <span class='ocrx_word' id='word_1_933' title='bbox 3705 5328 3807 5365; x_wconf 85' lang='lat' dir='ltr'><strong>non</strong></span> 
     </span>
    </p>
   </div>
   <div class='ocr_carea' id='block_1_116' title="bbox 2207 5398 3811 5470">
    <p class='ocr_par' dir='ltr' id='par_1_116' title="bbox 2207 5398 3811 5470">
     <span class='ocr_line' id='line_1_116' title="bbox 2207 5398 3811 5470; baseline 0.002 -18"><span class='ocrx_word' id='word_1_934' title='bbox 2207 5401 2353 5453; x_wconf 83' lang='lat' dir='ltr'><strong>habet</strong></span> <span class='ocrx_word' id='word_1_935' title='bbox 2378 5398 2719 5452; x_wconf 77' lang='lat' dir='ltr'><strong>Izwreditatem</strong></span> <span class='ocrx_word' id='word_1_936' title='bbox 2744 5400 2797 5453; x_wconf 92' lang='lat' dir='ltr'><strong>in</strong></span> <span class='ocrx_word' id='word_1_937' title='bbox 2821 5415 2974 5470; x_wconf 87' lang='lat' dir='ltr'><strong>regno</strong></span> <span class='ocrx_word' id='word_1_938' title='bbox 2997 5399 3183 5454; x_wconf 82' lang='lat' dir='ltr'><strong>Christi</strong></span> <span class='ocrx_word' id='word_1_939' title='bbox 3208 5410 3252 5453; x_wconf 89' lang='lat' dir='ltr'><strong>et</strong></span> <span class='ocrx_word' id='word_1_940' title='bbox 3281 5398 3376 5453; x_wconf 89' lang='lat' dir='ltr'><strong>Dei</strong></span> <span class='ocrx_word' id='word_1_941' title='bbox 3398 5442 3414 5465; x_wconf 91' lang='lat'><strong>,</strong></span> <span class='ocrx_word' id='word_1_942' title='bbox 3445 5416 3591 5453; x_wconf 85' lang='lat' dir='ltr'><strong>neruo</strong></span> <span class='ocrx_word' id='word_1_943' title='bbox 3617 5416 3704 5454; x_wconf 80' lang='lat' dir='ltr'><strong>vos</strong></span> <span class='ocrx_word' id='word_1_944' title='bbox 3732 5419 3811 5456; x_wconf 83' lang='lat' dir='ltr'><strong>se-</strong></span> 
     </span>
    </p>
   </div>
   <div class='ocr_carea' id='block_1_117' title="bbox 2207 5491 3811 5564">
    <p class='ocr_par' dir='ltr' id='par_1_117' title="bbox 2207 5491 3811 5564">
     <span class='ocr_line' id='line_1_117' title="bbox 2207 5491 3811 5564; baseline 0.002 -20"><span class='ocrx_word' id='word_1_945' title='bbox 2207 5492 2356 5544; x_wconf 89' lang='lat' dir='ltr'><strong>ducat</strong></span> <span class='ocrx_word' id='word_1_946' title='bbox 2390 5492 2621 5545; x_wconf 85' lang='lat' dir='ltr'><strong>inanibus</strong></span> <span class='ocrx_word' id='word_1_947' title='bbox 2655 5492 2813 5545; x_wconf 85' lang='lat' dir='ltr'><strong>verbis</strong></span> <span class='ocrx_word' id='word_1_948' title='bbox 2841 5491 3056 5564; x_wconf 80' lang='lat' dir='ltr'><strong>(Ep/tes.</strong></span> <span class='ocrx_word' id='word_1_949' title='bbox 3085 5508 3147 5559; x_wconf 86' lang='lat' dir='ltr'><strong>v,</strong></span> <span class='ocrx_word' id='word_1_950' title='bbox 3175 5492 3209 5547; x_wconf 81' lang='grc'>5</span> <span class='ocrx_word' id='word_1_951' title='bbox 3230 5534 3244 5558; x_wconf 87' lang='grc'><em>,</em></span> <span class='ocrx_word' id='word_1_952' title='bbox 3277 5491 3357 5563; x_wconf 88' lang='grc'><strong>6).</strong></span> <span class='ocrx_word' id='word_1_953' title='bbox 3390 5491 3523 5548; x_wconf 85' lang='lat' dir='ltr'><strong>Cum</strong></span> <span class='ocrx_word' id='word_1_954' title='bbox 3553 5508 3682 5564; x_wconf 83' lang='lat' dir='ltr'><strong>ergo</strong></span> <span class='ocrx_word' id='word_1_955' title='bbox 3714 5510 3811 5547; x_wconf 87' lang='lat' dir='ltr'><strong>au-</strong></span> 
     </span>
    </p>
   </div>
   <div class='ocr_carea' id='block_1_118' title="bbox 2208 5582 3809 5653">
    <p class='ocr_par' dir='ltr' id='par_1_118' title="bbox 2208 5582 3809 5653">
     <span class='ocr_line' id='line_1_118' title="bbox 2208 5582 3809 5653; baseline 0.002 -16"><span class='ocrx_word' id='word_1_956' title='bbox 2208 5582 2464 5637; x_wconf 89' lang='lat' dir='ltr'><strong>dierimus</strong></span> <span class='ocrx_word' id='word_1_957' title='bbox 2486 5582 2740 5652; x_wconf 91' lang='lat' dir='ltr'><strong>quosdam</strong></span> <span class='ocrx_word' id='word_1_958' title='bbox 2772 5582 3144 5652; x_wconf 86' lang='lat' dir='ltr'><strong>fornicatores,</strong></span> <span class='ocrx_word' id='word_1_959' title='bbox 3170 5594 3223 5640; x_wconf 90' lang='lat' dir='ltr'><strong>et</strong></span> <span class='ocrx_word' id='word_1_960' title='bbox 3251 5584 3576 5653; x_wconf 85' lang='lat' dir='ltr'><strong>immundos,</strong></span> <span class='ocrx_word' id='word_1_961' title='bbox 3605 5594 3657 5640; x_wconf 89' lang='lat' dir='ltr'><strong>et</strong></span> <span class='ocrx_word' id='word_1_962' title='bbox 3678 5601 3809 5641; x_wconf 83' lang='lat' dir='ltr'><strong>ava-</strong></span> 
     </span>
    </p>
   </div>
   <div class='ocr_carea' id='block_1_119' title="bbox 2211 5716 3810 5829">
    <p class='ocr_par' dir='ltr' id='par_1_119' title="bbox 2211 5716 3810 5829">
     <span class='ocr_line' id='line_1_119' title="bbox 2211 5716 3810 5829; baseline 0.004 -63"><span class='ocrx_word' id='word_1_963' title='bbox 2211 5716 2389 5829; x_wconf 48' lang='grc' dir='ltr'><strong>Γήῖῃῗέο</strong></span> <span class='ocrx_word' id='word_1_964' title='bbox 2424 5716 2653 5767; x_wconf 86' lang='lat' dir='ltr'><strong>meliores</strong></span> <span class='ocrx_word' id='word_1_965' title='bbox 2692 5724 2798 5770; x_wconf 76' lang='lat' dir='ltr'><strong>Mss.</strong></span> <span class='ocrx_word' id='word_1_966' title='bbox 2825 5724 2881 5768; x_wconf 82' lang='lat' dir='ltr'><strong>At</strong></span> <span class='ocrx_word' id='word_1_967' title='bbox 2920 5718 3056 5780; x_wconf 87' lang='lat' dir='ltr'><strong>editi;</strong></span> <span class='ocrx_word' id='word_1_968' title='bbox 3102 5716 3307 5770; x_wconf 82' lang='lat' dir='ltr'><strong>similent</strong></span> <span class='ocrx_word' id='word_1_969' title='bbox 3347 5732 3413 5772; x_wconf 79' lang='lat' dir='ltr'><strong>ea:</strong></span> <span class='ocrx_word' id='word_1_970' title='bbox 3456 5720 3703 5785; x_wconf 79' lang='lat' dir='ltr'><strong>Evangelii</strong></span> <span class='ocrx_word' id='word_1_971' title='bbox 3740 5724 3810 5774; x_wconf 87' lang='lat' dir='ltr'><strong>lc-</strong></span> 
     </span>
    </p>
   </div>
   <div class='ocr_carea' id='block_1_120' title="bbox 2274 5838 3635 5905">
    <p class='ocr_par' dir='ltr' id='par_1_120' title="bbox 2274 5838 3635 5905">
     <span class='ocr_line' id='line_1_120' title="bbox 2274 5838 3635 5905; baseline 0.006 -18"><span class='ocrx_word' id='word_1_972' title='bbox 2274 5841 2294 5905; x_wconf 66' lang='grc' dir='ltr'><strong>ξ</strong></span> <span class='ocrx_word' id='word_1_973' title='bbox 2318 5841 2454 5899; x_wconf 75' lang='lat' dir='ltr'><strong>Edili,</strong></span> <span class='ocrx_word' id='word_1_974' title='bbox 2481 5847 2525 5890; x_wconf 91' lang='lat' dir='ltr'><strong>et</strong></span> <span class='ocrx_word' id='word_1_975' title='bbox 2549 5838 2591 5891; x_wconf 87' lang='lat' dir='ltr'><strong>si</strong></span> <span class='ocrx_word' id='word_1_976' title='bbox 2614 5839 2809 5905; x_wconf 86' lang='lat' dir='ltr'><strong>plurimi</strong></span> <span class='ocrx_word' id='word_1_977' title='bbox 2833 5841 3074 5905; x_wconf 86' lang='lat' dir='ltr'><strong>temporis.</strong></span> <span class='ocrx_word' id='word_1_978' title='bbox 3100 5842 3419 5895; x_wconf 82' lang='lat' dir='ltr'><strong>Emendantur</strong></span> <span class='ocrx_word' id='word_1_979' title='bbox 3444 5858 3509 5895; x_wconf 83' lang='lat' dir='ltr'><strong>ex</strong></span> <span class='ocrx_word' id='word_1_980' title='bbox 3527 5852 3635 5895; x_wconf 75' lang='lat' dir='ltr'><strong>Mss.</strong></span> 
     </span>
    </p>
   </div>
   <div class='ocr_carea' id='block_1_121' title="bbox 2277 5902 3803 5974">
    <p class='ocr_par' dir='ltr' id='par_1_121' title="bbox 2277 5902 3803 5974">
     <span class='ocr_line' id='line_1_121' title="bbox 2277 5902 3803 5974; baseline 0.006 -23"><span class='ocrx_word' id='word_1_981' title='bbox 2277 5902 2297 5932; x_wconf 84' lang='grc'>³</span> <span class='ocrx_word' id='word_1_982' title='bbox 2318 5905 2389 5974; x_wconf 76' lang='lat' dir='ltr'><strong>sic</strong></span> <span class='ocrx_word' id='word_1_983' title='bbox 2426 5911 2529 5974; x_wconf 58' lang='lat' dir='ltr'><strong>Mss.</strong></span> <span class='ocrx_word' id='word_1_984' title='bbox 2578 5902 2697 5974; x_wconf 77' lang='lat' dir='ltr'><strong>E_:di_ti_</strong></span> <span class='ocrx_word' id='word_1_985' title='bbox 2718 5902 2974 5974; x_wconf 63' lang='lat' dir='ltr'><strong>_autem,&#39;a</strong></span> <span class='ocrx_word' id='word_1_986' title='bbox 3006 5905 3199 5974; x_wconf 74' lang='lat' dir='ltr'><strong>ueritate</strong></span> <span class='ocrx_word' id='word_1_987' title='bbox 3230 5906 3356 5964; x_wconf 74' lang='lat' dir='ltr'><strong>vinci</strong></span> <span class='ocrx_word' id='word_1_988' title='bbox 3384 5920 3401 5957; x_wconf 84' lang='lat'><strong>.&#39;</strong></span> <span class='ocrx_word' id='word_1_989' title='bbox 3427 5918 3478 5960; x_wconf 89' lang='lat' dir='ltr'><strong>et</strong></span> <span class='ocrx_word' id='word_1_990' title='bbox 3518 5909 3643 5965; x_wconf 57' lang='lat' dir='ltr'><strong>intra</strong></span> <span class='ocrx_word' id='word_1_991' title='bbox 3681 5907 3803 5972; x_wconf 68' lang='lat' dir='ltr'><strong>loco.</strong></span> 
     </span>
    </p>
   </div>
   <div class='ocr_carea' id='block_1_122' title="bbox 2216 5966 3193 6033">
    <p class='ocr_par' dir='ltr' id='par_1_122' title="bbox 2216 5966 3193 6033">
     <span class='ocr_line' id='line_1_122' title="bbox 2216 5966 3193 6033; baseline 0.005 -20"><span class='ocrx_word' id='word_1_992' title='bbox 2216 5966 2527 6029; x_wconf 74' lang='lat' dir='ltr'><strong>apertissimis</strong></span> <span class='ocrx_word' id='word_1_993' title='bbox 2544 6006 2559 6031; x_wconf 81' lang='lat'><strong>,</strong></span> <span class='ocrx_word' id='word_1_994' title='bbox 2586 5966 2848 6031; x_wconf 82' lang='lat' dir='ltr'><strong>habebant,</strong></span> <span class='ocrx_word' id='word_1_995' title='bbox 2876 5967 3193 6033; x_wconf 82' lang='lat' dir='ltr'><strong>apertissime.</strong></span> 
     </span>
    </p>
   </div>
  </div>
