4136 6524
317 442 422 497 457·

312 572 403 612 ros
433 568 531 627 per
557 552 736 627 ignem
759 550 984 617 salvari,
1012 556 1072 604 ut
1096 546 1326 603 habeant
1353 541 1719 600 hmreditatem
1741 541 1801 595 in
1814 555 1903 596 re-

309 664 418 721 gno
459 647 659 704 Christi
698 656 754 702 et
775 646 901 711 Dei,
924 658 1033 699 non
1058 638 1506 698 obsurdescamus
1529 642 1717 690 contra
1744 634 1905 688 istum

308 739 692 795 reclamantem
730 744 784 792 et
816 734 1082 790 dicentem
1102 772 1117 797 ,
1151 730 1327 784 Omnis
1353 727 1632 798 fornicator
1651 766 1667 791 ,
1697 734 1782 779 aut
1803 723 1905 777 im-

307 829 550 895 mundus,
572 840 663 882 aut
677 843 861 881 avarus
879 841 982 879 non
1001 823 1147 877 habet
1162 820 1505 876 hereditatem
1519 818 1574 871 in
1588 832 1742 887 regno
1758 814 1908 869 Chri-

304 927 375 980 sli
400 935 445 981 et
462 923 555 978 Dei
577 937 598 987 ;
617 930 674 978 et
692 936 763 977 ne
783 919 1187 990 acquiescamus
1202 915 1309 970 illis
1327 912 1506 969 verbis
1526 912 1544 943 ¹
1565 919 1751 966 contra
1770 923 1904 964 con-

303 1017 461 1072 tinuo
484 1013 879 1084 subjicieutem,
916 1008 1081 1063 Nemo
1099 1024 1186 1062 vos
1208 1004 1413 1060 seducat
1434 1002 1668 1058 inanibus
1695 1000 1877 1055 verbis.

306 1108 523 1177 Qussr.
566 1106 629 1162 ll.
667 1134 742 1145 —
779 1105 859 1158 An
883 1101 1094 1156 mortuis
1125 1098 1282 1169 prosit
1316 1096 1502 1151 oblatio
1522 1137 1539 1163 ,
1569 1108 1686 1166 qua
1712 1094 1772 1163 ﬁt
1808 1108 1903 1164 pro

382 1201 527 1271 ipsis.
561 1198 861 1252 Animarum
897 1202 1014 1248 ante
1037 1191 1448 1247 resurrectionem
1490 1186 1826 1259 receptacula.

383 1297 443 1351 1.
490 1291 734 1350 Secunda
796 1298 885 1344 tua
937 1287 1163 1358 quaestio
1212 1293 1326 1350 est,
1374 1301 1394 1336 ι
1441 1280 1631 1339 Utrum
1699 1278 1900 1335 oblatio

303 1404 430 1461 qua:
471 1386 529 1441 ﬁt
590 1399 691 1456 pro
757 1380 1155 1454 quiescentibus
1178 1418 1196 1445 ,
1252 1375 1452 1447 aliquid
1515 1388 1704 1431 eorum
1764 1387 1897 1427 con-

302 1479 444 1534 ferat
483 1475 791 1541 animabus;
824 1488 947 1528 cum
977 1470 1253 1527 evidenter
1289 1466 1488 1523 nostris
1516 1473 1608 1520 aut
1649 1463 1898 1520 subleve-

300 1586 430 1626 mur
470 1568 713 1635 actibus,
758 1572 852 1621 aut
894 1577 1177 1636 gravemur
1219 1578 1235 1613 :
1275 1560 1321 1615 si
1361 1557 1577 1629 quidem
1612 1557 1894 1628 legamus,

298 1660 444 1733 quod
489 1662 541 1715 in
572 1658 785 1715 inferno
831 1669 993 1712 nemo
1025 1653 1139 1725 jam
1173 1653 1344 1723 possit
1368 1648 1599 1704 Domino
1626 1646 1891 1703 conﬁteri.

294 1754 386 1811 Ad
410 1753 555 1824 quod
582 1751 733 1807 multi
761 1749 946 1804 dicunt
976 1744 1124 1818 quod
1145 1745 1191 1800 si
1218 1742 1416 1812 aliquis
1439 1738 1683 1796 beneﬁcii
1709 1738 1767 1794 in
1791 1737 1892 1794 hoc

294 1847 494 1903 locus’
534 1844 704 1917 possit
736 1858 860 1898 esse
894 1849 1016 1912 post
1042 1847 1271 1895 mortem
1291 1878 1308 1904 ,
1349 1842 1551 1906 quanto
1588 1831 1758 1903 magis
1792 1831 1895 1887 sibi

292 1940 477 1995 anima
507 1938 673 1995 ferret
702 1936 815 2007 ipsa
846 1931 1212 2005 refrigerium,
1244 1944 1340 1985 sua
1369 1943 1467 2000 per
1493 1940 1555 1982 se
1584 1925 1693 1980 illic
1720 1923 1892 1980 conﬁ-

293 2030 463 2087 tendo
500 2037 755 2101 peccata,
784 2042 943 2099 quam
986 2025 1045 2080 in
1086 2026 1288 2080 eorum'
1316 2019 1649 2092 refrigerium
1678 2016 1751 2072 ab
1775 2015 1891 2071 aliis

292 2122 498 2179 oblatio
526 2128 841 2192 procuratur
860 2119 886 2173 Υ
919 2137 942 2171 ι

365 2213 423 2267 2.
456 2212 573 2268 Dixi
606 2211 809 2284 aliquid
845 2210 915 2266 de
939 2208 1037 2264 hac
1073 2223 1137 2264 re
1173 2207 1229 2263 in
1262 2220 1331 2263 eo
1362 2203 1503 2261 libro
1530 2217 1688 2275 quem
1718 2215 1903 2272 nuper

292 2307 365 2363 ad
393 2316 639 2363 sanctum
677 2304 961 2359 Paulinum
998 2302 1265 2357 Nolanum
1304 2298 1615 2369 episcopum
1655 2293 1889 2364 scripsi,

292 2414 418 2455 cum
447 2413 531 2453 me
551 2396 910 2452 consuluisset
936 2401 1116 2449 utrum
1145 2389 1415 2462 sepultura
1442 2402 1563 2459 qua:
1590 2385 1651 2441 ﬁt
1685 2386 1739 2441 in
1770 2398 1888 2439 me-

290 2490 481 2546 moriis
508 2498 844 2561 martyrum,
872 2487 1046 2558 prosit
1082 2481 1284 2555 aliquid
1325 2479 1601 2553 spiritibus
1647 2485 1889 2533 mortuo-

289 2602 437 2643 rum.
466 2586 593 2642 lnde
617 2596 699 2641 est
736 2585 875 2650 hoc,
916 2581 1057 2654 quod
1090 2580 1177 2636 his
1218 2579 1286 2635 ad
1329 2586 1382 2634 te
1422 2576 1615 2631 litteris
1653 2574 1837 2629 insero
1868 2588 1885 2626 :

297 2699 323 2733 ι
359 2680 482 2747 Diu,
510 2680 748 2751 inquam,
776 2675 1058 2733 Sanctitati
1081 2682 1207 2740 tute,
1237 2669 1556 2741 coepiscope
1582 2662 1889 2722 venerande

289 2774 519 2831 Pauline
536 2813 551 2838 ,
578 2770 962 2842 rescriptorum
986 2765 1196 2823 debitor
1218 2762 1293 2819 fui
1310 2805 1326 2830 ,
1357 2777 1424 2818 ex
1457 2773 1565 2831 quo
1592 2756 1723 2814 mihi
1752 2755 1888 2812 scri-

290 2865 450 2937 psisti
478 2879 571 2934 per
596 2862 844 2918 homines
865 2860 987 2915 tiliae
1012 2866 1212 2914 nostra:
1239 2851 1657 2925 religiosissimus
1684 2848 1883 2916 Florae,

288 2973 541 3031 quaerens
578 2971 611 3011 a
652 2972 741 3012 me
782 2962 962 3011 utrum
1003 2951 1176 3025 prosit
1225 2948 1417 3019 cuique
1458 2954 1580 3017 post
1616 2950 1881 3008 mortem,

289 3050 436 3122 quod
461 3064 656 3120 corpus
682 3048 802 3119 ejus
834 3044 976 3117 apud
1008 3042 1180 3101 sancti
1204 3039 1428 3110 alicujus
1454 3036 1771 3093 memoriam
1797 3046 1888 3089 se-

288 3143 506 3213 pelitur.
556 3141 671 3196 Hoc
697 3140 839 3195 enim
870 3138 966 3193 abs
1007 3126 1061 3191 te
1099 3133 1259 3190 vidua
1296 3138 1593 3188 memorata
1620 3128 1884 3199 petierat,

286 3248 391 3304 pro
416 3230 668 3288 defuncto
696 3230 749 3284 in
780 3229 860 3284 eis
884 3226 1127 3298 partibus
1154 3224 1264 3279 ﬁlio
1289 3237 1387 3279 suo
1405 3263 1422 3289 ,
1453 3229 1509 3277 et
1531 3218 1888 3288 rescripseras

286 3326 581 3381 consolans
603 3337 755 3391 eam,
785 3321 946 3392 idque
970 3320 1129 3376 etiam
1154 3317 1404 3373 nuntians
1433 3314 1501 3370 de
1526 3313 1789 3369 cadavere
1817 3310 1885 3365 ﬁ-

286 3416 657 3489 delisjuvenis
678 3414 922 3488 Cynegii,
945 3412 1085 3485 quod
1109 3420 1354 3467 materno
1379 3417 1433 3465 et
1460 3408 1550 3480 pio
1574 3406 1768 3463 affectu
1792 3404 1889 3461 de-

285 3512 549 3570 sideravit
569 3551 587 3576 ,
627 3524 748 3566 esse
774 3506 1097 3578 completum
1121 3546 1138 3573 ,
1182 3513 1243 3560 ut
1278 3503 1484 3559 scilicet
1511 3502 1564 3556 in
1591 3497 1888 3555 beatissimi

286 3604 492 3661 Felicis
525 3600 851 3659 confessoris
876 3598 1093 3655 basilica
1124 3602 1436 3668 poneretur.
1464 3592 1579 3661 Qua
1604 3589 1888 3646 occasione

286 3698 491 3753 tactum
521 3702 606 3751 est
638 3700 700 3749 ut
724 3707 820 3764 per
847 3690 1068 3747 eosdem
1104 3688 1406 3759 perlatores
1443 3685 1737 3740 litterarum
1768 3690 1888 3737 tua-

286 3804 415 3847 rum
442 3786 606 3844 etiam
626 3784 757 3840 mihi
778 3782 1064 3851 scriberes,
1086 3781 1338 3853 ingerens
1361 3772 1731 3848 hujuscemodi
1750 3786 1891 3845 qum-

286 3880 524 3937 stionem
548 3895 565 3945 ;
589 3886 749 3948 atque
776 3882 838 3932 ut
864 3871 1246 3944 responderem
1275 3868 1404 3941 quid
1429 3866 1563 3922 mihi
1583 3864 1777 3922 exinde
1803 3865 1889 3919 vl-

287 3972 515 4028 deretur
537 3981 857 4040 exposcens,
884 3979 985 4021 nec
1011 3971 1195 4019 tacens
1221 3961 1337 4032 ipse
1362 3958 1491 4031 quid
1515 3956 1738 4015 sentias.
1754 3954 1888 4011 Nam

290 4061 431 4118 dicis
455 4058 627 4115 videri
653 4058 749 4115 tibi
774 4071 883 4113 non
906 4069 1028 4111 esse
1049 4054 1239 4110 inanes
1271 4058 1450 4106 motus
1473 4048 1774 4104 animorum
1802 4060 1891 4103 re-

288 4154 607 4225 ligiosorum
652 4158 813 4221 atque
849 4146 1087 4203 ﬁdelium
1124 4158 1225 4215 pro
1266 4141 1383 4198 suis
1420 4140 1521 4196 ista
1562 4138 1886 4196 curantium.

291 4245 558 4317 Adjungis
586 4243 747 4298 etiam
767 4282 783 4308 ,
811 4253 1002 4295 vacare
1029 4252 1138 4293 non
1163 4249 1324 4307 posse
1347 4232 1490 4305 quod
1518 4232 1767 4287 universa
1793 4244 1893 4300 pro

292 4338 563 4396 defunctis
594 4334 832 4391 Ecclesia
870 4330 1173 4401 supplicare
1216 4325 1537 4383 consuevit:
1568 4331 1628 4379 ut
1671 4322 1797 4377 hinc
1836 4329 1892 4376 et

292 4431 429 4489 illud
453 4428 644 4500 conjici
674 4426 865 4499 possit,
894 4421 1095 4478 homini
1127 4418 1382 4489 prodesse
1410 4424 1530 4487 post
1556 4422 1809 4481 mortem,
1837 4413 1885 4468 si

293 4526 403 4581 ﬁde
424 4537 645 4579 suorum
677 4516 947 4573 humando
982 4514 1098 4584 ejus
1114 4511 1335 4582 'corpori
1380 4509 1502 4565 talis
1540 4506 1891 4579 provideatur

292 4618 487 4683 locus,
528 4615 581 4670 in
623 4628 728 4683 quo
758 4616 1014 4680 appareat
1051 4603 1330 4676 opitulatio
1377 4602 1539 4657 etiam
1582 4601 1687 4656 isto
1728 4599 1892 4655 modo

290 4711 518 4784 quaesita
547 4716 875 4763 sanctorum.

292 4868 313 4875 _
367 4806 425 4863 3.
460 4821 480 4855 ι
517 4800 623 4858 Sed
647 4814 769 4855 cum
797 4797 919 4853 haec
940 4793 1016 4851 ita
1039 4794 1166 4862 sint,
1195 4790 1464 4865 quomodo
1489 4788 1614 4845 huic
1652 4787 1892 4859 opinioni

292 4896 624 4955 contrarium
651 4907 760 4947 non
799 4890 889 4955 sit,
919 4886 1061 4960 quod
1086 4886 1162 4941 ait
1185 4882 1473 4955 Apostolus
1495 4923 1512 4949 ,
1548 4880 1735 4936 Omnes
1759 4880 1894 4936 enim

294 4990 575 5046 astabimus
619 4993 737 5040 ante
765 4981 986 5036 tribunal
1026 4977 1249 5046 Christi,
1280 4984 1338 5031 ut
1380 4980 1513 5045 [erat
1551 4973 1893 5045 unusquisque

294 5081 577 5139 secundum
613 5094 673 5133 ea
700 5091 814 5148 qua:
839 5090 928 5146 per
955 5087 1137 5143 corpus
1172 5070 1362 5141 gessit,
1404 5069 1505 5122 sive
1533 5066 1721 5121 bonum
1743 5106 1760 5133 ,
1791 5066 1895 5121 sive

295 5174 492 5229 malum
524 5170 588 5243 (ll
615 5168 736 5225 Cor.
763 5183 795 5221 v
815 5208 831 5234 ,
864 5164 953 5234 10)
978 5205 993 5231 ,
1026 5178 1132 5218 non
1163 5170 1216 5217 te
1241 5160 1372 5216 satis
1393 5159 1577 5214 videre
1601 5157 1892 5229 signiﬁcas.

295 5270 426 5326 llaec
451 5266 649 5337 quippe
676 5259 968 5333 apostolica
998 5254 1263 5311 sententia
1292 5262 1417 5308 ante
1446 5260 1675 5307 mortem
1701 5250 1892 5305 admo-

294 5372 392 5420 net
420 5360 537 5415 ﬁeri
561 5356 702 5429 quod
733 5353 901 5426 possit
923 5350 1180 5421 prodesse
1202 5356 1321 5419 post
1346 5357 1605 5411 mortem;
1633 5359 1741 5400 non
1764 5353 1891 5399 tunc

294 5452 516 5527 quando
555 5451 665 5521 jam
710 5442 1079 5515 recipiendum
1106 5448 1191 5495 est
1231 5436 1372 5509 quod
1412 5437 1635 5506 quisque
1671 5435 1898 5505 gesserit

295 5556 425 5602 ante
453 5551 705 5600 mortem.
740 5538 940 5593 Verum
973 5534 1089 5589 haec
1128 5532 1198 5585 ita
1228 5529 1450 5584 solvitur
1473 5527 1728 5598 qumstio,
1754 5541 1893 5597 quo—

296 5860 1259 5999 πείσειἝῇΨὲξηιτῗιὲιῖἷξᾶκῦεηθίὶςίξ
1293 5914 1341 5967 in
1382 5913 1465 5965 hoc
1499 5912 1612 5965 loco.

1747 423 1950 482 LIBER
1989 423 2189 482 UNUS.

2014 541 2159 596 niam
2195 540 2426 612 quodam
2474 542 2597 600 vitae
2636 555 2837 617 genere
2863 548 3156 619 acquiritur
3178 591 3201 615 ,.
3237 548 3363 605 dum
3406 550 3459 606 in
3500 551 3604 607 hoc

2014 644 2242 701 corpore
2270 632 2466 689 vivitur
2489 674 2505 702 ,
2549 644 2610 689 ut
2643 637 2841 708 aliquid
2867 638 3121 708 adjuvent
3148 640 3250 695 ista
3277 639 3557 696 defunctos

2013 738 2079 826 ac
2102 738 2200 794 per
2238 724 2342 781 hoc
2381 727 2674 783 secundum
2703 743 2765 785 ea
2795 745 2916 800 qua:
2942 746 3038 800 per
3062 747 3260 802 corpus
3284 745 3582 803 gesserunt,

2013 820 2092 870 eis
2120 830 2239 888 quae
2281 826 2404 888 post
2438 833 2635 889 corpus
2664 820 2915 892 religiose
2943 836 3040 891 pro
3070 823 3175 878 illis
3198 822 3337 878 facta
3373 822 3569 878 fuerint

2010 906 2351 978 adjuvantur.
2395 909 2531 967 Sunt
2566 912 2708 967 enim
2751 928 2887 983 quos
2924 913 3144 968 omnino
3176 914 3307 969 nihil
3352 915 3606 984 adjuvant

2010 999 2147 1068 ista;
2178 1002 2292 1058 sive
2318 1019 2415 1074 pro
2443 1005 2521 1061 eis
2562 1004 2691 1060 ﬁant
2711 1048 2725 1072 ,
2773 1022 2998 1077 quorum
3030 1016 3137 1061 tam
3167 1008 3305 1061 mala
3331 1020 3457 1064 sunt
3488 1024 3602 1064 me-

2007 1091 2109 1195 rita
2133 1132 2149 1160 ,
2196 1104 2257 1149 ut
2284 1110 2457 1167 neque
2487 1096 2683 1153 talibus
2717 1097 2861 1167 digni
2889 1099 2995 1153 sint
3020 1099 3299 1169 adjuvari;
3348 1102 3461 1156 sive
3500 1116 3602 1171 pro

2007 1188 2085 1239 eis
2113 1200 2339 1256 quorum
2371 1198 2479 1243 tam
2508 1188 2670 1255 bona,
2704 1199 2761 1245 ut
2792 1191 2986 1245 talibus
3013 1206 3119 1245 non
3148 1191 3420 1262 indigeant
3443 1192 3597 1261 adju-

2004 1277 2221 1333 mentis.
2252 1277 2463 1335 Genere
2502 1279 2664 1351 igitur
2691 1281 2811 1336 vitm
2852 1280 2993 1352 quod
3032 1283 3208 1353 gessit
3236 1283 3463 1353 quisque
3503 1298 3601 1352 per.

2002 1381 2219 1439 corpus,
2251 1370 2482 1427 efﬁcitur
2509 1382 2568 1428 ut
2593 1373 2799 1444 prosint
2822 1375 2907 1429 vel
2936 1389 3042 1429 non
3070 1375 3300 1444 prosint,
3326 1390 3599 1445 qurecum-

2001 1476 2106 1533 que
2142 1478 2240 1534 pro
2264 1465 2356 1520 illo
2382 1465 2470 1537 pie
2499 1465 2669 1532 ﬁunt,
2714 1482 2836 1521 cum
2875 1467 3154 1537 reliquerit
3197 1482 3411 1537 corpus.
3457 1465 3600 1522 Nam

2000 1556 2275 1623 meritum,
2303 1574 2401 1629 per
2424 1558 2567 1629 quod
2598 1560 2701 1615 ista
2734 1559 2942 1630 prosint
2965 1602 2981 1627 ,
3010 1560 3056 1615 si
3083 1559 3286 1615 nullum
3311 1574 3594 1629 compara-

2000 1656 2111 1704 tum
2141 1658 2224 1706 est
2252 1652 2305 1705 in
2334 1650 2434 1707 bac
2455 1652 2583 1718 vita,
2606 1651 2802 1708 frustra
2824 1654 3080 1723 quaeritur
3103 1661 3225 1723 post
3244 1652 3383 1709 hanc
3407 1654 3603 1707 vitam.

1999 1741 2075 1797 lta
2104 1743 2166 1798 ﬁt
2190 1752 2250 1799 ut
2276 1760 2454 1816 neque
2490 1745 2721 1801 inaniter
2761 1743 3002 1801 Ecclesia
3023 1788 3039 1814 ,
3087 1746 3179 1800 vel
3212 1760 3438 1801 suorum»
3462 1759 3601 1801 cura.

1997 1847 2098 1903 pro
2126 1833 2426 1904 defunctis,
2455 1836 2598 1908 quod
2629 1837 2861 1908 potuerit
2898 1837 3173 1907 religionis
3203 1836 3507 1908 impendat,
3539 1845 3600 1894 et

1998 1933 2176 1981 tamen
2201 1925 2341 1982 ferat
2369 1929 2733 1998 unusquisque
2753 1927 3046 1984 secundum
3071 1942 3131 1983 ea
3160 1942 3279 1999 quae
3304 1928 3474 1998 gessit
3498 1942 3595 1997 per

1995 2029 2211 2087 corpus,
2238 2019 2352 2074 sive
2378 2018 2578 2074 bonum
2601 2060 2618 2081 .
2650 2018 2764 2074 sive
2789 2019 2988 2074 malum
3012 2059 3029 2084 ,
3060 2017 3319 2073 reddente
3363 2017 3595 2074 Domino

1996 2110 2281 2181 unicuique
2306 2112 2599 2167 secundum
2643 2126 2808 2182 opera
2845 2111 2981 2182 ejus.
3027 2111 3097 2167 Ut
3131 2112 3275 2167 enim
3316 2110 3420 2167 hoc
3446 2110 3596 2183 quod

1995 2199 2342 2271 impenditur,
2374 2203 2544 2273 possit
2569 2203 2619 2258 ei
2650 2202 2905 2273 prodesse
2926 2210 3046 2273 post
3065 2216 3281 2272 corpus,
3314 2202 3367 2256 in
3391 2216 3454 2257 ea
3482 2203 3596 2257 vita

1992 2295 2426 2365 estacquisitum,
2442 2310 2601 2367 quam
2627 2296 2796 2367 gessit
2816 2295 2873 2351 in
2896 2309 3123 2366 corpore
3146 2312 3166 2347 ι
3205 2292 3306 2367 (De
3331 2292 3468 2349 Cura
3496 2311 3590 2365 pro

1994 2383 2154 2439 Mart.
2184 2403 2314 2456 ger.,
2347 2402 2463 2458 cap.
2492 2385 2569 2459 1).

2062 2479 2117 2533 4.
2152 2478 2271 2533 Dixi
2295 2479 2457 2535 etiam
2488 2479 2595 2533 tale
2619 2478 2821 2549 aliquid
2848 2477 2915 2533 ad
2942 2476 3288 2533 Laurentium
3306 2518 3321 2543 ,
3347 2476 3489 2547 quod
3516 2477 3590 2531 ita

1991 2582 2052 2624 se
2079 2568 2239 2624 habet
2265 2585 2281 2622 :
2320 2586 2340 2621 ι
2375 2568 2608 2639 Tempus
2633 2579 2835 2635 autem,
2876 2567 3119 2639 inquam,
3151 2567 3293 2637 quod
3321 2568 3459 2621 inter
3486 2567 3587 2620 ho-
3616 2628 3619 2631 _

1991 2660 2154 2716 minis
2181 2666 2411 2717 mortem
2444 2668 2500 2715 et
2538 2660 2779 2715 ultimam
2819 2659 3270 2714 resurrectionem
3299 2658 3588 2727 interposi-

1991 2760 2104 2807 tum
2133 2760 2217 2807 est
2236 2794 2253 2819 ,
2299 2751 2506 2807 animas
2532 2751 2730 2806 abditis
2767 2749 3122 2820 receptaculis
3151 2750 3416 2814 continet,
3449 2749 3590 2803 sicut

1990 2860 2323 2919 unaquaeque
2350 2845 2509 2918 digna
2532 2855 2616 2901 est
2644 2845 2726 2900 vel
2756 2845 2941 2915 requie
2981 2844 3065 2898 vel
3095 2858 3330 2898 aerumna
3353 2884 3366 2909 ,
3396 2858 3493 2913 pro
3520 2857 3588 2897 eo

1991 2939 2133 3011 quod
2157 2939 2344 2995 sortita
2371 2947 2455 2995 est
2474 2938 2526 2993 in
2557 2952 2722 2994 carne
2748 2936 2875 2991 dum
2910 2937 3133 2992 viveret.
3178 2935 3361 3006 Neque
3391 2950 3588 3005 negan-

1991 3031 2120 3087 dum
2162 3041 2245 3086 est
2272 3029 2645 3086 defunctorum
2674 3029 2881 3085 animas
2920 3029 3120 3100 pietate
3152 3043 3369 3084 suorum
3400 3029 3586 3083 viven-

1992 3124 2126 3179 tium
2152 3122 2399 3191 relevari,
2426 3136 2547 3178 cum
2580 3136 2676 3192 pro
2704 3121 2813 3175 illis
2833 3121 3151 3176 sacriﬁcium
3173 3119 3480 3175 Mcdiatoris
3506 3118 3591 3173 oi-

1991 3216 2181 3284 l‘ertur,
2212 3215 2298 3272 vel
2324 3215 2682 3286 eleemosyna:
2708 3213 2761 3267 in
2792 3212 3031 3268 Ecclesia
3062 3213 3215 3267 fiunt.
3238 3211 3341 3267 Sed
3370 3212 3449 3266 eis
3474 3210 3589 3265 haec

1992 3316 2257 3380 prosunt,
2288 3309 2381 3378 qui
2412 3321 2534 3362 cum
2576 3306 2850 3370 viverent,
2880 3312 2941 3359 ut
2964 3304 3081 3359 haec
3110 3304 3211 3359 sibi
3246 3312 3428 3373 postea
3465 3318 3590 3372 pos.

1993 3410 2115 3458 sent
2141 3401 2416 3473 prodesse,
2458 3408 2791 3455 meruerunt.
2823 3398 2922 3453 Est
2958 3399 3100 3453 enim
3128 3397 3343 3467 quidam
3375 3394 3590 3452 vivendi

1993 3495 2205 3562 modus,
2232 3510 2334 3551 nec
2358 3503 2465 3549 tam
2495 3494 2688 3559 bonus,
2718 3502 2901 3547 utnon
2922 3492 3161 3561 requirat
3185 3491 3283 3546 ista
3308 3497 3423 3561 post
3444 3504 3589 3544 mor-

1994 3595 2134 3654 tem;
2163 3601 2264 3643 nec
2292 3594 2400 3641 tam
2431 3585 2627 3653 malus,
2659 3592 2715 3639 ut
2742 3582 2794 3639 ci
2819 3597 2925 3637 non
2948 3582 3154 3652 prosint
3174 3582 3270 3636 ista
3297 3589 3417 3651 post
3441 3597 3590 3636 mor-

1993 3690 2103 3739 tem
2131 3699 2145 3736 :
2176 3688 2261 3737 est
2286 3694 2415 3735 vero
2442 3678 2567 3733 talis
2595 3677 2648 3732 in
2680 3676 2845 3744 bono,
2875 3683 2934 3729 ut
2962 3675 3046 3730 his
3071 3690 3176 3729 non
3208 3674 3476 3744 requirat;
3506 3680 3591 3729 est

1993 3780 2050 3829 et
2072 3784 2262 3827 rursus
2295 3769 2421 3825 talis
2448 3768 2503 3823 in
2535 3767 2708 3834 malo,
2750 3774 2809 3821 ut
2842 3778 2941 3820 nec
2968 3762 3053 3818 his
3076 3763 3281 3828 valeat,
3317 3778 3438 3818 cum
3475 3761 3593 3818 lucc

1994 3866 2105 3922 vita
2131 3862 2422 3928 transierit,
2454 3859 2717 3931 adjuvari.
2753 3856 3014 3925 Quocirca
3044 3855 3133 3911 hic
3156 3870 3318 3912 omne
3342 3855 3591 3910 meritum

1995 3966 2359 4030 comparatur,
2377 3969 2484 4026 quo
2506 3962 2627 4025 post
2649 3952 2788 4007 hanc
2804 3951 2966 4007 vitam
2992 3947 3160 4021 possit
3185 3948 3410 4004 relevari
3437 3948 3590 4018 quis-

1995 4053 2138 4124 piam
2158 4092 2176 4119 ,
2223 4050 2310 4107 vel
2344 4047 2574 4121 gravari.
2608 4046 2777 4103 Nemo
2800 4059 2862 4101 se
2883 4051 3062 4100 autem
3088 4050 3303 4113 speret,
3332 4040 3474 4113 quod
3502 4040 3592 4097 hic

1996 4143 2268 4217 neglexit,
2298 4157 2419 4198 cum
2451 4139 2679 4207 obierit,
2719 4137 2860 4209 apud
2901 4137 3067 4192 Deum
3107 4134 3427 4207 promereri.
3472 4132 3591 4189 Non

1997 4241 2161 4312 igitur
2186 4240 2288 4293 ista
2317 4250 2440 4307 qua:
2470 4248 2569 4305 pro
2598 4231 2864 4288 defunctis
2884 4226 3323 4286 eommendandis
3346 4226 3595 4298 frequen-

2000 4342 2078 4388 tat
2116 4329 2377 4394 Ecclesia,
2407 4328 2481 4383 illi
2507 4325 2818 4398 apostolicae
2854 4332 2979 4380 sunt
3018 4322 3238 4377 adversa
3275 4322 3591 4386 sententiae,

1999 4440 2104 4497 qua
2131 4423 2332 4479 dictum
2372 4428 2487 4487 est,
2520 4418 2706 4473 Omnes
2744 4416 2877 4471 enim
2906 4413 3182 4469 astabimus
3223 4422 3340 4466 ante
3374 4412 3595 4466 tribunal

2002 4515 2208 4580 Christi,
2240 4522 2294 4567 ut
2324 4516 2453 4584 ferat
2476 4509 2818 4579 unusquisque
2844 4506 3120 4562 secundum
3146 4522 3207 4560 ea
3236 4521 3349 4575 qua:
3376 4522 3465 4576 per
3486 4521 3599 4558 ror-

2003 4623 2096 4679 pus
2126 4606 2318 4677 gessit,
2362 4604 2466 4658 sive
2488 4602 2674 4657 bonum
2705 4600 2807 4654 sive
2837 4599 3066 4662 malum;
3114 4596 3239 4667 quia
3285 4598 3443 4652 etiam
3496 4596 3599 4651 hoc

2002 4701 2249 4756 meritum
2277 4696 2379 4754 sibi
2400 4697 2627 4767 quisque
2652 4709 2775 4749 cum
2799 4692 2850 4747 in
2878 4706 3108 4761 corpore
3135 4689 3343 4745 viveret
3371 4704 3593 4757 compa-

2002 4793 2163 4858 ravit,
2186 4800 2249 4847 ut
2275 4791 2324 4847 ei
2354 4796 2571 4860 possent
2595 4786 2695 4841 ista
2724 4784 2999 4855 prodesse.
3025 4782 3140 4837 Non
3176 4781 3319 4836 enim
3348 4779 3599 4834 omnibus

2005 4896 2259 4959 prosunt;
2289 4891 2345 4939 et
2370 4896 2538 4953 quare
2563 4895 2671 4934 non
2695 4878 2944 4933 omnibus
2973 4882 3220 4946 prosunt,
3251 4874 3349 4927 nisi
3380 4880 3599 4942 propter

2004 4977 2358 5037 diﬁ‘erentiam
2400 4974 2524 5029 vitae
2560 4986 2720 5042 quam
2760 4968 2987 5040 quisque
3028 4965 3194 5035 gessit
3233 4964 3285 5018 in
3332 4963 3598 5032 corpore?

2006 5070 2141 5128 Cum
2167 5082 2294 5140 ergo
2321 5063 2605 5129 sacriﬁcia,
2636 5061 2749 5116 sive
2771 5058 2976 5122 altaris,
2998 5056 3111 5110 sive
3135 5067 3601 5124 quarumcumque

2006 5162 2467 5232 elcemosynarum
2507 5168 2605 5224 pro
2634 5148 2911 5220 baptizatis
2935 5144 3200 5201 deiunCtis
3233 5144 3485 5198 omnibus
3517 5143 3601 5199 of-

2009 5254 2254 5311 feruntur
2277 5290 2292 5318 ,
2332 5262 2432 5319 pro
2470 5244 2625 5300 valde
2665 5241 2819 5296 bonis
2844 5239 3133 5310 gratiarum
3162 5235 3401 5291 actiones
3439 5245 3601 5301 sunt;
3678 5296 3681 5297 ν

2010 5361 2110 5418 pro
2148 5359 2254 5399 non
2286 5339 2443 5395 valde
2483 5334 2642 5393 malis
2681 5329 3086 5403 propitiationes
3117 5337 3275 5393 sunt;
3324 5342 3420 5397 pro
3445 5327 3603 5383 valde

2012 5439 2188 5503 malis,
2214 5432 2423 5490 etiamsi
2454 5428 2596 5484 nulla
2618 5434 2742 5482 sunt
2763 5423 3070 5493 adjumenta
3093 5431 3447 5481 mortuorum,
3475 5436 3604 5489 qua~

2011 5532 2319 5597 lcscumque
2340 5523 2583 5577 vivorum
2608 5516 3001 5572 consolationes
3026 5522 3168 5568 sunt.
3199 5511 3401 5580 Quibus
3426 5521 3603 5565 autem

2012 5628 2268 5696 prosunt,
2300 5625 2391 5670 aut
2419 5613 2487 5669 ad
2517 5612 2619 5667 hoc
2653 5618 2879 5683 prosunt
2904 5651 2919 5675 ,
2949 5619 3006 5662 ut
3040 5609 3109 5663 sit
3137 5607 3289 5676 plena
3318 5605 3567 5660 remissio
3587 5647 3603 5669 ,

2012 5693 2262 5769 autccrte
2291 5716 2347 5761 ut
2377 5704 2705 5761 tolerabilior
2733 5700 2948 5772 fiatipsa
2968 5698 3237 5755 damnatio
3262 5716 3282 5750 ι
3315 5693 3561 5767 (Enehtr.
3584 5735 3603 5761 ,

2012 5821 2167 5876 capp.
2201 5798 2328 5866 109,
2362 5799 2513 5869 H0).

2088 5902 2309 5973 Qnisr.
2354 5890 2441 5949 ιιι.
2469 5920 2539 5930 -~
2572 5891 2618 5945 i.
2648 5887 2827 5945 Utrum
2878 5888 2927 5941 in
2980 5884 3193 5939 adventu
3244 5877 3450 5934 Domini
3486 5891 3602 5930 mox
