4084 6506
527 412 630 471 15⁸)

545 548 765 615 [laturum
786 538 849 592 sit
860 533 1132 606 judicium,
1158 545 1285 585 urive
1311 526 1388 582 illi
1415 523 1648 580 morituri
1667 523 1788 588 sint,
1810 519 1897 590 qui
1921 530 2121 585 rapten-

532 644 615 683 tur
637 629 693 681 in
720 625 929 681 nubibus
956 621 1151 676 obviam
1176 619 1415 674 Domino.
1445 617 1742 689 Symbolum
1766 619 1939 689 regula
1969 616 2108 686 ﬁdei.

598 718 840 776 l.Tertia
863 726 951 771 tua
971 714 1195 785 quaestio
1218 721 1317 778 est,
1348 730 1368 764 ι
1404 711 1589 767 Utrum
1611 710 1789 765 statim
1808 710 1862 763 in
1882 708 2111 763 adventu

544 811 751 867 Domini
764 806 1087 865 credendum
1113 806 1182 861 sit
1196 804 1426 859 futurum
1444 802 1848 872 essejudicium,
1861 815 1930 854 an
1943 798 2115 869 spatio

532 901 848 971 interposito
871 898 1147 969 temporis.
1188 896 1244 952 ln
1271 896 1421 965 cujus
1442 894 1631 949 diebus
1662 893 1922 948 adventus
1944 934 1959 957 ,
1982 904 2119 962 quo-

532 995 675 1051 niam
698 992 946 1063 legimus,
969 989 1165 1061 inquis,
1192 987 1335 1058 quod
1355 986 1444 1058 qui
1467 985 1815 1056 superabunt,
1845 982 2121 1053 rapientur

530 1085 585 1140 in
608 1084 836 1139 nubibus
857 1081 1067 1137 obviam
1094 1079 1305 1135 Christo
1334 1080 1385 1133 in
1413 1093 1558 1143 aera,
1588 1086 1642 1133 et
1664 1077 1743 1133 sic
1767 1090 1981 1147 semper
2000 1088 2120 1129 cum

532 1176 765 1232 Domino
792 1172 953 1228 futuri
973 1180 1131 1238 sunt;
1161 1185 1320 1227 nosse
1341 1170 1610 1237 desidero,
1633 1178 1810 1224 utrum
1834 1183 1953 1222 mox
1972 1164 2119 1237 judi-

532 1272 680 1326 cium
724 1270 1008 1324 comitetur
1043 1267 1358 1331 adventum;
1386 1272 1441 1321 et
1468 1265 1501 1319 ii
1527 1264 1617 1335 qui
1642 1263 1916 1334 rapientur
1942 1261 1995 1316 in
2016 1276 2118 1315 nu-

534 1363 650 1426 bes,
676 1376 745 1415 an
765 1360 1041 1416 solvantur
1061 1358 1113 1413 in
1134 1366 1362 1413 mortem
1388 1374 1402 1411 :
1426 1355 1528 1411 nisi
1550 1356 1685 1413 forte
1705 1354 1770 1409 ad
1794 1354 1962 1409 vicem
1984 1366 2121 1411 mor-

532 1453 603 1509 tis
626 1456 794 1523 ipsam
819 1451 1241 1509 immutationem
1264 1450 1552 1505 debeamus
1576 1447 1841 1518 accipere.
1880 1465 1899 1499 ο

603 1547 661 1605 ‘2.
692 1546 825 1601 Huic
852 1544 1249 1616 interrogationi
1288 1552 1423 1609 tuae,
1464 1556 1570 1613 qua
1612 1541 1810 1612 qumris
1849 1548 2024 1594 utrum
2064 1538 2117 1594 in

532 1637 767 1695 adventu
796 1636 1007 1692 Domini
1032 1650 1157 1691 mox
1182 1633 1506 1690 credendum
1536 1631 1607 1687 sit
1631 1632 1865 1687 futurum
1892 1644 2011 1685 esse
2029 1628 2119 1700 ju-

534 1729 756 1797 dicium,
789 1739 917 1799 puto
938 1726 1083 1799 quod
1113 1726 1343 1782 sufﬁciat
1363 1725 1494 1780 ﬁdes
1518 1722 1756 1796 Symboli
1778 1763 1794 1789 ,
1825 1736 1925 1791 qua
1948 1720 2119 1775 conﬁ-

534 1832 713 1878 temur
748 1820 1017 1880 Christum
1045 1834 1075 1873 a
1104 1818 1279 1874 Patris
1312 1817 1533 1873 dextera
1560 1830 1680 1871 esse
1719 1822 2004 1869 venturum
2051 1810 2119 1866 ad

530 1918 683 1971 vivos
705 1923 761 1971 et
801 1922 1040 1969 mortuos
1063 1910 1401 1982 iudicandos.
1448 1909 1580 1966 Cum
1629 1922 1757 1978 ergo
1800 1908 1914 1977 ipsa
1958 1905 2030 1960 sit
2068 1902 2121 1959 ei

531 2022 694 2064 causa
728 2005 1010 2070 veniendi,
1038 2004 1165 2075 quid
1191 2003 1335 2058 aliud
1363 2012 1579 2057 acturus
1605 2009 1690 2056 est
1717 2016 1839 2055 mox
1871 2008 1928 2054 ut
1956 2012 2119 2057 vene-

531 2101 625 2165 rit,
665 2098 767 2154 nisi
794 2106 1012 2168 prapter
1039 2096 1182 2167 quod
1210 2095 1426 2151 veniet?
1457 2095 1531 2151 De
1563 2094 1669 2151 illis
1694 2102 1871 2148 autem
1909 2090 1999 2164 qui
2035 2106 2121 2145 ra-

530 2194 745 2264 pientur
768 2192 820 2246 in
851 2190 1079 2246 nubibus
1103 2229 1119 2256 ,
1152 2191 1204 2243 in
1234 2187 1459 2259 quadam
1495 2186 1715 2257 cpistola
1744 2199 1903 2256 quam
1930 2182 2120 2253 scripsi

532 2284 602 2339 ad
630 2284 799 2341 ﬁlium
825 2297 1002 2337 meum
1030 2281 1245 2336 nomine
1283 2280 1630 2335 Mercatorem
1659 2279 1676 2310 ί
1700 2319 1715 2343 ,
1746 2275 1933 2348 procul
1958 2274 2121 2333 dubio

532 2375 873 2433 notissimum
896 2372 1065 2439 vobis,
1092 2386 1213 2427 cum
1235 2386 1321 2426 me
1341 2370 1697 2426 consuluisset
1712 2367 1783 2427 de
1798 2364 2121 2435 quibusdam

532 2466 914 2538 quaestionibus
942 2464 1364 2536 Pelagianorum,
1395 2462 1484 2533 qui
1511 2469 1706 2533 negant
1732 2469 1960 2516 mortem
1988 2470 2119 2529 pec-

530 2570 652 2617 cato
701 2574 821 2615 esse
868 2559 1218 2623 retributam,
1272 2564 1538 2627 quatenus
1584 2552 1966 2624 disputaverim
1994 2592 2011 2619 ,
2064 2549 2121 2606 in

532 2652 759 2708 subditis
789 2651 907 2723 lege
935 2668 948 2706 :
986 2669 1005 2703 ι
1043 2650 1117 2704 Illi
1143 2659 1321 2705 autem
1344 2689 1357 2713 ,
1387 2648 1637 2716 inquam,
1666 2644 1735 2699 de
1769 2643 1963 2715 quibus
1988 2640 2123 2697 dixit

532 2743 822 2815 Apostolus
840 2784 856 2807 ,
881 2757 1001 2797 cum
1033 2742 1339 2810 loqueretur
1368 2738 1436 2794 de
1458 2735 1853 2793 resurrectione
1878 2740 2120 2790 mortuo-

532 2852 675 2905 rum,
711 2835 780 2889 Et
806 2850 898 2888 nos
916 2834 1130 2888 viventes
1158 2833 1243 2902 qui
1270 2830 1451 2902 reliqui
1477 2845 1671 2895 sumus,
1698 2828 1851 2882 simul
1876 2843 1993 2881 cum
2016 2824 2122 2882 illis

531 2930 787 2999 rapientur
806 2928 858 2981 in
887 2924 1101 2979 nubibus
1121 2924 1314 2977 obviam
1336 2922 1537 2977 Christo
1567 2923 1619 2976 in
1645 2938 1804 2988 aera;
1830 2930 1879 2974 et
1903 2921 1974 2974 ita
1991 2936 2124 2975 sense

536 3038 627 3092 per
651 3036 766 3074 rum
788 3018 1008 3072 Domino
1032 3017 1257 3082 erimus;
1279 3016 1507 3071 alierum
1528 3015 1741 3086 quidem
1763 3014 1959 3087 aliquid
1977 3030 2124 3086 quan

535 3111 747 3174 stionis,
786 3109 879 3166 sed
917 3125 1012 3180 per
1041 3125 1101 3166 se
1127 3111 1344 3180 ipsos”,
1381 3124 1485 3162 non
1518 3119 1737 3178 propter
1775 3107 1908 3163 istos
1940 3124 1955 3165 :
1996 3124 2123 3164 nam

536 3213 592 3259 et
621 3206 663 3258 si
691 3218 793 3258 non
819 3211 944 3257 sunt
966 3203 1127 3258 etiam
1155 3202 1252 3273 ipsi
1276 3202 1541 3268 morituri,
1571 3200 1697 3272 quid
1719 3201 1850 3257 istos
1873 3200 2125 3273 adjuvent

536 3296 757 3350 omnino
784 3312 891 3352 non
912 3294 1087 3360 video,
1111 3309 1233 3350 cum
1260 3295 1381 3348 talia
1411 3293 1583 3349 dehis
1603 3294 1705 3349 dici
1738 3294 1966 3364 possint,
1993 3308 2125 3365 qua-

538 3388 606 3444 lia
635 3388 703 3443 de
726 3388 827 3443 illis
853 3387 994 3443 dicta
1021 3393 1145 3440 sunt
1184 3385 1392 3441 duobus
1412 3428 1428 3452 ,
1461 3385 1647 3441 Enocb
1682 3386 1884 3441 scilicet
1906 3395 1961 3441 et
1988 3386 2125 3445 Elia.

535 3480 640 3535 Sed
668 3494 883 3539 revera.
915 3488 1171 3549 quantum
1198 3477 1264 3532 ad
1299 3478 1460 3532 verba
1502 3478 1643 3533 beati
1681 3478 1923 3548 Apostoli
1961 3478 2127 3549 perti-

538 3584 651 3639 net,
694 3572 905 3627 videtur
944 3586 1189 3627 asserere
1225 3571 1482 3642 quosdam
1516 3572 1569 3626 in
1602 3570 1705 3626 ﬁne
1739 3572 1920 3627 smculi
1960 3571 2124 3628 adve-

537 3666 719 3720 niente
748 3664 1003 3726 Domino,
1045 3678 1165 3717 cum
1197 3661 1372 3717 futura
1410 3670 1494 3717 est
1518 3662 1841 3717 resurrectio
1887 3670 2127 3718 mortuo-

536 3772 676 3818 rum,
708 3771 812 3810 non
842 3770 963 3811 esse
984 3755 1291 3821 morituros,
1316 3754 1410 3810 sed
1440 3754 1591 3810 vivos
1610 3764 1873 3825 repertos,
1906 3755 1958 3809 in
1981 3754 2129 3812 illam

538 3846 1012 3909 immortalitatem.
1044 3862 1163 3917 quae
1187 3847 1387 3901 sanctis
1415 3846 1577 3902 etiam
1606 3846 1815 3901 caeteris
1839 3846 2013 3911 datur,
2038 3862 2126 3902 re-

536 3949 696 4009 ponte
726 3938 1008 3993 mutandos
1034 3979 1049 4005 ,
1081 3947 1135 3993 et
1162 3938 1321 3993 simul
1346 3954 1459 3992 cum
1488 3936 1593 3991 illis
1636 3938 1908 4011 rapiendos
1927 3981 1943 4006 ,
1989 3938 2130 3994 sicut

538 4033 687 4094 dicit,
715 4033 769 4085 in
796 4031 1009 4086 nubibus
1040 4047 1057 4084 :
1086 4046 1185 4087 nec
1223 4032 1422 4102 aliquid
1449 4030 1593 4087 aliud
1623 4032 1753 4088 mihi
1792 4032 1965 4088 visum
2003 4040 2089 4089 est
2108 4072 2127 4100 ,

536 4125 747 4195 quoties
771 4124 837 4177 de
860 4123 943 4177 his
964 4122 1146 4178 verbis
1172 4123 1315 4178 volui
1337 4123 1593 4193 cogitare.

610 4216 664 4269 ‘5.
709 4232 728 4265 ι
764 4214 869 4269 Sed
896 4214 1089 4268 vellem
1118 4214 1242 4268 hinc
1280 4215 1455 4284 potius
1485 4214 1671 4269 audire
1706 4214 2012 4282 doctiores;
2059 4230 2130 4272 ne
2162 4244 2165 4247 -

540 4306 647 4361 illis
700 4305 859 4360 etiam
898 4305 989 4374 qui
1038 4314 1225 4375 putant
1276 4305 1484 4376 aliquos
1523 4316 1696 4362 morte
1757 4322 1863 4362 non
1928 4322 2132 4378 praece-

542 4395 705 4450 dente
728 4395 1026 4451 viviﬁcatos
1049 4437 1065 4463 ,
1112 4394 1178 4452 ad
1216 4396 1379 4451 vitam
1422 4405 1731 4467 perpetuam
1769 4399 2088 4455 transituros
2111 4441 2128 4468 ,

542 4487 725 4542 dicere
754 4487 1053 4543 inveniatur
1079 4488 1365 4558 Apostolus
1397 4504 1411 4545 :
1443 4487 1630 4555 Stulte,
1656 4500 1710 4544 tu
1728 4491 1864 4561 quod
1886 4492 2128 4560 seminus,

541 4595 643 4639 non
672 4579 982 4647 riviﬁcatur,
1011 4580 1111 4634 nisi
1148 4581 1391 4634 moriatur
1418 4580 1459 4635 ³.
1485 4580 1617 4635 Nam
1654 4592 1709 4637 et
1747 4582 1873 4638 illud
1900 4585 2044 4654 quod
2074 4586 2132 4641 in

541 4672 811 4745 plerisque
836 4672 1106 4728 codicibus
1137 4674 1349 4745 legitur,
1382 4674 1568 4731 Omnes
1596 4692 1916 4749 resurgemus
1945 4680 1987 4752 (l
2009 4680 2129 4735 Cor.

542 4784 630 4834 xv,
659 4768 747 4834 56,
779 4766 894 4838 5i),
919 4768 1060 4824 unde
1091 4768 1203 4824 ﬁeri
1229 4771 1443 4839 poterit,
1468 4771 1566 4826 nisi
1590 4786 1778 4828 omnes
1798 4775 2131 4830 moriamur?

543 4860 891 4915 Resurrectio
915 4860 1134 4931 quippe,
1162 4860 1263 4917 nisi
1292 4876 1440 4917 mors
1470 4864 1826 4933 praecesserit,
1855 4866 1995 4921 nulla
2023 4875 2128 4923 est.

542 4952 608 5013 Et
628 4952 769 5022 quod
800 4954 1040 5008 nonnulli
1078 4952 1290 5008 codices
1316 4953 1535 5019 habent,
1567 4954 1753 5009 Omnes
1782 4956 2091 5013 dormiemus
2110 5000 2127 5026 ,

542 5044 709 5101 multo
738 5044 948 5102 facilius
977 5055 1032 5101 et
1060 5046 1300 5117 apertius
1329 5044 1380 5100 id
1405 5045 1548 5115 cogit
1573 5045 1830 5117 intelligi;
1856 5058 1909 5103 et
1933 5051 1978 5103 si
2003 5049 2130 5120 quid

543 5133 685 5197 aliud
715 5136 816 5189 tale
843 5137 896 5192 in
924 5140 1124 5195 sanctis
1150 5136 1369 5193 Litteris
1396 5137 1695 5204 invenitur,
1737 5138 1802 5193 ad
1829 5139 1881 5194 id
1920 5140 2132 5198 videtur
2180 5172 2185 5175 -

541 5222 837 5292 impellere,
861 5237 922 5282 ut
942 5230 1116 5285 nullus
1142 5229 1417 5285 hominum
1443 5230 1781 5286 existimetur
1809 5232 2129 5290 immortali-

542 5323 727 5379 tatem,
777 5317 880 5371 nisi
926 5334 1073 5373 mors
1126 5323 1480 5390 praecesserit,
1530 5322 1842 5394 adepturus.
1895 5325 2129 5383 Proinde

542 5407 630 5460 llbl
659 5406 793 5461 dixit
819 5407 1138 5479 Apostolus,
1173 5412 1239 5466 Et
1277 5431 1368 5469 nos
1394 5416 1611 5472 viventes
1634 5418 1723 5487 qui
1748 5418 1929 5489 reliqui
1954 5437 2130 5476 sumus

542 5495 594 5551 in
639 5497 906 5552 aduentum
946 5497 1192 5570 Domini,
1231 5519 1332 5558 non
1370 5507 1730 5577 prwueniemus
1762 5525 1847 5565 eos
1882 5510 1972 5582 qui
2013 5522 2132 5569 ante

609 5617 628 5691 ξ
648 5616 875 5691 ξΛίῠτ.ω
896 5616 1051 5683 filium
1252 5628 1577 5691 mercatorem,
1599 5640 1706 5690 qua:
1727 5627 1931 5691 incipit:
1960 5635 2139 5684 Procul

544 5677 687 5755 dubio
708 5677 1005 5755 notissitjmm
1018 5682 1174 5755 orabis.
1191 5686 1486 5755 sinceﬁores
1500 5700 1554 5736 su
1561 5677 1739 5755 nt'tiss.
1757 5677 1982 5755 plerique
2000 5677 2134 5745 iliis};

543 5742 725 5816 verbis,
752 5754 862 5816 qua:
874 5742 1061 5816 incipit,
1080 5746 1268 5816 quierito
1284 5756 1534 5816 carentes;
1559 5752 1743 5816 quippe
1757 5742 1879 5801 'cum
1901 5742 2134 5816 'epiStolzé

541 5802 634 5868 hoc
658 5802 983 5855 locolaudataé
1003 5802 1193 5857 initium
1215 5809 1294 5868 sit,
1326 5826 1349 5854 tt
1366 5802 1554 5859 Littera:
1577 5802 1850 5864 Dilectionis
1872 5802 2035 5865 ῑυξὲξῖ

608 5867 630 5935 ξ
652 5868 728 5935 sic
745 5873 851 5935 uss.
878 5874 930 5935 _At
955 5868 1311 5935 ediu,_propter
1331 5884 1381 5923 se
1404 5870 1549 5935 ipsos.

608 5929 791 6000 "aditi,
816 5927 950 6000 prius
990 5927 1239 5983 morimur.
1269 5927 1433 5996 Abest,
1469 5934 1621 5998 prius,
1660 5950 1685 5985 a
1708 5944 1813 5988 Mss.
1846 5944 1893 5986 et
1929 5950 1954 5986 ι
1980 5952 2137 6000 grascu

542 5993 681 6047 textu
704 5990 931 6054 Αωδιοιὶ.

1284 409 1371 464 DE
1410 408 1588 463 OCTO
1629 408 1922 464 DULClTll
1961 403 2518 478 QUASSTIONIBUS,
2551 409 2609 464 S.
2656 412 3023 469 AUGUSTINI

3706 418 3809 475 160

2230 530 2561 585 dormierunt.
2593 530 2715 599 Ipse
2742 530 2875 583 enim
2907 529 3156 586 Dominus
3178 531 3231 585 in
3247 531 3399 602 jussu
3419 543 3469 587 et
3498 534 3551 588 in
3575 548 3695 588 voce
3729 553 3816 590 ar»

2229 620 2460 692 changeli
2481 661 2496 687 ,
2525 621 2652 676 etin
2678 622 2797 675 tuba
2830 621 2923 675 Dei
2946 621 3211 677 descendet
3245 623 3309 679 de
3347 624 3507 692 calo;
3550 637 3596 680 et
3625 630 3815 682 mortui

2228 712 2281 765 in
2305 710 2504 767 Christo
2530 721 2788 783 resurgent
2827 712 2991 783 primo
3021 714 3036 744 ί
3067 730 3086 768 :
3111 714 3295 769 deinde
3319 732 3411 770 nos
3442 717 3659 772 viventes
3682 759 3699 784 ,
3727 735 3814 788 qm

2228 804 2408 875 reliqui
2444 820 2638 869 sumus,
2682 805 2835 859 simul
2879 822 2995 859 cum
3037 806 3140 862 illis
3184 809 3443 879 rapientur
3490 811 3545 864 in
3592 811 3810 868 nubibus

2229 896 2423 950 obviam
2447 894 2648 951 Christo
2672 895 2726 949 in
2750 910 2903 962 aera;
2930 906 2977 951 et
3000 897 3073 952 ita
3098 914 3296 969 semper
3317 916 3431 954 cum
3458 899 3682 956 Domino
3704 904 3810 957 eri-

2226 1005 2337 1043 mus
2364 987 2411 1059 (ι
2443 988 2618 1043 Thess.
2659 1004 2731 1056 iv,
2762 990 2983 1061 14—16);
3015 990 3206 1047 vellem
3230 1032 3246 1057 ,
3273 993 3412 1049 sicut
3437 993 3548 1050 dixi
3573 1037 3587 1062 ,
3618 995 3688 1052 de
3726 995 3811 1052 bis

2226 1079 2403 1136 verbis
2423 1078 2607 1135 audire
2634 1079 2902 1136 doctiores
2932 1097 2949 1137 :
2977 1089 3034 1137 et
3057 1082 3103 1137 si
3128 1082 3259 1139 mihi
3282 1087 3555 1154 potuerint
3586 1086 3703 1142 hzcc
3737 1087 3810 1143 ita

2225 1171 2458 1241 exponi,
2485 1181 2545 1229 ut
2572 1171 2629 1227 in
2653 1172 2734 1228 eis
2762 1173 2932 1244 possit
2969 1173 3187 1246 intelligi
3215 1190 3406 1232 omnes
3443 1176 3689 1233 homines
3714 1179 3806 1249 qui

2224 1262 2428 1330 vivunt,
2457 1263 2543 1321 vel
2590 1272 2713 1335 post
2756 1280 2857 1321 nos
2902 1265 3095 1322 victuri
3141 1276 3288 1335 sunt,
3330 1283 3450 1326 esse
3490 1271 3811 1339 morituros,

2224 1355 2547 1428 corrigerem
2589 1358 2612 1391 ⁸
2665 1356 2812 1428 quod
2882 1356 3008 1413 hinc
3067 1358 3355 1430 aliquando
3416 1361 3572 1421 aliter
3639 1364 3809 1418 sensi.

2224 1444 2406 1517 Neque
2443 1447 2588 1502 cnim
2633 1446 2895 1504 debemus
2941 1464 3062 1505 esse
3102 1450 3359 1507 indociles
3405 1452 3654 1509 doctores
3697 1471 3714 1508 :
3755 1464 3814 1511 et

2224 1538 2371 1596 cerle
2406 1539 2600 1596 melius
2638 1541 2801 1596 homo
2833 1542 3121 1613 corrigitur
3156 1556 3352 1613 pravus
3377 1543 3419 1610 ⁸,
3452 1559 3610 1615 quam
3659 1545 3809 1600 fran-

2224 1631 2366 1702 gitur
2428 1630 2639 1699 durus;
2703 1647 2827 1688 cum
2868 1632 2935 1688 iis
2970 1649 3091 1704 qua
3144 1634 3466 1703 scribimus,
3506 1636 3577 1691 ita
3626 1646 3819 1698 nosu'a

2224 1724 2309 1779 vel
2357 1724 2585 1780 aliorum
2632 1732 2955 1781 exerceatur
2980 1735 3037 1782 et
3075 1725 3355 1782 erudiatur
3393 1727 3705 1793 inﬁrmitas,
3756 1738 3815 1784 ut

2227 1823 2403 1871 tamen
2459 1815 2513 1870 in
2563 1815 2644 1871 eis
2685 1815 2832 1875 nulla
2874 1817 3020 1873 velut
3054 1818 3312 1874 canonica
3338 1819 3689 1877 constituatur
3718 1834 3813 1876 au.»

2226 1909 2466 1965 ctoritas.

2296 2002 2351 2055 4.
2389 2018 2407 2052 t
2440 1999 2495 2055 Si
2537 1999 2717 2056 autem
2756 2000 2811 2055 in
2853 1999 2938 2057 his
2974 2001 3153 2058 verbis
3182 2003 3421 2074 Apostoli
3465 2004 3643 2063 nullus
3678 2003 3818 2060 alius

2225 2106 2415 2150 sensus
2438 2094 2631 2164 poterit
2668 2095 2926 2164 reperiri,
2969 2104 3025 2151 et
3057 2098 3159 2152 hoc
3189 2112 3310 2153 eum
3340 2099 3559 2169 intelligi
3582 2099 3819 2160 voluisse

2226 2186 2509 2254 claruerit,
2537 2186 2681 2256 quod
2718 2187 2966 2243 videntur
3002 2189 3115 2259 ipsa
3141 2192 3303 2247 verba
3330 2192 3609 2259 clamare;
3634 2193 3686 2248 id
3711 2204 3820 2261 est,

2228 2275 2371 2346 quod
2401 2275 2560 2331 l'uturi
2584 2277 2693 2332 sint
2716 2277 2770 2331 in
2798 2279 2905 2335 ﬁne
2929 2280 3113 2335 smculi
3139 2289 3195 2337 et
3216 2281 3445 2338 adventu
3469 2284 3699 2351 Domini,
3726 2286 3820 2355 qui

2228 2382 2335 2422 non
2362 2366 2730 2437 exspolientur
2749 2382 2996 2439 corpore,
3019 2369 3112 2425 sed
3133 2371 3579 2442 superinduantur
3599 2374 3821 2429 immor-

2228 2458 2452 2526 talitate,
2484 2467 2543 2514 ut
2564 2460 2915 2518 absorbeatur
2935 2464 3163 2520 mortale
3197 2480 3229 2519 a
3255 2466 3360 2520 vita
3390 2466 3455 2537 (ll
3482 2467 3601 2522 Cor.
3631 2484 3686 2534 v,
3716 2468 3773 2540 4)
3803 2485 3818 2523 :

2230 2550 2356 2607 huic
2378 2552 2659 2608 sententia;
2685 2553 2871 2623 procul
2899 2552 3061 2611 dubio
3087 2557 3368 2612 conveniet
3394 2558 3534 2628 quod
3562 2559 3614 2613 in
3638 2560 3831 2630 regula

2230 2642 2358 2699 ﬁdei
2402 2645 2755 2713 conﬁtemur,
2793 2656 3075 2703 venturum
3108 2648 3427 2716 Dominum,
3463 2650 3821 2721 iudicaturum

2229 2733 2381 2789 vivos
2409 2744 2464 2790 et
2488 2746 2768 2803 mortuos;
2800 2745 2861 2794 ut
2887 2753 2994 2793 non
3036 2739 3124 2796 hic
3163 2740 3521 2812 intelligamus
3558 2743 3708 2798 vivos
3730 2743 3822 2813 juc

2230 2833 2364 2891 stos,
2392 2835 2636 2883 mortuos
2661 2836 2841 2884 autem
2870 2828 3128 2899 iniustos,
3155 2833 3397 2901 quamvis
3417 2833 3825 2903 judicandisint

2228 2918 2357 2990 justi
2380 2925 2440 2974 et
2465 2918 2685 2989 iniusti;
2717 2919 2813 2976 sed
2842 2921 2992 2977 vivos
3018 2937 3153 2992 quos
3178 2923 3412 2981 nondum
3439 2926 3653 2991 exiisse,
3680 2942 3827 2981 mor-

2234 3020 2354 3069 tuos
2378 3022 2557 3068 autem
2585 3028 2721 3084 quos
2741 3013 2852 3084 jam
2877 3014 3071 3072 exiisse
3096 3014 3164 3071 de
3187 3017 3531 3087 corporibus,
3564 3018 3826 3076 adventus

2233 3103 2351 3176 ejus
2378 3103 2633 3160 inveniet.
2663 3103 2795 3173 Quae
2830 3106 2874 3161 si
2916 3106 2989 3163 ita
3022 3121 3142 3164 esse
3180 3109 3508 3177 constiterit,
3544 3109 3634 3167 illa
3663 3111 3837 3175 verba,

2233 3194 2547 3252 excutienda
2573 3203 2766 3263 erunt,
2802 3196 3071 3267 quomodo
3100 3197 3178 3255 sic
3200 3198 3553 3270 accipiamus,
3590 3199 3665 3255 Tu
3691 3203 3837 3272 quod

2233 3288 2483 3355 seminus,
2513 3305 2617 3343 non
2646 3289 2959 3359 viviﬁeatur,
2988 3291 3087 3346 ru'si
3114 3292 3395 3359 moriatur;
3424 3302 3499 3359 et,
3532 3294 3719 3349 Omnes
3747 3312 3830 3350 re-

2234 3397 2517 3452 surgemus,
2540 3381 2676 3450 sive,
2705 3381 2892 3440 (tumes
2912 3384 3238 3450 dormiamus,
3269 3394 3326 3440 ut
3349 3402 3455 3442 non
3477 3386 3830 3444 adversentur

2238 3472 2361 3528 huic
2384 3474 2684 3541 sententiae,
2707 3489 2810 3545 qua
2835 3475 3051 3545 quidam
3075 3477 3367 3537 creduntur
3389 3480 3545 3536 etiam
3570 3495 3693 3536 eum
3717 3482 3837 3537 suis

2238 3567 2552 3637 corporibus
2579 3567 2635 3622 in
2665 3574 2924 3623 aeternum
2954 3583 3060 3625 non
3089 3578 3298 3640 gustata
3330 3580 3504 3631 morte
3530 3572 3743 3627 victuri.

2310 3658 2364 3713 5.
2402 3677 2420 3711 ι
2449 3657 2555 3714 Sed
2581 3658 2888 3715 utrumlibet
2912 3658 3103 3717 horum
3131 3661 3371 3719 veracior
3396 3670 3451 3718 et
3476 3664 3839 3733 perspicacior.

2238 3750 2541 3809 intellectus
2589 3750 2892 3808 inveniatur
2917 3750 2960 3819 ‘,
3003 3752 3128 3823 quid
3170 3752 3237 3813 ad
3280 3768 3495 3811 causam
3548 3756 3839 3825 pertinebit

2241 3844 2501 3911 istorum,
2531 3844 2646 3899 sive
2686 3857 2877 3899 omnes
2917 3843 3096 3901 debita
3134 3854 3307 3900 morte
3348 3845 3673 3916 plectantur,
3719 3849 3841 3905 sive

2240 3935 2505 4005 aliquibus
2544 3934 2615 3989 ab
2654 3934 2755 3991 hac
2778 3934 2800 3967 ⁵
2827 3934 3130 3992 conditione
3168 3946 3449 4006 parcatur;
3488 3952 3609 3993 cum
3653 3948 3847 4001 tamen,

2240 4036 2453 4085 constet
2479 4042 2587 4082 non
2610 4028 2785 4083 solum
2814 4036 3043 4084 mortem
3072 4027 3286 4095 animae,
3314 4044 3500 4086 verum
3525 4029 3684 4087 etiam
3713 4045 3839 4086 cor-2

2242 4120 2388 4191 poris
2415 4126 2717 4174 secuturam
2744 4133 2852 4175 non
2883 4118 3066 4185 fuisse,
3094 4118 3141 4176 si
3171 4129 3447 4190 peccatum
3472 4136 3580 4177 non
3604 4137 3838 4192 praeces-

2242 4214 2434 4277 sisset;
2466 4220 2520 4267 et
2543 4211 2728 4283 gratia:
2756 4211 3083 4269 mirabiliore
3106 4212 3301 4273 virtute
3319 4213 3492 4285 justos
3514 4230 3546 4270 a
3571 4224 3741 4271 morte
3764 4216 3837 4277 ad

2244 4315 2499 4361 aiternam
2543 4302 2927 4361 beatitudinem
2966 4303 3319 4370 reviviscere,
3357 4319 3515 4375 quam
3555 4305 3607 4360 in
3648 4306 3839 4362 mortis

2244 4398 2629 4469 experientiam
2659 4411 2769 4454 non
2792 4398 3014 4454 venire?
3041 4397 3167 4454 Haec
3195 4408 3412 4471 propter
3436 4399 3553 4455 illos
3571 4442 3587 4469 ,
3619 4400 3686 4457 de
3713 4402 3841 4472 qui-5

2245 4492 2344 4548 bus
2374 4491 2503 4545 mihi
2528 4490 2808 4561 scripsisti,
2840 4493 2973 4549 satis
3000 4491 3141 4548 dicta
3166 4493 3305 4559 sint;
3336 4495 3576 4565 quamvis
3603 4511 3699 4551 eos
3723 4497 3843 4567 jam

2244 4598 2353 4639 non
2383 4583 2681 4639 existimem
2710 4582 2908 4650 dicere,
2939 4583 3099 4639 etiam
3130 4584 3176 4641 si
3205 4600 3310 4642 non
3341 4596 3613 4657 peccasset
3642 4588 3848 4657 Adam,

2245 4675 2406 4730 luisse
2432 4676 2515 4731 vel
2538 4689 2763 4747 corpore
2786 4676 3122 4732 moriturum.

2317 4767 2372 4823 6.
2410 4785 2429 4819 ι
2456 4766 2721 4823 Cancrum
2757 4766 2902 4838 quod
2939 4769 3130 4826 attinet
3164 4769 3233 4827 ad
3268 4770 3620 4841 qwestionem
3656 4787 3845 4827 resur-g

2246 4859 2501 4916 rectionis
2521 4900 2535 4924 ,
2565 4868 2783 4930 propter
2811 4858 2932 4915 illos
2960 4860 3052 4929 qui
3080 4860 3371 4917 creduntur
3397 4876 3500 4917 non
3530 4876 3650 4917 esse
3676 4864 3843 4917 mori-

2248 4960 2354 5007 turi
2373 4991 2388 5018 ,
2415 4950 2509 5007 sed
2538 4965 2605 5007 ex
2636 4950 2736 5006 hac
2766 4952 3087 5008 mortalitate
3124 4952 3190 5007 ad
3231 4953 3683 5009 immortalitatem
3722 4954 3844 5011 sine

2249 5051 2422 5099 morte
2463 5041 2637 5098 media
2686 5040 2994 5109 transituri,
3032 5042 3304 5113 inquisitio
3342 5043 3644 5115 diligentior
3682 5044 3843 5108 adhi-

2249 5133 2423 5191 benda
2457 5144 2571 5199 est;
2604 5141 2660 5188 et
2696 5133 2741 5187 si
2778 5132 2906 5203 quid
2948 5133 3072 5189 hinc
3112 5134 3412 5190 absolutum
3452 5148 3516 5190 ac
3560 5134 3844 5191 deﬁnitum

2250 5225 2607 5295 disputatione
2633 5224 2934 5279 rationabili
2960 5233 3120 5295 atque
3143 5226 3375 5296 perlecta
3400 5227 3484 5282 vel
3512 5227 3728 5294 audisti,
3759 5230 3847 5284 vel

2250 5316 2460 5388 legisti,
2492 5316 2575 5373 vel
2602 5315 2764 5371 etiam
2806 5314 2921 5385 ipse
2955 5315 3129 5372 adhuc
3169 5317 3353 5373 audire
3394 5326 3487 5373 aut
3528 5318 3712 5388 legere
3756 5330 3851 5375 am

2251 5409 2555 5479 excogitare
2583 5408 2817 5479 potueris
2836 5450 2851 5477 ,
2881 5419 3003 5480 peto
3031 5409 3161 5467 mihi
3196 5411 3409 5467 mittere
3448 5426 3552 5466 non
3579 5426 3848 5482 graveris.

2254 5499 2369 5571 Ego
2396 5500 2539 5557 enim
2559 5540 2575 5568 ,
2606 5498 2749 5571 quod
2774 5498 3134 5557 conlitendum
3163 5509 3248 5557 est
3271 5499 3529 5559 Cbaritati
3559 5510 3695 5571 tum,
3730 5502 3857 5573 plus

2320 5737 2335 5768 ι
2363 5734 2496 5800 aditi,
2521 5730 2683 5798 primi.
2704 5735 2909 5800 senss,
2933 5728 3121 5800 primo;
3139 5728 3463 5800 juxla_gra2‘c_.,

2318 5801 2338 5831 ¹
2363 5798 2435 5847 sic
2457 5785 2562 5845 M’s's.
2584 5803 2640 5845 Αι
2663 5793 2797 5852 editi,
2824 5785 3066 5856 corrigere
3090 5785 3215 5852 quod
3239 5785 3350 5837 hinc
3365 5785 3645 5849 aliqutmdo.

2321 5861 2342 5893 ³
2368 5860 2699 5924 Aliuuuthttssq
2718 5868 2911 5924 porrus.

2322 5918 3010 5984 'NonnulliMss.,inremat.7
3226 5977 3239 5984 _
3315 5982 3347 5984 υ
3455 5970 3484 5984 ,.

2328 5986 2345 6016 ι
2371 5985 2450 6032 llic.
2476 5981 2590 6030 editi
2613 5976 2811 6040 addunt,
2843 5983 3055 6041 exceptis
3075 5990 3091 6037 ;
3115 5977 3239 6039 quod
3265 5985 3290 6023 δ
3315 5982 3417 6022 uss.
3445 5976 3600 6020 abest.
