2042 3249
123 230 163 257 ΙΜ
829 215 928 243 LIBER
948 214 1045 243 UNUS.

124 294 177 312 aluo
186 286 286 312 discere
294 290 378 318 quam
388 282 484 309 docere
495 289 502 307 :
511 286 571 307 nam
584 278 633 305 hoc
643 276 816 303 admonemur
827 275 905 301 etiam

124 334 218 362 dicente
232 329 356 365 apostolo
371 327 471 356 Iacobo
481 347 488 358 ,
503 325 544 353 Sit
558 329 640 350 autent
654 323 735 349 omnis
750 321 823 348 homo
838 320 909 346 t‘eloz

127 381 154 406 rd
172 377 343 406 audiendum,
368 374 456 400 tardus
480 377 563 399 autent
586 370 619 396 ad
642 368 794 403 loquendum
810 366 909 403 (Jacobi

126 434 146 457 ι,
159 424 210 458 l9).
224 422 259 450 Ut
272 428 336 455 ergo
349 419 487 448 discamus
497 439 505 451 ,
517 417 627 445 invitare
640 423 689 442 nos
702 414 782 442 debet
795 413 909 441 suavitas

128 468 250 500 veritatis;
264 472 293 494 ut
306 470 396 493 autem
412 465 567 495 doceamus,
583 469 677 497 cogere
691 461 836 488 necessitas
848 459 911 487 cha-

130 515 206 544 ritatis
218 523 225 541 :
238 513 282 541 ubi
295 512 385 548 potius
399 510 543 546 optandum
559 514 600 536 est
611 509 619 524 ¹
634 512 663 534 ιιι
674 511 791 534 transeat
802 506 851 532 ista
865 512 911 531 ne-

129 561 228 589 cessitas
241 565 291 594 qua
307 557 446 585 hominem
461 556 540 583 docet
553 553 652 589 aliquid
669 553 764 585 homo,
785 556 812 579 et
828 552 910 578 simus

129 613 213 633 omnes
224 603 349 631 docibilcs
363 602 411 629 Dei
422 602 450 635 ’ς
464 600 585 636 quamvis
598 604 624 626 et
636 599 686 625 hoc
700 598 793 630 simus,
807 604 865 624 cum
879 603 910 623 ea

130 660 183 687 quze
201 650 231 678 ad
249 655 339 677 veram
362 649 490 684 pietatem
510 646 644 681 pertinent
664 644 807 675 discimus,
832 642 910 669 etiam

130 698 224 734 quando
242 697 283 724 illa
311 694 414 722 docere
436 693 540 720 videtur
562 691 652 718 homo.
675 690 742 723 Quia
767 696 846 723 neque
869 687 912 722 qui

131 746 261 780 plantatesl
283 741 394 776 aliquid,
420 747 500 775 neque
524 738 567 773 qui
592 737 678 772 rigat;
705 735 748 762 sed
767 735 810 770 qui
831 734 911 760 incre-

131 795 226 816 mentum
244 788 287 815 dat
308 787 381 814 Deus
397 787 416 822 (I
432 785 492 813 Cor.
507 791 551 816 ιιι,
566 784 604 818 7).
624 783 688 810 Cum
704 782 791 816 itaque
806 780 827 806 si
843 780 912 806 Deus

130 837 305 863 incrementum
321 841 380 861 non
400 833 493 864 daret,
511 830 577 858 nihil
596 833 687 857 essent
702 828 820 863 Apostoli
836 827 912 861 plan~

132 886 218 909 mores
229 884 255 908 et
265 880 417 915 rigatores;
431 882 530 913 quanto
544 875 628 911 magis
637 883 686 910 ego
698 874 740 901 vel
753 879 790 905 tu,
803 874 843 900 vel
856 872 913 907 qui-

131 926 186 954 libet
197 926 270 961 hujus
282 925 417 960 temporis
431 923 554 950 homines
564 943 570 954 ,
582 921 688 956 quando
703 920 779 947 nobis
793 918 913 945 videmur

130 979 180 999 esse
190 971 306 998 doctores
320 979 332 996 ι
354 969 451 1005 (Epist.
466 968 527 999 195,
542 975 598 1002 cap.
611 966 638 998 4,
655 975 680 992 ιι.
696 964 793 999 9-15)?

144 1017 241 1051 ρωτ.
255 1016 298 1043 ιν.
312 1031 354 1037 -
368 1014 501 1048 Quomodo
518 1013 645 1048 justorum
668 1011 727 1045 ﬁliis
749 1011 774 1037 in
790 1009 894 1036 Psalmo

440 1059 603 1087 benedicitur.

161 1109 183 1136 l.
196 1107 287 1142 Quarta
301 1111 354 1134 tua
372 1106 487 1141 quazstio
501 1109 540 1132 est
550 1124 557 1137 ,
576 1113 585 1129 ι
600 1103 688 1137 Quare
705 1101 800 1129 dixerit
820 1098 911 1132 David,

133 1153 211 1181 Potens
235 1154 260 1180 in
286 1158 361 1180 terra
385 1153 432 1179 erit
450 1159 534 1179 semen
560 1151 627 1185 ejus,
651 1148 777 1184 generatio
790 1152 915 1174 rectorum

133 1200 270 1227 bmsdicetur
294 1199 388 1236 (Psal.
417 1205 476 1231 cxt,
492 1197 537 1232 2);
563 1203 623 1223 cum
647 1196 761 1222 sciamus
781 1194 914 1228 justorum

132 1245 189 1273 ﬁlios
200 1250 225 1273 et
241 1245 327 1272 fuisse
349 1248 378 1271 et
402 1250 463 1271 csse
490 1241 654 1274 mulcdictos,
680 1239 875 1274 etinjustorum
890 1242 916 1265 et

130 1291 200 1318 fuisse
210 1295 235 1318 et
244 1298 308 1318 esse
320 1290 490 1318 benedictos.
505 1298 514 1314 ›

159 1336 184 1362 2.
199 1335 258 1364 Huic
270 1335 422 1372 (praestioni
437 1334 471 1361 de
485 1333 581 1361 Psalmi
596 1333 678 1367 ipsius
692 1331 856 1366 expositione
871 1337 914 1357 re.

131 1381 244 1417 spondeo,
255 1389 342 1417 quem
355 1388 417 1408 cum
432 1379 458 1406 in
473 1379 569 1413 populo
583 1383 722 1405 tractarem
736 1376 789 1403 dixi
803 1384 808 1402 :
825 1385 834 1401 ι
848 1374 915 1401 Bea-

130 1433 166 1455 tus
176 1427 239 1455 enim
251 1428 292 1455 ὠ·
306 1427 350 1462 qui
361 1426 430 1452 timet
440 1425 576 1451 Dominum
587 1444 594 1456 ,
608 1423 634 1449 in
646 1422 771 1449 niandatis
784 1422 838 1456 ejus
851 1419 916 1446 uolet

130 1473 202 1500 ιιίπιὶι.
216 1472 320 1501 Viderit
332 1472 423 1503 Deus,
437 1470 483 1505 qui
498 1470 570 1497 solus
584 1473 610 1496 et
622 1468 753 1495 veraciter
767 1471 794 1494 et
811 1465 916 1493 miseri-

129 1517 232 1545 corditer
248 1517 368 1553 judicat,
384 1519 513 1551 quantum
529 1516 579 1541 iste
599 1513 719 1549 proﬁciat
740 1513 766 1539 in
786 1511 916 1539 mandatis

129 1562 188 1597 ejus.
199 1563 334 1597 Quoniam
350 1561 456 1588 tentatio
474 1564 510 1586 est
528 1560 578 1586 vita
594 1559 705 1585 humana
722 1565 797 1592 super
813 1561 916 1589 terram,

128 1609 187 1636 sicut
197 1613 308 1636 sanctus
317 1607 371 1635 Job
380 1606 448 1634 dicit
457 1604 516 1641 (Job
526 1612 574 1636 vu,
586 1603 625 1639 l).
636 1603 670 1630 Et
683 1603 778 1630 iterum
790 1602 917 1635 scriptum

127 1658 163 1681 est
175 1663 182 1682 :
195 1654 324 1687 Quoniam
338 1659 431 1687 carpta
444 1649 512 1685 quod
526 1648 715 1684 corrumpitur,
729 1651 849 1682 aggrarat
862 1646 917 1672 aui-

128 1708 202 1733 marn,
214 1705 235 1726 et
254 1699 379 1733 deprimit
393 1702 493 1725 terrena
505 1695 653 1722 inhabitatio
666 1701 765 1720 sensum
784 1693 861 1719 multa
876 1700 919 1718 co-

127 1748 234 1781 gitantem
248 1747 330 1780 (Sap.
346 1753 384 1776 Ix,
403 1743 456 1778 l5).
471 1742 521 1776 Qui
535 1746 623 1769 autem
639 1741 737 1776 judicat
751 1747 809 1771 nos,
826 1738 917 1765 Domi-

128 1798 243 1820 nusest:
259 1798 313 1819 nec
331 1794 394 1817 aute
413 1794 520 1823 tempus
537 1786 656 1822 judicare
671 1785 812 1817 debemus,
834 1783 919 1810 donec

127 1840 205 1867 veniat
219 1838 371 1870 Dominus,
385 1841 412 1864 et
426 1835 559 1862 illuminet
570 1832 722 1860 abscondita
739 1830 917 1861 tenebrarum,

128 1890 151 1912 et
163 1884 343 1913 manilestahit
356 1882 532 1918 cogitationes
550 1879 655 1910 cordis;
675 1882 702 1905 et
716 1882 778 1903 tunc
798 1876 853 1903 laus
868 1875 920 1902 erit

127 1932 261 1966 unicuique
281 1937 298 1957 a
319 1930 375 1957 Deo
399 1928 425 1964 (ι
441 1927 500 1954 Cor.
515 1934 558 1958 tv,
572 1926 606 1957 4,
623 1925 662 1959 5).
679 1923 782 1950 Viderit
798 1929 860 1957 ergo
876 1921 919 1948 ille

127 1982 248 2011 quantum
270 1976 387 2011 quisque
407 1972 528 2008 proﬁciat
548 1971 573 1998 in
591 1968 722 1997 mandatis
737 1968 794 2002 ejus
809 1976 814 1992 2
830 1971 919 1994 tamen

127 2024 191 2052 volet
203 2023 286 2051 nimis
305 2021 350 2057 qui
372 2027 465 2055 pacem
486 2018 555 2045 illius
575 2014 791 2044 cozediﬁcationis
810 2013 918 2040 adama-

126 2072 203 2104 verit;
216 2078 268 2098 nec
280 2070 338 2105 jam
352 2068 499 2102 desperare
513 2064 601 2095 debet,
616 2062 739 2097 quoniam
755 2061 781 2086 in
794 2059 920 2086 mandatis

126 2117 175 2151 €sz
187 2118 251 2144 rotet
265 2116 361 2147 nimis,
376 2118 405 2141 et
419 2120 469 2147 pax
485 2111 511 2138 in
528 2115 597 2137 terra
612 2107 762 2136 hominibus
780 2105 856 2133 home
871 2113 918 2132 ve—

127 2163 228 2191 luutatis
243 2162 323 2199 (Luc.
336 2168 372 2194 ιι,
386 2159 443 2195 lt).

158 2210 184 2237 3.
201 2219 212 2236 ι
228 2209 310 2241 Inde,
327 2206 422 2234 Potens
442 2205 470 2232 in
492 2208 558 2230 terra
576 2202 622 2229 erit
643 2209 725 2228 semen
745 2200 808 2235 ejus.
821 2199 919 2227 Semen

128 2256 216 2284 futura
238 2254 356 2286 messis,
379 2259 461 2287 opera
483 2257 544 2278 esse
564 2248 754 2276 misericordiae
776 2247 919 2281 Apostolus

128 2303 198 2329 testis
211 2305 268 2335 est,
282 2300 329 2335 qui
348 2298 430 2331 dicit,
445 2296 544 2323 Bonum
559 2300 642 2322 autent
661 2293 779 2329 facientes
793 2300 843 2318 non
857 2292 921 2325 deﬁ-

128 2348 234 2380 ciamus,-
248 2351 364 2380 tempore
375 2344 442 2371 enim
453 2342 555 2378 proprio
565 2346 684 2367 metemus
694 2339 704 2354 ⁸
717 2338 813 2374 (Galat.
825 2345 861 2370 vt,
873 2336 899 2372 9)
911 2345 918 2364 :

129 2398 154 2420 et
166 2393 271 2425 iterum,
289 2391 347 2418 Hoc
359 2395 454 2422 autem,
469 2388 564 2423 inquit,
576 2390 619 2422 qut
631 2393 704 2421 parte
716 2385 830 2416 seminat,
846 2391 921 2418 parte

129 2444 228 2466 autem
241 2438 275 2474 (Il
286 2437 349 2465 Cor.
361 2444 399 2469 ix,
412 2435 452 2470 6).
466 2434 534 2468 Quid
545 2438 644 2465 autem,
658 2432 763 2462 fratres,
776 2431 919 2465 potentius,

129 2493 201 2520 quam
215 2489 245 2513 ut
259 2490 376 2519 regnum
392 2481 532 2512 caelorum,
547 2486 600 2506 non
613 2478 698 2506 solum
712 2477 837 2504 Zaeliaeus
851 2480 921 2503 emat

129 2531 233 2558 dimidio
251 2537 346 2558 rerum
367 2534 475 2555 suarum
493 2525 567 2561 (Luc.
582 2532 641 2556 xxx,
660 2524 702 2558 8),
724 2523 771 2550 sed
795 2527 821 2549 et
842 2522 920 2549 vidua

131 2577 226 2605 duobus
246 2575 360 2604 minutis
381 2573 477 2611 (Marc.
499 2580 554 2605 xu,
573 2571 618 2606 42)
631 2591 638 2603 ,
653 2575 681 2597 et
701 2569 863 2596 tantumdem
885 2568 920 2595 ibi

130 2627 235 2658 uterque
246 2619 406 2657 possideat?
418 2618 480 2654 quid
494 2617 638 2653 potentius,
655 2623 733 2650 quant
750 2619 776 2641 ut
792 2615 859 2641 idem
876 2621 919 2640 re-

131 2675 204 2702 gnum
218 2672 245 2695 et
257 2665 392 2694 thesauris
404 2664 495 2696 diviti,
508 2668 535 2690 ct
547 2662 630 2690 calice
644 2669 719 2695 aqurc
739 2660 838 2694 frigidm
857 2668 920 2692 pau-

132 2713 184 2748 peri
197 2712 300 2740 valeat!
313 2711 384 2739 Sunt
396 2713 486 2737 autem
500 2708 544 2744 qui
563 2708 612 2735 ista
627 2707 723 2734 faciant
737 2706 800 2733 dum
816 2711 919 2732 terrena

132 2759 298 2794 anquirunt,
314 2761 362 2785 aut
379 2756 425 2784 hic
441 2754 592 2783 mercedem
610 2757 747 2788 sperantes
766 2759 781 2778 a
797 2752 919 2784 Domino,

132 2809 175 2831 aut
194 2805 343 2833 hominibus
364 2803 472 2839 placere
485 2801 623 2836 cupientes
638 2809 644 2827 :
658 2799 719 2831 sed,
738 2798 869 2825 Generatio
882 2806 921 2824 re-

162 2882 170 2897 ⁸
182 2882 215 2907 51c
225 2886 276 2908 Its.
288 2882 351 2907 ιτΔὶιὶ
363 2883 460 2908 autem,
471 2877 589 2904 orandum
601 2879 643 2902 est.

160 2911 440 2943 'Iss,docibitesl)eo.
513 2940 535 2943 __
669 2937 729 2943 ,Μ

159 2944 170 2959 ³
178 2938 411 2971 ωηίεηιιεωὼυδ
422 2945 478 2967 Mss.
491 2940 589 2970 addunt,
601 2946 646 2963 non
657 2938 799 2970 tleﬁricutcs.

1700 219 1753 248 162

963 276 1059 299 clarum
1069 271 1241 305 benedicatur;
1253 272 1279 300 id
1289 277 1340 307 est,
1351 281 1431 309 opera
1441 281 1534 302 eorum
1543 282 1657 311 quorum
1665 275 1753 305 bonus

963 316 1035 344 Deus
1047 315 1142 351 lsrael,
1157 318 1200 353 qui
1213 323 1287 346 reeto
1299 323 1361 346 sunt
1370 319 1468 354 corde;
1483 325 1586 349 rectum
1599 327 1688 350 autem
1705 329 1754 350 cor

962 366 1016 396 est,
1031 369 1084 389 non
1098 363 1223 391 resistere
1237 364 1304 399 patri
1316 364 1486 399 emendanti,
1506 370 1534 394 et
1552 367 1661 395 credere
1675 366 1753 403 polli—

962 407 1031 435 centi
1050 416 1056 434 :
1076 415 1128 436 non
1150 415 1242 436 eorum
1265 409 1363 444 quibus
1387 415 1586 439 commoventur
1605 412 1703 447 pedes,
1726 417 1754 440 ct

962 453 1133 482 eﬁ‘unduntur
1144 462 1252 490 gressus
1263 460 1343 491 atque
1354 456 1487 490 labuntur,
1500 457 1568 485 sicut
1580 458 1606 485 in
1619 458 1671 486 alio
1684 459 1755 493 psal-

963 507 1007 528 mo
1019 501 1132 534 canitur,
1145 501 1208 529 dum
1222 502 1309 529 zelant
1323 502 1349 530 in
1362 503 1544 538 peccatoribus
1556 510 1648 540 pacem
1661 513 1754 540 pecca~

963 550 1050 573 torum
1064 546 1195 580 videntes,
1211 551 1238 574 et
1251 551 1343 582 putant
1355 548 1443 583 perire
1456 555 1536 583 opera
1551 557 1610 583 sua,
1624 550 1685 585 quia
1699 557 1753 578 non

963 591 1002 619 eis
1016 599 1120 620 merces
1138 592 1258 620 redditur
1275 593 1392 627 peritura
1411 593 1494 629 (Ptol.
1508 599 1596 627 Lxxu,
1611 595 1699 631 1-H).
1720 596 1756 623 At

964 637 1013 665 iste
1027 638 1068 665 vir
1080 638 1123 673 qui
1138 639 1212 666 timet
1225 639 1365 667 Dominum
1375 660 1382 672 ,
1395 644 1423 667 et
1441 640 1467 667 iu
1488 641 1614 675 templum
1634 646 1754 669 sanctum

964 683 1011 711 Dei
1023 684 1198 712 conversione
1209 684 1275 712 recti
1290 684 1378 713 cordis
1390 689 1504 720 aptatur,
1519 693 1568 713 nec
1581 686 1693 721 gloriam
1707 686 1756 714 ho-

964 729 1065 756 minum
1078 730 1190 765 quaerit,
1208 737 1259 757 nec
1271 735 1392 758 terrenas
1408 731 1515 759 divitias
1528 732 1709 767 concupiscit;
1729 736 1757 760 et

965 779 1052 803 tamen
1062 795 1070 808 ,
1084 774 1173 803 Gloria
1188 781 1213 803 et
1231 776 1326 804 divitia
1342 777 1369 804 in
1388 777 1462 804 domo
1483 778 1547 813 ejus.
1569 778 1668 806 Domus
1683 778 1756 806 enim

964 820 1022 854 ejus
1035 828 1082 848 cor
1097 821 1156 856 ejus
1168 825 1226 855 est;
1243 822 1307 856 ubi,
1323 822 1378 850 Deo
1391 822 1531 856 laudante,
1547 823 1698 858 opulentius
1710 823 1756 851 ha-

964 866 1030 893 bitat
1041 873 1102 894 cum
1114 874 1162 902 spe
1175 867 1235 895 vitae
1248 872 1367 902 πίει-ηαξ,
1381 876 1471 904 quam,
1485 868 1635 897 hominibus
1647 870 1755 897 adulatn

966 912 1050 946 tibus,
1067 913 1094 941 in
1108 914 1277 942 marmoratis
1289 914 1470 951 laqueatisque
1490 916 1567 944 tectis
1585 921 1645 943 cum
1662 916 1759 944 liotore

965 958 1059 985 mortis
1070 963 1188 987 atteram.
1201 959 1285 994 Hujus
1303 960 1374 987 enim
1385 960 1488 995 justltta
1501 965 1585 987 manet
1597 962 1624 988 in
1636 961 1758 988 sa'culum

965 1005 1051 1031 secuti
1065 1012 1075 1031 :
1088 1004 1145 1040 ipsa
1165 1004 1223 1041 ejus
1243 1005 1343 1041 gloria,
1366 1006 1430 1041 ipsa:
1448 1006 1558 1034 divitiae.
1579 1006 1651 1035 Illius
1668 1012 1758 1035 autem

965 1058 1081 1086 purpura
1094 1056 1122 1079 et
1134 1051 1229 1088 byssus
1241 1057 1269 1080 et
1280 1052 1366 1087 epulae
1380 1052 1536 1088 splendidae,
1549 1058 1575 1081 et
1586 1060 1647 1081 cum
1660 1058 1759 1089 praesto

965 1101 1044 1131 sunt,
1061 1102 1217 1131 transeunt;
1238 1103 1266 1127 et
1286 1105 1346 1127 cum
1367 1098 1401 1127 ad
1424 1099 1504 1127 ﬁnem
1526 1100 1663 1134 venerint,
1683 1107 1760 1136 aqum

965 1148 1066 1180 guttam
1087 1152 1128 1182 ex~
1142 1144 1226 1180 digito
1240 1145 1356 1173 stillante
1370 1145 1525 1174 desiderans
1535 1167 1543 1180 ,
1559 1146 1656 1174 ardens
1671 1146 1760 1181 lingua

966 1188 1090 1218 clamabit
1103 1199 1113 1217 ι
1131 1190 1207 1226 (Luc.
1220 1196 1267 1218 xv:
1276 1209 1285 1225 ,
1299 1188 1490 1228 19-24).[11ωο
1503 1196 1565 1219 sunt
1576 1199 1636 1227 qua:
1649 1190 1676 1219 in
1688 1191 1761 1220 dicto

966 1236 1070 1271 psalmo
1089 1237 1246 1271 exposuisse
1265 1244 1309 1265 me
1328 1237 1438 1265 memini
1454 1238 1560 1274 (Enim.
1580 1238 1607 1265 in
1626 1237 1699 1265 Psat.
1719 1246 1759 1272 ιιι.

967 1289 1011 1308 nn.
1024 1281 1052 1314 2,
1066 1280 1110 1316 5),
1124 1285 1151 1309 et
1162 1281 1196 1308 ad
1208 1281 1362 1317 quastionis
1375 1286 1533 1317 tuae'quarto
1545 1282 1605 1310 loco
1618 1283 1760 1318 proposita:

967 1326 1126 1354 solutionem
1139 1326 1204 1354 satis
1223 1334 1283 1355 esse
1299 1334 1371 1355 nunc
1384 1327 1507 1355 existimo
1518 1326 1549 1364 ¹].
1561 1328 1659 1362 Quinto
1669 1332 1759 1356 autem

967 1371 1026 1399 loco
1046 1371 1072 1399 id
1092 1371 1270 1406 proposuisti,
1292 1372 1363 1400 unde
1381 1377 1442 1408 post
1455 1373 1545 1400 omnia
1565 1373 1761 1408 disputaturum

968 1425 1011 1445 me
1023 1425 1084 1446 csse
1097 1417 1206 1453 promisi
1221 1418 1271 1454 (α).
1615 1444 1619 1447 ,

968 1463 1077 1497 Ωυεετ.
1101 1463 1144 1491 Vl.
1161 1478 1197 1483 —
1217 1463 1308 1491 Utrum
1328 1464 1434 1492 Samuel
1455 1472 1500 1499 per
1519 1464 1692 1500 pytltoniumu
1705 1470 1763 1492 uero

1003 1509 1079 1544 {imit
1090 1509 1121 1536 de
1128 1509 1229 1544 inferno
1248 1513 1373 1537 evocatus.
1385 1509 1514 1537 Samuelis
1525 1512 1591 1545 forte
1600 1510 1761 1545 phantasma,

1004 1563 1056 1582 non
1073 1554 1177 1590 spiritus
1191 1555 1321 1591 apparuit.
1333 1554 1468 1582 Damone;
1481 1555 1606 1590 quomodo
1620 1555 1703 1583 norint
1719 1557 1764 1591 [u-

1005 1606 1072 1628 τινα.

1005 1647 1032 1675 1.
1047 1647 1127 1676 Sexta
1147 1651 1191 1675 tua
1208 1647 1355 1683 propositio
1371 1651 1429 1681 est,
1446 1657 1457 1674 ι
1470 1646 1565 1675 Utrum
1583 1647 1658 1683 juxta
1678 1647 1763 1675 histo-

969 1693 1037 1720 riam
1049 1693 1110 1721 libri
1120 1693 1272 1728 Regnorum
1285 1692 1439 1729 pythonissa
1450 1693 1536 1728 ipsum
1549 1693 1705 1729 prophetam
1716 1692 1764 1721 Sa-

970 1739 1085 1767 muelem
1097 1738 1130 1766 de
1140 1738 1242 1765 inferno
1254 1738 1405 1766 evocaverit
1423 1748 1432 1764 ι
1448 1738 1469 1774 (l
1483 1737 1547 1774 Reg.
1558 1745 1656 1772 xxvut,
1672 1739 1763 1774 7-19).

1005 1784 1032 1812 2.
1047 1784 1104 1812 Hoc
1117 1791 1132 1811 a
1145 1791 1189 1812 me
1207 1783 1293 1812 beatte
1312 1784 1450 1812 memorie
1462 1784 1649 1819 Simpliciauus
1662 1784 1764 1812 Medio-

970 1831 1089 1859 lanensis
1108 1831 1251 1866 episcopus
1269 1830 1412 1865 aliquando
1431 1831 1562 1865 quzeslvit.
1578 1830 1646 1865 Quid
1662 1839 1725 1867 ergo
1739 1831 1764 1859 ei

971 1876 1155 1912 responderim
1168 1876 1198 1909 ¹,
1213 1876 1347 1904 subditum
1370 1876 1447 1911 lege:
1466 1885 1475 1902 ι
1497 1876 1562 1904 item
1585 1877 1697 1912 quieris,
1722 1877 1765 1904 iu-

971 1930 1067 1958 quam,
1081 1926 1170 1950 utrum
1188 1922 1298 1957 spiritus
1316 1922 1469 1949 immundus
1485 1922 1530 1957 qui
1548 1928 1606 1950 erat
1624 1923 1650 1950 in
1667 1923 1766 1959 pytho-

971 1970 1058 2002 nissa,
1074 1968 1190 2004 potuerit
1202 1975 1281 2003 agere
1297 1972 1327 1995 ut
1339 1967 1447 1996 Samuel
1462 1975 1477 1994 ιι
1492 1967 1572 1995 Saule
1590 1967 1723 1995 videretur
1738 1972 1767 1996 et

971 2016 1125 2050 loqueretur
1143 2022 1203 2042 cum
1223 2022 1266 2042 eo.
1287 2013 1341 2042 Sed
1360 2014 1443 2041 multo
1457 2014 1568 2049 majoris
1585 2014 1705 2042 miraculi
1723 2018 1765 2042 est

971 2061 1042 2096 quod
1065 2061 1122 2096 ipse
1143 2064 1249 2088 satanas
1276 2059 1401 2095 princeps
1423 2059 1543 2088 omnium
1568 2059 1767 2089 immundorum

972 2107 1113 2143 spirituum
1128 2107 1213 2142 potuit
1228 2106 1301 2142 loqui
1310 2114 1371 2134 cum
1382 2107 1448 2139 Deo,
1461 2111 1489 2134 et
1503 2110 1596 2142 petere
1609 2107 1765 2135 tentandum

972 2152 1023 2180 Job
1034 2152 1210 2188 justissimum
1224 2153 1308 2180 virum
1324 2152 1384 2188 (Job
1396 2161 1416 2186 ι,
1430 2152 1474 2189 ll)
1489 2153 1554 2188 :qui
1566 2153 1647 2181 etiam
1661 2158 1767 2182 tentan-

972 2197 1022 2226 dos
1034 2198 1177 2233 Apostolos
1192 2198 1265 2232 petiit
1279 2196 1354 2234 (Luc.
1370 2206 1437 2232 nn,
1451 2198 1509 2234 5t).
1526 2199 1581 2226 Aut
1599 2199 1624 2227 si
1643 2198 1694 2227 hoc
1712 2206 1766 2227 non

973 2244 1033 2273 ideo
1048 2244 1129 2272 habet
1142 2244 1276 2272 difﬁcilem
1289 2244 1477 2280 qumstionem,
1491 2245 1552 2280 quia
1566 2252 1614 2280 per
1625 2252 1705 2280 quam
1719 2253 1768 2273 vo-

972 2290 1052 2319 luerit
1064 2294 1212 2318 creaturam
1221 2309 1229 2323 ,
1241 2290 1285 2318 cui
1299 2290 1412 2318 voluerit
1423 2294 1564 2325 creatura),
1579 2291 1678 2326 ubique
1694 2299 1766 2326 pra:-

973 2343 1036 2364 sens
1049 2336 1148 2364 veritas
1163 2336 1290 2371 loquitur,
1305 2343 1355 2367 nec
1367 2340 1506 2372 propterea
1522 2336 1610 2372 magni
1623 2336 1711 2364 meriti
1723 2340 1766 2364 est

973 2381 1016 2409 cui
1030 2381 1147 2417 loquitur
1157 2381 1228 2409 Deus
1243 2390 1250 2409 :
1265 2382 1376 2410 interest
1389 2382 1460 2410 enim
1474 2381 1537 2417 quid
1550 2382 1691 2418 loquatur;
1703 2383 1766 2417 quia

972 2433 1000 2457 et
1014 2429 1158 2465 imperator
1174 2436 1234 2456 cum
1255 2428 1346 2456 multis
1365 2428 1551 2456 innocentibus
1565 2436 1618 2456 non
1638 2428 1765 2463 loquitur,

973 2475 1068 2510 quibus
1081 2474 1312 2510 providentissime
1326 2474 1441 2502 consulit
1456 2473 1491 2501 ad
1508 2473 1640 2506 salutem;
1659 2477 1687 2500 et
1705 2481 1766 2501 cum

973 2522 1063 2550 multis
1083 2521 1240 2550 nocentibus
1260 2520 1392 2556 loquitur,
1411 2527 1479 2555 quos
1496 2519 1573 2554 jubet
1593 2518 1727 2547 interﬁci:
1743 2519 1767 2546 si

973 2576 1038 2603 ergo
1051 2568 1112 2595 hinc
1124 2571 1265 2603 propterea
1275 2565 1348 2594 nulla
1359 2564 1472 2601 quarslio
1486 2569 1544 2597 est;
1559 2564 1630 2591 nulla
1643 2564 1679 2592 sit
1690 2571 1767 2599 qua:-

974 2613 1027 2641 stio
1040 2612 1174 2648 quomodo
1193 2611 1275 2639 etiam
1298 2609 1450 2638 immundus
1470 2609 1579 2645 spiritus
1597 2617 1658 2637 cum
1677 2609 1766 2637 anima

973 2658 1059 2686 sancti
1070 2658 1122 2685 viri
1133 2658 1204 2691 loqui
1217 2656 1341 2691 potuerit.
1356 2655 1485 2683 Omnibus
1497 2655 1569 2683 enim
1582 2655 1682 2682 sanctis
1696 2655 1768 2683 Deus

973 2709 1079 2732 creator
1093 2707 1121 2731 et
1133 2702 1312 2730 sanctiﬁcator
1324 2701 1403 2736 longe
1419 2700 1509 2736 utique
1526 2701 1612 2736 major
1623 2705 1674 2729 est.
1689 2701 1767 2736 Quod

975 2751 997 2779 si
1010 2750 1062 2778 hoc
1075 2753 1183 2782 movet,
1195 2748 1267 2785 quod
1279 2749 1384 2776 licuerit
1397 2748 1514 2783 maligno
1527 2748 1630 2783 spiritui
1649 2748 1768 2775 excitare

975 2796 1090 2824 animam
1102 2794 1167 2831 justi
1177 2815 1185 2829 ,
1198 2799 1226 2823 et
1241 2799 1365 2830 tanquam
1379 2794 1413 2823 de
1426 2793 1524 2822 abditis
1538 2798 1704 2822 mortuorum
1721 2801 1767 2821 rs-

1007 2874 1015 2890 ι
1028 2877 1084 2902 Quae
1093 2871 1184 2907 ansulis
1193 2871 1438 2908 hic_distinguuutur,
1450 2870 1538 2895 absunt
1557 2875 1572 2894 a
1593 2869 1701 2901 quinque
1713 2870 1766 2893 ιιει

1006 2905 1017 2920 Ι
1028 2907 1073 2920 Μαι
1104 2908 1269 2920 σοιρηηυηηι

1007 2907 1017 2920 ¹
1028 2907 1093 2932 Mss,
1104 2908 1278 2934 rescrtpsemn.

1007 2936 1043 2966 (ιι)
1061 2934 1118 2960 \ide
1129 2934 1288 2965 quaestionem
1305 2936 1321 2956 v
1334 2932 1404 2963 infra,
1415 2931 1461 2957 col.
1475 2930 1672 2962 iQu-actam
1697 2932 1727 2954 II.
