4084 6502
549 443 649 500 165

544 556 833 627 ceptaeulis
858 564 1115 615 evocare;
1158 560 1333 601 nonne
1358 544 1525 615 magis
1552 542 1852 597 mirandum
1880 548 1961 594 est
1988 536 2130 609 quod

539 657 757 705 satanas
778 645 949 714 ipsum
972 640 1253 695 Dominum
1279 635 1567 705 assumpsit
1591 644 1644 689 et
1669 631 1946 688 constituit
1972 644 2134 700 super

538 739 761 805 pinnam
791 735 973 805 templi
1016 732 1227 805 (Matth.
1256 746 1340 794 tv,
1377 729 1429 799 5)
1449 730 1473 781 ’ἔ
1507 726 1755 794 Quolibet
1790 726 1933 779 enim
1975 722 2135 777 modo

532 824 760 893 fecerit,
804 828 893 882 ille
919 826 1078 881 etiam
1106 823 1295 878 modus
1324 836 1429 892 quo
1457 818 1689 875 Samueli
1723 818 1918 872 factum
1952 824 2037 871 cst
2077 822 2136 868 ut

543 922 870 979 excitaretur
889 960 904 985 ,
935 918 1179 973 similiter
1209 916 1356 969 latet.
1388 913 1496 967 Nisi
1524 912 1660 966 forte
1685 910 1803 980 quis
1832 907 2033 963 dixerit
2058 906 2137 960 fa-

546 1013 789 1067 ciliorem
818 1010 1032 1065 diabolo
1059 1008 1223 1063 fuisse
1247 1005 1514 1061 licentiam
1541 1002 1605 1056 ad
1636 1000 1917 1055 Dominum
1952 998 2133 1052 vivum

548 1103 690 1158 unde
724 1102 892 1157 voluit
933 1097 1309 1155 assumendum
1330 1139 1344 1161 ,
1376 1104 1437 1150 et
1477 1093 1563 1149 ubi
1603 1092 1770 1146 voluit
1800 1088 2136 1145 constituen-

547 1196 675 1251 dum
696 1238 712 1263 ,
744 1209 903 1265 quam
932 1192 999 1246 ad
1022 1190 1285 1247 Samuelis
1313 1185 1543 1242 defuncti
1575 1184 1815 1253 Spiritum
1845 1196 1875 1234 a
1910 1179 2023 1234 suis
2047 1193 2135 1233 se-

548 1287 705 1342 dibus
727 1284 1089 1341 excitandum.
1109 1279 1266 1348 Quod
1290 1280 1333 1333 si
1361 1278 1485 1333 illud
1512 1278 1564 1331 in
1589 1274 1873 1345 Evangelio
1896 1288 1992 1328 nos
2014 1271 2137 1326 ideo

551 1392 658 1434 non
698 1378 997 1447 perturbat,
1033 1375 1151 1445 quia
1196 1372 1449 1428 Dominus
1491 1369 1657 1424 voluit
1700 1376 1859 1437 atque
1898 1365 2139 1437 permisit

551 1472 693 1527 nulla
721 1469 1073 1525 diminutione
1099 1482 1208 1522 suae
1233 1464 1508 1536 potestatis
1532 1471 1586 1517 et
1607 1460 1896 1515 divinitatis
1916 1458 1967 1513 id
1990 1458 2134 1522 fieri;

552 1563 689 1617 sicut
718 1563 786 1616 ab
812 1562 940 1632 ipsis
968 1559 1187 1624 Juda'is,
1216 1571 1515 1628 quanquam
1546 1552 1813 1624 perversis
1847 1560 2005 1622 atque
2038 1550 2139 1604 im-

551 1657 765 1712 mundis
794 1666 849 1711 ct
876 1656 1011 1709 facta
1038 1653 1233 1709 diaboli
1272 1650 1620 1713 facientibus,
1649 1655 1703 1702 et
1743 1644 1913 1700 teneri
1951 1659 2041 1711 se,
2086 1652 2141 1699 et

548 1751 762 1815 vinciri,
787 1757 842 1805 et
862 1747 1030 1813 illudi,
1054 1756 1106 1801 et
1127 1743 1363 1814 cruciﬁgi
1384 1751 1541 1812 atque
1565 1738 1788 1795 interfici
1816 1750 2002 1808 passus
2023 1743 2135 1790 est:

553 1857 660 1897 non
706 1851 788 1895 est
829 1838 1118 1894 absurdum
1161 1835 1383 1891 credere
1424 1849 1491 1888 ex
1527 1831 1702 1902 aliqua
1744 1827 2140 1899 dispensatione

545 1932 745 1988 divinae
786 1929 1073 1984 voluntatis
1111 1926 1431 1995 permissum
1462 1922 1659 1989 fuisse,
1703 1932 1762 1976 ut
1799 1934 1905 1975 non
1945 1918 2141 1974 invitus

548 2040 653 2081 nec
678 2023 986 2079 dominante
1012 2032 1170 2091 atque
1198 2019 1514 2088 subjugante
1539 2014 1742 2085 magica
1763 2014 2021 2083 potentia,
2044 2008 2140 2065 sed

546 2116 739 2173 volens
774 2123 934 2185 atque
959 2113 1338 2182 obtemperans
1366 2107 1588 2164 occulta:
1606 2101 1996 2175 dispensationi
2022 2100 2136 2169 Dei,

548 2225 673 2282 qua:
699 2217 751 2264 et
778 2207 1143 2279 pythonissam
1172 2204 1315 2259 illam
1338 2209 1395 2258 et
1415 2200 1631 2257 Sairlem
1655 2196 1885 2264 latebat,
1909 2208 2141 2251 consen-

554 2301 679 2357 tiret
707 2300 923 2371 spiritus
960 2298 1243 2368 Propheta:
1285 2294 1454 2350 sancti
1495 2307 1555 2348 se
1591 2289 1801 2347 ostendi
1837 2286 2141 2358 aspectibus

552 2392 730 2462 regis,
757 2390 933 2445 divina
976 2404 1097 2445 eum
1138 2387 1402 2443 sententia
1439 2396 1811 2455 percussurus.
1851 2380 1958 2436 Cur
1996 2380 2139 2435 enim

551 2484 728 2537 anima
758 2482 882 2536 boni
909 2480 1141 2535 hominis
1161 2521 1175 2545 ,
1205 2493 1233 2531 a
1260 2478 1415 2532 malis
1441 2477 1575 2532 vivis
1601 2483 1817 2530 evocata
1846 2472 1891 2528 si
1911 2471 2135 2537 venerit,

549 2576 797 2631 amittere
825 2572 1066 2628 videatur
1094 2569 1401 2641 dignitatem
1432 2583 1618 2632 suam;
1649 2580 1770 2621 cum
1806 2574 1861 2620 et
1890 2564 1993 2617 vivi
2022 2563 2135 2633 ple-

550 2683 773 2737 rumque
811 2665 936 2719 boni
972 2664 1143 2718 vocati
1170 2662 1237 2715 ad
1262 2661 1429 2715 malos
1454 2658 1702 2723 veniant,
1735 2663 1790 2711 et
1827 2664 1985 2725 agant
2014 2668 2137 2707 cum

550 2762 630 2817 eis
672 2759 811 2831 quod
852 2757 1085 2813 ofﬁcium
1127 2755 1360 2825 postulat
1398 2752 1695 2822 mquitatis,
1736 2758 1945 2803 servato
1980 2756 2138 2817 atque

546 2856 868 2909 inconcusso
895 2852 1089 2906 decore
1112 2849 1321 2903 virtutis
1342 2861 1486 2911 suae,
1526 2854 1580 2900 et
1613 2845 1825 2898 illorum
1858 2843 2000 2897 vitiis
2035 2855 2136 2912 pro

548 2959 727 2999 rerum
753 2943 1096 3013 prmsentium
1131 2939 1213 2994 vel
1253 2954 1351 2993 usu
1385 2937 1470 2991 vel
1504 2936 1818 2990 necessitate
1857 2935 2138 2989 tractatis?

620 3038 673 3092 5.
711 3054 729 3085 c
761 3035 1070 3103 Quanquam
1101 3033 1153 3086 in
1189 3031 1290 3085 hoc
1324 3029 1466 3084 facto
1497 3036 1669 3097 potest
1697 3041 1819 3082 esse
1847 3027 1981 3081 alius
2007 3026 2135 3081 faci-

550 3127 653 3182 lior
681 3127 856 3182 exitus
885 3134 936 3179 et
964 3122 1259 3195 expeditior
1284 3120 1587 3176 intellectus
1606 3160 1620 3185 ,
1653 3127 1710 3172 ut
1739 3133 1844 3172 non
1873 3133 2000 3173 vere
2028 3118 2138 3188 spi-

550 3222 709 3276 ritum
731 3217 995 3275 Samuelis
1020 3216 1305 3272 cxcitatum
1333 3230 1363 3268 a
1390 3213 1571 3283 requie
1597 3227 1691 3267 sua
1714 3211 2013 3275 credamus,
2041 3209 2135 3266 sed

548 3312 762 3383 aliquod
794 3310 1125 3381 phantasma,
1144 3317 1202 3363 et
1229 3304 1591 3377 imaginariam
1618 3303 1916 3359 illusionem
1937 3302 2138 3359 diaboli

549 3401 1032 3459 machinationibus
1075 3400 1301 3464 factam,
1342 3412 1501 3468 quam
1545 3405 1823 3466 propterea
1862 3393 2135 3465 Scriptura

548 3495 767 3550 nomine
793 3491 1055 3547 Samuelis
1094 3489 1352 3559 appellat,
1384 3487 1506 3557 quia
1536 3487 1711 3541 solent
1748 3485 2005 3556 imagines
2043 3501 2134 3540 re-

547 3604 666 3644 rum
710 3601 891 3642 earum
937 3584 1238 3639 nominibus
1280 3580 1568 3652 appellari,
1608 3579 2135 3650 quarum.imagines

548 3689 691 3737 sunt.
723 3680 869 3735 Sicut
899 3677 1072 3732 omnia
1102 3691 1221 3747 quae
1261 3675 1548 3745 pinguntur
1576 3682 1733 3743 atque
1775 3672 2041 3743 ﬁnguntur
2066 3688 2134 3728 ex

545 3774 720 3844 aliqua
749 3772 971 3827 materie
999 3768 1199 3824 metalli
1227 3776 1317 3822 aut
1342 3767 1491 3838 ligni,
1514 3766 1599 3821 vel
1622 3766 1876 3835 cujusque
1900 3766 1975 3821 rei
1996 3776 2133 3836 apta:

543 3864 612 3920 ad
638 3879 799 3936 opera
829 3861 1131 3933 hujusmodi
1149 3903 1162 3925 ,
1192 3875 1416 3932 qumque
1443 3859 1602 3915 etiam
1632 3859 1877 3914 videntur
1905 3860 1957 3914 in
1983 3874 2131 3914 som-

545 3957 660 4021 nis,
701 3965 756 4011 et
791 3970 979 4010 omnes
1015 3954 1127 4010 fere
1165 3954 1423 4024 imagines
1443 3996 1457 4015 ,
1489 3966 1671 4007 earum
1699 3967 1878 4007 rerum
1907 3966 2130 4022 quarum

545 4051 799 4121 imagines
831 4059 953 4104 sunt
976 4091 990 4115 ,
1020 4047 1275 4117 appellari
1319 4044 1626 4100 nominibus
1663 4044 1858 4100 solent.
1888 4045 2019 4113 Quis
2048 4053 2133 4099 est

544 4142 686 4197 enim
716 4141 804 4211 qui
832 4140 1102 4195 hominem
1140 4140 1339 4208 pictum
1368 4136 1575 4191 dubitet
1601 4149 1794 4191 vocare
1823 4134 2131 4189 hominem?

543 4232 981 4304 Quandoquidem
1024 4239 1079 4286 et
1114 4229 1448 4299 singulorum
1494 4242 1826 4297 quorumque
1867 4227 2129 4298 picturam

543 4342 666 4382 cum
693 4324 979 4395 aspicimus
999 4365 1013 4389 ,
1044 4321 1259 4393 propria
1288 4334 1498 4390 quoque
1523 4318 1738 4373 nomina
1762 4318 2130 4374 incunctanter

542 4417 857 4473 adhibemus
889 4432 903 4469 :
935 4415 1080 4469 velut
1113 4428 1234 4467 cum
1276 4411 1542 4467 intuentes
1578 4410 1807 4465 tabulam
1838 4418 1929 4464 aut
1956 4411 2132 4480 parie-

544 4518 683 4572 tem,
731 4506 996 4571 dicimus,
1028 4504 1119 4559 lllc
1160 4503 1345 4558 Cicero
1386 4511 1504 4567 est,
1551 4501 1638 4555 ille
1677 4499 1991 4568 Sallustius,
2040 4502 2129 4557 illc

542 4598 798 4663 Achilles,
830 4597 917 4652 ille
948 4597 1162 4661 Hector,
1192 4594 1295 4648 hoc
1324 4592 1523 4648 ﬁumen
1549 4592 1763 4656 Simois,
1804 4592 1893 4645 illa
1924 4592 2125 4658 Roma;

540 4710 659 4750 cum
691 4691 834 4747 aliud
864 4690 991 4745 nihil
1015 4690 1122 4745 sint
1145 4704 1304 4758 quam
1334 4688 1487 4758 pictze
1515 4686 1789 4757 imagines.
1818 4684 1971 4741 Unde
1992 4685 2129 4740 Che-

542 4786 712 4840 rubim
743 4798 867 4839 cum
905 4783 1011 4838 sint
1048 4780 1295 4836 ccelestes
1333 4787 1654 4850 potestates,
1689 4775 1809 4832 ﬁcta
1848 4786 2023 4833 tamen
2060 4792 2128 4833 ex

540 4868 964 4949 metallo,vquod
1006 4873 1286 4945 imperavit
1327 4874 1496 4939 Deus,
1528 4887 1690 4941 super
1722 4887 1898 4926 arcam
1936 4871 2126 4927 Testa--

539 4972 725 5039 menti,
749 4987 954 5042 magna:
979 4969 1057 5025 rei
1081 4964 1439 5038 signiﬁcanda
1461 4964 1649 5035 gratia,
1680 4978 1783 5019 non
1806 4963 1943 5017 aliud
1966 4978 2125 5033 quam

537 5064 824 5120 Cherubim
846 5064 930 5118 illa
950 5076 1159 5133 quoque
1184 5059 1433 5129 ﬁgmenta
1452 5056 1751 5111 vocitantur
1776 5053 1970 5124 (Exod.
1996 5070 2121 5118 xxv,

542 5154 655 5219 l8).
687 5153 815 5209 Item
844 5154 1083 5225 quisquis
1127 5152 1270 5207 videt
1312 5149 1613 5214 somnium,
1660 5163 1765 5201 non
1807 5145 1961 5210 dicit,
2006 5145 2121 5200 Vidi

541 5244 826 5315 imaginem
859 5246 1135 5315 Augustini
1170 5253 1261 5299 aut
1298 5240 1659 5314 Simpliciani;
1701 5238 1829 5306 sed,
1864 5238 1980 5293 Vidi
2010 5239 2123 5293 Au-

537 5337 806 5408 gustinum
831 5342 922 5387 aut
938 5335 1336 5405 Simplicianum
1361 5354 1374 5388 :
1400 5350 1521 5390 cum
1544 5347 1608 5388 eo
1631 5342 1869 5402 tempore
1889 5346 1994 5402 quo
2016 5330 2122 5386 tale

536 5427 733 5498 aliquid
780 5414 949 5489 vidit,
985 5441 1085 5480 nos
1130 5428 1531 5497 ignoraremus;
1563 5440 1731 5496 usque
1768 5424 1901 5479 adeo
1944 5423 2121 5477 mani-

536 5520 728 5575 festum
756 5526 872 5582 est,
900 5531 1007 5571 non
1032 5518 1175 5587 ipsos
1202 5516 1444 5572 homines
1463 5560 1478 5583 ,
1508 5518 1601 5572 sed
1641 5519 1896 5589 imagines
1932 5532 2120 5572 eorum

536 5610 726 5667 videri.
756 5609 821 5664 Et
845 5608 1054 5664 Pharao
1084 5608 1257 5677 spicas
1284 5623 1342 5663 se
1375 5608 1511 5663 dixit
1532 5609 1729 5665 vidisse
1754 5612 1806 5664 in
1835 5610 2040 5665 somnis
2067 5617 2121 5664 et

536 5701 700 5757 boves
748 5697 899 5773 (Gen.
939 5715 1059 5764 xu,
1104 5696 1324 5770 17-24),
1371 5713 1479 5753 non
1522 5699 1781 5766 spicarum
1826 5711 1918 5755 aut
1957 5702 2118 5755 boum

534 5796 812 5866 imagines.
842 5793 899 5849 Si
926 5793 1084 5863 igitur
1112 5789 1310 5861 liquido
1347 5798 1559 5848 constat
1598 5793 1898 5849 nominibus
1932 5808 2119 5849 carum

535 5903 711 5945 rerum
744 5901 967 5960 quarum
1008 5884 1265 5957 imagines
1302 5893 1453 5955 sunt,
1483 5880 1695 5941 easdem
1734 5885 1989 5957 imagines
2020 5902 2119 5958 ap-

1313 430 1401 484 DE
1437 426 1615 484 ocro
1655 423 1947 482 DULClTll
1983 418 2523 490 QUIES'l‘lO-NIBUS,
2555 424 2610 481 s.
2660 423 3030 483 AUGUSTlNl

3724 434 3822 491 164

2240 537 2462 606 pellari;
2503 555 2609 597 non
2640 544 2831 597 mirum
2863 553 2945 599 est
2970 545 3111 616 quod
3140 545 3414 617 Scriptura
3447 549 3576 606 dicit
3606 548 3828 611 Samue-

2239 629 2343 684 lem
2374 631 2577 698 visum,
2626 634 2833 690 etiamsi
2876 638 3012 691 forte
3050 638 3224 708 imago
3261 639 3524 696 Samuelis
3560 647 3825 713 apparuit,

2239 723 2668 782 machinamento
2709 728 2824 799 ejus
2861 731 2951 800 qui
2992 730 3330 802 transﬁgurat
3372 749 3432 790 sc
3472 736 3617 791 velut
3660 753 3827 809 ange-

2240 818 2351 873 lum
2380 819 2540 885 lucis,
2574 830 2629 875 et
2654 822 2927 879 ministros
2954 838 3083 879 suos
3121 825 3270 881 velut
3303 827 3575 885 ministros
3606 829 3829 900 justitite

2241 910 2310 981 (ll
2336 909 2453 967 Cor.
2483 928 2557 977 χι,
2587 913 2674 980 14,
2706 914 2815 984 15).

2309 1003 2364 1057 4.
2399 1021 2417 1055 ι
2449 1002 2695 1060 Jamvero
2724 1005 2770 1061 si
2799 1005 2927 1061 illud
2958 1016 3153 1074 movet,
3185 1009 3455 1079 quomodo
3500 1021 3555 1068 et
3582 1028 3614 1069 a
3666 1016 3823 1070 malia-

2238 1108 2345 1163 gno
2383 1095 2568 1164 spiritu
2598 1094 2744 1151 Sauli
2773 1113 2897 1152 vera
2941 1099 3191 1169 przedicta
3217 1110 3377 1169 sunt;
3415 1112 3590 1173 potest
3615 1115 3669 1161 et
3698 1106 3824 1162 illud

2241 1185 2432 1238 mirum
2449 1185 2635 1251 videri,
2690 1188 2959 1257 quomodo
3008 1189 3280 1246 daemones
3322 1197 3637 1262 agnoverint
3662 1197 3822 1251 Chri-

2240 1282 2379 1329 stum
2413 1279 2432 1348 (
2460 1276 2645 1331 Matth.
2686 1294 2796 1344 vtu,
2823 1278 2894 1335 99
2927 1280 2967 1349 ),
2994 1296 3152 1351 quem
3196 1282 3363 1338 .ludzei
3412 1301 3516 1341 non
3557 1302 3824 1358 agnosce-

2240 1363 2385 1419 bant.
2414 1366 2543 1421 Cum
2558 1367 2707 1421 enim
2731 1369 2840 1423 vult
2867 1370 3007 1425 Deus
3027 1371 3184 1425 etiam
3200 1388 3293 1441 per
3312 1374 3523 1431 inﬁmos
3553 1377 3826 1434 infernos-

2242 1473 2343 1527 que
2364 1459 2580 1529 spiritus
2601 1462 2827 1531 aliquem
2846 1479 2969 1519 vera
2988 1480 3331 1535 cognoscere,
3356 1471 3665 1538 temporalia
3685 1472 3827 1527 duu-

2243 1558 2386 1606 taxat
2413 1562 2571 1623 atque
2596 1554 2660 1608 ad
2706 1556 2858 1610 istam
2886 1558 3260 1613 mortalitatem
3303 1560 3642 1630 pertinentia,
3669 1564 3825 1622 facile

2242 1653 2343 1712 est,
2372 1654 2425 1701 et
2464 1661 2568 1700 non
2622 1646 2995 1718 incongruum,
3030 1660 3089 1704 ut
3115 1651 3453 1722 omnipotens
3478 1661 3533 1708 et
3555 1654 3733 1725 justus
3758 1658 3829 1714 ad

2243 1753 2427 1793 eorum
2476 1754 2709 1808 pinnam,
2749 1742 2941 1812 quibus
2976 1743 3074 1798 ista
3117 1743 3494 1814 praedicuntur,
3527 1756 3585 1803 ut
3621 1750 3824 1806 malum

2242 1830 2384 1901 quod
2436 1831 2515 1886 eis
2561 1833 2855 1903 impendet,
2912 1844 3197 1907 antequam
3226 1838 3399 1893 veniat
3440 1843 3825 1909 praenoscendo

2243 1926 2548 1995 patiantur,
2590 1928 2800 1983 occulto
2850 1938 3107 1999 apparatu
3155 1929 3570 1987 ministeriorum
3607 1948 3827 1992 suorum

2242 2018 2403 2073 etiam
2430 2019 2710 2089 spiritibus
2731 2020 2923 2077 talibus
2942 2020 3141 2092 aliquid
3171 2021 3511 2080 divinationis
3537 2025 3825 2097 impertiat,

2243 2118 2302 2165 ut
2329 2111 2469 2181 quod
2486 2112 2708 2168 audiunt
2742 2113 2810 2169 ab
2838 2112 3078 2184 Angelis,
3118 2116 3475 2185 praenuntient
3501 2117 3825 2175 hominibus.

2243 2201 2472 2259 Tantum
2513 2214 2689 2260 autem
2742 2204 2982 2273 audiunt,
3025 2216 3277 2276 quantum
3304 2210 3541 2264 omnium
3570 2210 3828 2268 Dominus

2241 2303 2400 2366 atque
2421 2296 2724 2351 moderator
2752 2297 2833 2353 vel
2855 2296 3003 2368 jubet
3028 2298 3111 2353 vel
3130 2298 3275 2354 sinit.
3295 2298 3449 2356 Unde
3467 2301 3631 2356 etiam
3672 2305 3827 2372 spiri-

2242 2394 2328 2441 tus
2357 2386 2641 2458 pythouius
2671 2388 2721 2442 in
2739 2389 2953 2443 Actibus
2978 2389 3350 2459 Apostolorum
3377 2400 3656 2447 attestatur
3677 2394 3822 2447 Pau-

2243 2478 2296 2533 lo
2334 2479 2575 2549 apostolo
2602 2521 2618 2547 ,
2672 2488 2727 2534 et
2767 2480 3087 2549 evangelista
3131 2496 3251 2536 esse
3292 2482 3684 2551 conatur(Act.
3711 2500 3824 2551 xvt,

2243 2572 2309 2626 l7
2332 2570 2373 2645 ).
2398 2573 2621 2627 Miscent
2648 2582 2824 2627 tamen
2838 2574 2932 2628 isti
2959 2572 3213 2642 fallacias,
3240 2583 3294 2629 et
3319 2590 3501 2630 verum
3533 2577 3670 2647 quod
3696 2592 3821 2632 noss

2242 2677 2301 2719 sc
2326 2664 2613 2734 potuerint,
2642 2680 2747 2718 non
2769 2664 2995 2719 docendi
3024 2666 3189 2736 magis
3220 2681 3377 2736 quam
3393 2665 3688 2737 decipiendi
3722 2668 3826 2723 ﬁne

2243 2756 2618 2826 prmnuntiant.
2650 2757 2719 2810 Et
2764 2758 2898 2811 forte
2926 2756 3026 2811 hoc
3069 2765 3153 2812 est
3202 2757 3342 2827 quod
3368 2772 3488 2812 cum
3519 2760 3603 2813 illa
3652 2759 3828 2830 imago

2240 2848 2502 2904 Samuelis
2547 2848 2760 2905 Saﬁlem
2802 2848 3115 2919 praediceret
3144 2848 3480 2915 moriturum,
3512 2850 3641 2905 dixit
3664 2851 3826 2906 etiam

2240 2954 2421 2996 secum
2445 2940 2677 2996 futurum
2701 2960 2713 2995 :
2745 2941 2886 3011 quod
2909 2942 3086 3011 utique
3113 2941 3300 2995 falsum
3321 2950 3421 2997 est.
3452 2942 3641 3013 Magno
3662 2946 3821 3013 quip-

2239 3046 2306 3101 pe
2330 3031 2611 3086 intervallo
2653 3044 2774 3102 post
2820 3039 3047 3086 mortem
3086 3032 3321 3102 separari
3346 3032 3561 3087 benosa
3582 3033 3740 3087 malis
3769 3034 3824 3088 in

2241 3125 2528 3196 Evangelio
2554 3126 2797 3197 legimus,
2839 3142 2959 3181 cum
2990 3126 3244 3182 Dominus
3271 3126 3407 3181 inter
3431 3127 3716 3197 superbum
3757 3129 3825 3182 il-

2239 3217 2347 3272 lum
2368 3218 2608 3283 divitem,
2646 3233 2766 3273 cum
2788 3218 2899 3289 jam
2924 3218 3063 3289 apud
3096 3217 3294 3273 inferos
3314 3227 3575 3273 tormenta
3597 3227 3817 3288 patere~

2240 3320 2346 3379 tur,
2375 3320 2429 3367 et
2474 3311 2619 3367 illum
2648 3312 2742 3383 qui
2786 3312 2853 3366 ad
2887 3312 3004 3382 ejus
3024 3311 3241 3382 januam
3272 3313 3550 3368 ulcerosus
3582 3313 3817 3383 jacebat,

2233 3400 2344 3473 jam
2375 3402 2427 3457 in
2458 3402 2643 3472 requie
2679 3403 3049 3470 constitutum,
3105 3418 3354 3474 magnum
3391 3403 3556 3459 chaos
3602 3404 3827 3474 interje—

2236 3503 2379 3549 ctum
2401 3509 2519 3550 esse
2548 3493 2808 3566 testatur(
2836 3492 2965 3548 Luc.
3007 3510 3113 3559 xvt,
3141 3494 3211 3550 26
3238 3495 3281 3565 ).
3310 3494 3417 3549 Aut
3444 3495 3492 3549 si
3538 3505 3824 3566 propterea

2238 3586 2453 3643 Samuel
2472 3584 2619 3641 Sauli
2643 3585 2795 3649 dixit,
2832 3584 3033 3640 Mecum
3065 3586 3182 3652 eris,
3211 3594 3270 3639 ut
3292 3599 3396 3640 non
3433 3585 3498 3640 ad
3545 3586 3820 3655 aequalitas

2236 3685 2342 3733 tem
2365 3677 2651 3744 felicitatis,
2692 3676 2785 3732 sed
2806 3678 2870 3732 ad
2896 3693 3074 3748 parem
3095 3676 3448 3732 conditionem
3477 3678 3665 3733 mortis
3684 3680 3827 3734 refe-

2234 3783 2404 3841 ratur,
2438 3772 2581 3843 quod
2608 3780 2832 3844 uterque
2852 3772 3013 3827 homo
3030 3770 3209 3839 fuerit,
3227 3780 3281 3826 et
3305 3779 3527 3841 uterque
3555 3772 3690 3825 mori
3715 3786 3814 3841 po-

2237 3865 2416 3933 tuerit,
2452 3865 2667 3935 jamque
2709 3871 2954 3919 mortuus
2984 3871 3209 3919 mortem
3238 3864 3361 3917 vivo
3384 3864 3775 3933 praenuntiabat
3804 3881 3818 3928 ;

2235 3956 2507 4027 perspicit,
2533 3964 2787 4027 quantum
2830 3955 3041 4026 opinor,
3075 3954 3353 4025 prudentia
3382 3962 3492 4017 tua,
3520 3954 3817 4010 secundum

2234 4056 2521 4120 utrumque
2549 4048 2874 4104 intellectum
2897 4046 3094 4102 habere
3118 4045 3319 4101 exitum
3342 4045 3486 4099 illam
3504 4045 3818 4110 lectionem,

2235 4141 2325 4213 qui
2356 4157 2460 4197 non
2491 4142 2562 4196 sit
2609 4150 2791 4197 contra
2836 4140 2994 4196 ﬁdem
3032 4157 3045 4193 :
3083 4140 3185 4195 nisi
3235 4138 3370 4194 forte
3399 4138 3744 4209 profundiore
3768 4150 3824 4195 et

2235 4234 2570 4305 perplexiore
2596 4234 2955 4305 inquisitione,
2997 4249 3115 4304 qua:
3136 4233 3217 4288 vcl
3243 4233 3435 4288 virium
3467 4248 3704 4287 mearum
3735 4234 3820 4287 vel

2237 4327 2491 4397 temporis
2528 4326 2739 4382 excedit
2785 4325 3075 4396 angustias,
3122 4323 3496 4378 invcnialurad
3527 4323 3813 4394 liquidum,

2234 4417 2317 4470 vel
2351 4432 2507 4487 posse
2546 4416 2631 4471 vel
2684 4431 2791 4470 non
2822 4428 2979 4486 posse
3005 4414 3235 4468 animam
3261 4413 3569 4477 humanam,
3600 4428 3722 4467 cum
3749 4428 3817 4468 ex

2235 4510 2333 4564 hac
2358 4510 2461 4564 vita
2519 4508 2841 4579 migraverit,
2897 4507 3115 4577 magicis
3161 4505 3489 4560 carminibus
3533 4515 3815 4559 evocatam

2234 4602 2472 4657 vivorum
2498 4617 2755 4672 apparere
2778 4600 3178 4670 conspectibns,
3210 4598 3370 4653 etiam
3397 4597 3640 4666 corporis
3660 4597 3823 4653 linea-

2235 4706 2408 4750 menta
2450 4703 2767 4766 gestantem,
2798 4706 2855 4747 ut
2884 4708 2987 4747 non
3023 4692 3195 4746 solum
3228 4691 3391 4745 videri
3420 4690 3610 4755 valeat,
3640 4689 3738 4744 sed
3768 4700 3823 4743 et

2233 4789 2466 4858 agnosci.
2492 4789 2559 4842 Et
2592 4787 2637 4842 si
2683 4795 2876 4857 potest,
2918 4796 3093 4840 utrum
3139 4785 3297 4840 etiam
3323 4784 3449 4854 justi
3480 4784 3679 4849 anima,
3711 4799 3821 4837 non

2231 4881 2441 4951 quidem
2473 4887 2691 4949 cogatur
2732 4878 2949 4948 magicis
2982 4878 3174 4945 sacris,
3208 4876 3301 4931 sed
3333 4877 3579 4946 dignetur
3605 4876 3821 4929 ostendi

2231 4972 2608 5027 occultioribus
2668 4971 2903 5041 imperiis
2960 4984 3182 5023 summa:
3225 4968 3356 5038 legis
3404 4969 3818 5037 obtemperans:

2232 5073 2287 5119 ut
2316 5066 2358 5119 si
2383 5064 2493 5119 ﬁeri
2527 5078 2632 5118 non
2658 5078 2816 5134 posse
2840 5062 3112 5130 claruerit,
3136 5076 3241 5115 non
3288 5070 3513 5130 uterque
3547 5074 3744 5115 sensus
3767 5061 3821 5114 in

2230 5157 2388 5227 hujus
2414 5156 2702 5226 Scriptum
2739 5155 3055 5209 tractatione
3083 5163 3240 5222 atque
3265 5152 3594 5222 expositione
3617 5150 3819 5204 admit-

2229 5259 2393 5317 tatur,
2414 5247 2507 5304 sed
2538 5248 2628 5302 illo
2654 5247 2891 5310 excluso,
2912 5245 3221 5315 imaginaria
3242 5244 3509 5298 simulatio
3538 5242 3814 5297 Samuelis

2226 5341 2490 5397 diabolico
2518 5340 2623 5395 ritu
2651 5339 2787 5394 facta
2816 5339 3158 5408 intelligatur.
3178 5337 3279 5391 Sed
3306 5336 3579 5407 quoniam,
3603 5336 3717 5389 sive
3750 5335 3819 5388 il-

2228 5434 2314 5489 lud
2347 5435 2459 5489 ﬁeri
2486 5434 2675 5503 possit,
2718 5433 2830 5487 sive
2862 5448 2965 5485 non
2997 5430 3189 5501 possit,
3218 5438 3399 5484 tamen
3434 5428 3642 5482 fallacia
3671 5437 3822 5482 sata-

2228 5542 2311 5580 na:
2336 5534 2495 5596 atque
2544 5524 2831 5594 imaginum
2883 5520 3303 5576 simulandarum
3338 5518 3526 5574 callida
3574 5520 3820 5587 operatio

2226 5616 2554 5688 decipiendis
2597 5616 2843 5670 humanis
2888 5614 3133 5670 sensibus
3171 5611 3508 5668 multiformis
3552 5611 3815 5681 invigilat,

2228 5708 2552 5781 pedetentim
2581 5707 2816 5778 quidem,
2851 5720 2919 5761 ne
2945 5704 3372 5777 inquisitionibus
3386 5702 3819 5773 diligentioribus

2228 5801 2670 5873 przescribamus,
2722 5797 2818 5855 sed
2862 5807 3043 5854 tamen
3079 5797 3255 5868 potius
3296 5795 3661 5852 existimemus
3706 5794 3816 5848 tale

2229 5894 2419 5965 aliquid
2466 5892 2661 5948 factum
2692 5889 2920 5963 maligno
2948 5888 3272 5962 pythonisszc
3320 5886 3459 5945 illius
3490 5886 3813 5953 miniatcrio,
