4136 6518
270 428 380 485 1ΰὸ

267 544 529 617 quamdiu
551 542 710 599 nobis
735 540 931 613 aliquid
956 539 1183 609 amplius
1208 538 1510 609 excogitare
1521 546 1681 607 atque
1703 534 1873 606 expli-

267 653 401 693 care
432 651 539 691 non
568 633 756 688 datur»
784 632 1158 707 (Qua‘stionum
1186 630 1256 684 ad
1283 630 1680 700 Simplicianum
1705 626 1795 683 lib.
1815 628 1871 694 2,

271 735 460 797 quiest.
486 727 520 779 5
546 723 590 797 ).

355 817 410 872 5.
434 815 559 869 Haec
585 810 855 882 suntquae.
899 820 1025 866 tunc
1074 810 1141 865 de
1192 810 1502 883 pythonissa
1542 819 1596 865 et
1625 810 1878 864 Samuelc

274 906 471 976 scripsi
500 907 540 958 ¹.
568 904 673 959 Sed
704 918 863 974 quam
895 918 998 957 non
1044 902 1241 956 frustra
1270 900 1518 965 dixerim,
1553 901 1875 970 pedetentim

278 1014 384 1055 nos
416 1001 467 1052 in
492 998 592 1052 hac
618 1012 677 1051 re
705 1005 854 1066 gesta
907 994 1211 1049 simulatam
1239 996 1259 1025 ¹
1287 993 1555 1049 Samuelis
1586 992 1876 1062 imaginem

278 1091 520 1161 maligno
566 1088 898 1160 pythonissaa
946 1085 1244 1140 ministerio
1274 1091 1652 1155 praesentatam
1693 1082 1875 1137 existi-

279 1198 439 1237 mare
468 1180 682 1244 debere,
704 1194 773 1234 ne
799 1177 1231 1247 inquisitionibus
1266 1175 1693 1246 diligentioribus
1737 1189 1881 1244 pra:-

279 1257 617 1337 scribamus;
643 1288 764 1328 mea
792 1272 1057 1342 posterior
1083 1271 1352 1341 inquisitio
1372 1269 1681 1335 declaravit,
1710 1284 1880 1339 quan-

282 1367 359 1422 do
378 1364 553 1419 inveni
575 1365 628 1418 in
651 1363 787 1417 libro
828 1362 1225 1428 Ecclesiastico,
1258 1361 1345 1415 ubi
1376 1361 1563 1415 Patres
1591 1360 1877 1415 laudantur

284 1472 356 1510 ex
390 1456 599 1520 ordine,
655 1454 829 1524 ipsum
858 1452 1163 1508 Samuelem
1193 1453 1271 1508 sic
1312 1451 1475 1507 fuisse
1500 1452 1790 1517 laudatum,
1825 1459 1882 1505 ut

284 1548 650 1620 prophetasse
704 1546 865 1601 etiam
918 1553 1156 1599 mortuus
1207 1545 1475 1600 diceretur
1498 1543 1518 1617 (
1545 1544 1707 1598 Eceli.
1734 1559 1876 1608 XLVI,

282 1642 359 1695 25
378 1642 418 1711 ).
452 1639 561 1695 Sed
587 1640 631 1692 si
657 1648 711 1693 et
734 1638 858 1693 huic
884 1638 1021 1691 libro
1057 1653 1123 1691 ex
1150 1637 1518 1704 Hebraeorum,
1544 1637 1666 1707 quia
1692 1637 1746 1691 in
1776 1651 1870 1691 eo-

283 1748 406 1787 rum
436 1747 545 1786 non
576 1738 659 1785 est
692 1746 919 1796 canone,
950 1727 1378 1793 contradicitur;
1426 1728 1552 1799 quid
1590 1729 1658 1784 de
1700 1728 1880 1798 Moyse

283 1823 481 1879 dicturi
504 1838 710 1886 sumus,
740 1822 830 1890 qui
856 1831 1001 1874 certe
1042 1822 1096 1873 et
1122 1819 1175 1873 in
1201 1819 1613 1874 Deuteronomio
1642 1829 1883 1873 mortuus

289 1914 309 1973 (
332 1913 493 1967 Deut.
526 1928 710 1976 xxxiv,
739 1912 773 1967 5
801 1912 839 1979 ),
864 1920 915 1965 et
947 1911 997 1964 in
1020 1910 1308 1980 Evangelio
1328 1925 1449 1966 cum
1491 1910 1602 1964 Elia
1622 1909 1713 1980 qui
1738 1924 1881 1964 mor-

288 2014 409 2057 tuus
432 2019 542 2058 non
569 2011 672 2069 est,
721 2002 913 2072 lcgitur
957 2002 1271 2071 apparuisse
1312 2000 1613 2057 viventibus
1644 2000 1663 2072 (
1691 1999 1880 2054 Matth.

286 2111 420 2157 xvn,
442 2096 511 2165 5)
542 2095 565 2148 2

314 2188 531 2254 Ωυεετ.
586 2186 699 2241 νη.
726 2216 799 2256 -τ
853 2186 1116 2252 Quomodo
1182 2195 1415 2256 stuprum
1486 2185 1778 2243 Abimeleclt
1806 2197 1858 2242 et

765 2255 1053 2311 Pharaonis
1077 2256 1256 2329 effugit
1278 2258 1435 2314 Sara.

362 2349 416 2403 ‘l.
444 2347 685 2419 Septima
708 2356 795 2403 tua
818 2349 1108 2418 propositio
1119 2356 1224 2414 est,
1250 2367 1268 2400 α
1291 2348 1530 2416 Qualiter
1567 2349 1889 2407 satisfacien-

296 2458 316 2491 ι
336 2438 464 2493 dum
494 2440 562 2493 sit
582 2440 664 2494 eis
691 2438 781 2509 qui
801 2439 980 2495 dicunt
1001 2436 1187 2494 Saram
1215 2448 1460 2510 stuprum
1488 2455 1592 2495 non
1612 2440 1883 2512 eﬂ‘ugisse,

292 2549 316 2581 1
341 2545 465 2584 cum
492 2530 671 2585 dicant
709 2529 1018 2584 Abimelech
1046 2529 1112 2585 ab
1141 2531 1256 2600 ejus
1276 2531 1632 2587 conventione
1674 2533 1885 2588 somnio

296 2641 316 2673 ι
343 2638 465 2678 esse
484 2632 791 2677 revocatum
819 2626 837 2694 (
867 2620 994 2676 Gen.
1028 2627 1140 2692 xx),
1161 2632 1215 2678 et
1243 2623 1539 2679 immissum
1569 2625 1624 2679 in
1651 2624 1768 2695 ejus
1796 2640 1891 2681 co-

299 2733 320 2765 ι
352 2714 531 2783 puiatn
566 2713 898 2767 Pharaonem
927 2713 945 2785 (
975 2712 1060 2766 Id.
1085 2729 1156 2768 xu
1187 2711 1249 2787 )?
1294 2731 1315 2766 ι

368 2806 424 2860 2.
457 2805 734 2873 Quomodo
782 2805 963 2860 dicant
1016 2805 1316 2862 immissum
1361 2807 1413 2862 in
1463 2807 1583 2879 ejus
1633 2807 1887 2879 copulam

296 2896 634 2952 Pharaonem
661 2896 703 2963 ³,
737 2913 844 2951 non
893 2897 1084 2965 video;
1117 2912 1239 2953 cum
1288 2898 1355 2953 ad
1410 2898 1512 2954 hoc
1556 2899 1887 2956 credendum

296 2992 576 3061 Scriptura
607 3009 713 3047 non
762 3003 938 3064 cogat.
963 2995 1183 3066 Accepit
1235 2998 1377 3053 enim
1425 3014 1547 3055 eam
1590 3000 1809 3071 quidem
1837 3000 1891 3055 in

297 3100 541 3149 uxorem,
599 3086 960 3156 continuoque
1009 3086 1205 3142 ditatus
1248 3098 1331 3145 est
1380 3091 1648 3147 Abraham
1714 3092 1896 3148 multis

298 3174 677 3245 Egyptiorum
709 3176 1015 3231 muneribus
1042 3187 1257 3246 propter
1278 3179 1423 3234 illam
1457 3199 1470 3234 :
1502 3181 1596 3237 sed
1624 3197 1733 3238 non
1761 3184 1895 3238 scri-

296 3275 451 3336 ptum
476 3274 577 3331 est,
610 3267 750 3336 quod
776 3282 898 3321 cum
920 3283 983 3323 ea
1014 3268 1221 3324 Pharao
1247 3270 1547 3339 dormierit,
1582 3273 1741 3345 eique
1769 3290 1894 3344 per-

297 3358 503 3412 mixtus
550 3358 667 3421 sit;
710 3359 960 3428 quoniam
998 3359 1137 3414 Deus
1178 3376 1301 3415 eum
1355 3362 1538 3435 multis
1583 3367 1897 3435 magnisque

298 3448 546 3504 cladibus
571 3448 854 3518 alliigendo
881 3449 931 3503 id
957 3450 1132 3505 facere
1182 3466 1289 3506 non
1320 3454 1581 3522 permisit.
1607 3454 1723 3509 Non
1753 3456 1897 3511 enim

298 3540 515 3609 placita:
547 3540 756 3610 regibus
773 3540 838 3594 ad
859 3540 1163 3611 conjugium
1194 3540 1408 3598 feminae
1438 3560 1561 3599 mox
1591 3546 1753 3601 etiam
1780 3562 1900 3602 car-

200 3686 203 3689 _
301 3646 374 3686 ne
397 3631 802 3700 copuiahantur.
833 3631 939 3686 Sed
956 3632 1332 3703 sicutlegimus
1357 3634 1410 3689 in
1428 3635 1562 3690 libro
1581 3638 1671 3707 qui
1689 3653 1899 3707 przeno-

301 3730 451 3776 tatur
482 3722 692 3787 Esther,
719 3739 813 3792 per
846 3722 1047 3793 aliquot
1071 3739 1304 3791 menses,
1339 3726 1447 3781 imo
1472 3742 1566 3796 per
1598 3737 1763 3785 totum
1803 3746 1901 3787 an-

301 3830 454 3877 num,
485 3814 785 3883 unguentis,
814 3814 1097 3885 pigmentis
1124 3814 1167 3882 ‘,
1191 3817 1523 3873 aromatibus
1569 3821 1898 3877 accuraban-

303 3918 393 3961 tur
409 3922 591 3961 earum
622 3921 868 3977 corpora,
916 3909 1222 3978 priusquam
1267 3910 1480 3979 corpori
1524 3913 1672 3983 regio
1701 3915 1899 3971 misce-

301 3997 538 4066 rentur(
572 3995 755 4049 Esther
797 4012 855 4064 ιι,
899 3996 967 4052 12
994 3996 1038 4070 ).
1089 3998 1204 4054 Hoc
1233 4014 1361 4070 ergo
1391 4002 1566 4071 spatio
1598 4002 1732 4059 facta
1775 4014 1902 4061 sunt

303 4086 395 4141 illa
425 4102 546 4156 qua:
583 4088 779 4156 scripta
804 4095 927 4142 sunt
951 4131 966 4155 ,
994 4088 1166 4144 donec
1192 4089 1399 4145 Pharao
1444 4094 1704 4151 contritus
1727 4104 1781 4151 et
1803 4112 1899 4152 ex—

305 4180 529 4251 territus
550 4179 741 4232 marito
769 4181 1088 4236 restituisset
1107 4198 1350 4239 uxorem.
1383 4185 1692 4243 Abimelech
1719 4198 1900 4246 autem

302 4271 560 4341 quoniam
588 4272 796 4326 somnio
825 4282 905 4327 est
932 4273 1000 4328 ab
1028 4273 1143 4345 ejus
1160 4276 1538 4334 commixtione
1561 4280 1859 4348 prohibitus
1880 4325 1896 4351 ,

304 4362 433 4417 ideo
459 4363 547 4433 qui
587 4363 772 4418 Saram
805 4373 1046 4435 stuprum
1074 4382 1181 4421 non
1203 4368 1401 4424 vitasse
1424 4371 1772 4439 contendunt,
1803 4388 1900 4443 pu-

305 4462 424 4509 tant
447 4454 627 4523 utique
663 4469 865 4523 regem,
898 4464 954 4510 ut
995 4457 1304 4522 somniaret,
1352 4460 1562 4514 nonnisi
1609 4471 1731 4531 post
1772 4463 1888 4533 ejus

303 4542 651 4597 concubitum
681 4543 917 4599 dormire
934 4545 1189 4615 potuisse.
1215 4547 1377 4616 Quasi
1398 4565 1547 4617 vero,
1572 4560 1631 4606 ut
1652 4555 1894 4609 omittam

306 4644 523 4704 tempus
543 4651 647 4705 quo
671 4637 1078 4705 accurabantur,
1104 4648 1161 4694 ut
1188 4656 1347 4710 supra
1379 4642 1506 4710 dixi,
1533 4644 1599 4699 ad
1638 4645 1884 4716 volupta-

308 4736 420 4780 tem
450 4727 647 4797 regiam
682 4743 910 4798 corpora
953 4728 1294 4799 feminarum,
1349 4749 1454 4788 non
1482 4737 1713 4805 potuerit
1739 4739 1898 4806 Deus,

311 4820 623 4891 priusquam
676 4823 1070 4887 convenirent,
1107 4840 1230 4879 eum
1272 4841 1513 4898 mergere
1545 4829 1597 4885 in
1628 4844 1898 4900 somnum,

309 4921 367 4966 et
391 4911 681 4969 admonere
722 4929 817 4982 per
844 4916 1132 4970 somnium.

381 5002 435 5056 5.
467 5002 643 5057 Dicam
675 5003 819 5073 quod
849 5002 1044 5060 factum
1069 5014 1154 5062 est
1179 5007 1233 5062 in
1275 5009 1587 5065 Mauritania
1634 5012 1899 5070 Sitifensi.

314 5095 497 5165 Neque
540 5099 683 5151 enim
733 5096 875 5153 Deus
922 5107 1227 5155 sanctorum
1257 5100 1496 5169 Patrum,
1550 5120 1657 5160 non
1688 5107 1799 5176 ipse
1824 5119 1906 5163 est

310 5189 473 5242 etiam
522 5189 664 5245 Deus
691 5197 892 5244 noster.
922 5190 1147 5247 Viduam
1178 5192 1231 5247 in
1260 5196 1534 5265 proposito
1558 5200 1901 5257 continentiae

310 5281 657 5336 constitutam
706 5279 1029 5341 Celticchius
1056 5284 1078 5317 ⁸
1107 5284 1324 5357 quidam
1375 5290 1789 5349 catechumenus
1818 5294 1907 5365 ju-

370 5436 388 5467 ι
417 5440 517 5505 nat.
548 5442 653 5505 Am:
680 5441 757 5505 Er.
796 5442 850 5487 et
889 5449 920 5486 e
956 5438 1192 5490 Vaticanis
1220 5448 1326 5505 Mss.
1364 5441 1462 5505 duo
1493 5450 1794 5505 pratereuut
1827 5461 1909 5498 se-

303 5504 524 5571 quentes
543 5497 787 5571 tredecim
804 5511 1005 5571 versus,
1018 5507 1167 5564 atque
1188 5502 1248 5551 ad
1269 5497 1509 5571 verbum;
1520 5504 1713 5570 scripsi,
1741 5497 1906 5571 proxi-

303 5572 390 5630 me
408 5560 734 5630 subjungunt,
757 5560 966 5630 Septima
988 5560 1346 5630 ttgprpposilio
1366 5572 1452 5615 est.

369 5622 391 5691 ξ
414 5620 737 5691 sicpotiores
750 5620 859 5691 Mss.
874 5690 877 5691 ν
895 5629 951 5672 At
967 5620 1111 5691 editi,
1134 5620 1186 5675 in'
1207 5625 1297 5691 hoc
1316 5640 1490 5691 genere
1511 5625 1801 5691 simulatam.

362 5682 391 5750 .3
414 5687 481 5730 Ex
499 5686 607 5753 Mys.
618 5684 944 5754 restituuntur
965 5682 1134 5754 istbasc
1150 5682 1340 5740 verba?
1366 5691 1606 5751 Quomodo
1626 5690 1791 5743 dicant
1814 5694 1907 5745 im-

302 5744 507 5794 missum
530 5744 710 5809 ingejus
732 5744 954 5809 copulam
976 5746 1294 5809 Pharaonem.

368 5808 386 5835 δ
410 5811 463 5878 in
488 5806 708 5878 melioris
730 5806 861 5878 nota:
882 5815 992 5878 Mss.
1004 5808 1126 5878 loco,
1144 5808 1425 5878 pigmentis,
1445 5811 1646 5878 legitur,
1670 5821 1904 5868 tamenn.

303 5866 506 5949 hstiis
894 5866 1131 5949 γεερςειειξέ
1144 5866 1359 5949 usus
1375 5866 1594 5949 [δηιςῖνίιερ
1614 5866 1904 5949 dromon;

361 5929 387 5964 ⁸
406 5937 507 5980 ttat.
534 5936 634 5981 Αω.
663 5938 717 5984 et
736 5934 1023 5984 Sorbonicus
1058 5940 1157 5997 us,
1185 5929 1467 5990 relricltius.
1485 5940 1690 5991 vaticant
1710 5940 1905 5992 codices

1707 420 1909 476 LIBER
1948 418 2146 475 UNUS.

3474 434 3573 490 £66

1983 533 2130 588 venis
2158 534 2350 604 rapuit,
2376 545 2433 589 ut
2478 535 2698 593 haberet
2724 554 2965 595 uxorem.
2994 543 3291 614 Antequam
3316 560 3575 603 concum-

1983 624 2194 691 berent,
2224 640 2441 695 pressus
2490 641 2680 682 somno
2721 638 2773 684 et
2801 631 3017 688 territus
3043 636 3273 703 somnio,
3328 636 3568 695 Sitifensi

1982 715 2232 785 episcopo
2263 717 2506 773 eamdem
2550 720 3022 780 vehementissime
3064 730 3382 798 requirenti,
3407 747 3567 787 revo.

1982 808 2121 861 cavit
2142 809 2415 864 intactam.
2458 810 2661 865 Vivunt
2700 813 2877 869 adhuc
2923 816 2989 871 de
3016 819 3208 887 quibus
3233 821 3447 892 loquor.
3476 825 3570 881 ille

1982 900 2285 970 baptizatus
2320 912 2376 957 et
2396 903 2511 973 ipso
2534 905 2585 959 in
2614 920 2674 961 se
2704 906 2847 962 facto
2890 910 3145 967 miraculo
3184 929 3476 972 conversus
3504 917 3572 971 ad

1984 991 2290 1059 Dominum,
2320 994 2384 1049 ad
2413 995 2777 1065 episcopatum
2816 1000 3107 1055 venerabili
3152 1004 3415 1076 probitate
3444 1021 3571 1078 per-

1984 1083 2129 1138 venit
2155 1099 2169 1149 ;
2206 1084 2289 1137 illa
2316 1085 2371 1138 in
2400 1096 2582 1140 sancta
2610 1086 2867 1144 viduitate
2893 1088 3147 1159 persistit.

2054 1175 2106 1246 4.
2131 1174 2263 1240 Quid
2290 1176 2705 1232 autemdixcrim
2732 1189 2916 1233 contra
2932 1174 3183 1236 Faustum
3201 1178 3573 1253 Manichmum,

1983 1281 2107 1322 cum
2164 1258 2580 1324 calumniaretur
2634 1269 2770 1341 patri
2828 1271 3093 1339 Abrahae,
3146 1274 3289 1345 quod
3347 1294 3567 1334 uxorem

1984 1375 2132 1415 suam
2154 1360 2361 1416 duobus
2387 1360 2600 1433 regibus
2632 1362 2697 1419 ad
2726 1360 3065 1420 concubitum
3113 1367 3459 1437 venditasset,
3490 1373 3575 1426 in-

1986 1452 2164 1506 dicant
2193 1469 2309 1522 qua:
2326 1453 2527 1524 subjeci
2551 1456 2568 1487 ί
2601 1473 2617 1511 :
2651 1474 2669 1507 ι
2699 1456 2849 1524 Quod
2877 1468 3053 1513 autem
3079 1463 3303 1529 justum,
3330 1465 3575 1536 inquam,

1985 1551 2037 1597 ct
2065 1543 2273 1599 fidelem
2320 1545 2493 1599 virum
2519 1547 2845 1603 matrimonii
2874 1552 2956 1605 sui
2984 1551 3396 1610 infamissimum
3429 1575 3574 1613 nun.

1990 1632 2284 1690 dinatoretn
2306 1637 2579 1706 appellans
2609 1639 2652 1703 ³,
2683 1640 2919 1695 avariti:c
2940 1657 3002 1697 ac
3027 1645 3229 1700 ventris
3255 1662 3413 1702 causa
3434 1648 3575 1703 duu’

1990 1724 2089 1779 bus
2123 1726 2357 1795 regibus,
2392 1728 2705 1784 Abimeiech
2734 1746 2797 1786 ac
2843 1732 3128 1802 Pharaoni,
3175 1733 3401 1794 diversis
3442 1748 3577 1795 tem.

1986 1810 2203 1885 poribus
2229 1816 2417 1872 Saram
2452 1820 2730 1891 conjugem
2778 1839 2930 1878 suam
2981 1840 3222 1882 sororem
3266 1832 3573 1900 mentitum,

1987 1909 2111 1978 quia
2135 1919 2251 1964 erat
2272 1910 2655 1981 pulcherrima,
2706 1914 2760 1969 in
2785 1915 3125 1973 concubitum
3156 1923 3348 1977 asserit
3389 1923 3577 1978 vendi-

1988 2009 2167 2069 tasse;
2197 2018 2302 2059 non
2334 2019 2428 2061 ore
2454 2004 2689 2063 veridico
2732 2022 2763 2062 a
2808 2005 3134 2081 turpitudine
3162 2024 3374 2083 separat
3402 2014 3575 2071 hone-

1988 2102 2202 2162 statem,
2226 2093 2321 2151 sed
2337 2110 2432 2153 ore
2448 2096 2711 2153 maledico
2736 2106 2905 2154 totum
2946 2102 3106 2157 vertit
3135 2102 3187 2158 in
3204 2104 3429 2161 crimen.
3459 2106 3573 2162 Hoc

1989 2186 2132 2242 enim
2182 2184 2411 2245 Abrahae
2452 2182 2651 2247 factum
2706 2188 2973 2249 lenocinio
3014 2190 3189 2250 simile
3231 2196 3577 2265 videtur,scd

1990 2290 2099 2333 non
2123 2274 2425 2335 valentibus
2474 2292 2539 2336 ex
2585 2280 2726 2337 illius
2755 2287 2971 2339 mternae
2997 2280 3131 2356 legis
3173 2286 3373 2343 lumine
3408 2303 3436 2343 a
3458 2305 3583 2360 pec-

1990 2373 2122 2425 catis
2167 2380 2313 2427 recte
2351 2372 2488 2429 facta
2530 2372 2876 2443 discernere,
2932 2375 3123 2447 quibus
3156 2387 3211 2433 et
3257 2383 3579 2447 constantia,

1994 2461 2283 2531 pertinacia
2315 2462 2481 2518 videri
2514 2471 2725 2535 potest;
2755 2474 2811 2521 et
2827 2468 2993 2522 virtus
3024 2466 3247 2536 fiduciae,
3274 2471 3459 2525 vitium
3489 2487 3588 2542 pu-

1992 2562 2135 2608 tatur
2159 2553 2395 2610 audacia:
2423 2573 2437 2621 ;
2469 2564 2524 2610 et
2573 2571 2925 2628 quaecumque
2980 2558 3227 2614 similiter
3260 2560 3585 2630 objiciuntur

1993 2644 2142 2715 quasi
2168 2660 2276 2700 non
2316 2655 2461 2701 recte
2490 2647 2768 2717 agentibus
2814 2663 2844 2701 a
2886 2665 2993 2703 non
3039 2659 3183 2705 recte
3218 2652 3581 2707 cernentibus.

1992 2735 2178 2808 Neque
2242 2737 2384 2791 enim
2448 2734 2716 2792 Abraham
2790 2738 2989 2810 ﬂagitio
3034 2742 3306 2795 consensit
3372 2744 3577 2810 uxoris,

1996 2826 2217 2897 ejusque
2244 2826 2481 2882 vendidit
2507 2827 2825 2882 adulterium
2863 2847 2875 2882 :
2906 2829 2998 2884 sed
3038 2829 3177 2885 sicut
3209 2831 3294 2885 illa
3331 2832 3580 2887 famulam

1997 2933 2147 2973 suam
2190 2933 2294 2972 non
2322 2918 2524 2973 libidini
2555 2920 2729 2973 mariti
2766 2921 3027 2989 permisit,
3062 2922 3154 2975 sed
3186 2921 3365 2977 ofiicio
3420 2938 3586 2995 gene-

1997 3010 2148 3064 randi
2197 3010 2337 3065 ultro
2383 3010 2579 3077 intulit,
2601 3027 2933 3082 nequaquam
2966 3014 3174 3068 turbato
3205 3016 3394 3071 ordine
3441 3027 3593 3073 natu-

1998 3100 2116 3167 rali,
2145 3100 2232 3155 ubi
2272 3100 2388 3171 ejus
2436 3110 2669 3171 potestas
2699 3114 2814 3157 erat
2836 3103 3034 3173 jubens
3092 3107 3267 3175 potius
3300 3108 3588 3174 obcdicnti,

1998 3205 2157 3261 quam
2200 3190 2397 3246 cedens
2437 3192 2880 3261 concupiscenti;
2934 3194 3013 3249 sic
3046 3204 3100 3250 et
3144 3196 3260 3265 ipse
3303 3200 3586 3269 conjugem

1998 3291 2220 3349 castam,
2276 3291 2331 3337 et
2372 3291 2519 3342 casto
2578 3283 2740 3338 corde
2780 3284 2879 3338 sibi
2907 3285 3289 3353 cohmrentem,
3324 3289 3390 3344 de
3438 3290 3591 3361 cujus

1999 3372 2212 3439 animo,
2245 3372 2334 3429 ubi
2372 3373 2640 3443 pudicitia:
2677 3376 2843 3429 virtus
2885 3376 3107 3443 habitat,
3138 3380 3283 3433 nullo
3313 3381 3473 3435 modo
3492 3383 3590 3437 du-

2000 3463 2220 3531 bitabat,
2249 3464 2413 3518 tacuit
2439 3476 2685 3531 uxorem,
2728 3464 2862 3520 dixit
2914 3481 3177 3536 sororem,
3222 3486 3289 3524 ne
3317 3485 3377 3526 se
3415 3474 3594 3528 occiso

2000 3555 2069 3611 ab
2113 3556 2426 3627 alienigenis
2474 3566 2633 3627 atque
2679 3558 2856 3628 impiis
2917 3561 3125 3630 captiva
3179 3564 3592 3632 possideretur;

2000 3660 2180 3705 certus
2202 3648 2271 3705 de
2293 3650 2404 3704 Deo
2434 3665 2533 3704 suo
2573 3650 2714 3721 quod
2742 3650 2877 3705 nihil
2908 3668 3023 3706 eam
3058 3663 3209 3724 turpe
3252 3670 3315 3711 ac
3366 3656 3596 3727 ﬂagitio-

2001 3757 2119 3797 sum
2148 3743 2355 3813 perpeti
2403 3742 2621 3798 sineret.
2652 3741 2760 3797 Nec
2807 3759 2929 3798 eum
2959 3743 3091 3800 fides
3119 3760 3181 3801 ac
3222 3758 3346 3817 Spes
3386 3748 3591 3804 fefellit.

1999 3832 2241 3903 Namque
2260 3832 2467 3887 Pharao
2494 3834 2709 3888 territus
2731 3835 3004 3899 monstris,
3049 3836 3337 3907 multisque
3380 3849 3598 3908 propter

2002 3941 2119 3981 eam
2148 3925 2302 3981 malis
2319 3924 2570 3991 afﬂictus,
2621 3926 2709 3980 ubi
2734 3926 2852 3996 ejus
2896 3942 3015 3982 esse
3053 3942 3276 3985 uxorem
3332 3931 3593 3989 divinitus

2002 4018 2210 4085 didicit,
2240 4016 2457 4073 iilzcsam
2494 4031 2614 4073 cum
2637 4018 2839 4074 honore
2862 4020 3118 4075 resxituit:
3145 4021 3453 4081 Abimeieeh
3493 4041 3594 4082 au-

2005 4122 2110 4169 tem
2133 4112 2341 4167 somnio
2378 4114 2732 4169 commonitus
2759 4124 2814 4170 et
2859 4115 3099 4183 edoctus,
3130 4118 3377 4176 similiter
3420 4121 3542 4179 fecit
3568 4142 3590 4177 ι

2008 4204 2026 4273 (
2052 4202 2243 4260 Contra
2268 4202 2316 4256 F
2317 4213 2515 4258 austum
2542 4203 2630 4258 lib.
2652 4202 2743 4258 22.
2775 4222 2915 4277 cap,
2945 4206 3074 4279 55).

2004 4297 2220 4367 Qua-:51.
2251 4297 2381 4352 Vill.
2403 4328 2475 4337 —
2502 4296 2729 4369 Denique
2754 4299 2815 4352 de
2836 4298 3034 4371 Spiritu
3061 4299 3161 4355 Dei
3186 4305 3271 4372 qui
3297 4321 3449 4374 super
3462 4309 3597 4379 ferc-

2102 4388 2249 4444 batnr
2271 4406 2423 4461 super
2441 4408 2645 4461 aquam,
2690 4409 2756 4445 an
2788 4391 2896 4463 ipse
2915 4395 2978 4447 sit
3003 4394 3228 4465 Spiritus
3275 4410 3499 4455 sanctus.

2079 4480 2129 4535 i.
2151 4480 2455 4537 Novissime
2486 4483 2856 4551 exponendum
2882 4486 3053 4553 poscis
3076 4487 3142 4542 de
3172 4489 3357 4559 spiritu
3391 4491 3482 4545 Dei
3509 4493 3599 4562 qui

2005 4572 2438 4644 superferebatur
2464 4590 2627 4645 super
2650 4591 2863 4647 aquam.
2902 4598 2920 4629 ι
2948 4579 3173 4645 Quidam
3218 4584 3359 4637 enim
3382 4600 3599 4641 assevc~

2006 4675 2146 4731 rant,
2180 4665 2373 4736 inquis,
2399 4666 2654 4736 Spiritum
2682 4677 2958 4735 sanctum;
2988 4672 3077 4727 alii
3111 4674 3439 4730 mundanum
3480 4679 3594 4747 spi-

2006 4757 2168 4811 ritum
2195 4757 2397 4823 dicunt,
2440 4757 2679 4814 dicentes
2709 4761 2829 4830 quia
2878 4778 2983 4816 non
3044 4766 3215 4833 potuit
3253 4766 3601 4837 historiogra-

2006 4848 2149 4920 phus
2175 4867 2295 4905 cum
2324 4851 2587 4907 creaturis
2625 4866 2943 4910 enumerare
2974 4854 3305 4925 Creatorem,
3345 4874 3442 4914 nec
3478 4860 3602 4917 huic

1910 4992 1915 4997 .
2008 4941 2183 4996 locum
2206 4942 2737 5013 aliquemdeputarc,
2784 4945 2872 5015 qui
2903 4946 3098 5017 ubique
3145 4949 3213 5002 sit
3270 4958 3433 5016 totus,
3478 4966 3600 5007 cum

2009 5031 2167 5087 Patre
2196 5033 2447 5089 videlicet
2475 5045 2635 5104 atque
2660 5035 2817 5090 Filio.
2852 5054 2871 5088 ι

2079 5124 2133 5179 2.
2163 5124 2299 5191 Quid
2330 5140 2456 5195 ergo
2488 5125 2711 5181 istorum
2741 5142 2839 5196 ego
2867 5128 3152 5195 senserim,
3178 5145 3243 5184 cx
3268 5133 3439 5201 primo
3465 5133 3603 5192 libro

2011 5228 2198 5269 eorum
2228 5230 2361 5285 quos
2381 5215 2449 5271 de
2478 5215 2671 5271 Genesi
2698 5216 3001 5284 duodecim,
3035 5218 3171 5273 sicut
3195 5222 3360 5292 potui,
3392 5240 3497 5279 non
3516 5242 3603 5282 se-

2011 5306 2243 5362 cundum
2271 5306 2575 5376 allegorias,
2615 5310 2709 5361 sed
2755 5308 3051 5363 secundum
3099 5328 3276 5367 rerum
3331 5328 3601 5387 geStarum

2012 5399 2171 5454 fidem
2215 5400 2428 5469 scripsi,
2481 5400 2532 5453 in
2575 5399 2678 5454 hoc
2728 5402 3042 5471 opusculum
3086 5409 3349 5462 transtuli.
3390 5427 3408 5461 ι
3438 5410 3605 5480 Inest,

2009 5572 2122 5633 duo,
2148 5569 2437 5645 celitiehius.
2460 5572 2768 5645 Corbeiensls
2790 5582 2843 5627 et
2867 5574 3194 5645 Floriacensis,
3214 5582 3454 5636 rellicius.
3487 5594 3607 5638 Cer-
3640 5534 3673 5621 ί

2011 5636 2259 5712 ³3³9⁸ίῖδῇ
2270 5635 2524 5712 ἐξελξίὲξθῑ
2537 5635 2769 5712 fma"?
2788 5645 2845 5712 ,ιη
2865 5635 3259 5712 αξωθείυθβείε
3279 5648 3472 5712 σουείιξί
3500 5635 3608 5712 stil-

2011 5695 2602 5809 itgliiimziimcmies‘tinum,
2625 5699 2912 5753 undecimus
2935 5695 3067 5754 inter
3087 5706 3343 5769 episcopos
3377 5695 3607 5763 Celtici'us

2013 5770 2303 5810 nonunatur.

2077 5820 2193 5896 i§i°
2212 5819 2623 5896 θείειιιρψεςπμω
2646 5834 2756 5896 φφ
2777 5822 2938 5895 ωαψς.
2960 5822 3310 5896 adsumam
3326 5828 3526 5893 ηυττε-

2076 5883 2099 5914 θ
2121 5883 2194 5932 sic
2215 5883 2314 5933 Mss
2346 5889 2406 5947 At
2424 5884 2561 5947 editi,
2584 5883 2878 5938 matrimonii
2895 5883 2972 5938 sui
2989 5883 3605 5947 utﬁmtosis'simmn'mmtli-

2011 5950 2225 5998 mliorem
2246 5944 2510 6011 appellans.
