4084 6504
521 458 622 513 167

520 584 759 644 mquam,
795 567 903 621 Deo
931 559 1232 631 benignitas
1260 570 1488 621 summa,
1517 564 1571 608 et
1598 560 1803 618 sancta,
1850 556 1905 605 et
1924 549 2100 619 justa;

511 676 571 722 et
594 663 828 736 quidam,
860 674 963 712 non
989 671 1055 711 ex
1084 652 1388 720 indigentia,
1423 647 1517 704 sed
1546 662 1612 703 ex
1652 644 2109 736 beneficentiave-

517 733 667 813 niens
688 768 839 809 amor
868 751 921 804 in
951 761 1112 817 opera
1151 759 1266 799 sua.
1293 743 1581 813 Propterea
1622 738 1929 808 priusquam
1970 733 2107 788 scri-

515 849 750 913 beretur,
779 844 922 898 Dixit
981 841 1132 903 Deus,
1164 837 1285 891 Fiat
1337 836 1460 900 lux,
1502 831 1776 900 prmcessit
1812 828 2102 897 Scriptura,

513 942 719 1004 dicens,
760 934 829 990 Et
859 933 1066 1005 spiritus
1111 929 1209 983 Dei
1251 923 1654 997 superferebatur
1689 935 1841 991 super
1897 933 2101 987 aquam.

512 1033 649 1101 Quia
678 1032 794 1086 sive
829 1041 982 1097 aqua:
1008 1024 1230 1080 nomine
1255 1018 1525 1091 appellare
1542 1013 1706 1068 voluit
1731 1021 2106 1101 totachorpo—

516 1099 685 1178 ralem
718 1120 1016 1181 materiam,
1040 1123 1105 1169 ut
1123 1128 1187 1169 eo
1213 1109 1373 1166 modo
1402 1109 1697 1162 insinuaret
1724 1101 1867 1157 unde
1887 1099 2024 1155 facta
2048 1106 2105 1155 et

510 1218 737 1271 formata
766 1214 872 1268 sint
890 1209 1094 1273 omnia,
1123 1221 1242 1277 qum
1264 1206 1314 1258 in
1336 1202 1448 1257 suis
1484 1198 1769 1271 generibus
1781 1195 1890 1267 jam
1912 1194 2104 1264 digno-

508 1323 664 1364 scere
694 1318 996 1376 possumus,
1025 1297 1299 1369 appellans
1333 1306 1547 1364 aquam,
1600 1288 1725 1359 quia
1775 1301 1841 1341 ex
1882 1282 2102 1376 humida

508 1373 961 1453 natura—videmus
984 1389 1161 1447 omnia
1186 1386 1240 1441 in
1261 1394 1404 1440 terra
1435 1398 1531 1453 per
1546 1378 1755 1450 species
1778 1375 1952 1432 varias
1989 1373 2101 1429 for-

510 1497 651 1552 mari
682 1504 840 1565 atque
858 1501 1235 1550 concrescere;
1253 1482 1365 1537 sive
1383 1477 1711 1550 Spiritualem
1734 1474 1893 1529 vitam
1918 1485 2103 1543 quam-

509 1588 638 1642 dam
659 1594 784 1639 ante
810 1583 1034 1637 formam
1062 1570 1430 1632 conversionis
1462 1568 1617 1640 quasi
1645 1565 1937 1620 ﬂuitantem
1964 1578 1977 1614 :
2009 1576 2102 1617 su-

516 1676 883 1749 perferebatur
907 1674 1090 1741 utique
1119 1666 1347 1737 Spiritus
1378 1662 1492 1728 Dei;
1521 1659 1643 1730 quia
1669 1654 1973 1749 subiacebat
1998 1653 2102 1708 sci-

508 1747 639 1827 iicet
670 1768 822 1823 honre
846 1761 1105 1819 voluntati
1146 1755 1436 1820 Creatoris,
1483 1749 1741 1824 quidquid
1784 1747 1915 1803 iilud
1962 1755 2096 1809 erat,

510 1862 655 1934 quod
702 1857 1039 1915 formandum
1074 1849 1571 1925 perficiendumque
1634 1842 2101 1934 inchoaveratzut

506 1932 721 2010 dicente
750 1953 858 2006 Deo
885 1950 937 2003 in
962 1945 1140 2002 Verbo
1164 1957 1281 2007 suo,
1316 1939 1434 1994 Fiat
1460 1937 1588 2001 iam;
1615 1936 1669 1989 in
1720 1934 1858 1989 bona
1910 1932 2100 1985 volun-

508 2054 640 2112 tate,
672 2044 770 2097 hoc
787 2049 890 2109 est,
918 2039 971 2093 in
1001 2034 1333 2105 beneplacito
1352 2031 1492 2101 ejus,
1525 2042 1620 2098 pro
1636 2024 1798 2081 modo
1827 2023 1909 2079 sui
1931 2037 2097 2094 gene-

509 2140 588 2193 ris
620 2143 860 2190 maneret
886 2131 1027 2204 quod
1046 2129 1241 2184 factum
1263 2135 1374 2191 est;
1397 2132 1452 2179 et
1471 2121 1590 2177 ideo
1613 2126 1820 2175 rectum
1843 2126 1925 2173 est
1954 2114 2097 2186 quod

510 2227 776 2299 placuerit
802 2225 933 2291 Deo,
959 2221 1236 2291 Scriptura
1264 2210 1598 2279 dicente,-Et
1627 2211 1764 2281 facta
1802 2218 1875 2264 est
1895 2206 2027 2271 lux;
2053 2214 2099 2259 et

509 2322 634 2375 uidit
664 2320 799 2373 Deus
822 2318 984 2371 lucem
1010 2314 1130 2385 quia
1174 2312 1304 2366 bona
1334 2315 1424 2363 est.
1456 2304 1529 2363 Ut
1555 2300 2003 2376 quemadmodum
2044 2299 2097 2353 in

509 2413 628 2483 ipso
660 2410 881 2467 exordio
906 2406 1168 2463 inchoata:
1196 2408 1479 2467 creaturae,
1507 2412 1626 2468 qua:
1662 2394 1784 2451 eteli
1834 2400 1891 2449 et
1941 2399 2098 2446 terra:

507 2508 746 2570 nomine,
799 2510 1016 2575 prOpter
1040 2499 1094 2555 id
1132 2496 1273 2569 quod
1311 2495 1378 2549 de
1406 2493 1493 2547 illa
1546 2487 1924 2561 perficiendum
1958 2491 2094 2551 erat,

505 2602 931 2653 cotnmemorata
999 2599 1119 2653 est,
1187 2586 1419 2642 Trinitas
1488 2582 1787 2638 insinuatur
1829 2576 2097 2633 Creatoris

508 2692 530 2761 (
559 2707 677 2746 nam
708 2688 918 2743 dicente
936 2684 1230 2753 Scriptura,
1263 2677 1329 2733 In
1367 2676 1616 2746 principio
1656 2673 1774 2745 fecit
1819 2670 1959 2725 Deus
1989 2683 2095 2724 cae-

513 2786 623 2838 lum
649 2792 695 2837 et
722 2793 926 2844 terram,
962 2773 1300 2845 intelligimus
1323 2771 1535 2825 Patrem
1558 2768 1613 2822 in
1636 2766 1736 2821 Dei
1777 2764 2015 2829 nomine,
2044 2769 2098 2817 et

509 2876 697 2930 Filium
718 2875 772 2926 in
802 2867 1045 2941 principii
1070 2864 1307 2928 nomine,
1336 2860 1423 2929 qui
1461 2873 1568 2912 non
1596 2855 1762 2921 Patri,
1787 2854 1882 2910 sed
1900 2867 1998 2924 per
2035 2866 2097 2908 se

507 2968 681 3038 ipsum
709 2970 901 3017 creata:
928 2957 1193 3029 primitus,
1222 2968 1284 3007 ac
1304 2950 1635 3022 potissimum
1663 2946 1922 3017 spirituali
1944 2960 2098 3038 crea—

506 3037 663 3125 tura},
691 3065 743 3112 et
764 3059 1154 3122 consequenter
1183 3047 1344 3102 etiam
1376 3044 1639 3098 universa:
1662 3049 1919 3095 creatura:
1944 3037 2097 3109 prin-

506 3150 704 3221 cipium
728 3154 812 3201 est
847 3162 860 3197 :
886 3141 1098 3197 dicente
1114 3147 1289 3192 autem
1318 3135 1614 3204 Scriptura,
1644 3131 1869 3203 Spiritus
1895 3130 1989 3184 Dei
2008 3148 2099 3185 su-

509 3240 858 3315 perferebatur
895 3250 1049 3305 super
1082 3245 1287 3303 aquam,
1344 3225 1664 3296 completam
1703 3238 2096 3315 commemora-

507 3314 708 3392 tionem
734 3328 1012 3386 Trinitatis
1040 3320 1421 3397 agnoscimus);
1465 3318 1536 3372 ita
1566 3324 1619 3373 et
1649 3318 1701 3370 in
1744 3314 2095 3371 conversione

506 3438 666 3499 atque
688 3421 1017 3496 perfectione
1053 3423 1336 3479 creaturre,
1367 3420 1428 3465 ut
1451 3424 1631 3465 rerum
1682 3407 1890 3499 Species
1929 3406 2094 3499 Adigg.

506 3497 712 3585 rantur,
739 3514 924 3571 eadem
945 3509 1177 3565 Trinitas
1203 3506 1502 3560 insinuetur
1533 3518 1546 3555 :
1582 3499 1814 3555 Verbum
1844 3497 1942 3553 Dei
1985 3497 2093 3552 sci-

509 3611 652 3674 licet,
677 3616 731 3663 et
761 3602 922 3659 Verbi
956 3600 1276 3663 Generator,
1327 3609 1448 3649 cum
1492 3590 1707 3657 dicitur,
1738 3588 1881 3644 Dixit
1920 3588 2095 3653 Deus;

506 3713 561 3760 et
587 3708 769 3758 sancta
790 3696 1028 3757 Bonitas;
1072 3693 1124 3747 in
1162 3705 1264 3760 qua
1302 3687 1411 3742 Deo
1431 3685 1607 3756 placet
1644 3678 1900 3754 quidquid
1921 3681 1969 3736 ei
1994 3696 2093 3752 pro

504 3810 617 3849 sua:
647 3801 851 3847 naturae
878 3784 1096 3842 modulo
1117 3780 1411 3853 perfectum
1456 3776 1653 3848 placet,
1705 3788 1829 3829 cum
1877 3772 2090 3839 dicitur,

514 3886 651 3941 Vidit
677 3883 817 3938 Deus
839 3879 960 3953 quia
988 3878 1174 3932 bonum
1198 3882 1289 3930 est.

576 3980 630 4035 5.
658 3996 677 4029 ι
708 3975 814 4033 Sed
840 3989 935 4029 cur
953 3973 1376 4027 commemorata
1396 3962 1565 4035 prius,
1604 3958 1848 4032 quamvis
1894 3957 2093 4028 imper-

503 4071 639 4127 fecta
664 4076 931 4131 creatura,
981 4072 1163 4133 postea
1191 4062 1648 4114 commemoratur
1689 4050 1923 4122 Spiritus
1971 4049 2088 4115 Dei,

504 4164 653 4235 prius
678 4160 889 4215 dicente
931 4154 1227 4223 Scriptura,
1269 4146 1427 4202 Terra
1468 4154 1637 4199 autem
1682 4151 1788 4198 erat
1831 4141 2094 4196 invisibilis

504 4266 553 4310 et
608 4249 959 4323 incomposita,
1005 4254 1052 4301 et
1100 4243 1314 4298 tenebrae
1347 4248 1490 4295 erant
1528 4252 1681 4308 super
1711 4236 1985 4307 abyssum;
2030 4248 2094 4289 ac

504 4345 699 4403 deinde
720 4343 999 4404 inferente,
1025 4336 1093 4391 Et
1120 4334 1331 4407 spiritus
1354 4331 1450 4385 Dei
1490 4329 1897 4401 superferebatur
1942 4343 2094 4397 super

502 4454 689 4509 aquam
712 4434 862 4505 (Gen.
885 4449 924 4499 ι,
969 4428 1118 4499 i4)?
1166 4429 1247 4482 An
1286 4425 1536 4497 quoniam
1577 4435 1779 4493 egenus
1822 4430 1981 4491 atque
2008 4420 2093 4476 in-

504 4530 661 4600 digus
688 4542 841 4581 amor
867 4526 936 4579 ita
982 4520 1173 4591 diligit,
1198 4528 1255 4573 ut
1279 4516 1440 4572 rebus
1462 4529 1596 4585 quas
1622 4512 1794 4582 diligit
1838 4512 2092 4583 subjicia-

507 4635 623 4688 tur;
657 4630 939 4691 propterea
980 4630 1107 4671 cum
1147 4617 1662 4668 commemoraretur
1699 4606 1931 4678 Spiritus
1975 4604 2089 4673 Dei,

504 4714 561 4770 in
587 4728 695 4785 quo
719 4719 901 4767 sancta
929 4708 1048 4778 ejus
1083 4700 1464 4761 benevolentia
1492 4699 1819 4770 dilectioquc
1846 4696 2095 4769 intelligi-

501 4817 609 4874 tur,
636 4802 927 4876 superferri
949 4800 1123 4857 dictus
1146 4806 1251 4865 est,
1284 4812 1351 4851 ne
1380 4793 1618 4850 facienda
1644 4809 1805 4864 opera
1836 4807 1954 4858 sua,
1989 4806 2092 4863 per

502 4899 808 4971 indigentia:
836 4893 1214 4953 necessitatem
1256 4890 1434 4961 potius
1483 4903 1643 4958 quam
1678 4902 1774 4958 per
1816 4883 2094 4941 abundan-

505 4993 632 5048 tiam
663 4989 1031 5048 beneficentice
1062 4986 1202 5041 Deus
1243 4996 1425 5037 amare
1454 4980 1765 5051 putaretur?
1807 4977 1969 5049 Cujus
2013 4978 2092 5033 rei

505 5101 712 5140 memor
748 5082 1036 5155 Apostolus
1085 5078 1326 5134 dicturus
1354 5074 1422 5130 de
1467 5072 1748 5139 charitate,
1802 5072 2094 5142 snperemi-

505 5185 719 5231 nentem
748 5175 887 5229 viam
918 5174 1406 5228 demonstraturum
1437 5181 1495 5222 se
1515 5167 1590 5222 ait
1625 5164 1669 5237 (l
1693 5163 1811 5220 Cor.
1834 5181 1929 5231 xu,
1961 5166 2049 5237 5i)
2076 5183 2089 5221 :

504 5277 559 5323 et
588 5268 694 5322 alio
716 5267 856 5331 loco,
885 5265 1375 5336 Supereminentem,
1400 5259 1591 5331 inquit,
1621 5259 1841 5313 scientiae
1864 5259 2091 5313 charito-

507 5366 604 5412 tem
626 5353 813 5410 Clu-isti
841 5352 1051 5424 (Ephes.
1082 5370 1161 5419 nt,
1193 5352 1307 5423 i9).
1337 5352 1471 5406 Cum
1517 5367 1644 5422 ergo
1692 5350 1770 5405 sic
1811 5359 2086 5421 Oporteret

507 5446 765 5503 insmuari
794 5444 1049 5512 Spiritum
1076 5445 1191 5508 Dei,
1220 5454 1279 5497 ut
1298 5443 1590 5513 superferri
1622 5445 1911 5509 diceretur,
1940 5460 2091 5499 como

510 5540 723 5596 modius
749 5536 943 5591 factum
980 5543 1083 5599 est,
1110 5544 1171 5588 ut
1198 5535 1345 5604 prius
1383 5536 1745 5591 insinuaretur
1788 5537 1984 5608 aliquid
2014 5537 2095 5591 in-

507 5634 786 5692 choatum,
811 5628 895 5682 cui
923 5626 1210 5697 superferri
1232 5626 1533 5694 diceretur;
1585 5646 1691 5685 non
1731 5614 1908 5686 autem
1951 5631 2091 5698 loco,

504 5723 607 5779 sed
637 5719 817 5775 omnia
845 5725 1127 5789 superante
1151 5732 1213 5771 ac
1231 5719 1568 5786 prmeellente
1591 5721 1969 5797 potentias(0e
1993 5721 2094 5777 (ἕε-

504 5812 625 5864 nesi
645 5811 713 5863 ad
742 5809 977 5877 litteram,
1008 5809 1095 5864 lib.
1126 5809 1175 5876 i,
1200 5823 1314 5881 cap.
1346 5812 1461 5879 5'7,
1490 5827 1541 5864 n.
1571 5813 1783 5885 51-13).

1266 439 1355 497 DE
1394 436 1573 495 ΟΕΤο
1614 432 1905 494 DULCITII
1945 427 2482 499 QUESTIONIBUS,
2517 432 2575 490 S.
2617 434 2985 494 AUGUSTINI

3250 397 3306 449 ”
3693 444 3787 509 tos

2219 542 2429 634 001351:-
2460 548 2499 604 ν
2531 548 2570 634 ⁸(
2592 568 2706 634 qua:
2742 555 3013 634 Βουζᾳὶωο
3074 556 3183 634 loco
3237 559 3526 634 tractatur).
3554 590 3629 634 τ
3659 560 3787 634 Quo-

2288 621 2457 691 modo
2496 621 2679 677 electus
2732 622 2898 679 Dauid
2950 627 3225 681 secundum
3262 646 3349 684 cor
3373 621 3500 685 Dei:
3558 621 3779 691 Chrﬁtus

2292 689 2461 743 David
2489 694 2798 763 appellatus.

2288 781 2342 835 1.
2371 781 2488 837 Jam
2516 799 2658 841 nunc
2707 785 2834 842 illud
2876 787 3019 858 quod
3045 787 3416 847 disserendum
3454 793 3773 863 distuleram,

2215 873 2485 944 paulisper
2511 876 2747 935 intende.
2788 878 2995 948 Qumris
3042 882 3186 938 enim
3218 903 3237 937 ‹
3260 885 3435 953 Quare
3469 887 3665 944 dixerit
3691 892 3784 945 Do-

2213 966 2411 1035 minus,
2458 968 2709 1024 nimirum
2751 973 3008 1041 praescius
3058 975 3373 1037 futurorum.
3418 978 3564 1051 Elegi
3626 981 3781 1037 David

2212 1061 2486 1115 secundum
2530 1076 2618 1117 cor
2672 1079 2838 1118 meum
2883 1063 2987 1137 (ill
3038 1067 3166 1138 Reg.
3215 1086 3326 1137 vm,
3358 1072 3465 1142 ib);
3495 1090 3616 1128 cum
3667 1074 3781 1132 talia

2214 1158 2464 1223 tantaque
2490 1154 2603 1223 ipse
2630 1154 2788 1211 homo
2813 1158 3159 1214 commiserit.
3191 1178 3210 1211 ι

2282 1243 2335 1297 2.
2367 1244 2519 1311 Quod
2545 1244 2784 1317 quidem,
2810 1247 2859 1303 si
2895 1249 2963 1304 de
2997 1249 3114 1320 ipso
3142 1249 3305 1305 David
3327 1294 3340 1316 ,
3372 1254 3461 1322 qui
3500 1256 3780 1325 reprobate

2209 1333 2369 1391 Saiile
2396 1346 2450 1392 et
2474 1338 2737 1393 exstincto
2767 1339 2863 1395 fuit
2911 1355 3008 1398 rex
3044 1342 3228 1408 Israel,
3277 1344 3476 1400 dictum
3521 1350 3775 1420 intelligao

2210 1442 2363 1492 mus;
2395 1429 2563 1499 magis
2583 1430 2704 1501 quia
2734 1430 2876 1486 Deus
2902 1434 3153 1502 praescius
3191 1428 3488 1491 futurorum
3518 1449 3616 1503 est,
3648 1454 3775 1510 prte-

2210 1517 2344 1573 vidit
2372 1518 2425 1574 in
2451 1534 2519 1575 eo
2548 1524 2751 1576 tantam
2780 1524 3028 1592 pietatem
3080 1536 3295 1598 tamque
3328 1544 3569 1583 veracem
3611 1533 3778 1601 pmni-

2210 1611 2450 1679 tentiam,
2481 1623 2541 1668 ut
2582 1624 2725 1670 esset
2765 1615 2817 1669 in
2848 1630 3031 1671 eorum
3084 1634 3306 1675 numero
3346 1619 3415 1677 de
3451 1622 3643 1693 quibus
3672 1625 3779 1696 ipse

2206 1701 2334 1759 dicit
2360 1721 2375 1757 :
2403 1703 2551 1761 Beati
2576 1722 2791 1777 quorum
2818 1709 3039 1763 remissa
3061 1718 3177 1764 sunt
3213 1711 3517 1782 iniquitates,
3568 1724 3617 1770 et
3660 1732 3783 1788 quo-

2205 1814 2318 1851 rum
2346 1806 2474 1852 tecta
2496 1807 2611 1853 sunt
2632 1810 2856 1869 peccata.
2897 1798 3083 1855 Beatus
3126 1801 3225 1869 uir,
3253 1803 3337 1857 cui
3383 1821 3484 1858 non
3520 1806 3781 1877 imputauit

2204 1889 2455 1945 Dominus
2483 1901 2742 1960 peccatum
2766 1890 2934 1964 (Psal.
2965 1907 3111 1958 xxxi,
3136 1894 3187 1962 i,
3215 1895 3293 1967 2).
3325 1897 3457 1951 Cum
3487 1912 3612 1968 ergo
3639 1912 3782 1967 prte-

2205 1985 2365 2039 sciret
2384 1998 2507 2039 eum
2537 1984 2676 2040 Deus
2705 1994 3067 2055 peccaturum,
3096 1996 3151 2042 et
3170 1996 3388 2058 peccata
3413 2003 3509 2043 sua
3554 1988 3640 2058 pia
3683 1989 3780 2042 hu-

2205 2078 2428 2135 militate
2447 2086 2501 2135 et
2523 2078 2733 2134 sincera
2758 2079 3063 2149 poenitentia
3093 2080 3411 2148 deleturum,
3437 2096 3532 2137 cur
3557 2096 3664 2138 non
3695 2082 3775 2136 di-

2204 2179 2372 2239 ceret,
2430 2169 2613 2226 Inueni
2660 2170 2830 2225 Dauid
2874 2170 3152 2226 secundum
3196 2187 3284 2226 cor
3307 2186 3508 2239 meum;
3555 2171 3640 2228 cui
3679 2187 3784 2228 non

2203 2271 2319 2319 erat
2344 2263 2697 2334 imputaturus
2724 2272 2997 2334 peccatum
3028 2272 3133 2319 tam
3163 2264 3327 2319 multa
3369 2264 3507 2320 bona
3549 2264 3779 2333 facienti,

2204 2364 2259 2411 et
2285 2371 2404 2411 cum
2433 2364 2573 2410 tanta
2603 2357 2799 2426 pietate
2819 2356 3040 2424 viventi,
3068 2366 3122 2411 et
3151 2358 3261 2426 ipsa
3291 2356 3493 2428 pietate
3517 2372 3616 2429 pro
3653 2372 3781 2429 ρεαδ

2203 2448 2337 2501 catis
2363 2447 2473 2502 suis
2500 2447 2820 2504 sacriﬁcium
2848 2449 3065 2504 contriti
3101 2450 3319 2519 spiritus
3343 2449 3622 2507 otl'erenti?
3650 2452 3785 2508 Pro:-

2205 2548 2321 2608 ptcr
2344 2537 2458 2594 lucc
2482 2538 2662 2594 omnia
2706 2539 2985 2595 verissime
3009 2539 3209 2595 dictum
3257 2549 3363 2609 est,
3396 2542 3577 2597 Inveni
3618 2534 3783 2598 Dauid

2203 2630 2487 2684 secundum
2514 2646 2606 2685 cor
2633 2647 2820 2685 meum.
2868 2631 3002 2698 Quia
3044 2630 3169 2687 licet
3223 2633 3513 2689 secundum
3557 2649 3652 2690 cor
3693 2635 3785 2691 Dei

2202 2733 2309 2774 non
2339 2731 2502 2789 esset,
2531 2722 2672 2793 quod
2698 2722 2787 2778 ille
2832 2724 3097 2793 peccavit;
3147 2734 3323 2780 tamen
3373 2726 3665 2781 secundum
3693 2741 3787 2784 cor

2202 2810 2298 2867 Dei
2326 2812 2442 2878 fuit,
2485 2814 2625 2884 quod
2656 2826 2753 2884 pro
2786 2816 3017 2886 peccatis
3055 2818 3168 2871 suis
3196 2831 3429 2888 congrua
3472 2820 3782 2888 poenitentia

2202 2904 2475 2960 satisfecit.
2508 2904 2620 2963 lloc
2648 2907 2819 2963 solum
2865 2921 2994 2979 ergo
3015 2908 3069 2963 in
3098 2908 3191 2963 illo
3232 2910 3524 2965 secundum
3571 2926 3666 2967 cor
3694 2911 3787 2967 Dei

2202 3011 2308 3052 non
2339 2997 2458 3067 fuit,
2485 2999 2626 3069 quod
2650 2999 2727 3055 illi
2776 3001 2916 3057 Deus
2964 3016 3071 3057 non
3126 3002 3426 3072 imputavit.
3457 3003 3571 3060 Hoc
3610 3004 3789 3076 itaque

2200 3088 2397 3158 ablato,
2423 3089 2477 3145 id
2506 3099 2719 3147 estnon
2751 3092 3032 3162 imputate,
3066 3093 3195 3164 quid
3228 3094 3499 3161 remansit,
3530 3095 3630 3150 nisi
3647 3096 3789 3152 unde

2202 3186 2480 3241 verissime
2498 3184 2782 3251 diceretur,
2801 3185 2979 3241 Inueni
3000 3183 3167 3241 David
3191 3188 3463 3242 secundum
3488 3205 3575 3243 cor
3592 3186 3787 3244 meum!

2271 3279 2323 3335 3.
2355 3277 2411 3334 Si
2439 3289 2616 3334 autem
2647 3276 2750 3333 hoc
2778 3278 3083 3349 prephetice
3111 3279 3310 3335 dictum
3335 3280 3403 3337 de
3430 3278 3645 3337 Christo
3682 3293 3782 3338 ve-

2201 3366 2361 3423 limus
2405 3368 2667 3440 accipere,
2712 3370 2888 3443 nullus
2930 3369 3104 3426 nodus
3150 3371 3459 3441 quaestionis
3504 3383 3785 3439 occurret;

2200 3458 2301 3515 nisi
2333 3459 2467 3515 forte
2511 3468 2569 3515 ut
2606 3469 2875 3531 qumratur
2917 3474 2948 3515 a
3004 3460 3159 3517 nobis
3197 3462 3465 3532 quomodo
3512 3462 3786 3520 Christum

2199 3560 2345 3605 recte
2383 3551 2486 3605 isto
2515 3552 2730 3606 nomine
2758 3558 2951 3607 Vocare
2995 3553 3245 3623 potuerit.
3267 3550 3374 3609 Sed
3400 3553 3790 3624 respondemus

2200 3650 2418 3712 propter
2468 3656 2655 3697 semen
2686 3642 2872 3709 David,
2921 3659 2987 3698 ex
3015 3659 3121 3714 quo
3154 3658 3370 3700 carnem
3417 3641 3660 3700 Christus
3698 3658 3789 3701 asa

2199 3733 2443 3803 sumpsit.
2468 3730 2577 3788 Nec
2601 3732 2715 3787 sine
2745 3733 2989 3803 exemplo
3019 3736 3281 3790 rationem
3309 3733 3467 3805 hujus
3500 3735 3552 3789 in
3572 3734 3789 3791 Christo

2200 3826 2431 3880 nominis
2455 3824 2748 3881 reddimus.
2780 3825 3083 3881 invenimus
3111 3828 3306 3897 quippe
3334 3828 3672 3898 apertissime
3695 3829 3782 3885 Je-

2197 3935 2317 3976 sum
2339 3920 2610 3976 Christum
2628 3919 2765 3990 apud
2788 3919 3099 3991 prophetam
3124 3920 3457 3976 Ezechielem
3478 3920 3641 3976 David
3662 3933 3788 3978 esse

2196 4010 2541 4081 appellatum,
2572 4009 2661 4066 ubi
2700 4009 2893 4081 legitur
2942 4026 3007 4066 ex
3052 4025 3276 4081 persona
3323 4010 3417 4066 Dei
3467 4006 3682 4066 Patris:
3716 4004 3788 4067 Et

2198 4105 2448 4160 suscitabo
2468 4120 2620 4176 super
2648 4122 2829 4176 pecora
2852 4121 2961 4159 mea
3006 4113 3257 4177 pastorem
3282 4121 3440 4159 unum
3486 4107 3573 4177 qui
3610 4115 3792 4178 pascat

2198 4213 2278 4262 ea,
2305 4212 2502 4252 seruum
2521 4213 2686 4253 meum
2713 4196 2881 4251 David
2896 4214 2917 4264 ;
2944 4206 2993 4252 et
3022 4198 3131 4268 ipse
3159 4208 3327 4268 pascet
3356 4216 3436 4265 ea,
3466 4207 3512 4253 et
3553 4200 3663 4272 ipse
3692 4201 3791 4254 erit

2200 4289 2279 4344 Isis
2303 4289 2357 4343 in
2382 4298 2634 4361 pastorem
2658 4304 2677 4344 :
2700 4306 2791 4362 ego
2816 4298 2983 4344 autem
3008 4288 3259 4345 Dominus
3284 4307 3369 4345 ero
3393 4291 3465 4346 eis
3503 4292 3555 4345 in
3592 4290 3791 4358 Deum,

2198 4392 2246 4439 et
2272 4399 2442 4439 seruus
2486 4399 2626 4439 meus
2648 4382 2814 4437 David
2865 4384 3097 4455 princeps
3145 4384 3199 4437 in
3245 4383 3409 4438 medio
3434 4400 3637 4449 eorum;
3686 4402 3786 4454 ego

2199 4474 2451 4530 Dominus
2475 4477 2670 4531 locutus
2710 4492 2844 4530 sum.
2879 4476 2947 4531 Et
2991 4476 3097 4532 alio
3136 4477 3254 4532 loco
3285 4494 3298 4530 :
3330 4476 3401 4531 Et
3425 4494 3534 4544 rex,
3586 4477 3789 4548 inquit,

2200 4583 2330 4623 unus
2359 4567 2455 4623 erit
2489 4568 2721 4623 omnibus
2748 4568 3025 4639 imperans,
3055 4575 3102 4622 et
3148 4584 3249 4622 non
3296 4577 3437 4623 erunt
3482 4570 3619 4624 ultra
3669 4569 3800 4624 dum

2198 4668 2389 4732 gentes,
2414 4672 2502 4714 nec
2526 4659 2811 4713 dividentur
2838 4648 3057 4730 amplius
3076 4659 3129 4713 in
3159 4658 3259 4714 duo
3279 4676 3452 4731 regna,
3485 4677 3642 4731 neque
3670 4661 3798 4730 pol-

2200 4751 2563 4818 tuentuura
2582 4750 2636 4804 in
2659 4750 2810 4805 idolis
2835 4751 2940 4804 suis
2963 4762 3002 4804 ei
3026 4749 3487 4806 abominationibus
3514 4750 3620 4805 suis
3658 4762 3709 4806 et
3740 4753 3802 4816 in

2197 4841 2387 4897 cunctis
2406 4840 2751 4912 iniquitatibus
2770 4841 2874 4895 suis
2900 4855 2918 4895 :
2940 4850 2985 4895 et
3031 4841 3197 4895 salvos
3221 4856 3303 4896 eos
3330 4841 3515 4913 faciam
3556 4843 3620 4896 de
3659 4844 3760 4896 uni
3770 4871 3800 4885 -

2199 4934 2353 4989 uersis
2376 4933 2575 4988 sedibus
2596 4933 2701 4988 suis
2730 4934 2744 4964 ¹
2769 4932 2821 4985 in
2845 4933 3021 5002 quibus
3061 4941 3407 5001 peccaverunt,
3436 4942 3483 4986 et
3527 4933 3797 4989 mandabo

2198 5041 2303 5080 eos.
2333 5024 2399 5079 Et
2427 5033 2572 5079 erunt
2594 5024 2716 5077 mihi
2742 5024 2983 5095 popqus,
3015 5034 3063 5078 et
3091 5040 3180 5095 ego
3204 5040 3289 5078 ero
3318 5024 3387 5079 eis
3418 5022 3577 5090 Deus;
3602 5034 3651 5079 et
3679 5043 3803 5081 ser-

2198 5132 2289 5172 vus
2332 5133 2473 5172 meus
2518 5116 2687 5171 Dauid
2712 5132 2802 5171 rea:
2848 5131 3003 5187 super
3048 5132 3151 5183 eos,
3201 5123 3249 5170 et
3292 5127 3465 5187 pastor
3508 5134 3643 5171 unus
3696 5120 3807 5172 erit

2200 5209 2425 5264 omnium
2487 5222 2658 5263 eorum
2711 5201 2949 5281 (Ezech.
2982 5220 3163 5275 sxxrv,
3210 5206 3302 5273 ‘25,
3344 5205 3436 5274 2t,
3504 5217 3549 5261 et
3586 5224 3804 5271 sum,

2199 5301 2433 5373 22-24).
2462 5300 2599 5357 Osee
2650 5314 2863 5371 quoque
2904 5302 3186 5371 propheta,
3243 5312 3363 5355 cum
3408 5298 3809 5369 praenuntiat-ct

2202 5407 2410 5467 tempus
2433 5395 2758 5461 .ludazorum,
2788 5394 2943 5465 quale
2983 5408 3124 5459 nunc
3167 5392 3384 5458 habent,
3426 5402 3483 5448 et
3517 5393 3570 5447 in
3626 5392 3808 5449 Chri-

2202 5498 2341 5544 stum
2371 5505 2466 5545 eos
2490 5498 2676 5560 postea
2709 5488 3035 5553 credituros,
3063 5486 3314 5543 eumdem
3366 5486 3636 5542 Christum
3682 5487 3808 5541 Da-

2202 5581 2287 5637 vid
2318 5582 2530 5637 nomine
2560 5581 2911 5651 prophetavit,
2934 5580 3117 5636 dicens
3145 5598 3158 5633 :
3187 5579 3439 5649 Quoniam
3456 5578 3632 5633 diebus
3654 5582 3810 5632 mal-

2205 5676 2266 5729 tis
2292 5676 2530 5730 sedebant
2560 5674 2656 5744 ﬁlii
2697 5673 2857 5730 Israel
2886 5675 2994 5728 sine
3041 5689 3178 5745 rege,
3226 5673 3335 5726 sine
3384 5673 3628 5743 principe,
3688 5672 3806 5725 sius

2205 5770 2474 5839 sacriﬁcio,
2502 5770 2611 5823 sine
2629 5768 2799 5833 altari,
2821 5768 2929 5822 sine
2964 5766 3263 5831 sacerdotio,
3292 5765 3401 5820 sine
3422 5767 3811 5819 manifestatio—

2274 5914 2288 5945 ¹
2326 5919 2453 5965 Unus
2472 5926 2499 5964 e
2524 5912 2668 5963 vatic.
2692 5920 2819 5974 3:55.,
2844 5910 3081 5965 sordibus.
3107 5906 3238 5973 Apud
3262 5915 3372 5961 cxx
3388 5918 3479 5971 est,
3494 5907 3731 5959 ouantibus.
