4136 6526
313 454 420 515 ιίὲθ

313 570 489 623 nibus.
520 568 610 623 Sic
638 585 786 624 nunc
835 585 954 625 esse
1010 570 1227 625 Iudaeos
1283 569 1510 640 ambigit
1554 584 1733 623 nemo.
1792 567 1898 622 Sed

311 658 461 727 quod
496 660 573 712 ait
596 660 882 727 apostolus
919 660 1140 722 Paulus,
1172 659 1440 714 Gentibus
1466 660 1717 730 loquens,
1752 659 1901 715 Sicut

305 752 444 805 enim
468 767 555 805 vos
576 752 856 818 aliquando
892 766 993 802 non
1034 748 1325 802 credidistis
1373 747 1499 811 Deo,
1547 765 1680 801 nunc
1730 759 1903 802 autem

304 841 709 896 utisericordiam
732 840 984 894 consecuti
1010 840 1131 895 estis
1160 841 1213 892 in
1253 839 1459 893 illorum
1503 839 1859 894 incredulitate
1881 856 1901 903 ;

305 949 380 984 sic
406 942 451 985 et
476 933 560 985 isti
585 948 720 985 nunc
747 948 850 986 non
877 931 1196 985 crediderunt
1227 931 1281 983 in
1320 940 1487 984 vestra
1528 931 1900 996 misericordia,

307 1033 361 1075 ut
382 1033 429 1077 et
445 1024 544 1091 ipsi
560 1022 954 1077 misericordiam
967 1031 1338 1093 consequantur
1353 1020 1530 1091 (Rom.
1549 1036 1622 1086 XI,
1641 1021 1711 1077 50
1726 1031 1771 1076 et
1789 1023 1848 1076 51
1867 1026 1903 1088 );

308 1115 414 1169 hoc
440 1116 698 1184 propheta
726 1115 830 1169 iste
860 1122 1006 1168 tanto
1032 1123 1158 1167 ante
1188 1112 1511 1182 priedicens,
1541 1121 1760 1169 secutus
1811 1113 1909 1169 ad-

304 1206 504 1274 junxit,
535 1202 604 1258 Et
631 1215 803 1272 postea
832 1214 1142 1259 revertentur
1183 1205 1280 1273 ﬁlii
1322 1202 1511 1269 Israel,
1558 1214 1606 1258 et
1656 1205 1908 1271 inquirent

310 1296 587 1349 Dominum
618 1294 783 1349 Deum
808 1312 958 1350 suum
986 1305 1034 1349 et
1060 1293 1229 1348 David
1248 1312 1414 1365 regem
1440 1312 1611 1359 suum,
1643 1306 1689 1350 et
1731 1306 1907 1366 stupe-
1946 1362 1949 1365 _

309 1395 452 1473 scqu
475 1388 527 1439 in
549 1385 770 1440 Domino
800 1396 847 1439 et
872 1387 923 1440 in
950 1386 1094 1440 bonis
1134 1386 1297 1457 ipsius
1324 1387 1377 1439 in
1407 1388 1689 1440 novissimis
1712 1386 1906 1440 diebus.

310 1478 470 1549 (Osee
494 1494 571 1541 ιιι,
602 1479 658 1542 ι,
690 1476 769 1550 5).
800 1478 942 1533 Ecce
986 1487 1040 1533 et
1068 1478 1157 1532 hic
1200 1493 1298 1548 per
1340 1478 1508 1532 David
1558 1495 1751 1533 nomen
1787 1493 1910 1547 pro-

312 1568 562 1639 pbetatus
580 1580 664 1624 est
686 1568 964 1634 Christus;
997 1569 1248 1639 quoniam
1293 1569 1509 1640 quando
1536 1570 1635 1623 ista
1674 1569 1909 1639 prophe-

311 1662 584 1725 tabantur,
617 1661 705 1716 ille
740 1661 909 1716 David
938 1677 1033 1716 rex
1075 1661 1240 1717 lsrael
1278 1662 1389 1732 jam
1433 1662 1560 1716 olim
1615 1670 1740 1716 ante
1783 1661 1911 1716 dor-

310 1753 506 1807 mierat
532 1771 544 1805 :
576 1753 833 1808 Dominus
857 1763 1037 1808 autem
1066 1753 1222 1809 Jcsus
1250 1770 1315 1808 ex
1337 1754 1454 1823 ejus
1489 1755 1696 1809 semine
1731 1753 1909 1809 fuerat

311 1843 364 1897 in
394 1859 557 1898 carne
584 1851 878 1910 venturus;
914 1856 1131 1914 pr0pter
1155 1846 1295 1914 quod
1316 1844 1627 1916 prophetico
1655 1845 1911 1915 loquendi

310 1934 475 1989 modo
503 1935 872 2005 appellabatur
920 1936 1105 1991 David.
1153 1937 1372 1992 Videtur
1408 1947 1586 1992 autem
1629 1938 1910 2007 apostolus

309 2024 512 2079 Paulus
528 2024 633 2081 hoc
659 2026 1020 2081 testimonium
1051 2027 1122 2080 ita
1144 2027 1391 2097 posuisse
1422 2028 1474 2081 in
1499 2028 1721 2083 Actibus
1759 2029 1912 2099 Apo-

310 2116 599 2180 stolorum,
629 2124 689 2170 ut
719 2132 823 2170 non
874 2117 974 2171 nisi
1012 2116 1083 2173 de
1119 2118 1210 2172 illo
1232 2133 1359 2188 rege
1405 2119 1568 2173 David
1624 2121 1714 2190 qui
1761 2120 1911 2175 Sauli

311 2206 574 2262 successit
626 2208 795 2275 possit
847 2208 1093 2278 intelligi.
1160 2208 1293 2263 Nam
1361 2209 1500 2265 inter
1554 2219 1773 2276 czctera,
1844 2211 1912 2265 Et

307 2298 514 2359 estinde,
543 2296 736 2368 inquit,
770 2300 1153 2367 postulaverunt
1179 2317 1366 2371 regem,
1398 2312 1445 2355 et
1470 2301 1608 2357 dedit
1632 2303 1738 2356 illis
1769 2301 1911 2357 Deus

314 2389 445 2446 Sail
474 2390 640 2458 filium
666 2390 771 2453 (Iis,
794 2392 959 2446 virum
984 2391 1047 2446 de
1084 2391 1215 2446 tribu
1243 2392 1535 2464 Benjamin,
1582 2394 1730 2448 annis
1778 2410 1912 2464 qua-

312 2479 570 2550 draginta.
602 2480 672 2534 Et
722 2490 894 2536 amoto
932 2480 1027 2536 illo
1070 2484 1327 2538 suscitavit
1371 2484 1478 2538 illis
1525 2482 1693 2537 David
1718 2499 1909 2553 regem,

310 2572 396 2624 cui
415 2581 463 2626 et
483 2572 825 2627 testimonium
856 2574 1121 2645 perlubens
1146 2575 1295 2641 dixit,
1323 2574 1347 2627 1
1356 2577 1503 2629 ηυειιί
1530 2574 1701 2629 David
1738 2576 1907 2643 ﬁlium

311 2659 479 2729 lesse,
511 2663 674 2717 virum
698 2665 978 2720 secundum
1003 2682 1092 2721 cor
1116 2683 1301 2734 meum,
1330 2668 1413 2739 qui
1438 2668 1587 2739 faciet
1611 2683 1786 2722 omnes
1813 2683 1906 2723 vo-

318 2830 1463 2841 ________________,__._
3016 2838 3266 2845 _______n

313 2832 3618 2885 “mm—Eii.
2434 2874 2901 2885 ..__.______
2914 2875 3555 2885 __________.______.

1206 448 1584 507 ADMONITIO
1625 448 1693 503 IN
1734 442 2294 512 SUBSEQUENTEM
2337 444 2615 503 LIBRUM.

3478 448 3582 503 170

2011 562 2228 618 luntates
2252 578 2408 617 meas.
2438 562 2543 619 Sed
2569 562 2821 633 quoniam
2841 570 3060 618 secutus
3086 560 3328 633 adjungit
3349 568 3405 619 et
3429 562 3594 626 dicit,

2016 653 2186 725 Ilujus
2215 653 2351 709 Deus
2374 670 2437 708 ea:
2477 654 2684 718 semine,
2728 652 3004 707 secundum
3051 653 3456 723 promissionem,
3498 655 3595 706 ad-

2010 744 2156 799 duxit
2184 742 2351 798 Israel
2376 742 2693 800 Salvatorem
2710 741 2887 797 Iesum
2906 741 3042 815 (Act.
3066 756 3182 809 xm,
3208 742 3425 812 21-25);
3443 743 3602 798 altius

2012 834 2328 903 signiﬁcavit
2379 835 2431 888 in
2487 834 2712 889 Domino
2748 833 2876 889 Jesu
2922 834 3096 903 potius
3142 848 3265 889 esse
3298 833 3605 904 intelligen-

2012 926 2138 980 dum
2169 926 2300 981 illud
2325 926 2709 988 testimonium,
2740 926 2831 996 qui
2850 942 2979 981 vere
3026 926 3151 980 fecit
3180 941 3367 981 omnes
3414 927 3604 982 volun-

2013 1023 2149 1071 tates
2178 1016 2271 1071 Dei
2292 1017 2485 1081 Patris,
2518 1032 2678 1088 quam
2715 1015 2769 1071 in
2793 1014 2885 1070 illo
2926 1032 3051 1086 rege
3088 1015 3253 1071 David
3294 1035 3309 1072 :
3341 1017 3431 1088 qui
3478 1017 3607 1073 licet

2012 1108 2307 1162 secundum
2347 1108 2679 1178 superiorem
2718 1108 3157 1177 disputationem,
3195 1108 3436 1165 remissis
3476 1126 3605 1179 pec-

2012 1200 2147 1255 catis
2170 1207 2349 1255 etnon
2397 1200 2692 1270 imputatis,
2734 1208 2954 1271 propter
2994 1200 3165 1270 ipsam
3197 1217 3409 1272 quoque
3462 1203 3605 1273 piam

2014 1292 2405 1361 paenitentiam,
2438 1308 2542 1347 non
2573 1294 2843 1349 immerito
2870 1292 2977 1347 dici
3003 1293 3173 1363 possit
3216 1293 3464 1348 inventus
3516 1310 3603 1349 se-

2013 1382 2241 1437 cundum
2253 1398 2349 1438 cor
2368 1384 2479 1449 Dei;
2506 1396 2679 1440 tamen
2697 1398 2887 1440 omnes
2901 1384 3201 1440 voluntates
3227 1384 3322 1439 Dei
3335 1386 3606 1455 quomodo

2014 1473 2172 1529 fecit?
2198 1465 2297 1542 Qui
2326 1492 2449 1531 cum
2503 1476 2960 1532 excellentissime
3006 1474 3340 1541 laudaretur,
3390 1476 3607 1544 quando

2014 1571 2132 1639 ejus
2157 1578 2393 1639 tempora
2419 1579 2475 1624 et
2504 1568 2642 1625 facta
2662 1570 2942 1639 Scriptura
2964 1571 3225 1633 narravit,
3271 1576 3487 1623 notatus
3525 1577 3611 1621 est

2016 1670 2193 1717 tamen
2218 1666 2359 1732 quod
2391 1678 2497 1717 non
2546 1661 2814 1717 destruxit
2853 1660 3086 1723 excelsa,
3132 1659 3223 1715 ubi
3269 1659 3608 1714 sacriﬁcabat

2016 1757 2240 1825 populus
2310 1756 2404 1811 Dei
2451 1764 2637 1810 contra
2681 1761 3003 1825 praeceptum
3051 1751 3169 1816 Dei,
3218 1752 3309 1821 qui
3370 1760 3604 1806 tantum-

2016 1847 2176 1901 modo
2202 1847 2253 1901 in
2279 1847 2622 1902 tabernaculo
2646 1835 2934 1902 testimonii
2961 1844 3065 1899 sibi
3105 1842 3400 1899 sacrificari
3425 1844 3609 1914 jusse-

2016 1950 2132 2005 rat;
2161 1942 2409 2010 quamvis
2437 1947 2492 1995 et
2522 1940 2573 1993 in
2613 1938 2816 1995 eisdem
2859 1936 3092 1993 excelsis
3136 1936 3311 1990 eidem
3346 1935 3615 1990 sacriﬁca-

2018 2041 2169 2085 retur
2197 2030 2307 2085 Deo
2332 2048 2344 2082 :
2370 2046 2489 2100 qua:
2514 2028 2858 2100 postmodum
2884 2028 3097 2083 excelsa
3125 2042 3191 2080 ex
3232 2028 3399 2097 ipsius
3445 2026 3612 2080 David

2016 2122 2223 2177 semine
2273 2130 2595 2192 prepagatus
2644 2138 2740 2176 rex
2785 2120 3062 2184 Ezechias,
3110 2134 3235 2174 cum
3306 2118 3615 2174 testimonio

2017 2228 2225 2285 magnae
2249 2230 2361 2269 sua:
2382 2214 2555 2270 laudis
2579 2213 2776 2270 evertit
2797 2211 2886 2285 (IV
2914 2211 3040 2283 Reg.
3076 2227 3222 2275 svnt,
3252 2209 3334 2283 4).

2090 2306 2147 2361 ι.
2177 2305 2328 2361 Sicut
2370 2308 2538 2376 potui,
2583 2305 2835 2376 reSpondi
2884 2303 3321 2371 inquisitionibus
3386 2302 3511 2356 tuis.
3551 2301 3611 2357 Si

2016 2396 2144 2467 quid
2188 2397 2257 2454 de
2290 2399 2407 2454 istis
2450 2399 2612 2454 rebus
2651 2397 2901 2453 invenisti
2945 2395 3154 2462 melius,
3204 2396 3320 2450 sive
3376 2395 3616 2449 invenire

2019 2490 2278 2558 potueris,
2304 2490 2665 2560 gratissimum
2687 2488 3003 2543 habebimus
3023 2488 3068 2542 si
3085 2501 3184 2541 nos
3208 2485 3402 2542 feceris
3426 2500 3617 2541 nosse.

2020 2579 2131 2651 Ego
2151 2580 2317 2646 enim,
2349 2579 2493 2650 quod
2521 2589 2576 2635 et
2602 2594 2762 2651 supra
2789 2579 2859 2635 de
2898 2596 2987 2634 me
3015 2577 3452 2644 commemoravi,
3494 2591 3613 2631 ma-

2014 2670 2096 2743 gis
2120 2685 2243 2725 amo
2270 2670 2477 2728 discere
2494 2687 2653 2743 quam
2677 2671 2898 2727 docere.

1445 3009 2487 3145 ADMONITIO

1399 3266 1479 3328 lN
1523 3264 2154 3343 SUBSEQUENTEM
2197 3268 2523 3331 LIBRUM.

1811 3465 2182 3515 θθοοορο-

389 3650 686 3722 Augustino
712 3650 1108 3709 restituendum
1139 3651 1444 3708 curavimus
1466 3651 1783 3723 opusculum
1808 3652 2159 3725 subsequens,
2189 3654 2332 3722 quod
2351 3655 2569 3726 quidem
2590 3670 2621 3711 a
2647 3654 3069 3713 Lovaniensibus
3094 3655 3380 3729 Theologis
3404 3660 3625 3732 abiudi-

307 3754 491 3796 catum
518 3743 641 3812 ipsi,
672 3753 729 3799 et
757 3743 1098 3799 amandatum
1127 3743 1181 3798 in
1208 3744 1575 3814 Appendieem
1602 3742 1795 3807 fuerat,
1826 3743 2040 3813 praeﬁxa
2076 3744 2186 3809 illa,
2208 3760 2368 3815 quam
2395 3746 2464 3802 ab
2492 3747 2716 3802 Erasmo
2741 3748 2962 3803 mutuati
2992 3756 3137 3813 sunt,
3157 3763 3417 3804 censura:
3450 3750 3618 3808 Libet-

309 3834 396 3889 lus
439 3835 521 3888 hic
564 3851 628 3891 ea:
677 3836 892 3891 diversis
926 3835 1199 3908 Augustini
1223 3836 1452 3905 epistolis
1476 3836 1858 3890 consarcinatus
1884 3844 1977 3900 est,
2006 3837 2226 3890 maxime
2252 3837 2389 3905 quod
2412 3836 2483 3891 ad
2509 3839 2782 3894 sententias
2809 3840 3005 3895 attinet.
3054 3840 3299 3896 Addebat
3342 3844 3623 3911 Erasmus,

310 3926 592 3996 probabile
617 3926 784 3982 videri
815 3941 952 3997 opus
976 3941 1097 3982 esse
1135 3926 1372 3996 llugonis
1400 3925 1655 3981 Victorini
1689 3943 1704 3982 :
1733 3941 1894 3996 quam
1920 3926 2037 3997 ejus
2064 3926 2425 3996 conjecturam
2452 3928 2647 3985 refellit
2672 3930 2755 3985 vel
2783 3930 2897 3985 sola
2927 3930 3165 4001 ejusdem
3193 3932 3312 3987 libri
3354 3935 3620 4005 scriptura

311 4018 366 4071 in
393 4018 806 4073 Gemmeticensi
836 4018 1022 4074 codice
1051 4030 1176 4073 ante
1208 4018 1446 4089 Hugonis
1473 4027 1684 4073 aatatem
1713 4028 1956 4086 exarata,
1980 4029 2035 4076 et
2060 4034 2255 4091 gerens
2291 4021 2344 4075 in
2390 4019 2567 4077 fronte
2606 4039 2804 4078 nomen
2840 4025 3142 4094 Augustini.
3192 4028 3299 4083 lies
3351 4014 3510 4082 etiam
3556 4045 3622 4086 ac

310 4112 528 4182 phrasis
554 4126 661 4167 non
688 4111 965 4181 llugonem
996 4112 1182 4176 refert,
1210 4111 1306 4166 sed
1335 4125 1554 4181 prorsus
1594 4112 1976 4182 Augustinum;
2024 4113 2112 4182 qui
2152 4122 2458 4181 postremo,
2508 4113 2649 4183 quod
2690 4114 2972 4170 Erasmum
3010 4114 3269 4187 fugiebat,
3298 4119 3349 4173 in
3378 4118 3618 4188 Epistola

307 4204 443 4269 231,
476 4204 543 4258 ad
575 4204 796 4259 Darium
826 4205 1100 4269 comitem,
1129 4212 1252 4273 post
1297 4202 1687 4259 Frobenianam
1739 4204 2027 4261 editionem
2072 4215 2305 4274 reperta,
2350 4215 2405 4261 et
2455 4207 2506 4260 in
2553 4207 2886 4263 Plantiniana
2932 4209 3344 4267 Lovaniensium
3387 4216 3619 4283 primum

311 4295 551 4366 vulgata,
573 4309 730 4349 suum
756 4310 876 4350 esse
898 4294 1116 4350 Librum
1136 4304 1471 4351 contestatur
1497 4294 1581 4349 liis
1612 4295 1813 4360 verbis,
1838 4312 1890 4349 n.
1910 4295 1983 4351 ιε
2014 4295 2138 4351 Misi
2155 4307 2205 4351 et
2228 4296 2357 4352 alios
2382 4298 2555 4365 libros,
2580 4315 2706 4366 quos
2731 4316 2833 4355 non
2861 4302 3048 4373 petisti,
3072 4320 3136 4357 ne
3156 4303 3251 4358 hoc
3269 4306 3621 4360 tantummodo

308 4400 538 4469 facerem
565 4396 701 4467 quod
745 4395 931 4467 petisti,
963 4395 1027 4449 de
1057 4394 1187 4449 Fide
1213 4411 1384 4449 rerum
1417 4408 1534 4465 qua:
1572 4410 1675 4447 non
1714 4395 1965 4458 videntur,
2010 4392 2074 4447 de
2108 4392 2383 4461 Patientia,
2409 4395 2473 4449 de
2511 4392 2853 4459 Continentia,
2886 4396 2950 4452 de
2975 4394 3325 4462 Providentia,
3373 4409 3422 4455 et
3461 4417 3623 4457 unum

306 4492 565 4563 grandem
591 4491 656 4546 de
680 4488 811 4545 Fide
838 4499 885 4543 et
919 4489 1027 4557 Spe
1049 4498 1097 4543 et
1120 4488 1394 4544 Charitate.
1429 4486 1479 4542 Is
1505 4485 1645 4541 haud
1677 4486 1839 4541 dubie
1865 4486 2013 4541 locus
2048 4487 2305 4556 praeteriit
2332 4488 2494 4542 etiam
2526 4486 2929 4553 Bcllarminum,
2958 4490 3047 4560 qui
3070 4490 3432 4548 Lovanienses
3459 4507 3621 4549 secu-

310 4594 427 4651 tus,
449 4583 593 4638 bunc
614 4583 808 4637 librum
832 4582 1031 4651 spuriis
1059 4579 1452 4636 accensendnm
1482 4595 1547 4634 eo
1570 4578 1837 4634 lubentius
1862 4578 2103 4644 volebat,
2132 4579 2275 4648 quod
2304 4587 2517 4634 notatus
2543 4596 2650 4635 non
2678 4580 2977 4637 inveniatur
3002 4582 3055 4637 in
3088 4582 3580 4641 Retractationibus
3604 4605 3621 4644 :

308 4677 487 4733 libros
516 4686 694 4730 tamen
716 4675 832 4743 ipse
861 4689 1003 4729 nunc
1028 4673 1290 4737 laudatos,
1316 4672 1386 4727 de
1406 4671 1663 4726 Patientia
1689 4679 1743 4724 et
1767 4669 1835 4725 de
1860 4668 2224 4737 Continentia,
2252 4670 2495 4740 quamvis
2519 4671 2660 4725 nulla
2682 4670 2879 4727 ibidem
2910 4672 3047 4726 facta
3073 4673 3145 4727 sit
3170 4674 3238 4728 de
3262 4674 3369 4729 illis
3398 4678 3618 4740 mentio,

311 4786 418 4843 pro
444 4770 693 4840 genuinis
720 4768 939 4830 habens,
969 4768 1090 4837 quia
1110 4782 1141 4821 a
1167 4767 1411 4821 Possidio
1430 4774 1483 4819 et
1516 4780 1547 4818 a
1580 4763 1719 4818 Beda
1749 4764 1964 4834 vulgato
1988 4764 2241 4820 citantur.
2270 4764 2396 4819 llaec
2420 4763 2670 4819 nimirum
2691 4766 2945 4835 opuscula
2972 4766 3129 4821 exiis
3146 4775 3271 4822 sunt
3288 4766 3626 4823 Tractatibus

312 4859 692 4930 popularibus,
717 4858 807 4929 qni
838 4858 1157 4928 Augustino,
1208 4856 1362 4910 sicuti
1403 4854 1470 4909 ad
1499 4852 1931 4921 Quodvultdeum
1962 4853 2017 4909 in
2059 4854 2284 4925 epistola
2310 4853 2440 4920 εει,
2484 4871 2541 4909 ιι.
2567 4854 2625 4921 2,
2673 4856 2880 4919 scribit,
2927 4865 3047 4925 post
3091 4857 3331 4913 absoluta
3364 4858 3476 4926 jam
3519 4858 3626 4915 duo

313 4954 386 5007 de
424 4952 685 5008 librorum
727 4967 942 5005 suorum
990 4950 1305 5005 recensione
1344 4946 1638 5009 volumina,
1692 4946 2014 5002 retractandi
2059 4962 2182 5002 eum
2228 4946 2482 5016 Epistolis
2524 4946 2817 5003 restabant.
2864 4946 3150 5003 Nobiscum
3192 4963 3321 5003 vero
3356 4950 3626 5005 consentit

314 5045 626 5101 Bernardus
667 5043 962 5112 Vindingus
1000 5042 1053 5103 in
1100 5040 1301 5096 Critico
1341 5038 1764 5110 Augustiniano;
1811 5046 1866 5093 et
1914 5038 2121 5093 titulum
2165 5039 2252 5109 qui
2290 5039 2342 5094 in
2388 5039 2549 5095 editis
2589 5038 2841 5110 prmﬁxus
2869 5048 3014 5104 erat,
3053 5040 3121 5094 de
3158 5039 3288 5103 Fide
3317 5056 3497 5095 rerum
3534 5042 3623 5097 in.

312 5140 634 5204 visibilium,
666 5136 1059 5193 emendandum
1078 5134 1220 5191 baud
1250 5134 1519 5190 immerito
1543 5140 1757 5197 censet;
1788 5130 2001 5202 quando
2021 5131 2089 5187 de
2118 5132 2221 5188 ﬁde
2248 5132 2335 5187 hic
2359 5131 2553 5203 agitur,
2583 5147 2689 5187 non
2712 5148 2896 5188 earum
2922 5131 3293 5186 tantummodo
3308 5148 3484 5189 rerum
3503 5150 3625 5205 quae

313 5233 595 5303 corporeis
623 5231 796 5287 oculis
818 5230 1080 5300 attingere
1101 5243 1373 5299 nunquam
1404 5227 1549 5291 licet,
1578 5224 1672 5289 sed
1699 5224 2051 5295 quarumdam
2080 5224 2240 5280 etiam
2269 5240 2388 5294 quae
2411 5224 2478 5279 iis
2500 5224 2544 5278 si
2566 5232 2857 5294 praesentes
2881 5223 3282 5287 exhiberentur,
3301 5224 3468 5280 videri
3487 5240 3626 5295 'pos.

314 5334 457 5380 seut.
487 5322 816 5394 Opuscnlum
845 5330 968 5391 post
986 5333 1186 5374 annum
1214 5317 1341 5385 399,
1366 5331 1474 5388 quo
1502 5316 1648 5387 leges
1671 5315 1740 5371 ab
1763 5315 1999 5371 Honorio
2019 5325 2205 5369 contra
2232 5315 2370 5369 idola
2411 5315 2549 5371 datzc
2572 5322 2716 5379 sunt,
2744 5314 3115 5371 collocandum
3144 5331 3266 5373 esse
3310 5333 3375 5372 ex
3409 5318 3474 5372 iis
3502 5332 3627 5387 qua:

316 5434 372 5471 η.
405 5417 472 5471 lo
494 5416 565 5472 de
590 5413 859 5471 idolorum
880 5410 1232 5468 subversione
1261 5410 1530 5480 leguntur,
1558 5421 1719 5463 nemo
1742 5421 1848 5462 non
1877 5415 2153 5477 agnoscet.

588 5922 867 5980 Parnm.
930 5917 1056 5976 XL.
3172 5938 3375 6006 (III-.1
