4084 6534
495 460 1514 527 cm

1007 647 1170 794 s.
1238 631 2056 785 AURELII
2142 620 3238 813 AUGUSTINI

3238 447 3770 501 Η

2330 452 3391 462 mm

1452 867 2212 962 HIPPONENSIS
2261 865 2791 951 EPISCOPI

1051 1044 1384 1204 DE
1499 1031 2142 1195 FIDE
2255 1030 3226 1192 RERUM

1178 1304 1574 1455 qua:
1626 1294 2009 1410 NON
2069 1293 3039 1406 VIDI-INTER
3067 1357 3118 1435 ,

1526 1509 2002 1624 LIBER
2106 1505 2518 1616 UNUS
2563 1507 2702 1615 (α).

1793 1701 1940 1751 αὶίηῦ
1953 1693 2429 1750 ΚΟΟΦΕε-αξετ

547 1845 598 1889 In
626 1849 726 1902 quo
753 1833 1111 1887 demnstratur
1135 1839 1226 1878 nos
1261 1826 1310 1875 in
1341 1821 1600 1874 christiana
1621 1815 1885 1879 religione,
1909 1823 2006 1904 non
2027 1805 2252 1941 θωμιἪὶ
2277 1809 2576 1870 temeritate,
2602 1807 2692 1859 sed
2714 1806 2940 1859 laudabili
2963 1807 3059 1860 ﬁde
3081 1807 3290 1860 credere
3311 1821 3396 1860 res
3414 1821 3537 1874 quas
3555 1807 3717 1862 oculis

1840 1905 2018 1941 nostris
2036 1903 2133 1940 non
2154 1893 2200 1940 vi
2237 1904 2394 1941 emus.

1839 1893 2018 1946 nostris
2036 1903 2133 1940 non
2154 1893 2394 1941 videmus.

553 2043 780 2102 CAPUT
799 2037 1085 2098 PRIMUM.
1101 2036 1198 2090 —l
1211 2073 1225 2087 .
1245 2031 1411 2088 Etiam
1430 2030 1481 2084 in
1500 2027 1647 2082 rebus
1671 2021 1906 2078 humanis
1923 2017 2083 2072 multa

488 2139 627 2196 credi
671 2151 786 2209 qua:
825 2149 930 2189 non
957 2138 1231 2186 cernuntur
1264 2125 1440 2180 oculis.
1493 2120 1736 2175 Voluntas
1771 2114 1920 2169 amici
1949 2112 2082 2165 bona

489 2251 593 2289 non
621 2205 843 2295 videtur,
869 2225 958 2282 sed
991 2222 1230 2278 creditur.
1263 2215 1422 2272 Amici
1461 2214 1612 2268 etiam
1639 2208 1836 2281 probati
1866 2205 2080 2260 benevo-

484 2326 643 2382 lentia
679 2321 822 2377 nobis
872 2333 976 2373 non
1029 2321 1226 2370 constat
1277 2311 1384 2366 sine
1427 2307 1600 2375 aliqua
1636 2303 1756 2372 ﬁde.
1809 2299 1941 2355 Sunt
1987 2295 2078 2366 qui

485 2425 676 2491 putant
720 2412 1062 2470 christianam
1106 2405 1423 2485 religionem
1473 2407 1756 2469 propterea
1801 2389 2079 2448 ridendam

481 2481 660 2582 potius
684 2520 844 2577 quam
873 2500 1154 2558 tenendam
1173 2537 1190 2565 ,
1221 2495 1343 2566 quia
1370 2481 1424 2547 in
1455 2506 1515 2546 ea
1536 2531 1553 2556 ,
1577 2503 1696 2560 non
1731 2501 1819 2541 res
1847 2498 1967 2553 qua:
1995 2481 2078 2534 vi-

481 2574 670 2656 deatur
691 2574 1012 2657 ostenditur,
1044 2589 1138 2646 sed
1165 2587 1298 2642 ﬁdes
1321 2599 1498 2639 rerum
1529 2595 1647 2652 quae
1672 2593 1777 2633 non
1803 2574 2075 2638 videntur,

481 2687 788 2746 hominibus
826 2685 1136 2754 imperatur.
1176 2675 1286 2732 Nos
1322 2671 1450 2743 ergo
1487 2670 1554 2725 ad
1581 2671 1680 2723 hos
1717 2663 2076 2754 refellendos,

481 2779 575 2852 qui
600 2765 1017 2850 prudenter—sibi
1042 2755 1291 2824 videntur
1316 2765 1459 2819 nolle
1487 2759 1709 2816 credere
1733 2755 1875 2827 quod
1896 2753 2078 2808 videre

483 2843 869 2940 non-possunt,
921 2863 1023 2919 etsi
1069 2875 1175 2915 non
1213 2858 1452 2913 valemus
1492 2849 1738 2906 humanis
1777 2843 2080 2915 aspectibus

479 2937 785 3018 monstrare
803 2955 981 3012 divina
1002 2965 1121 3024 quae
1146 2946 1434 3010 credimus,
1464 2953 1639 2997 tamen
1661 2937 1909 2994 humanis
1930 2950 2082 2990 men-

484 3048 629 3104 tibus
673 3047 835 3102 etiam
887 3043 979 3098 illa
1027 3053 1146 3110 qua:
1193 3051 1298 3091 non
1348 3033 1595 3087 videntur
1643 3026 1907 3083 credenda
1958 3037 2082 3079 esse

484 3147 867 3197 monstramus.
898 3134 974 3188 Ac
1001 3129 1230 3201 primum
1259 3124 1367 3190 isti,
1400 3137 1534 3192 quos
1561 3119 1733 3175 oculis
1759 3113 1971 3172 carneis
2002 3114 2081 3170 sic

487 3229 709 3287 stultitia
740 3226 864 3282 fecit
888 3221 1170 3285 obnoxios,
1200 3226 1258 3274 ut
1285 3216 1426 3288 quod
1454 3228 1547 3284 per
1571 3226 1666 3268 eos
1690 3225 1801 3266 non
1829 3214 2078 3271 cernunt,

485 3339 597 3379 non
627 3321 728 3377 sibi
754 3317 1058 3375 existiment
1086 3327 1206 3368 esse
1232 3307 1579 3373 credendum,
1599 3301 1919 3360 admonendi
1956 3308 2084 3356 sunt

485 3428 647 3485 quam
675 3412 838 3465 multa
866 3421 973 3462 non
1000 3405 1173 3460 solum
1201 3401 1454 3465 credant,
1484 3411 1673 3452 verum
1699 3395 1859 3449 etiam
1887 3391 2078 3457 sciant,

489 3481 608 3575 qua:
640 3499 833 3556 talibus
860 3497 1028 3553 oculis
1064 3493 1232 3548 videri
1261 3506 1365 3544 non
1397 3494 1636 3560 possunt.
1668 3485 1799 3553 Quae
1827 3497 1948 3538 cum
1977 3481 2084 3536 sint

487 3571 893 3650 innumerabilia
923 3588 974 3642 in
1004 3587 1121 3657 ipso
1149 3583 1328 3638 animo
1367 3587 1550 3635 nostro
1569 3618 1584 3643 ,
1614 3576 1766 3646 cujus
1803 3571 2081 3628 invisibilis

486 3696 574 3744 est
598 3694 783 3741 natura
802 3724 818 3750 ,
849 3691 907 3736 ut
934 3680 1036 3735 alia
1075 3687 1278 3734 taceam
1297 3716 1312 3741 ,
1344 3673 1476 3728 ﬁdes
1503 3673 1613 3742 ipsa
1645 3683 1749 3740 qua
1775 3666 2080 3732 credimus,

489 3781 606 3836 sive
643 3774 891 3846 cogitatio
931 3786 1034 3842 qua
1061 3784 1159 3825 nos
1199 3766 1283 3822 vel
1307 3764 1530 3820 credere
1569 3757 1806 3830 aliquid,
1848 3756 1930 3813 vel
1975 3771 2081 3810 non

488 3870 711 3927 credere
739 3867 1011 3928 novimus,
1039 3876 1161 3918 cum
1189 3871 1405 3930 prorsus
1443 3855 1613 3910 aliena
1651 3852 1723 3906 sit
1764 3849 1832 3905 ab
1860 3849 2084 3904 istorum

484 3958 861 4030 conspectibus
898 3955 1210 4019 oculorum,
1245 3947 1372 4020 quid
1412 3955 1518 4002 tam
1562 3942 1799 4008 nudum,
1833 3951 1940 3996 tam
1971 3939 2084 3994 cla-

490 4029 639 4115 rum,
670 4048 797 4119 quid
832 4057 938 4101 tam
976 4052 1183 4100 certum
1223 4049 1306 4095 est
1349 4035 1691 4093 interioribus
1731 4030 1936 4087 visibus
1969 4029 2086 4084 ani-

485 4139 741 4197 morum?
765 4136 1044 4204 Quomodo
1068 4147 1196 4203 ergo
1216 4123 1943 4195 credeudttmmnestnuod
1964 4137 2087 4177 cor-

385 4221 394 4236 "
492 4231 672 4303 porcis
701 4229 869 4284 oculis
896 4241 1003 4280 non
1037 4223 1306 4286 videmus,
1335 4235 1456 4274 cum
1483 4219 1565 4272 vel
1593 4215 1815 4273 credcre
1840 4230 1938 4268 nos
1957 4255 1972 4279 ,
2001 4211 2084 4268 vel

496 4339 606 4379 non
635 4322 875 4387 credere,
907 4317 995 4374 ubi
1023 4307 1314 4386 corporeus
1342 4311 1526 4367 oculos
1551 4308 1807 4363 adhibere
1835 4323 1940 4362 non
1964 4319 2086 4375 pos-

495 4429 702 4481 sumus,
735 4412 852 4468 sine
877 4410 981 4466 ulla
1007 4406 1338 4464 dubitatione
1365 4399 1677 4460 videamus?

567 4508 624 4562 2.
664 4506 808 4573 Sed,
840 4503 1118 4574 inquiunt,
1159 4497 1258 4553 ista
1295 4512 1415 4566 quze
1457 4494 1513 4549 in
1557 4492 1737 4547 animo
1766 4498 1924 4557 sunt,
1965 4502 2086 4543 cum

497 4600 769 4674 possimus
792 4599 909 4667 ipso
935 4595 1114 4649 animo
1142 4603 1381 4651 cernere,
1412 4602 1517 4640 non
1547 4599 1681 4654 opus
1707 4582 1965 4636 habemus
1994 4595 2090 4649 per

496 4696 685 4753 oculos
709 4691 950 4761 corporis
976 4699 1136 4742 nosse
1163 4701 1177 4738 :
1204 4697 1322 4752 quae
1349 4688 1527 4735 autem
1557 4674 1732 4732 dicitis
1756 4689 1852 4730 vos
1881 4682 1939 4727 ut
1966 4687 2087 4727 cre-

497 4791 710 4856 damus,
742 4799 842 4841 nec
865 4782 996 4838 foris
1019 4776 1319 4842 ostenditis,
1349 4781 1492 4828 utea
1517 4785 1616 4842 per
1641 4769 1829 4825 oculos
1849 4765 2089 4837 corporis

498 4881 838 4943 noverimus;
863 4889 963 4933 nec
989 4874 1130 4928 intus
1159 4871 1212 4924 in
1239 4866 1418 4923 animo
1447 4871 1631 4919 nostro
1655 4869 1799 4928 sunt,
1825 4870 1882 4914 ut
1911 4873 1974 4914 ea
2000 4871 2090 4912 co-

500 4973 716 5048 gitando
759 4970 1057 5027 videamus.
1097 4963 1186 5019 Sic
1215 4961 1315 5016 ista
1356 4958 1573 5023 dicunt,
1620 4954 1770 5025 quasi
1811 4951 2088 5022 quisquam

503 5043 722 5123 credere
740 5063 1039 5135 iuberetur,
1066 5057 1113 5112 si
1136 5055 1249 5127 jam
1274 5052 1373 5108 sibi
1398 5056 1777 5121 prmsentatum
1803 5050 1985 5115 posset
2008 5043 2090 5096 vi-

507 5158 632 5214 dere
673 5134 814 5228 quod
856 5151 1114 5209 creditur.
1161 5147 1286 5204 Ideo
1333 5144 1520 5214 utique
1569 5139 1826 5194 debemus
1871 5134 2092 5225 credere

510 5218 756 5306 nonnulla
797 5246 956 5322 etiam
987 5239 1366 5328 temporalia,
1392 5251 1510 5310 quae
1561 5248 1668 5290 non
1717 5218 2096 5295 videmus,'ut

509 5349 892 5398 aeternaettam
923 5323 1221 5391 mereamur
1253 5333 1468 5398 videre,
1521 5344 1642 5400 quae
1668 5327 1955 5382 credimus.
1986 5323 2092 5378 Sed

2183 2017 2423 2088 quisquis
2448 2034 2535 2084 es,
2562 2019 2652 2088 qni
2680 2034 2784 2074 non
2808 2021 2889 2075 vis
2914 2020 3135 2076 credere
3156 2021 3257 2076 nisi
3283 2020 3423 2090 quod
3449 2020 3620 2093 vides,
3643 2035 3776 2076 ecce

2184 2113 2466 2179 praesentia
2495 2126 2718 2180 corpora
2755 2114 3028 2182 corporeis
3057 2113 3226 2168 oculis
3260 2113 3443 2180 vides,
3474 2124 3774 2184 praesentes

2183 2200 2486 2257 voluntates
2523 2209 2577 2257 ct
2617 2203 2966 2273 cogitationes
3003 2212 3154 2269 tuas,
3195 2204 3316 2275 quia
3365 2204 3417 2258 in
3459 2205 3639 2260 animo
3680 2213 3774 2258 tuo

2181 2300 2306 2344 sunt
2325 2334 2340 2357 ,
2371 2293 2485 2361 ipso
2513 2293 2692 2347 animo
2718 2292 2866 2348 vides
2891 2307 2903 2344 :
2935 2292 3023 2347 dic
3050 2293 3197 2357 mihi,
3227 2292 3452 2348 obsecro
3481 2302 3567 2357 te;
3612 2292 3769 2346 amici

2183 2383 2258 2437 tui
2280 2398 2403 2453 erga
2432 2391 2483 2439 te
2504 2385 2828 2439 voluntatem
2850 2385 3041 2456 quibus
3059 2385 3230 2440 oculis
3252 2385 3438 2440 vides?
3463 2384 3609 2440 nulla
3628 2386 3772 2440 enim

2181 2475 2425 2530 voluntas
2448 2476 2721 2547 corporeis
2745 2476 2914 2531 oculis
2939 2476 3108 2532 videri
3136 2485 3328 2546 potest.
3355 2477 3437 2531 An
3460 2491 3589 2532 vero
3610 2476 3772 2531 etiam

2183 2565 2286 2622 hoc
2309 2567 2458 2623 vides
2494 2568 2673 2623 animo
2703 2576 2828 2633 tuo,
2854 2567 2997 2638 quod
3027 2569 3082 2623 in
3119 2568 3299 2623 animo
3340 2569 3513 2638 agitur
3549 2569 3772 2622 alieno?

2181 2659 2335 2727 Quod
2369 2661 2412 2714 si
2443 2676 2548 2714 non
2585 2659 2739 2716 vides
2761 2702 2776 2726 ,
2805 2661 3073 2730 quomodo
3101 2661 3311 2716 amicali
3341 2661 3356 2692 ¹
3388 2659 3774 2716 benevolentia:

2183 2749 2354 2805 vicem
2379 2750 2648 2820 rependis,
2673 2752 2716 2806 si
2741 2750 2882 2822 quod
2909 2765 3012 2805 non
3036 2759 3186 2819 potes
3211 2751 3409 2816 videre,
3435 2763 3538 2806 non
3563 2749 3776 2805 credis?

2182 2843 2264 2896 An
2312 2841 2449 2898 forte
2483 2841 2722 2897 dicturus
2760 2857 2851 2907 es,
2899 2841 3119 2896 alterius
3161 2841 3483 2896 voluntatem
3524 2857 3620 2911 per
3654 2839 3772 2911 ejus

2182 2945 2343 2999 opera
2374 2940 2426 2987 te
2468 2931 2690 2987 videre?
2713 2932 2856 3004 Ergo
2885 2931 3019 2988 facta
3051 2933 3292 2997 visurus,
3322 2939 3376 2986 et
3399 2932 3558 2986 verba
3587 2947 3646 2986 es
3671 2945 3773 2985 au-

2183 3018 2388 3077 diturus
2409 3064 2424 3087 ,
2455 3023 2524 3079 de
2554 3024 2709 3078 amici
2739 3033 2914 3078 autem
2955 3023 3226 3078 voluntate
3266 3022 3317 3078 id
3359 3021 3500 3093 quod
3525 3021 3690 3076 videri
3715 3031 3776 3076 et

2176 3115 2351 3172 audiri
2391 3129 2496 3169 non
2529 3123 2703 3184 potest
2730 3115 3047 3170 crediturus.
3078 3113 3193 3169 Non
3225 3114 3366 3169 enim
3398 3115 3643 3168 voluntas
3680 3112 3770 3166 illa

2182 3207 2330 3260 color
2349 3215 2431 3260 est
2453 3215 2544 3259 aut
2569 3205 2751 3276 ﬁgura,
2781 3215 2836 3260 ut
2864 3207 3034 3261 oculis
3059 3207 3358 3276 ingeratur;
3388 3205 3469 3260 vel
3496 3218 3662 3258 sonus
3681 3213 3774 3257 aut

2180 3297 2442 3353 cantilena
2463 3339 2476 3362 ,
2509 3306 2566 3352 ut
2591 3297 2808 3353 auribus
2837 3297 3111 3364 illabatur;
3142 3305 3236 3352 aut
3271 3310 3400 3351 vero
3445 3303 3532 3350 tua
3572 3302 3688 3358 est,
3717 3303 3778 3348 ut

2184 3390 2259 3444 tui
2286 3388 2465 3445 cordis
2499 3387 2781 3444 affectione
2826 3389 3106 3448 sentiatur.
3147 3388 3331 3443 Restat
3365 3388 3543 3457 itaque
3572 3394 3631 3440 ut
3675 3399 3778 3440 nec

2183 3481 2446 3566 visa,_nec
2469 3481 2641 3536 audita
2657 3521 2674 3548 ,
2706 3496 2806 3537 nec
2830 3481 2969 3550 apud
2997 3489 3048 3536 te
3069 3481 3210 3534 intus
3232 3469 3774 3548 conspectaTEreda-

2187 3580 2300 3640 tur,
2342 3563 2409 3626 ne
2441 3579 2527 3653 tua
2570 3572 2674 3626 vita
2713 3571 2924 3627 deserta
2964 3569 3209 3626 sine'ulla
3241 3563 3776 3639 amicitia"r'elinqua-

2186 3654 2408 3730 inifvel
2437 3663 2674 3732 impensa
2704 3663 2796 3718 tibi
2821 3663 3034 3718 dilectio
3059 3661 3293 3717 vicissim
3321 3660 3416 3716 abs
3459 3669 3511 3715 te
3548 3675 3652 3714 non
3685 3673 3776 3714 re-

2185 3754 2463 3826 pendatur.
2493 3754 2591 3810 Ubi
2617 3763 2700 3808 est
2726 3769 2855 3824 ergo
2889 3753 3030 3824 quod
3053 3753 3298 3818 dicebas,
3332 3760 3382 3806 te
3417 3749 3637 3806 credere
3665 3764 3774 3804 non

2153 3893 2156 3898 .
2186 3845 2410 3912 debere,
2456 3845 2558 3900 nisi
2585 3844 2727 3915 quod
2771 3845 2982 3899 videres
3019 3853 3110 3898 aut
3146 3844 3477 3899 extrinsecus
3513 3855 3774 3910 corpore,

2186 3949 2275 3992 aut
2301 3937 2621 3993 intrinsecus
2641 3937 2837 3992 corde?
2860 3938 2996 3991 Ecce
3016 3953 3083 3991 ex
3105 3935 3268 3991 corde
3290 3943 3400 3997 tuo,
3425 3931 3603 3988 credis
3625 3932 3776 3986 cordi

2187 4046 2292 4086 non
2323 4040 2446 4095 tuo;
2475 4039 2530 4084 et
2557 4044 2662 4100 quo
2693 4043 2789 4084 nec
2815 4029 2992 4083 carnis
3021 4042 3120 4083 nec
3147 4026 3340 4093 mentis
3368 4023 3551 4094 dirigis
3581 4022 3774 4084 aciem,

2187 4119 2562 4176 accommodas
2581 4119 2760 4174 ﬁdem.
2787 4119 2955 4173 Amici
2985 4116 3171 4172 faciem
3197 4114 3375 4171 cernis
3398 4128 3624 4183 corpore
3648 4122 3738 4166 tuo
3755 4151 3776 4178 ,

2189 4212 2347 4268 ﬁdem
2379 4221 2522 4266 tuam
2546 4212 2722 4267 cernis
2746 4213 2926 4266 animo
2954 4220 3045 4265 tuo
3069 4226 3082 4263 :
3113 4209 3268 4264 amici
3297 4222 3423 4263 vero
3463 4221 3567 4261 non
3597 4205 3696 4260 abs
3726 4215 3779 4259 te

2187 4316 2398 4360 amatur
2424 4303 2558 4359 ﬁdes
2579 4345 2596 4372 ,
2641 4304 2685 4359 si
2717 4319 2821 4358 non
2853 4303 2904 4356 in
2936 4311 2987 4356 te
3025 4309 3206 4355 mutuo
3243 4299 3332 4354 illa
3362 4299 3432 4353 sit
3473 4297 3639 4361 ﬁdes,
3672 4309 3776 4366 qua

2189 4398 2379 4453 credas
2409 4397 2549 4468 quod
2580 4397 2632 4450 in
2661 4396 2750 4450 illo
2786 4409 2890 4450 non
2921 4393 3089 4449 vides.
3129 4391 3381 4461 Quamvis
3422 4389 3582 4458 homo
3611 4388 3779 4468 possit

2190 4498 2244 4543 et
2273 4467 2456 4550 fallere
2481 4486 2730 4557 ﬁngendo
2757 4484 3204 4560 benevolentiam,
3229 4479 3456 4552 tegendo
3477 4467 3734 4547 malitiam
3760 4493 3776 4532 :

2190 4589 2282 4634 aut
2325 4581 2369 4634 si
2408 4568 2602 4633 nocere
2638 4593 2743 4632 non
2777 4577 3007 4647 cogitat,
3041 4559 3219 4628 tamen
3263 4566 3623 4641 exspectando
3664 4583 3696 4621 a
3727 4576 3781 4622 te

2191 4673 2420 4741 aliquant
2441 4669 2896 4735 commoditatem,
2921 4665 3155 4732 simulat,
3183 4665 3306 4735 quia
3325 4661 3641 4717 charitatem
3665 4671 3776 4712 non

2193 4765 2370 4819 habet.

2264 4859 2317 4912 3.
2360 4854 2465 4910 Sed
2494 4853 2628 4908 dicis
2647 4895 2662 4920 ,
2697 4851 2818 4908 ideo
2847 4859 2898 4906 te
2920 4850 3141 4906 credere
3180 4847 3354 4903 amico
3377 4889 3392 4914 ,
3419 4845 3570 4914 cujus
3599 4841 3783 4897 videre

2193 4964 2288 5006 cor
2306 4965 2410 5004 non
2435 4956 2601 5018 potes,
2630 4945 2753 5016 quia
2777 4945 2831 4999 in
2855 4945 2956 4999 tuis
2978 4941 3358 4999 tentationibus
3377 4954 3500 4994 eum
3520 4935 3780 5008 probasti,

2195 5051 2249 5096 et
2267 5037 2821 5111 cujusmodianimum
2842 5050 2967 5104 erga
2990 5044 3040 5088 te
3063 5033 3282 5087 haberet
3304 5030 3356 5085 in
3384 5030 3486 5084 tuis
3510 5026 3782 5096 periculis,

2199 5135 2286 5189 ubi
2321 5143 2372 5188 te
2402 5145 2507 5186 non
2545 5129 2809 5194 deseruit,
2850 5123 3166 5196 cognovisti.
3207 5121 3474 5192 Numquid
3515 5134 3680 5190 ergo,
3729 5127 3790 5172 ut

2197 5229 2488 5281 amicorum
2525 5221 2780 5292 probetur
2819 5234 2944 5288 erga
2989 5232 3090 5272 nos
3132 5215 3390 5276 charitas,
3439 5211 3647 5265 videtur
3693 5209 3789 5264 tibi

2200 5328 2380 5374 nostra
2401 5312 2628 5383 optanda
2644 5310 2954 5366 calamitas?
2974 5307 3083 5364 Nec
3101 5307 3379 5378 quisquam
3395 5303 3499 5358 erit
3515 5316 3579 5356 ex
3600 5300 3791 5354 amicis

1697 5456 1985 5498 ADIONITIO
2023 5457 2103 5495 PP.
2146 5442 2624 5492 BENEDICTINORUII.

569 5543 864 5598 Emendatus
907 5546 982 5589 est
1006 5538 1165 5598 (Liber
1186 5537 1250 5585 de
1269 5535 1383 5585 Fide
1401 5548 1568 5586 rerum
1587 5545 1698 5598 qua:
1721 5547 1816 5598 non
1839 5531 2086 5598 videntur)
2111 5528 2168 5577 ad
2191 5532 2298 5596 Mss-
2317 5519 2602 5598 Sorhonioos
2629 5516 2771 5575 d008,
2809 5513 2870 5562 ad
2900 5512 3175 5562 Vaticanum
3191 5519 3358 5568 υιιιιω,
3381 5511 3434 5556 el
3449 5504 3510 5554 ad
3529 5502 3793 5553 Gemmeti-

508 5585 1104 5667 «ﬁﬁ'iﬁréteiaaué
1119 5585 1184 5648 ad
1209 5599 1449 5647 editiones
1461 5585 1772 5656 Amerbacbii,
1801 5595 1977 5643 Erasmi
1999 5601 2051 5642 et
2071 5585 2450 5639 im'aniensium.

622 5683 1124 5766 Comparavimus
1149 5689 1450 5760 praterea
1475 5698 1572 5741 eas
1603 5696 1804 5740 omnes
1832 5677 2132 5740 editiones
2156 5667 2344 5732 initio
2377 5666 2548 5726 Retr.
2569 5668 2630 5723 et
2652 5657 2938 5722 Confess.
2982 5663 3030 5717 τ.
3060 5655 3119 5730 1,
3149 5658 3537 5716 memoratas.
3620 5645 3712 5709 Μ.

583 5811 660 5876 (a)
685 5809 898 5870 scriptus
912 5812 1021 5869 post
1045 5814 1225 5856 annum
1243 5800 1355 5853 399.

2269 5793 2286 5822 ι
2313 5785 2499 5850 Aliquot
2519 5791 2650 5850 Mss,
2673 5780 2936 5834 mnicabili.

2270 5853 2294 5884 ί
2314 5851 2386 5899 sic
2402 5841 2508 5898 75155.
2532 5841 2648 5896 Editi
2669 5861 2804 5904 vero,
2829 5841 3117 5906 conscripta.
