4084 6538
437 440 538 494 175

435 556 536 606 hoc
556 565 786 620 namque
804 549 1028 616 accipite
1049 562 1143 615 per
1160 546 1477 615 prophetam
1502 545 1663 599 fuisse
1684 543 2018 615 praedictum:

370 690 377 701 ,
434 640 566 696 Ecce
592 642 731 709 virgo
758 639 968 707 accipiet
1007 638 1058 691 in
1087 647 1230 690 utero
1257 678 1273 701 ,
1315 646 1364 690 et
1392 636 1548 708 pariet
1576 635 1774 704 ﬁlium,
1804 644 1849 688 et
1875 649 2025 688 voca-

369 734 377 771 '?
430 736 551 785 bunt
579 746 762 784 nomen
801 730 912 798 ejus
952 726 1291 791 Emmanuel,
1323 726 1459 797 quod
1500 734 1572 779 est
1616 726 2019 795 interpretatum,

276 802 277 807 γ
374 843 379 847 ·
432 824 712 877 Nobiscum
735 820 874 875 Deus
904 819 1068 890 (Isai.
1098 835 1192 885 vn,
1227 819 1350 889 Μ).
1400 818 1515 873 Νοιι
1554 832 1682 887 ergo
1712 815 2020 871 dubitabitis

374 894 381 925 ⁵
428 914 687 983 virginem
715 914 1033 982 parientem,
1065 912 1108 965 si
1142 911 1315 965 velitis
1344 909 1565 965 credere
1592 908 1761 963 Deum
1793 922 2019 962 nascen-

371 1022 384 1041 ί
430 1017 574 1069 tem;
605 1002 789 1057 mundi
819 1002 1057 1074 regimen
1086 1017 1192 1056 non
1222 1001 1608 1070 relinquentem
1630 1040 1644 1061 ,
1672 1008 1726 1054 et
1754 999 1822 1051 ad
1849 998 2020 1051 homi-

428 1109 525 1149 nes
553 1093 606 1148 in
632 1108 795 1149 carne
825 1094 1127 1148 venientem
1154 1108 1169 1157 ;
1200 1092 1358 1145 matri
1386 1090 1760 1145 fecunditatem
1789 1088 2021 1143 aﬁ‘eren-

428 1196 573 1249 tem,
629 1185 990 1255 integritatem
1050 1199 1154 1237 non
1202 1182 1556 1237 auferentem.
1608 1180 1700 1235 Sic
1746 1180 2015 1235 hominem

427 1276 572 1330 nasci
621 1278 919 1347 oportebat,
971 1276 1071 1330 utsi
1116 1290 1330 1344 semper
1376 1285 1495 1328 erat
1535 1272 1679 1327 Deus
1708 1273 1749 1336 ί,
1796 1288 1865 1327 ex
1911 1287 2017 1342 quo

426 1368 696 1422 nascendo
744 1368 889 1421 ﬁeret
942 1367 1097 1421 nobis
1144 1366 1303 1419 Deus.
1357 1364 1491 1418 Hinc
1535 1364 1603 1418 de
1653 1378 1720 1418 eo
1766 1378 1954 1418 rursus
1993 1364 2014 1395 ⁸

427 1461 685 1531 propheta
722 1460 852 1513 dicit
880 1477 892 1511 :
925 1456 1160 1515 Thronus
1185 1467 1334 1523 tuus,
1368 1456 1537 1519 Deus,
1568 1456 1621 1508 in
1648 1454 1889 1509 swculum
1915 1470 2014 1508 sa:-

428 1553 562 1617 culi;
602 1553 741 1622 virga
767 1549 1053 1605 directionis
1073 1591 1087 1612 ,
1120 1549 1262 1619 virga
1287 1549 1426 1618 regni
1464 1549 1556 1601 tui.
1584 1544 1824 1601 Dilexisti
1852 1547 2011 1615 justi-

427 1646 547 1701 tiam
568 1685 583 1708 ,
614 1655 662 1697 et
700 1644 850 1698 odisti
879 1642 1234 1712 iniquitatem;
1280 1649 1546 1711 prapterea
1580 1639 1725 1692 unxit
1769 1648 1817 1692 te
1849 1638 2009 1704 Deus,

429 1735 564 1788 Deus
595 1743 708 1787 tuus
736 1734 848 1787 oleo
873 1732 1223 1786 exsultationis
1252 1746 1360 1800 pra!
1387 1731 1717 1801 participibus
1748 1732 1865 1785 tuis.
1907 1729 2011 1785 ista

426 1829 603 1881 unctio
632 1823 925 1894 spiritualis
966 1832 1080 1888 est,
1120 1839 1223 1892 qua
1272 1823 1410 1877 Deus
1438 1823 1588 1875 unxit
1618 1822 1783 1876 Deum
1803 1862 1818 1887 ,
1853 1821 2013 1875 Pater

424 1916 629 1971 scilicet
649 1914 839 1967 Filium
865 1931 878 1965 :
908 1912 1051 1967 unde
1076 1913 1402 1981 appellatum
1428 1927 1458 1966 a
1484 1911 1792 1975 chrismate,
1826 1912 1875 1965 id
1904 1920 2007 1978 est,

421 2005 489 2062 ab
536 2003 786 2063 unctione
826 2002 1073 2057 novimus
1107 2001 1403 2057 Christum.
1453 2003 1565 2072 Ego
1608 2016 1727 2057 sum
1771 2002 2006 2056 Ecclesia

424 2098 491 2153 de
530 2112 637 2168 qua
680 2094 759 2151 illi
802 2093 856 2150 in
906 2093 1096 2148 eodem
1146 2093 1353 2162 psalmo
1400 2094 1616 2159 dicitur,
1663 2103 1718 2148 et
1761 2104 2007 2164 tanquam

423 2188 617 2243 factum
667 2185 810 2257 quod
858 2185 1093 2241 futurum
1138 2183 1311 2239 fuerat
1362 2184 1747 2253 prtenuntiatur
1785 2202 1800 2240 :
1839 2185 2010 2239 Astitit

423 2279 594 2350 regina
623 2295 654 2331 a
685 2278 876 2332 dextris
905 2278 1026 2343 tuis,
1058 2277 1110 2330 in
1137 2278 1317 2331 vestitu
1343 2275 1608 2343 deaurato,
1635 2276 2009 2330 circumamicta

421 2373 677 2435 uarietate,
724 2370 777 2425 id
821 2380 923 2434 est,
956 2371 1007 2425 in
1039 2380 1374 2425 sacramento
1403 2370 1425 2401 ⁸
1468 2370 1770 2441 sapientiae,
1803 2370 2009 2443 lingua-

420 2480 535 2516 rum
566 2463 821 2517 varii-tate
847 2462 1117 2518 decorata.
1168 2461 1238 2516 lbi
1268 2462 1395 2515 mihi
1427 2462 1654 2529 dicitur,
1685 2463 1837 2529 Audi,
1871 2466 2003 2533 ﬁlia,

418 2563 464 2605 et
492 2554 633 2616 vide,
667 2564 711 2607 et
742 2553 931 2606 inclina
959 2568 1133 2606 aurem
1159 2561 1298 2605 tuam
1318 2594 1332 2618 ,
1360 2562 1408 2605 et
1437 2551 1727 2607 obliviscere
1762 2554 2006 2625 papulum

420 2655 580 2709 tuum,
605 2655 649 2698 et
671 2644 877 2697 domum
905 2644 1063 2715 patris
1089 2644 1162 2697 tui
1183 2659 1202 2697 :
1222 2644 1341 2713 quia
1365 2644 1655 2713 concupivit
1678 2660 1769 2698 rea:
1788 2646 2006 2714 speciem

418 2747 554 2789 tuam
575 2751 595 2801 ;
623 2736 858 2807 quoniam
886 2736 995 2804 ipse
1019 2745 1092 2789 est
1123 2734 1371 2789 Dominus
1394 2733 1534 2789 Deus
1559 2744 1673 2789 tuus
1692 2775 1705 2799 ,
1736 2745 1783 2789 et
1812 2735 2003 2789 adora-

419 2828 538 2880 bunt
576 2843 688 2880 eum
717 2827 840 2896 ﬁlice
862 2824 987 2897 Tyri
1012 2826 1066 2879 in
1092 2824 1400 2888 muneribus,
1428 2825 1622 2878 vultum
1651 2836 1789 2878 tuum
1818 2826 2003 2893 depre-

417 2918 663 2972 cabuntur
691 2934 862 2971 ontnes
904 2917 1080 2970 diuites
1116 2916 1295 2986 plebis.
1344 2915 1522 2969 Omnis
1550 2916 1712 2986 gloria
1741 2919 1851 2988 ejus
1880 2918 2006 2985 ﬁlia!

415 3010 549 3079 regis
572 3008 892 3073 intrinsecus,
921 3006 974 3060 in
1001 3005 1211 3075 ﬁmbriis
1240 3007 1409 3060 aureis
1437 3006 1814 3061 circumamicta
1839 3010 2003 3062 varie-

420 3109 540 3152 tate.
570 3097 901 3151 Adducentur
936 3095 1042 3167 regi
1070 3096 1283 3166 virgines
1308 3105 1417 3167 post
1450 3113 1561 3150 eam
1581 3138 1595 3161 ,
1628 3099 1873 3168 proximae
1896 3100 2004 3168 ejus

416 3190 730 3244 adducentur
756 3186 840 3241 tibi
867 3204 887 3243 :
915 3187 1232 3242 adducentur
1267 3192 1321 3241 in
1349 3190 1523 3242 laetitia
1563 3201 1610 3244 et
1648 3190 1997 3257 exsultatione,

416 3281 734 3335 adducentur
775 3281 828 3333 in
860 3282 1102 3349 templum
1142 3282 1292 3352 regis.
1340 3280 1447 3336 Pro
1486 3283 1713 3353 patribus
1754 3287 1853 3340 tuis
1895 3287 2003 3340 nati

415 3382 533 3427 sunt
569 3372 658 3426 tibi
697 3372 831 3441 ﬁlii,
873 3372 1141 3426 constitues
1184 3388 1268 3427 eos
1312 3373 1564 3443 principes
1608 3390 1762 3444 super
1804 3391 2002 3430 omnem

416 3475 621 3519 terram.
656 3463 904 3517 Mensores
946 3474 1093 3517 erunt
1136 3464 1352 3519 nominis
1387 3466 1492 3529 tui,
1528 3466 1583 3519 in
1620 3467 1759 3520 omni
1785 3484 2001 3538 genera-

414 3556 551 3610 tione
587 3563 631 3608 et
677 3554 1015 3626 generatione.
1069 3551 1352 3624 Propterea
1407 3556 1583 3625 populi
1631 3556 2003 3624 conﬁtebuntur

416 3645 504 3699 tibi
539 3647 591 3700 in
632 3645 906 3709 sarculum,
950 3653 996 3699 et
1048 3644 1100 3698 in
1128 3645 1368 3700 steculum
1413 3647 1586 3700 saeculi
1638 3645 1820 3720 (Psal.
1851 3665 1998 3716 κων,

416 3734 630 3807 7-18).

486 3829 539 3882 6.
573 3826 629 3882 Si
659 3825 796 3881 hanc
834 3826 1076 3897 reginam
1108 3842 1213 3882 non
1244 3826 1470 3895 videtis,
1508 3829 1620 3899 jam
1658 3829 1820 3885 etiam
1854 3832 1996 3901 regia

414 3918 564 3988 prole
592 3918 895 3973 fecundam.
922 3916 981 3972 Si
1011 3933 1120 3973 non
1148 3918 1294 3973 videt
1323 3920 1601 3989 impletum
1626 3921 1768 3991 quod
1796 3922 2001 3977 audivit

414 4026 535 4066 esse
563 4010 902 4079 promissum,
935 4009 1021 4063 cui
1045 4009 1247 4064 dictum
1277 4019 1380 4078 est,
1413 4011 1582 4075 Audi,
1615 4013 1757 4081 ﬁlia,
1788 4023 1834 4067 et
1863 4014 1994 4067 uide.

413 4100 469 4153 Si
498 4115 603 4153 non
632 4099 844 4169 reliquit
871 4099 1002 4153 ritus
1029 4099 1283 4168 pristinos
1309 4101 1524 4167 mundi,
1552 4104 1641 4155 cui
1663 4102 1864 4157 dictum
1891 4112 1994 4170 est,

416 4190 717 4244 Ubliviscere
744 4190 987 4259 populum
1013 4200 1175 4256 tuum,
1197 4200 1246 4244 et
1270 4191 1476 4245 domum
1502 4194 1660 4261 patris
1687 4196 1777 4247 tui.
1809 4195 1866 4251 Si
1889 4212 1994 4250 non

412 4282 607 4351 ubique
652 4280 923 4336 Christum
979 4282 1262 4337 Dominum
1309 4284 1616 4348 conﬁtetur,
1664 4286 1750 4341 cui
1793 4286 1994 4343 dictum

410 4382 495 4427 est
514 4412 529 4437 ,
563 4369 859 4440 Concupivit
884 4387 975 4426 rex
1002 4374 1218 4443 speciem
1245 4387 1413 4441 tuam,
1439 4375 1559 4445 quia
1588 4377 1696 4446 ipse
1722 4390 1792 4432 est
1821 4380 1993 4434 Domi-

412 4479 507 4517 nus
539 4460 676 4515 Deus
706 4471 842 4515 tuus.
874 4460 929 4527 Si
956 4477 1061 4516 non
1084 4462 1228 4518 videt
1256 4464 1499 4521 civitates
1522 4468 1757 4537 gentium
1782 4469 1995 4525 Christo

412 4565 599 4621 preces
628 4549 1199 4617 fundere,‘et.munera
1224 4552 1438 4622 oﬁerre,
1461 4555 1530 4609 de
1557 4572 1663 4626 quo
1694 4558 1765 4612 illi
1792 4559 1991 4615 dictant

408 4650 525 4707 cst,
556 4641 854 4695 Adorabunt
896 4658 1008 4697 eum
1047 4643 1169 4712 ﬁlia:
1196 4642 1321 4716 Tyri
1351 4646 1402 4699 in
1441 4647 1748 4703 muneribus.
1795 4650 1853 4705 Si
1885 4668 1992 4707 non

406 4733 568 4787 etiam
613 4732 862 4800 superbia
911 4732 1197 4802 deponitur
1240 4735 1485 4804 divitum,
1534 4746 1591 4792 et
1636 4739 1705 4793 ab
1752 4740 1990 4798 Ecclesia

406 4824 768 4901 deprecantur
796 4825 1050 4880 auxilium
1070 4867 1084 4889 ,
1117 4827 1202 4882 cui
1244 4827 1443 4883 dictum
1472 4840 1573 4898 est,
1612 4830 1819 4887 Vultum
1848 4846 1991 4890 tuum

407 4919 808 4988 deprecabuntur
835 4937 1007 4974 omnes
1053 4922 1229 4976 divites
1277 4924 1452 4994 plebis.
1503 4926 1559 4982 Si
1605 4944 1713 4984 non
1749 4934 1992 5001 agnoscit

406 5012 565 5065 tiliam
598 5013 756 5083 regis,
786 5014 871 5068 cui
901 5014 1081 5070 dicere
1116 5015 1264 5085 jussa
1294 5027 1395 5080 est.
1420 5018 1576 5074 Pater
1605 5031 1793 5090 noster,
1825 5026 1911 5094 qui
1937 5043 1988 5080 es

403 5104 457 5155 in
485 5104 621 5156 caelis
651 5104 864 5173 (Matth.
892 5122 969 5173 vt,
1002 5107 1092 5178 9);
1126 5117 1181 5162 et
1208 5108 1260 5162 in
1290 5112 1488 5165 sanctis
1514 5112 1625 5166 suis
1652 5114 1704 5167 in
1733 5115 1987 5171 interiore

407 5192 621 5247 homine
661 5205 947 5250 renovatur
985 5197 1050 5251 de
1093 5198 1181 5252 die
1222 5199 1276 5254 in
1318 5201 1458 5255 diem
1504 5203 1521 5271 (
1544 5204 1582 5257 li
1614 5202 1732 5258 Cor.
1761 5221 1831 5271 tv,
1865 5207 1983 5279 i6),

401 5286 469 5341 de
498 5301 602 5356 qua
641 5285 839 5341 dictum
871 5298 952 5342 est
972 5330 987 5353 ,
1035 5290 1213 5345 Omnis
1241 5294 1403 5363 gloria
1445 5298 1553 5366 ejus
1585 5299 1707 5365 ﬁlia’
1735 5302 1865 5371 regis
1906 5304 1988 5357 in-

397 5378 686 5432 trinsecus:
715 5380 957 5446 quamvis
994 5390 1051 5433 et
1089 5382 1275 5438 oculos
1302 5396 1676 5442 extraneorum
1723 5390 1984 5461 fulgentes

400 5470 477 5544 (α)
507 5470 649 5524 fama
676 5470 1084 5538 praedicatorum
1117 5486 1331 5528 suorum
1360 5477 1412 5530 in
1442 5478 1748 5538 diversitate
1778 5483 1981 5555 lingua-

461 5605 478 5635 ι
503 5609 554 5651 tn
571 5610 701 5653 tua:
745 5601 824 5652 sic
852 5600 1091 5652 hominem
1126 5603 1262 5655 nasci
1294 5608 1564 5671 oportebat,
1587 5612 1632 5664 si
1657 5629 1841 5682 semper
1878 5630 1983 5672 crat

396 5674 539 5717 Deus.

460 5731 479 5796 ξ
505 5726 695 5788 Aliquot
716 5722 999 5796 ﬂuit:
1022 5731 1328 5796 Deafursus.

455 5791 477 5819 ³
497 5796 561 5837 tta
585 5786 690 5837 Mss.
709 5795 767 5834 At.
791 5786 926 5843 editi,
951 5786 1186 5836 sacrario.

449 5852 525 5911 (tt)
560 5854 718 5909 Forte,
743 5846 969 5911 fulgente.

1110 429 1194 485 DE
1233 427 1388 483 FIDE
1427 426 1667 482 REliUil
1707 424 1872 494 QUAE
1912 420 2045 477 NON
2091 420 2455 491 VIDENTUR,
2498 425 2554 480 S.
2597 427 2968 487 AUCUSTINI

3609 449 3709 507 £76

2127 553 2249 593 rum
2278 540 2419 594 velut
2457 540 2509 595 in
2556 541 2777 599 ﬁmbriis
2806 548 2987 604 aureis
3028 557 3083 604 et
3111 551 3273 609 vestis
3297 557 3555 615 varietate
3584 577 3710 631 per-

2126 630 2374 700 stringat.
2408 632 2597 687 Sinon
2630 645 2971 706 posteaquam
3002 639 3305 700 diﬁ'amatur
3345 648 3397 702 in
3444 630 3713 720 quocum-

2125 734 2230 789 que
2254 721 2373 776 loco
2395 722 2561 778 odore
2583 724 2723 779 bono
2744 730 2878 796 ejus,
2902 730 3061 784 etiam
3083 739 3459 794 consecrandus
3480 742 3716 813 virgines

2124 810 2468 868 adducuntur
2512 814 2580 869 ad
2623 814 2928 885 Christum,
2979 820 3047 875 de
3089 839 3195 893 quo
3239 826 3471 897 dicitur,
3525 810 3584 887 et
3628 837 3715 889 cui

2124 900 2345 969 dicitur,
2376 902 2709 959 Adducentur
2747 910 2854 980 regi
2890 912 3106 982 virgines
3146 926 3254 985 post
3293 935 3436 986 eam,
3468 925 3717 992 proxima

2125 992 2237 1062 ejus
2265 994 2583 1050 adducentur
2612 998 2720 1051 tibi.
2772 1000 2832 1052 Et
2864 1017 2933 1057 ne
2962 1006 3112 1073 quasi
3141 1008 3366 1076 captiva:
3398 1011 3451 1064 in
3481 1012 3715 1083 aliquem

2122 1083 2269 1137 velut
2313 1100 2587 1142 carcerem
2635 1090 2945 1146 viderentur
2974 1094 3204 1163 adduci,
3236 1099 3599 1165 Adducentur.
3634 1105 3717 1160 in.

2121 1174 2273 1241 quit,
2302 1176 2355 1228 in
2381 1177 2555 1231 laetitia
2585 1188 2631 1232 et
2657 1181 3010 1249 exsultatione,
3043 1187 3363 1244 adducentur
3390 1194 3441 1245 in
3472 1198 3715 1265 templum

2121 1264 2277 1333 regis.
2306 1265 2363 1319 Si
2404 1281 2509 1321 non
2540 1270 2678 1337 parit
2706 1270 2873 1337 ﬁlios,
2915 1289 2982 1328 ex
3010 1276 3203 1344 quibus
3243 1279 3434 1336 habeat
3462 1264 3714 1355 tanquam

2122 1362 2326 1422 patres,
2355 1371 2491 1426 quos
2516 1361 2807 1416 constituat
2836 1364 2937 1417 sibi
2966 1366 3162 1438 ubique
3188 1380 3446 1439 rectores,
3468 1377 3550 1430 cui
3581 1378 3714 1431 dici-

2121 1452 2226 1507 tur,
2262 1444 2367 1499 Pro
2397 1449 2624 1517 patribus
2654 1455 2752 1505 tuis
2786 1455 2890 1507 nati
2918 1467 3038 1510 sunt
3066 1459 3155 1513 tibi
3184 1462 3300 1529 ﬁlii,
3332 1468 3603 1523 constitues
3627 1486 3715 1524 eos

2120 1536 2372 1609 principes
2398 1557 2551 1610 super
2579 1560 2777 1598 onmem
2822 1556 3007 1600 terram
3036 1566 3055 1603 :
3082 1565 3305 1621 quorum
3349 1571 3407 1611 se
3448 1562 3710 1613 orationi-

2120 1627 2220 1681 bus
2259 1640 2429 1685 mater
2468 1642 2521 1685 et
2549 1635 2766 1703 prmlata
2796 1647 2850 1691 ct
2889 1640 3126 1708 subjecta
3159 1650 3533 1715 commendat;
3567 1653 3711 1709 unde

2117 1720 2459 1790 Subjunctum
2502 1734 2619 1791 est,
2651 1726 2901 1782 Memores
2940 1742 3086 1785 erunt
3113 1737 3328 1790 nominis
3355 1741 3460 1805 tui,
3490 1742 3543 1795 in
3569 1745 3712 1797 omni

2116 1815 2437 1881 generatione
2486 1826 2531 1870 et
2578 1821 2916 1889 generatione.
2974 1822 3029 1879 Si
3074 1839 3178 1879 non
3231 1841 3449 1901 propter
3487 1848 3707 1889 eorum-

2114 1901 2237 1958 dem
2289 1916 2499 1976 patrum
2550 1910 3005 1982 praedicationem,
3056 1916 3110 1969 in
3160 1933 3264 1989 qua
3312 1923 3543 1979 nominis
3586 1926 3708 1995 ejus

2113 1993 2231 2048 sine
2274 1996 2670 2054 intermissione
2723 2003 3105 2069 meminerunt,
3157 2016 3264 2063 tam
3312 2026 3517 2083 magum
3546 1993 3705 2072 inca

2115 2086 2485 2143 multitudines
2511 2103 2926 2163 congregantur,
2955 2097 3111 2167 eique
3136 2100 3348 2156 laudem
3376 2105 3557 2173 gratia:
3586 2108 3707 2164 sine

2118 2177 2223 2231 ﬁne
2273 2178 2463 2249 linguis
2511 2184 2742 2253 propriis
2786 2187 3142 2257 conﬁtentur,
3188 2194 3274 2248 cui
3320 2196 3532 2265 dicitur,
3563 2198 3703 2255 Pro-

2113 2278 2285 2335 pterea
2314 2273 2490 2343 populi
2517 2277 2887 2345 conﬁtebuntur
2915 2281 3002 2335 tibi
3030 2284 3081 2336 in
3108 2288 3367 2357 steculum,
3395 2302 3441 2345 et
3466 2292 3519 2346 in
3542 2309 3705 2348 διεσα-

2112 2360 2217 2412 lunt
2262 2364 2455 2417 swculi.

2181 2450 2410 2510 CAPUT
2450 2456 2538 2510 ιν.
2571 2489 2641 2498 --
2669 2461 2750 2514 Ad
2779 2464 3030 2520 credenda
3068 2485 3181 2540 quae
3208 2487 3308 2525 non
3348 2474 3561 2529 uidimus
3586 2493 3702 2531 mo-

2109 2559 2222 2597 vere
2249 2545 2429 2600 debent
2455 2564 2569 2617 quae
2597 2566 2731 2605 nunc
2756 2553 2962 2624 impleta
2992 2561 3346 2631 conspicimus.
3379 2564 3434 2619 Si
3464 2581 3569 2620 non
3598 2566 3699 2623 iSta

2110 2637 2179 2690 ita
2210 2638 2649 2699 demonstrantur
2674 2658 2795 2701 esse
2832 2651 3107 2721 perspicua
3132 2695 3148 2719 ,
3176 2666 3234 2709 ut
3276 2670 3382 2712 non
3426 2657 3701 2713 inveniant

2108 2728 2247 2784 oculi
2290 2731 2628 2790 inimicorum
2675 2737 2728 2790 in
2774 2753 2931 2808 quam
2981 2753 3184 2812 partem
3232 2759 3573 2815 avertantur,
3605 2750 3699 2807 ubi

2110 2834 2213 2873 non
2258 2822 2445 2877 eadem
2496 2827 2871 2896 perspicuitate
2915 2831 3206 2901 feriantur,
3237 2847 3293 2893 ut
3330 2854 3500 2901 exea
3545 2842 3699 2899 fateri

2112 2913 2393 2971 manifeste
2422 2918 2438 2949 ³
2489 2931 2791 2990 cogantur:
2829 2925 3024 2980 merito
3070 2927 3298 2985 fortasse
3338 2931 3513 2987 dicitis
3553 2935 3698 3004 quod

2112 3005 2255 3058 nulla
2286 3007 2436 3062 vobis
2464 3011 2814 3067 ostendantur
2838 3014 3056 3085 indicia,
3083 3021 3274 3090 quibus
3304 3023 3431 3077 visis
3460 3025 3694 3080 credatis

2106 3097 2268 3151 etiam
2294 3097 2381 3153 illa
2412 3116 2531 3169 qua:
2559 3117 2665 3157 non
2691 3104 2903 3161 videtis.
2948 3108 3005 3163 Si
3037 3125 3163 3165 vero
3193 3111 3307 3167 haec
3335 3129 3453 3184 qua:
3480 3116 3692 3182 videtis,

2106 3196 2160 3241 et
2187 3188 2342 3259 longe
2377 3201 2502 3246 ante
2537 3194 2788 3263 praedicta
2814 3207 2961 3265 sunt,
2990 3210 3044 3254 et
3074 3209 3216 3255 tanta
3264 3203 3695 3262 manifestatione

2105 3281 2488 3350 complentur;
2546 3285 2593 3340 si
2643 3302 2703 3341 se
2757 3288 2869 3358 ipsa
2923 3292 3120 3347 veritas
3168 3303 3223 3349 et
3274 3297 3695 3364 praecedentibus

2104 3374 2260 3427 vobis
2302 3383 2355 3427 et
2397 3378 2846 3447 consequentibus
2886 3381 3124 3438 declarat
3163 3384 3473 3454 eli‘ectibus,
3502 3404 3535 3443 ο
3563 3390 3695 3444 reli-

2104 3463 2243 3531 quire
2286 3464 2645 3533 inﬁdelitatis,
2679 3479 2736 3523 ut
2780 3472 3012 3529 credatis
3062 3490 3182 3545 qua:
3226 3492 3331 3531 non
3360 3477 3585 3547 videtis,
3627 3481 3693 3535 iis

2103 3558 2404 3612 erubescite
2430 3573 2549 3628 qua}
2576 3556 2771 3617 videtis
2798 3564 2811 3617 ι

2174 3649 2227 3701 7.
2258 3648 2339 3703 Me
2381 3650 2659 3717 attendite,
2690 3646 2842 3709 vobis
2884 3654 3015 3711 dicit
3063 3657 3346 3727 Ecclesia;
3392 3677 3479 3717 me
3518 3671 3694 3719 atten-

2102 3736 2210 3791 dite
2233 3778 2248 3803 ,
2277 3753 2435 3808 quam
2467 3740 2691 3810 videtis,
2724 3744 2928 3800 etiamsi
2961 3748 3142 3803 videre
3171 3752 3371 3806 nolitis.
3406 3753 3509 3822 Qui
3546 3756 3691 3811 enim

2104 3832 2432 3900 temporibus
2480 3832 2583 3890 illis
2627 3835 2681 3889 in
2704 3835 2887 3892 Iudaea
2935 3848 3075 3895 terra
3122 3842 3306 3899 ﬁdeles
3351 3845 3593 3915 fuerunt,
3623 3865 3690 3905 ex

2102 3922 2307 3992 virgine
2337 3924 2673 3981 nativitatem
2705 3927 3026 3997 mirabilem,
3059 3947 3122 3987 ac
3152 3936 3473 4004 passionem,
3507 3954 3692 3995 resur-

2101 4016 2391 4071 rectionem
2412 4057 2430 4084 ,
2459 4019 2828 4075 ascensionem
2864 4021 3094 4091 Christi,
3134 4028 3311 4083 omnia
3342 4028 3518 4084 divina
3549 4031 3691 4087 dicta

2100 4108 2216 4176 ejus
2257 4120 2312 4164 et
2362 4110 2496 4165 facta
2538 4123 2831 4183 praesentes
2878 4120 3159 4185 praesentia
3200 4120 3521 4178 didicerunt.
3564 4125 3693 4181 Hmc

2101 4217 2197 4258 vos
2237 4218 2343 4258 non
2375 4205 2602 4274 vidistis,
2642 4218 2924 4279 pr0pterea
2954 4212 3178 4269 credere
3220 4218 3499 4272 recusatis.
3547 4219 3693 4290 Ergo

2101 4293 2216 4349 hcce
2259 4297 2516 4365 aspicite,
2564 4298 2617 4353 in
2665 4299 2780 4355 luce
2821 4301 3080 4359 intendite
3106 4346 3118 4368 ,
3166 4305 3281 4361 haec
3326 4322 3444 4377 qua:
3472 4311 3693 4366 cernitis

2098 4386 2347 4456 cogitate,
2396 4404 2516 4459 qua:
2558 4391 2713 4446 vobis
2762 4407 2867 4447 non
2918 4397 3183 4464 praeterita
3234 4409 3539 4468 narrantur,
3587 4417 3691 4459 nec

2099 4477 2270 4532 futura
2302 4495 2395 4547 pra
2413 4481 2762 4551 nuntiantur,
2792 4485 2885 4540 sed
2912 4488 3196 4556 praesentia
3231 4490 3687 4549 demonstrantur.

2101 4570 2179 4623 An
2210 4571 2359 4625 vobis
2402 4572 2561 4627 inane
2586 4574 2671 4629 vel
2716 4574 2834 4631 leve
2859 4576 3088 4643 videtur,
3119 4588 3175 4633 et
3214 4581 3416 4636 nullum
3440 4583 3526 4638 vel
3562 4600 3689 4654 par-

2099 4678 2220 4716 vum
2255 4666 2450 4733 putatis
2492 4682 2613 4721 esse
2658 4670 2974 4725 miraculum
3019 4672 3278 4741 divinum,
3307 4677 3448 4747 quod
3494 4678 3548 4732 in
3589 4685 3727 4733 πιθα·

2096 4756 2241 4809 mine
2280 4756 2437 4811 unius
2478 4759 2713 4814 cruciﬁxi
2760 4764 3066 4818 universum
3096 4781 3263 4835 genus
3302 4771 3470 4824 currit
3495 4772 3689 4827 buma-

2096 4845 2272 4898 num‘i
2322 4847 2437 4903 Non
2487 4850 2696 4905 vidistis
2746 4853 2886 4922 quod
2943 4857 3255 4924 praedictum
3306 4870 3359 4915 et
3410 4862 3691 4932 impletum

2094 4945 2177 4990 est
2202 4936 2271 4990 de
2296 4937 2525 4994 humana
2555 4939 2755 4996 Christi
2786 4946 3087 5010 nativitate,
3120 4948 3250 5003 Ecce
3275 4953 3418 5023 uirgo
3452 4954 3505 5007 in
3547 4966 3694 5010 utcro

2093 5029 2324 5099 accipiet,
2353 5042 2399 5084 et
2427 5034 2588 5101 pariet
2614 5035 2778 5103 ﬁlium
2806 5052 2826 5090 :
2853 5038 2950 5093 sed
2979 5040 3171 5095 videtis
3196 5044 3338 5112 quod
3372 5046 3690 5115 prmdictum

2093 5135 2146 5175 et
2173 5122 2444 5191 impletum
2480 5135 2561 5180 est
2597 5127 2663 5182 ad
2690 5129 2959 5185 Abraham
3003 5132 3095 5187 Dei
3126 5136 3368 5199 verbum,
3398 5136 3465 5193 In
3500 5145 3694 5197 semine

2090 5220 2176 5266 tuo
2214 5213 2566 5269 benedicentur
2595 5235 2765 5273 omnes
2793 5231 2981 5291 gentes.
3027 5223 3141 5280 Non
3179 5227 3388 5284 vidistis
3428 5232 3571 5301 quod
3621 5235 3692 5287 de

2090 5304 2420 5360 mirabilibus
2466 5308 2661 5363 Christi
2709 5312 3016 5379 prmdictum
3058 5326 3160 5381 est,
3201 5316 3395 5385 Venite,
3438 5335 3485 5375 et
3521 5323 3689 5377 videte

2089 5412 2243 5462 Opera
2272 5395 2495 5462 Domini,
2523 5416 2637 5469 qua:
2665 5405 2830 5470 posuit
2857 5406 3091 5477 prodigia
3115 5426 3267 5480 super
3293 5420 3478 5466 terram
3501 5412 3689 5485 (Psal.

2092 5502 2221 5549 λιν,
2246 5487 2344 5558 9):
2377 5490 2471 5545 sed
2502 5493 2692 5548 videtis
2738 5497 2879 5565 quod
2928 5501 3238 5568 praedictum
3279 5514 3391 5572 est,
3430 5506 3689 5564 Dominus

2089 5580 2216 5632 dixit
2254 5581 2323 5634 ad
2366 5599 2473 5650 me,
2510 5583 2673 5640 Filius
2710 5605 2847 5644 meus
2884 5609 2939 5645 es
2984 5604 3058 5659 tu,
3091 5610 3184 5666 ego
3228 5597 3379 5651 hodie
3413 5601 3565 5668 genui
3594 5610 3643 5654 te
3666 5619 3689 5656 :

2088 5670 2287 5737 postulo
2312 5688 2344 5723 a
2368 5689 2446 5725 me
2466 5717 2480 5738 ,
2510 5685 2555 5728 et
2581 5676 2712 5732 dabo
2742 5682 2829 5734 tibi
2854 5695 3026 5752 gentes
3056 5686 3398 5743 hwreditatem
3427 5702 3596 5759 tuam,
3633 5706 3683 5749 et

2089 5764 2444 5819 possessionem
2499 5776 2636 5819 tuam
2688 5773 2925 5829 terminos
2975 5787 3122 5832 terra:
3168 5778 3336 5849 (Psal.
3373 5797 3438 5846 It,
3473 5783 3567 5839 7st
3593 5785 3682 5852 δὶα

2151 5878 2166 5904 ⁸
2187 5878 2234 5922 1n
2257 5881 2383 5935 atas,
2408 5878 2672 5942 numifesta.
