4072 6510
368 513 472 569 177

360 629 479 686 Non
527 626 735 682 vidistis
779 622 921 695 quod
970 620 1280 693 praedictum
1329 628 1414 676 est
1461 628 1516 673 et
1564 616 1838 687 impletum
1881 615 1952 670 de

361 718 612 790 passione
635 714 852 781 Christi,
877 711 1144 768 Foderunt
1166 726 1350 766 manus
1373 708 1510 764 meas
1533 717 1584 763 et
1611 707 1762 779 pedes
1791 721 1952 773 meos,

356 812 808 866 dinumeraverunt
848 807 1019 861 omnia
1043 821 1159 862 ossa
1187 819 1341 870 mea;
1382 803 1482 875 ipsi
1511 818 1628 857 vero
1657 800 1950 856 considera-

355 910 536 956 verunt
562 909 609 955 et
652 906 1027 969 conspexerunt
1054 913 1175 963 me;
1220 896 1495 951 diviserunt
1539 895 1633 949 sibi
1660 894 1955 948 vestimenta

355 1009 490 1058 utea,
519 1001 567 1046 et
594 1007 749 1061 super
771 999 953 1046 vestem
976 1005 1139 1043 meam
1164 989 1407 1042 miserunt
1430 995 1614 1042 sortem
1642 999 1663 1041 :
1686 986 1782 1041 sed
1806 983 1955 1038 vide-

354 1086 427 1139 tis
455 1083 599 1154 quod
640 1083 694 1137 in
733 1082 924 1138 eodem
966 1081 1176 1154 psalmo
1217 1079 1532 1150 prmdictum
1561 1085 1683 1143 est,
1731 1084 1785 1130 et
1812 1088 1954 1130 nunc

352 1184 579 1247 apparet
614 1175 890 1246 impletum
916 1217 932 1242 ,
964 1172 1501 1229 Commemorabuntur
1528 1181 1576 1226 et
1604 1178 1953 1224 convertentur

352 1269 426 1319 ad
450 1266 729 1321 Dominum
757 1267 979 1320 universi
1005 1267 1133 1335 lines
1162 1276 1338 1333 terrae,
1364 1275 1411 1319 et
1436 1263 1722 1318 adorabunt
1746 1262 1800 1316 in
1826 1278 1952 1315 con-

349 1369 530 1426 spectu
557 1359 669 1428 ejus
696 1358 941 1412 universa:
967 1358 1147 1428 patritc
1176 1358 1399 1429 gentium
1422 1372 1442 1420 ;
1480 1357 1719 1427 quoniam
1744 1353 1953 1408 Domini

351 1457 431 1502 est
477 1464 724 1518 regnum,
756 1456 806 1503 et
842 1449 951 1519 ipse
996 1448 1338 1502 dominabitur
1378 1448 1601 1519 gentium
1633 1444 1803 1517 (Psal.
1834 1460 1946 1511 nt,

354 1539 549 1601 17-19,
579 1539 674 1606 28,
702 1538 821 1609 29).
870 1539 989 1595 Non
1016 1539 1224 1594 vidistis
1266 1539 1409 1610 quod
1450 1538 1519 1594 de
1558 1537 1950 1593 resurrectione

352 1632 558 1687 Christi
605 1632 918 1702 praedictum
962 1642 1122 1703 atque
1154 1633 1481 1702 completum
1528 1640 1649 1697 est,
1698 1630 1951 1700 loquente

351 1725 570 1781 Psalmo
598 1741 666 1780 ex
708 1741 936 1796 persona
980 1726 1097 1796 ejus
1138 1726 1285 1796 prius
1321 1725 1390 1780 de
1427 1723 1686 1779 traditore
1729 1732 1783 1777 et
1820 1736 1947 1790 per-

348 1817 691 1873 secutoribus
720 1818 837 1887 ejus
865 1836 880 1873 :
912 1814 1320 1888 Egrediebantur
1346 1820 1506 1889 foras,
1543 1828 1590 1871 et
1619 1814 1951 1885 loquebantur

346 1908 507 1962 simul
548 1909 604 1962 in
640 1923 848 1973 unum;
894 1911 1166 1965 adversum
1211 1925 1293 1963 me
1342 1906 1732 1963 insusurrabant
1776 1920 1949 1960 omnes

347 2002 549 2055 inimici
590 2002 708 2068 mei,
736 2002 1005 2056 adversum
1044 2019 1124 2057 me
1160 2001 1449 2073 cogitabant
1478 1999 1615 2054 mala
1644 1999 1770 2053 mihi
1787 1994 1807 2064 ;
1834 2014 1948 2053 ver-

346 2091 468 2146 bum
487 2092 718 2162 iniquum
744 2092 1098 2163 disposuerunt
1120 2093 1389 2147 adversum
1413 2108 1510 2146 mc.
1538 2090 1658 2157 Ubi,
1687 2099 1745 2146 ut
1767 2097 1952 2145 osten-

347 2180 506 2236 deret
547 2181 682 2236 nihil
728 2196 824 2237 eos
866 2182 1097 2237 valuisse
1147 2181 1443 2238 occidendo
1493 2188 1945 2244 resurrecturum,

348 2273 581 2341 subjecit
614 2284 776 2343 atque
810 2274 886 2327 ait
913 2290 927 2327 :
959 2271 1224 2343 Numquid
1247 2273 1335 2343 qui
1370 2273 1577 2337 dormit,
1607 2287 1710 2325 non
1743 2269 1949 2341 adjiciet

349 2374 406 2416 ut
431 2363 711 2434 resurgat?
750 2363 816 2418 Et
843 2364 1001 2433 paulo
1028 2372 1149 2433 post
1173 2379 1295 2418 cum
1321 2364 1392 2417 de
1422 2364 1538 2433 ipso
1566 2377 1665 2417 suo
1691 2361 1948 2417 traditore

350 2468 445 2522 per
469 2454 717 2508 eamdem
748 2454 1083 2524 prophetiam
1113 2454 1482 2524 praedixisset,
1511 2453 1655 2523 quod
1684 2453 1740 2508 in
1766 2454 1947 2508 Evan-

344 2547 490 2619 gelio
518 2562 732 2617 quoque
761 2549 1017 2617 scriptum
1064 2556 1168 2615 est,
1212 2547 1315 2613 Qui
1358 2547 1536 2602 edebat
1577 2562 1735 2617 panes
1783 2561 1944 2611 meos,

346 2641 610 2711 anpliauit
648 2657 805 2710 super
832 2656 911 2694 me
948 2640 1279 2707 calcaneum;
1318 2639 1421 2695 hoc
1459 2648 1563 2705 est,
1609 2638 1949 2694 conculcavit

348 2746 439 2786 me
469 2750 483 2785 :
527 2731 781 2786 continuo
806 2731 1075 2796 subdidit,
1110 2730 1189 2785 Tu
1215 2741 1417 2795 autem,
1449 2730 1687 2797 Domine,
1715 2731 1949 2785 miserere

347 2826 469 2889 mei,
503 2833 548 2878 et
573 2825 820 2879 resuscita
847 2842 925 2879 me
945 2866 960 2887 ,
992 2835 1040 2878 et
1078 2824 1291 2878 reddam
1321 2824 1424 2879 illis
1456 2823 1629 2895 (Psal.
1657 2840 1753 2886 ιι..
1779 2826 1900 2878 7-H
1929 2841 1944 2889 ;

344 2914 506 2968 Joan.
539 2930 654 2979 xui,
685 2912 799 2986 18).
828 2915 1107 2984 lmpletum
1136 2926 1218 2968 est
1248 2915 1371 2979 hoc,
1398 2915 1655 2971 dormivit
1677 2916 1944 2980 Christus,

342 3014 401 3058 et
426 3004 694 3075 evigilavit
718 3045 733 3067 ,
768 3005 870 3060 hoc
899 3014 1013 3070 est,
1044 3007 1336 3060 resurrexit
1370 3023 1384 3059 :
1417 3006 1510 3077 qui
1557 3021 1655 3076 per
1700 3006 1944 3061 eamdem

345 3095 682 3167 pmphetiam
714 3096 768 3151 in
809 3097 915 3150 alio
946 3098 1153 3166 psalmo
1195 3097 1289 3162 ait,
1324 3096 1436 3167 Ego
1462 3097 1697 3163 dormivi,
1729 3106 1775 3151 et
1811 3114 1949 3150 som-

343 3202 471 3238 num
513 3188 653 3255 cepi;
695 3195 742 3240 et
787 3189 1069 3253 exsurrexi,
1116 3188 1357 3256 quoniam
1402 3187 1655 3243 Dominus
1710 3189 1948 3259 suscipiet

340 3294 427 3331 me
465 3276 635 3349 (Psat.
664 3278 779 3350 ιιι).
810 3278 1008 3334 Verum
1054 3278 1158 3334 hoc
1197 3295 1303 3335 non
1338 3280 1566 3346 vidistis,
1615 3279 1712 3336 sed
1754 3281 1947 3336 videtis

340 3369 465 3439 ejus
492 3370 811 3438 Ecclesium,
844 3372 913 3427 de
939 3387 1042 3442 qua
1072 3374 1323 3428 similiter
1350 3373 1553 3429 dictum
1585 3383 1640 3429 et
1666 3374 1945 3444 impletum

337 3470 463 3527 est,
495 3460 708 3516 Domine
733 3461 872 3517 Deus
900 3480 1041 3518 meus
1064 3505 1080 3530 ,
1121 3466 1190 3518 ad
1227 3474 1274 3518 te
1317 3476 1490 3535 gentes
1515 3467 1711 3519 venient
1749 3467 1813 3520 ab
1850 3482 1942 3520 ea:-

340 3563 505 3607 tremo
533 3562 704 3619 terrae,
731 3563 779 3608 et
803 3555 991 3623 dicent,
1027 3554 1155 3610 Vere
1188 3556 1452 3611 mendacia
1478 3559 1742 3612 coluerunt
1776 3568 1944 3629 patres

338 3643 505 3697 nostri
534 3644 841 3709 simulacra,
871 3655 919 3699 et
949 3661 1049 3699 non
1081 3655 1155 3700 est
1188 3647 1241 3700 in
1269 3646 1376 3701 illis
1411 3647 1626 3702 utilitas.
1658 3648 1767 3702 Hoc
1797 3658 1945 3705 certe

338 3735 458 3790 sive
495 3735 673 3790 velitis
711 3750 808 3791 seu
851 3737 1053 3801 nolitis,
1082 3737 1363 3808 aspicitis:
1397 3748 1455 3792 ut
1496 3738 1540 3793 si
1584 3739 1759 3793 adhuc
1789 3740 1805 3770 ι
1840 3739 1943 3793 ali-

334 3840 503 3895 quam
528 3825 726 3894 putatis
749 3840 873 3881 esse
905 3826 989 3882 vel
1019 3826 1186 3883 fuisse
1213 3828 1265 3882 in
1292 3829 1598 3883 simulacris
1629 3830 1939 3897 utilitatem;

335 3924 491 3972 certe
532 3926 709 3973 tamen
742 3918 1056 3974 innumeros
1100 3920 1336 3990 gentium
1367 3920 1594 3990 populos
1624 3921 1827 3976 relictis
1856 3922 1942 3977 vel

332 4008 565 4078 abjectis
593 4012 676 4065 vel
705 4011 997 4065 contractis
1024 4010 1337 4080 hujusmodi
1362 4012 1685 4068 vanitatibus
1714 4013 1940 4069 audistis

334 4100 543 4163 dicere,
574 4100 704 4155 Vere
743 4103 1007 4157 mendacia
1049 4104 1314 4158 coluerunt
1350 4114 1516 4176 patres
1573 4105 1734 4160 nostri
1774 4107 1941 4160 simu-

334 4193 504 4260 (acra,
534 4204 583 4248 et
610 4212 713 4249 non
744 4204 817 4249 est
862 4196 913 4249 in
935 4197 1039 4251 illis
1067 4197 1261 4251 utilitas
1289 4213 1309 4251 :
1350 4198 1395 4252 si
1440 4199 1587 4269 faciet
1615 4198 1766 4253 homo
1795 4200 1938 4265 deos,

332 4296 386 4340 et
427 4303 542 4341 ecce
582 4288 683 4358 ipsi
710 4305 813 4343 non
853 4297 971 4343 sunt
1015 4290 1090 4343 dii
1124 4290 1349 4361 (Jerem.
1382 4307 1504 4355 xw,
1537 4291 1626 4360 i9,
1654 4290 1783 4365 20).
1830 4293 1939 4348 Nec

335 4380 537 4449 putetis
581 4391 759 4435 autem
800 4382 868 4436 ad
913 4398 1076 4437 unum
1123 4383 1357 4453 aliquem
1386 4384 1481 4438 Dei
1530 4384 1706 4439 locum
1750 4396 1939 4454 gentes

334 4472 627 4541 praedictas
669 4471 835 4528 fuisse
868 4485 1151 4539 venturas,
1182 4475 1434 4545 quoniam
1477 4475 1676 4529 dictum
1705 4486 1829 4544 est,
1856 4476 1938 4529 Ad

280 4596 285 4601 -
333 4571 387 4614 te
414 4573 588 4633 gentes
612 4564 811 4618 venient
835 4563 898 4618 ab
924 4574 1150 4621 extremo
1177 4575 1345 4620 terrea.
1374 4564 1678 4636 intelligite,
1712 4566 1757 4621 si
1788 4576 1937 4637 pole-

332 4655 435 4709 stis
458 4697 475 4719 ,
505 4656 573 4710 ad
606 4656 775 4712 Deum
805 4657 1256 4726 Christianorum,
1287 4660 1379 4729 qui
1422 4676 1671 4715 summus
1698 4668 1752 4714 et
1777 4676 1936 4715 verus

332 4758 419 4803 est
449 4749 626 4815 Deus,
671 4764 779 4805 non
821 4751 1143 4807 ambulando
1168 4754 1353 4807 venire
1397 4753 1634 4823 gentium
1686 4753 1932 4823 populos,

332 4841 429 4896 sed
461 4840 754 4898 credendo.
788 4842 920 4897 Nam
952 4858 1037 4900 res
1065 4844 1253 4899 eadem
1298 4844 1365 4899 ab
1404 4846 1511 4900 alio
1556 4844 1816 4915 propheta
1859 4846 1939 4900 sic

335 4934 693 5005 praenuntiata
734 4943 819 4990 est
851 4952 865 4988 :
900 4933 1225 5003 Prtevalebit,
1256 4935 1447 5007 inquit,
1479 4934 1731 4990 Dominus
1759 4936 1937 4990 adver-

331 5042 420 5079 sus
450 5042 535 5079 eos
558 5067 575 5091 ,
618 5034 667 5079 et
714 5026 1063 5079 exterminabit
1094 5043 1267 5081 omnes
1319 5026 1440 5079 deos
1483 5026 1705 5096 gentium
1748 5035 1938 5089 terrm;

228 5146 235 5153 ο
330 5131 381 5171 et
408 5118 696 5172 adorabunt
727 5135 844 5172 eum
883 5120 1226 5189 unusquisque
1264 5121 1327 5172 de
1373 5117 1485 5173 loco
1524 5134 1615 5171 suo
1660 5135 1831 5171 omnes
1860 5118 1940 5170 in-

332 5210 464 5263 sula:
507 5211 735 5281 gentium
764 5209 1022 5279 (Sep/ton.
1058 5228 1126 5275 ιι,
1158 5210 1269 5281 ii).
1314 5210 1467 5277 Quod
1509 5210 1586 5264 ait
1626 5196 1748 5275 ille,
1778 5209 1860 5263 Ad
1890 5221 1939 5263 te

332 5319 507 5357 omnes
546 5313 719 5374 gentes
769 5302 1007 5368 venient;
1052 5302 1152 5356 hoc
1194 5304 1269 5356 ait
1312 5304 1433 5368 iste,
1484 5302 1779 5356 Adorubunt
1821 5318 1936 5354 eum

334 5398 683 5469 unusquisque
726 5398 791 5451 de
832 5396 943 5451 loco
989 5413 1101 5452 suo.
1149 5396 1293 5467 Ergo
1316 5382 1541 5450 venient
1578 5394 1644 5449 ad
1674 5411 1797 5451 eum
1828 5411 1933 5449 non

332 5490 651 5551 recedentes
674 5488 745 5545 de
773 5488 894 5544 loco
918 5503 1037 5553 suo,
1080 5490 1202 5559 quia
1230 5487 1519 5543 credentes
1547 5488 1599 5542 in
1628 5503 1749 5543 eum
1782 5487 1934 5542 inve-

330 5584 483 5637 nient
510 5597 633 5637 eum
663 5581 723 5636 in
748 5579 914 5635 corde
937 5594 1055 5634 suo.
1084 5578 1200 5634 Non
1223 5578 1429 5634 vidistis
1455 5577 1596 5649 quod
1623 5577 1934 5647 prmdictum

328 5688 385 5731 et
410 5675 691 5746 impletum
719 5682 807 5729 est
832 5672 902 5727 de
930 5672 1247 5727 ascensione
1268 5669 1489 5735 Christi,
1516 5668 1761 5723 Exaltare
1782 5686 1936 5737 super

326 5770 504 5835 caelos,
537 5766 677 5822 Deus
719 5782 739 5821 :
785 5765 881 5821 sed
931 5764 1121 5821 videtis
1175 5765 1320 5836 quod
1371 5764 1627 5820 continuo
1672 5762 1932 5832 sequitur,

332 5862 399 5917 Et
448 5878 603 5933 super
660 5876 865 5917 onmem
910 5869 1097 5911 terram
1138 5859 1301 5929 gloria
1346 5868 1431 5911 tua
1476 5855 1647 5927 (Psal.
1680 5869 1817 5921 cvtt,
1848 5850 1932 5929 6).

386 5979 406 6010 ι
420 5977 497 6027 sic
519 5976 813 6027 Sorbonicus
832 5976 916 6021 Its.
948 5968 1110 6033 [etiam
1133 5968 1175 6021 si
1192 5968 1394 6032 adhuc.)

1790 502 1992 558 LIBER
2033 500 2231 560 UNUS.

3552 516 3655 576 178

2068 612 2161 668 illa
2189 615 2257 670 de
2281 614 2494 673 Christo
2514 619 2623 688 jam
2663 621 2798 676 facta
2824 632 2985 694 atque
3023 633 3292 683 transacta
3324 630 3503 685 omnia
3546 648 3652 687 non

2064 704 2309 771 vidistis;
2357 707 2453 763 sed
2481 709 2581 765 ista
2625 713 2908 780 prmsentia
2950 713 3006 770 in
3048 715 3166 786 ejus
3191 715 3433 774 Ecclesia
3471 720 3653 777 videre

2065 812 2164 854 vos
2190 814 2299 856 non
2337 803 2563 873 negatis.
2615 802 2850 876 Utraque
2876 806 3029 862 vobis
3075 809 3332 879 praedicta
3379 821 3654 868 monstra-

2062 907 2181 947 mus
2206 910 2220 947 :
2243 902 2468 966 utraque
2493 906 2675 953 autem
2695 898 2845 955 vobis
2872 899 3089 971 impleta
3116 913 3399 972 propterea
3425 904 3618 959 demon
3637 934 3654 949 ο

2059 992 2233 1039 strare
2254 984 2482 1042 videnda
2510 1002 2617 1044 non
2643 1004 2949 1060 possumus,
2978 992 3101 1063 quia
3143 1007 3397 1051 revocare
3428 998 3479 1049 iu
3513 1011 3649 1052 cono

2058 1084 2301 1145 spectum
2332 1080 2601 1147 praeterita
2639 1097 2748 1137 non
2784 1084 3046 1139 valemus.

2148 1166 2375 1223 CAPUT
2425 1168 2492 1223 ν.
2552 1200 2625 1211 --
2682 1171 2736 1228 8.
2795 1172 3132 1229 Prwsentium
3176 1177 3416 1231 exhibitio
3472 1180 3653 1241 astruit

2058 1254 2212 1324 fidem
2277 1261 2648 1327 prwteritorum
2698 1272 2745 1317 et
2801 1266 3113 1336 futurorum.
3207 1266 3314 1322 Sed
3378 1271 3643 1339 quemad-

2057 1348 2280 1405 modum
2335 1354 2631 1410 voluntates
2691 1357 2986 1412 amicorum
3039 1374 3160 1429 qua:
3210 1376 3317 1414 non
3372 1361 3641 1427 videntur,

2058 1443 2349 1499 creduntur
2397 1462 2492 1517 per
2536 1448 2728 1504 indicia
2780 1465 2900 1521 qua:
2944 1450 3224 1517 videntur;
3272 1452 3361 1523 sic
3409 1453 3645 1508 Ecclesia

2044 1539 2671 1621 :qugﬁuunﬂc‘videtur,
2724 1543 2963 1600 omnium
3012 1520 3637 1613 qumoonﬁidéhiur,

2045 1613 2148 1717 alia
2200 1613 2857 1715 in}is-vlitﬁtemrisubiet
2892 1635 3011 1705 ipsa
3053 1644 3139 1690 est
3186 1636 3436 1706 praedicta
3486 1652 3643 1690 mon-

2050 1712 2421 1789 strantur,"th
2469 1724 2625 1779 index
2673 1736 2755 1785 est
2804 1726 3346 1797 prmteritorum,et
3393 1741 3648 1796 prmnun-

2057 1800 2474 1867 tia'iutu‘rorum.
2513 1812 2646 1881 Quia
2674 1822 2729 1869 et
2770 1818 3039 1884 praeterita
3065 1830 3185 1885 quae
3224 1815 3333 1884 jam
3365 1830 3471 1869 non
3516 1830 3648 1885 pos-

2054 1912 2179 1957 sunt
2222 1900 2425 1970 videri,
2475 1914 2532 1961 et
2575 1908 2853 1976 praesentia
2900 1923 3020 1978 qua:
3066 1922 3167 1962 nec
3207 1915 3430 1977 possunt
3472 1908 3643 1962 videri

2053 1993 2231 2048 omnia
2263 1996 2313 2060 ³,
2344 2010 2466 2051 cum
2510 1999 3023 2067 prtenuntiareutur,
3056 1999 3186 2053 nihil
3217 2000 3407 2054 horum
3435 2008 3647 2069 poterat

2054 2092 2180 2139 tunc
2234 2085 2423 2142 videri.
2499 2087 2633 2143 Cum
2682 2105 2812 2160 ergo
2869 2090 2980 2147 ﬁeri
3037 2092 3294 2162 praedicta
3343 2100 3643 2163 cmperunt,

2051 2191 2116 2232 ex
2161 2178 2265 2233 illis
2303 2196 2422 2248 qua:
2459 2180 2595 2236 facta
2626 2194 2750 2237 sunt
2777 2198 2946 2254 usque
2973 2183 3041 2239 ad
3085 2185 3183 2239 ista
3209 2201 3330 2256 qua:
3368 2184 3534 2251 ﬁunt,
3578 2185 3647 2241 de

2051 2267 2263 2324 Christo
2288 2281 2342 2324 et
2370 2272 2607 2327 Ecclesia
2636 2290 2754 2343 qua:
2793 2275 3046 2345 prtedicta
3073 2282 3197 2331 sunt
3234 2276 3475 2331 ordinata
3503 2276 3644 2330 serie

2049 2372 2400 2416 cucurrerunt
2430 2364 2531 2418 :ad
2558 2381 2719 2434 quam
2759 2366 2951 2421 seriem
2980 2367 3254 2436 pertinent
3275 2366 3343 2421 de
3372 2365 3460 2420 die
3497 2364 3647 2435 judi-

2051 2449 2141 2513 cii,
2167 2449 2236 2505 de
2265 2456 2653 2508 resurrectione
2677 2463 3029 2523 mortuorum,
3058 2456 3124 2511 de
3142 2457 3423 2526 impiorum
3445 2463 3645 2512 aeterna

2051 2537 2395 2596 daumatioue
2425 2556 2548 2597 cum
2589 2542 2838 2611 diabolo,
2878 2545 3034 2600 etde
3072 2546 3280 2615 piorum
3323 2555 3522 2601 interna
3563 2561 3651 2600 re»

2052 2632 2425 2688 munerationc
2468 2648 2588 2688 cum
2635 2633 2889 2701 Christo,
2946 2652 3065 2707 qua:
3103 2637 3350 2692 similiter
3393 2636 3647 2707 prmdicta

2051 2732 2274 2779 ventura
2322 2732 2461 2779 sunt.
2518 2724 2627 2781 Cur
2676 2743 2804 2800 ergo
2846 2743 2935 2784 res
2982 2730 3181 2797 primas
3227 2738 3282 2785 et
3329 2730 3648 2784 novissimas

2050 2831 2182 2884 quas
2220 2832 2326 2872 non
2356 2817 2597 2873 videmus
2639 2835 2743 2874 non
2788 2821 3105 2887 credamus,
3136 2836 3258 2875 cum
3299 2830 3461 2876 testes
3500 2830 3649 2873 utra-

2052 2923 2277 2977 rumque
2319 2924 2409 2964 res
2446 2910 2648 2965 medias
2672 2926 2806 2982 quas
2844 2912 3088 2966 videmus
3117 2910 3407 2966 habeamus
3430 2952 3446 2978 ,
3487 2914 3655 2981 atque

2052 3001 2105 3053 in
2138 3001 2460 3069 propheticis
2491 3003 2641 3058 libris
2663 3014 2715 3058 et
2734 3009 2933 3073 primas
2951 3013 3003 3059 et
3026 3004 3229 3060 medias
3249 3013 3303 3059 et
3323 3004 3642 3059 novissimas

2050 3092 2136 3147 vel
2160 3094 2439 3149 audiamus
2478 3096 2859 3165 praenuntiatas
2882 3106 3167 3167 antequam
3209 3096 3422 3159 ﬁerent,
3455 3096 3539 3151 vel
3566 3098 3644 3151 le-

2050 3186 2280 3254 gamus?
2322 3185 2433 3241 Nisi
2479 3188 2616 3242 forte
2659 3190 2987 3244 arbitrantur
3036 3190 3277 3245 homines
3327 3188 3571 3245 inﬁdeles
3609 3184 3660 3243 a'

2050 3275 2372 3332 Christianis
2399 3276 2487 3331 illa
2516 3292 2638 3333 esse
2664 3280 2966 3349 conscripta
2991 3322 3007 3347 ,
3039 3290 3097 3335 ut
3126 3280 3224 3334 ista
3252 3295 3371 3350 quae
3392 3281 3501 3350 jam
3529 3294 3647 3334 cre-

2049 3365 2247 3421 debant
2284 3367 2456 3438 majus
2492 3369 2752 3425 haberent
2779 3370 2988 3440 pondus
3013 3370 3344 3425 auctoritatis
3365 3411 3380 3436 ,
3414 3368 3460 3425 si
3488 3378 3643 3424 auteo

2047 3474 2207 3528 quam
2235 3460 2507 3524 venirent,
2536 3469 2846 3530 putarentur
2865 3476 2985 3517 esse
3018 3460 3301 3530 promissa.

2119 3549 2345 3606 CAPUT
2386 3550 2472 3605 Vi.
2510 3582 2584 3592 —
2626 3552 2679 3607 9.
2718 3552 3020 3607 Judteorum
3066 3553 3263 3607 codices
3289 3551 3409 3622 ﬁdei
3456 3562 3644 3606 nostra!

2052 3644 2419 3714 astipulantur.
2474 3642 2777 3699 Judteorum
2809 3657 2945 3700 secta
2981 3661 3138 3716 quare
3171 3662 3273 3698 non
3317 3660 3523 3714 prorsus
3550 3643 3644 3697 de-

2051 3736 2171 3790 leta.
2226 3736 2380 3803 Quod
2431 3738 2476 3791 si
2516 3739 2887 3808 suspicantur,
2939 3738 3276 3792 inimicorum
3333 3746 3639 3793 nostrorum

2046 3827 2353 3883 Judteorum
2383 3828 2598 3884 codices
2629 3837 3048 3900 perscrutentur.
3082 3830 3156 3884 lbi
3195 3830 3372 3899 legant
3399 3830 3496 3885 ista
3522 3846 3643 3899 qua:

2045 3921 2615 3987 commemoravimus,
2661 3921 3010 3989 praenuntiata
3036 3920 3103 3975 de
3136 3919 3351 3975 Christo
3393 3919 3447 3974 in
3479 3935 3639 3990 quem

2046 4008 2319 4064 credimus
2340 4052 2355 4076 ,
2388 4018 2440 4066 et
2472 4011 2712 4066 Ecclesia
2738 4026 2898 4082 quam
2925 4012 3196 4067 cernimus
3225 4010 3293 4066 ab
3318 4011 3468 4066 initio
3493 4012 3645 4067 labo-

2045 4102 2190 4158 rioso
2207 4103 2329 4159 lldei
2351 4107 2371 4138 ²
2395 4120 2560 4176 usque
2580 4106 2647 4162 ad
2664 4108 3043 4177 sempiternam
3067 4106 3446 4164 beatitudinem
3467 4106 3639 4177 regni.

2044 4192 2151 4250 Sed
2176 4210 2299 4250 cum
2329 4196 2543 4268 legunt,
2583 4214 2690 4253 non
2718 4200 2980 4254 mirentur
3003 4198 3145 4270 quod
3173 4199 3271 4252 ista
3312 4197 3389 4251 illi
3412 4212 3639 4267 quorum

2044 4285 2260 4342 codices
2285 4297 2440 4353 sunt,
2473 4297 2693 4359 propter
2718 4289 3119 4344 inimicitiarum
3152 4288 3400 4344 tenebras
3426 4304 3530 4341 non
3560 4288 3641 4341 in—

2044 4379 2308 4449 telligunt.
2350 4380 2483 4436 Nam
2525 4397 2620 4437 eos
2645 4397 2752 4437 non
2795 4382 3164 4438 intellecturos
3186 4382 3254 4437 ab
3276 4380 3476 4436 eisdem
3504 4381 3641 4436 Pro-

2044 4470 2220 4540 phetis
2266 4481 2392 4527 ante
2432 4472 2744 4543 praedictum
2789 4484 2873 4529 est
2905 4492 2918 4528 :
2951 4472 3095 4545 quod
3125 4483 3183 4528 ut
3210 4481 3402 4528 cratera
3426 4481 3642 4542 oporte-

2042 4564 2134 4618 bat
2176 4564 2385 4635 impleri
2412 4607 2427 4629 ,
2459 4574 2513 4621 et
2542 4568 2756 4622 occulto
2790 4566 3043 4637 justoque
3083 4566 3285 4638 judicio
3312 4566 3407 4622 Dei
3436 4566 3641 4621 meritis

2041 4671 2228 4711 eorum
2261 4671 2472 4727 pmnam
2503 4657 2735 4713 debitam
2764 4658 2937 4715 reddi.
2972 4660 3067 4715 Ille
3095 4661 3290 4730 quippe
3319 4674 3479 4729 quem
3512 4674 3639 4712 cru-

2041 4748 2345 4814 citixerunt,
2376 4759 2431 4804 et
2454 4749 2539 4804 cui
2582 4748 2648 4803 fel
2675 4757 2728 4805 et
2754 4759 2962 4806 acetum
2988 4750 3283 4815 dederunt,
3316 4750 3557 4820 quamvis
3585 4750 3638 4804 iu
3664 4750 3667 4753 “

2042 4838 2186 4910 ligno
2217 4839 2493 4909 pendens,
2540 4852 2759 4911 propter
2785 4857 2881 4897 eos
2916 4857 3051 4912 quos
3089 4842 3259 4897 fuerat
3288 4843 3339 4895 in
3366 4842 3537 4896 lucem
3570 4841 3640 4894 de

2042 4932 2279 4986 tenebris
2305 4932 2594 4988 educturus
2615 4974 2631 4999 ,
2686 4934 2881 4989 dixerit
2919 4933 3098 4997 Patri,
3127 4932 3341 5004 Ignosce
3364 4932 3486 4994 illis,
3519 4934 3637 5002 quia

2040 5021 2269 5075 nesciunt
2294 5022 2417 5092 quid
2445 5023 2641 5092 faciunt
2670 5023 2823 5093 (Luc.
2858 5039 2989 5078 χχιιι
3012 5064 3027 5088 ,
3055 5023 3186 5092 δι);
3219 5030 3396 5077 tamen
3422 5034 3641 5093 propter

2040 5121 2288 5179 caeteros,
2328 5127 2467 5182 quos
2491 5114 2874 5169 occultioribus
2902 5113 3079 5169 causis
3105 5111 3276 5167 fuerat
3304 5112 3638 5182 deserturus,

2042 5219 2138 5273 per
2165 5204 2478 5274 prophetam
2504 5214 2651 5259 tanto
2667 5217 2791 5260 ante
2814 5204 3079 5275 prtedixit,
3121 5202 3381 5257 Dederuut
3406 5205 3458 5257 in
3475 5220 3638 5259 escam
3685 5264 3697 5283 λ

2041 5312 2205 5350 meam
2251 5297 2320 5368 fel
2340 5337 2355 5363 ,
2405 5305 2453 5351 et
2499 5297 2553 5351 in
2594 5298 2677 5352 siti
2716 5314 2828 5351 mea
2875 5306 3169 5368 potaverunt
3214 5313 3295 5351 me
3336 5306 3477 5351 aceto
3506 5312 3525 5351 :
3549 5298 3641 5363 ﬁat

2041 5403 2210 5442 mensa
2233 5404 2410 5442 eorum
2436 5404 2609 5443 coram
2634 5388 2760 5459 ipsis
2784 5390 2837 5443 in
2858 5389 3197 5461 muscipulam
3215 5431 3229 5453 ,
3259 5398 3309 5443 et
3335 5390 3387 5443 in
3420 5389 3637 5443 retribu-
3663 5418 3673 5437 ι

2041 5478 2229 5533 tionem
2256 5487 2304 5532 et
2330 5480 2383 5532 in
2413 5478 2753 5544 scandalum;
2793 5480 3123 5535 obscurentur
3164 5482 3299 5535 oculi
3336 5497 3545 5544 eorum,
3579 5496 3639 5535 ne

2040 5571 2259 5635 videant,
2291 5581 2339 5626 et
2364 5570 2572 5625 dorsum
2590 5572 2798 5637 illorum
2812 5589 3009 5645 semper
3028 5574 3236 5627 incurva
3256 5571 3427 5645 (Psal.
3453 5588 3634 5637 vant,

2042 5666 2259 5736 22-24).
2289 5663 2422 5721 Cum
2449 5679 2625 5721 causae
2660 5666 2837 5737 itaque
2865 5676 3063 5722 nostra:
3101 5665 3530 5737 prmclarissimis
3561 5673 3642 5720 te—

2107 5847 2123 5878 ι
2151 5850 2278 5900 Μδςη
2311 5854 2422 5907 mne
2438 5854 2564 5907 nunc
2580 5848 2773 5907 possunt
2796 5842 2969 5907 videri,
2987 5842 3149 5893 omnia
3170 5856 3297 5897 cum.
3320 5850 3415 5893 etc.

2106 5910 2127 5938 ι
2150 5914 2256 5969 vss.
2286 5904 2489 5969 \atieaui
2512 5903 2967 5969 et_'(::il_limni,_ﬁdei
2987 5920 3130 5969 quam
3147 5913 3375 5958 tenemus.
3402 5913 3454 5955 Et
3476 5917 3537 5955 ex
3564 5903 3644 5957 his

2044 5967 2255 6033 quidam,
2280 5964 2341 6017 ab
2362 5962 2497 6019 initio
2513 5962 2909 6029 laboriosa'ﬁdei.
