4072 6520
416 510 519 564 ΠΩ

412 623 677 679 stimoniis
712 620 1126 688 circumquaque
1167 616 1441 671 ambulant
1467 612 1634 669 oculis
1674 609 1990 673 obscuratis,

414 726 469 768 ut
494 730 589 785 per
612 728 704 769 eos
728 712 844 767 haec
879 711 1172 781 probentur
1196 750 1212 772 ,
1258 708 1348 763 ubi
1388 715 1443 762 et
1480 706 1578 776 ipsi
1622 702 1991 773 reprobantur.

416 805 537 859 Ideo
562 802 758 858 factum
786 812 906 869 est,
956 818 1024 856 ne
1053 803 1131 856 sic
1156 800 1465 856 delerentur
1485 840 1500 863 ,
1553 807 1609 852 ut
1637 795 1824 852 eadem
1850 802 1996 849 secta

415 893 633 947 omnino
672 893 815 947 nulla
846 900 989 948 esset
1020 892 1036 924 ¹
1064 907 1080 955 ;
1116 891 1210 946 sed
1238 890 1477 960 dispersa
1504 898 1587 944 est
1615 902 1777 956 super
1805 894 1993 951 terras,

413 995 471 1039 ut
498 994 721 1053 portans
764 984 821 1039 in
859 999 958 1040 nos
985 983 1194 1038 collata:
1218 982 1404 1053 gratim
1433 979 1739 1050 prephetias
1768 976 1835 1031 ad
1871 992 1999 1032 con-

412 1077 700 1134 vincendos
740 1077 945 1131 ﬁrmius
984 1076 1246 1149 inﬁdeles,
1278 1074 1431 1129 nobis
1461 1072 1654 1142 ubique
1696 1070 1996 1142 prodesset.

412 1168 480 1220 Et
522 1167 623 1222 hoc
668 1168 843 1237 ipsum
890 1167 1032 1238 quod
1076 1166 1235 1234 dico,
1286 1164 1509 1234 accipite
1549 1160 1997 1233 quemadmodum

410 1261 571 1315 fuerit
618 1261 987 1330 prophetatum
1032 1280 1045 1315 :
1088 1258 1169 1314 Ne
1221 1258 1461 1313 occideris
1509 1274 1625 1317 eos.
1680 1254 1885 1325 inquit,
1938 1268 2002 1305 ne

415 1353 617 1419 quando
656 1352 1011 1406 obliviscantur
1039 1353 1198 1419 legem
1238 1362 1410 1417 tuam;
1445 1349 1677 1419 disperge
1704 1363 1787 1400 eos
1812 1347 1866 1399 in
1892 1345 1999 1398 vir-

414 1453 517 1495 tute
542 1452 627 1495 tua
657 1442 825 1512 (Psal.
856 1458 1020 1506 LVIII,
1052 1440 1161 1513 12).
1188 1441 1304 1496 Non
1331 1448 1455 1495 sunt
1478 1453 1608 1509 ergo
1636 1436 1819 1503 occisi,
1853 1436 1904 1488 in
1935 1450 2001 1489 eo

412 1533 556 1602 quod
585 1548 691 1588 non
721 1545 843 1589 sunt
869 1550 987 1605 qua:
1013 1534 1150 1603 apud
1179 1548 1271 1589 eos
1301 1533 1611 1603 legebantur
1638 1538 1691 1585 et
1713 1528 2003 1583 audieban-

416 1635 504 1678 tur
538 1624 710 1678 obliti.
748 1625 803 1680 Si
848 1625 989 1680 enim
1030 1624 1331 1695 Scripturas
1355 1631 1567 1679 sanctas
1590 1663 1604 1689 ,
1644 1620 1885 1692 quamvis
1910 1632 2003 1673 eas

415 1729 522 1767 non
550 1714 881 1785 intelligant,
912 1716 1122 1785 penitus
1149 1715 1592 1769 obliviscerentur
1612 1755 1626 1779 ,
1662 1713 1715 1766 in
1757 1713 1873 1781 ipso
1903 1709 1999 1765 Ju-

414 1804 568 1860 daico
606 1806 711 1860 ritu
736 1807 1143 1873 occiderentur;
1190 1807 1313 1877 quia
1346 1822 1469 1862 cum
1496 1806 1652 1876 Legis
1678 1815 1733 1861 ct
1760 1804 2002 1874 Prophe—

416 1904 589 1949 tarum
638 1896 771 1953 nihil
815 1906 1036 1954 nossent
1078 1897 1288 1963 Judaei,
1340 1897 1595 1970 prodesse
1621 1911 1724 1951 non
1761 1904 2002 1966 possent.

415 1987 558 2057 Ergo
582 1988 743 2043 occisi
784 2004 891 2043 non
928 1998 1089 2057 sunt,
1142 1989 1238 2044 sed
1279 1988 1510 2058 dispersi
1542 2007 1555 2043 :
1584 1996 1641 2042 ut
1682 1986 1923 2057 quamvis
1952 1985 2005 2039 in

417 2082 525 2137 ﬁde
555 2084 600 2147 ’,
628 2082 768 2138 unde
792 2084 922 2137 salvi
953 2084 1164 2149 ﬁerent,
1196 2099 1301 2138 non
1325 2083 1617 2147 haberent;
1648 2089 1825 2137 tamen
1866 2078 2009 2134 unde

422 2190 523 2229 nos
572 2175 989 2244 adjuvarcmur,
1037 2176 1296 2231 memoria
1351 2176 1683 2238 retinerent,
1732 2173 1785 2227 in
1834 2171 2009 2227 Libris

419 2265 800 2336 suffragatores
823 2310 838 2334 ,
876 2268 930 2323 in
959 2268 1211 2323 cordibus
1240 2268 1408 2323 nostri
1454 2267 1635 2322 hostes
1658 2306 1676 2334 ,
1717 2266 1769 2319 in
1806 2264 2009 2321 codici-

419 2358 523 2412 bus
548 2367 731 2414 testes.

491 2451 575 2506 CA
585 2450 716 2506 PUT
740 2450 853 2507 VII.
871 2482 943 2493 —
956 2453 1041 2508 10.
1061 2452 1236 2508 Totius
1252 2454 1428 2507 mundi
1443 2452 1570 2521 ﬁdes
1585 2454 1638 2507 in
1654 2452 1906 2506 Christum
1924 2452 2011 2505 mi-

417 2540 645 2595 rabiliter
655 2542 942 2599 conciliata.
965 2542 1277 2614 Quanquam
1290 2543 1450 2599 etiam
1472 2544 1516 2598 si
1536 2543 1603 2598 de
1614 2542 1827 2598 Christo
1839 2551 1893 2597 et
1909 2542 2013 2597 Ec-

418 2634 579 2691 clesia
600 2634 899 2689 testimonia
916 2636 1056 2690 nulla
1076 2636 1463 2707 prmcederent,
1483 2651 1641 2704 quem
1668 2651 1773 2690 non
1795 2649 2013 2689 movere

419 2721 643 2778 deberet
667 2732 724 2778 ut
743 2725 1008 2791 crederet,
1026 2736 1245 2796 repente
1267 2728 1504 2782 illuxisse
1523 2726 1753 2781 divinam
1781 2726 2013 2780 humano

420 2813 605 2883 generi
643 2816 961 2885 claritatem,
990 2818 1203 2889 quando
1222 2819 1463 2874 videmus
1487 2818 1686 2873 relictis
1710 2818 1814 2873 diis
1845 2818 2011 2883 falsis,

422 2914 478 2960 et
502 2921 687 2960 eorum
711 2906 1000 2963 confractis
1048 2924 1427 2980 usquequaque
1452 2908 1771 2975 simulacris,
1803 2910 2016 2979 templis

422 2995 730 3062 subversis,
771 2998 886 3053 sive
914 3000 966 3053 in
1010 3014 1137 3054 usus
1177 3001 1313 3057 alios
1349 3001 1725 3065 commutatis,
1769 3010 1926 3070 atque
1950 3000 2018 3055 ab

424 3085 659 3140 humana
689 3090 1120 3144 veternosissima
1145 3092 1529 3147 consuetudine
1554 3101 1633 3148 tot
1656 3092 1809 3147 vanis
1829 3093 2019 3147 ritibus

426 3179 755 3248 exstirpatis,
782 3197 945 3235 unum
967 3197 1154 3237 verum
1184 3183 1348 3239 Deum
1377 3184 1446 3239 ab
1468 3184 1716 3239 omnibus
1746 3185 2019 3240 invocari?

428 3269 497 3323 Et
526 3269 626 3324 hoc
653 3285 773 3326 esse
799 3271 993 3329 factum
1018 3290 1113 3344 per
1136 3290 1296 3329 unum
1328 3275 1597 3331 hominem
1620 3276 1688 3331 ab
1715 3275 2021 3332 hominibus

430 3360 667 3428 illusum,
690 3365 1159 3432 comprehensum,
1189 3366 1443 3432 vinetum,
1468 3366 1811 3437 ﬁagellatum,
1838 3368 2019 3437 expal-

430 3461 631 3506 malum
662 3453 704 3519 ’,
736 3455 1138 3524 exprobratum,
1162 3457 1497 3523 crucifixum,
1529 3460 1767 3514 occisum
1801 3477 1815 3513 :
1847 3459 2011 3515 disci-

428 3543 569 3611 pulis
594 3543 731 3613 ejus,
770 3560 908 3615 quos
933 3547 1123 3604 idiotas
1147 3590 1161 3613 ,
1193 3558 1248 3604 et
1289 3549 1565 3619 imperitos
1583 3592 1597 3616 ,
1622 3561 1677 3605 et
1706 3550 2018 3620 piscatores,

430 3645 487 3689 et
517 3634 824 3705 publicanos
846 3680 862 3706 ,
911 3655 1007 3709 per
1032 3656 1167 3710 quos
1194 3642 1311 3712 ejus
1351 3642 1714 3713 magisterium
1742 3659 2019 3700 commen-

429 3727 682 3793 daretur,
722 3729 924 3800 elegit,
954 3733 1387 3791 annuntiantibus
1410 3735 1527 3805 ejus
1552 3736 2017 3803 resurrectionem,

429 3819 798 3875 ascensionem
822 3862 837 3887 ,
880 3837 1040 3892 quam
1070 3839 1129 3878 se
1160 3824 1356 3881 vidisse
1395 3825 1678 3895 dixerunt,
1722 3835 1778 3882 et
1815 3826 2020 3897 impleti

430 3909 627 3979 Spiritu
649 3921 852 3980 sancto,
874 3914 975 3970 hoc
999 3915 1346 3986 Evangelium
1375 3918 1569 3990 linguis
1593 3920 1863 3989 omnibus,
1887 3934 2023 3990 quas

433 4015 538 4055 non
566 4001 879 4071 didicerant,
912 4016 1226 4063 sonuerunt.
1258 4008 1404 4075 Quos
1426 4012 1515 4080 qui
1545 4011 1862 4079 audierunt,
1894 4027 2020 4081 par-

430 4090 527 4146 tim
553 4093 917 4159 crediderunt,
945 4098 1139 4165 partim
1169 4113 1274 4153 non
1299 4100 1579 4156 credentes
1608 4103 2022 4171 praedicantibus

431 4182 683 4238 ferociter
725 4186 1057 4241 restiterunt.
1102 4188 1177 4243 lta
1218 4189 1462 4246 ﬁdelibus
1489 4207 1659 4263 usque
1688 4194 1753 4247 ad
1792 4203 2019 4249 mortem

433 4288 531 4341 pro
562 4274 784 4331 veritate
802 4318 817 4341 ,
846 4291 952 4332 non
980 4279 1115 4333 mala
1138 4282 1483 4350 rependendo
1505 4324 1519 4347 ,
1549 4283 1646 4339 sed
1676 4287 2024 4354 perpetiendo

433 4367 792 4435 certantibus,
834 4384 934 4424 nec
959 4372 1254 4429 occidendo
1277 4415 1293 4441 ,
1326 4375 1419 4429 sed
1446 4377 1725 4432 moriendo
1760 4378 2022 4433 vincenti-

434 4454 574 4520 bus;
615 4458 692 4513 sic
736 4459 790 4514 in
830 4460 986 4516 istam
1019 4463 1333 4534 religionem
1372 4474 1606 4521 mutatus
1648 4476 1731 4522 est
1771 4469 2021 4536 mundus,

433 4547 513 4603 sic
545 4547 614 4602 ad
653 4547 757 4604 hoc
798 4550 1147 4622 Evangelium
1189 4556 1350 4611 corda
1395 4571 1653 4612 conversa
1695 4560 2021 4627 mortalium,

434 4638 665 4695 marium
685 4648 740 4694 et
759 4638 1077 4699 feminarum
1093 4686 1109 4712 ,
1142 4648 1484 4715 parvulorum
1509 4656 1669 4719 atque
1685 4664 2024 4719 magnorum,

434 4728 713 4786 doctorum
740 4741 794 4788 et
822 4734 1154 4791 indoctorum
1175 4780 1190 4803 ,
1219 4740 1535 4808 sapientium
1561 4749 1616 4795 et
1641 4741 2024 4810 insipientium,

433 4824 733 4890 potentium
764 4833 819 4881 et
840 4825 1196 4896 inﬁrmorum,
1226 4830 1482 4885 nobilium
1501 4840 1555 4886 et
1577 4831 1906 4901 ignobilium,
1936 4849 2029 4888 ex-

433 4914 701 4970 celsorum
725 4926 781 4973 et
800 4916 1081 4975 humilium
1101 4962 1117 4987 ,
1159 4930 1215 4977 et
1246 4937 1340 4993 per
1366 4938 1552 4979 omnes
1574 4931 1765 4993 gentes
1789 4923 2027 4981 Ecclesia

436 5066 615 5177 (gestio
637 5071 853 5130 potiores
871 5080 976 5124 Mss.
1004 5081 1062 5125 At
1079 5075 1218 5137 editi,
1243 5084 1297 5129 ut
1316 5079 1487 5131 eadem
1521 5082 1651 5144 facta
1685 5085 1875 5138 camino
1892 5088 2027 5140 nulla

500 5188 700 5267 122931:
716 5195 987 5267 ‘vaticapns,
1012 5205 1063 5249 ut
1092 5202 1306 5262 quamvis
1326 5202 1493 5267 ﬁdem.

438 5307 464 5356 ἒ
501 5249 524 5279 ³
538 5249 682 5320 _E_diti,
702 5249 1034 5331 exspoliatuin.
1060 5249 1117 5313 At.
1140 5249 1650 5330 algifizﬁdiihamz;
1673 5272 1800 5333 quod
1822 5276 2026 5324 verbum

457 5308 674 5356 antliam
697 5321 774 5356 est
793 5326 1055 5356 Anmtgtmn

457 5308 675 5360 amiliare
697 5321 774 5362 est
791 5308 1072 5380 Augustino.

860 503 946 558 DE
988 501 1139 558 FIDE
1180 462 1421 556 RERVUM
1458 497 1624 566 QUAE
1662 496 1794 551 NON
1839 492 2200 559 VIDENTUB,
2240 492 2295 546 S.
2340 492 2703 548 AUGUSTINI
2747 493 2950 549 LIBER
2989 493 3186 550 UNUS.

3588 492 3693 550 180

2102 604 2292 660 diﬁ‘usa
2332 605 2409 660 sic
2445 606 2641 670 crevit,
2676 616 2731 660 ut
2756 608 2918 662 etiam
2947 616 3133 663 contra
3174 607 3343 675 ipsam
3371 606 3689 662 catholicam

2105 694 2263 749 ﬁdem
2291 695 2435 750 nulla
2481 705 2625 751 secta
2653 712 2904 766 perversa
2925 738 2941 762 ,
2980 698 3181 752 nullum
3219 711 3387 766 genus
3420 698 3683 752 exoriatur

2103 785 2325 849 erroris,
2351 785 2493 855 quod
2520 786 2589 840 ita
2617 786 2918 855 reperiatur
2937 787 3241 842 christiana:
3266 787 3478 842 veritati
3498 787 3691 842 adver-

2104 875 2249 940 sari,
2296 885 2353 930 ut
2396 892 2503 931 non
2546 876 2758 932 affectet
2797 887 2958 948 atque
2995 878 3196 933 ambiat
3236 878 3434 934 Christi
3473 880 3694 935 nomine

2103 965 2323 1035 gloriari
2357 983 2371 1019 :
2401 966 2545 1036 quod
2582 969 2798 1038 quidem
2846 984 2953 1023 non
2992 969 3257 1023 sineretur
3306 970 3563 1039 pullulare
3598 986 3695 1039 per

2106 1065 2322 1121 terram,
2355 1058 2456 1113 nisi
2486 1067 2764 1113 exerceret
2785 1073 2969 1113 sanam
2995 1067 3049 1113 et
3079 1059 3191 1128 ipsa
3217 1059 3567 1114 contradictio
3613 1060 3696 1114 di-

2105 1146 2404 1214 sciplinam.
2444 1147 2668 1215 Quando
2694 1157 2896 1202 tantum
2941 1147 3229 1203 cruciﬁxus
3275 1149 3366 1202 ille
3409 1149 3689 1218 potuisset,

2106 1236 2209 1290 nisi
2253 1236 2392 1291 Deus
2443 1237 2715 1292 hominem
2762 1238 3123 1307 suscepisset,
3171 1238 3379 1293 etiamsi
3429 1237 3571 1292 nulla
3602 1255 3697 1308 per

2105 1326 2402 1398 Prophetas
2448 1328 2621 1384 futura
2669 1331 2791 1385 talia
2839 1330 3209 1399 praedixisset?
3254 1330 3388 1386 Cum
3427 1345 3556 1385 vero
3587 1339 3694 1384 tam

2106 1435 2357 1491 magnum
2386 1422 2596 1491 pietatis
2616 1430 3008 1477 sacramentum
3049 1423 3294 1477 habuerit
3317 1422 3695 1477 antecedentes

2106 1523 2256 1569 vates
2282 1528 2406 1569 suos
2436 1515 2452 1546 ¹
2480 1523 2641 1585 atque
2660 1530 2937 1585 prtecones
2957 1556 2972 1581 ,
3004 1530 3231 1584 quorum
3261 1514 3453 1569 divinis
3475 1514 3694 1569 vocibus

2108 1613 2193 1657 est
2220 1604 2628 1672 praznuntiatum
2654 1646 2671 1671 ,
2701 1612 2757 1659 et
2793 1606 2871 1658 sic
2902 1605 3107 1658 venerit
3134 1603 3580 1675 quemadmodum
3610 1615 3695 1659 est

2107 1697 2543 1764 praenuntiatum,
2575 1696 2692 1765 quis
2722 1696 2790 1749 ila
2819 1696 2885 1750 sit
2920 1697 3176 1764 demens,
3202 1704 3261 1750 ut
3294 1695 3436 1751 dicat
3463 1698 3694 1767 Aposto-

2108 1786 2190 1841 los
2216 1788 2284 1842 de
2304 1788 2515 1843 Christo
2543 1786 2705 1843 fuisse
2728 1789 3001 1853 mentitos,
3025 1804 3185 1858 quem
3214 1788 3293 1843 sic
3315 1789 3528 1843 venisse
3554 1804 3692 1857 prte-

2109 1876 2452 1945 dicaverunt,
2482 1878 2932 1949 quemadmodum
2962 1895 3085 1934 eum
3114 1888 3395 1934 venturum
3418 1878 3698 1948 Prophetaa

2110 1978 2235 2023 ante
2281 1970 2679 2039 praedixerunt,
2731 1972 2823 2041 qui
2866 1986 2964 2026 nec
2992 1971 3059 2027 de
3103 1971 3231 2041 ipsis
3260 1972 3530 2041 Apostolis
3573 1986 3697 2025 vera

2110 2058 2285 2113 futura
2311 2060 2634 2114 tacuerunt?
2672 2061 2749 2115 De
2783 2061 2866 2115 his
2889 2062 3086 2132 quippe
3110 2062 3358 2117 dixerant
3390 2081 3404 2116 :
3438 2061 3562 2116 Non
3581 2071 3701 2116 sunt

2112 2150 2324 2220 loquela:
2348 2168 2505 2221 neque
2538 2169 2827 2219 sermones,
2869 2170 3087 2223 quorum
3124 2170 3224 2207 non
3261 2154 3537 2209 audiantur
3562 2172 3704 2208 voces

2113 2258 2287 2296 eorum
2306 2261 2324 2307 ;
2344 2244 2397 2296 in
2422 2260 2619 2298 omnem
2645 2253 2832 2298 terram
2856 2246 3009 2300 exivit
3029 2262 3182 2301 sonus
3206 2262 3400 2313 eorum,
3424 2258 3470 2301 et
3496 2247 3549 2299 in
3577 2246 3704 2314 ﬁnes

2113 2334 2247 2388 orbis
2269 2342 2416 2390 terra
2442 2336 2590 2389 verba
2613 2354 2785 2391 eorum
2812 2337 2983 2409 (Psal.
3002 2355 3148 2402 xvnl,
3167 2340 3257 2393 4et
3272 2339 3350 2409 5).
3378 2338 3532 2405 Quod
3559 2346 3706 2393 certe

2115 2424 2168 2477 in
2204 2424 2335 2479 orbe
2382 2426 2623 2481 videmus
2663 2427 2938 2497 impletum
2962 2470 2977 2494 ,
3025 2429 3124 2483 etsi
3165 2430 3218 2484 in
3262 2444 3422 2483 carne
3464 2428 3703 2483 nondum

2115 2516 2343 2572 vidimus
2369 2518 2663 2573 Christum.
2696 2520 2825 2587 Quis
2852 2520 3028 2591 itaque
3054 2521 3154 2575 nisi
3183 2520 3410 2575 mirabili
3440 2520 3706 2575 dementia

2116 2618 2383 2672 czecatus,
2431 2618 2524 2663 aut
2569 2609 2798 2665 mirabili
2837 2610 3129 2680 pertinacia
3173 2610 3341 2665 durus
3373 2626 3436 2664 ac
3481 2610 3706 2676 ferreus,

2119 2699 2249 2753 nolit
2275 2699 2472 2755 habere
2514 2703 2681 2756 sacris
2722 2701 2944 2757 Litteris
2973 2702 3133 2758 ﬁdem
3160 2744 3174 2766 ,
3217 2718 3336 2773 qua:
3366 2702 3526 2758 totius
3560 2702 3707 2757 orbis

2121 2791 2487 2860 prredixerunt
2518 2792 2715 2847 ﬁdem?

2191 2882 2414 2937 CAPUT
2435 2882 2567 2937 VIII.
2584 2912 2657 2925 —-
2681 2884 2768 2937 Η.
2790 2884 2870 2937 Ad
2892 2884 3011 2951 ﬁdei
3029 2884 3331 2937 immobilem
3348 2882 3709 2937 observantiam

2119 2973 2419 3026 cohortatio.
2450 2972 2559 3028 Vos
2579 2983 2778 3040 autem,
2803 2975 3124 3038 charissimi,
3154 2976 3243 3044 qui
3268 2974 3405 3029 hanc
3432 2974 3588 3027 ﬁdem
3618 2974 3710 3027 ha-

2120 3063 2280 3129 betis,
2298 3066 2379 3119 vel
2401 3066 2489 3135 qui
2507 3082 2646 3121 nunc
2658 3082 2849 3121 novam
2873 3067 3069 3122 habere
3088 3068 3349 3136 coepistis,
3372 3067 3635 3120 nutriatur
3654 3077 3710 3119 et

2122 3163 2330 3209 crescat
2349 3154 2401 3209 in
2424 3156 2594 3211 vobis.
2623 3156 2772 3212 Sicut
2794 3157 2937 3212 enim
2959 3166 3218 3213 venerunt
3237 3157 3547 3227 temporalia
3567 3166 3713 3212 tanto

2123 3258 2247 3299 ante
2272 3245 2522 3315 praedicta
2539 3249 2582 3313 ’,
2614 3248 2828 3303 venient
2855 3258 2909 3303 et
2936 3250 3258 3318 sempiterna
3284 3249 3564 3318 promissa.
3603 3248 3712 3303 Nec

2124 3351 2217 3390 vos
2248 3336 2515 3408 decipiant
2551 3340 2639 3395 vel
2676 3340 2798 3395 vani
2826 3341 3056 3411 Pagani,
3100 3342 3183 3397 vel
3230 3340 3347 3395 falsi
3391 3340 3598 3399 Judmi.
3629 3341 3714 3396 vel

2125 3426 2335 3483 fallaces
2362 3428 2614 3494 hairetici,
2642 3446 2742 3486 nec
2763 3447 2869 3485 non
2892 3432 2944 3486 in
2974 3433 3087 3502 ipsa
3113 3431 3383 3486 Catholica
3407 3432 3529 3485 mali
3557 3430 3713 3486 Chri-

2124 3520 2312 3584 stiani,
2344 3528 2489 3574 tanto
2513 3522 2849 3577 nocentiores
2878 3565 2893 3590 ,
2925 3533 3125 3592 quanto
3166 3523 3452 3578 interiores
3494 3523 3715 3576 inimici.

2126 3610 2261 3677 Quia
2306 3620 2361 3666 et
2403 3611 2527 3667 hinc
2566 3628 2635 3668 ne
2676 3614 3117 3684 perturbarentur
3164 3615 3392 3681 inﬁrmi,
3441 3614 3716 3684 prophetia

2124 3700 2303 3755 divina
2330 3718 2438 3755 non
2468 3703 2665 3769 tacuit,
2695 3704 2783 3758 ubi
2811 3704 3036 3774 loquens
3059 3706 3108 3758 in
3135 3703 3356 3759 Cantica
3389 3705 3714 3759 canticorum

2125 3806 2355 3861 sponsus
2382 3793 2449 3848 ad
2491 3809 2739 3863 sponsam
2765 3836 2780 3860 ,
2832 3795 2882 3849 id
2927 3808 3041 3858 est,
3086 3796 3331 3851 Christus
3372 3797 3628 3851 Dominus
3650 3796 3716 3850 ad

2126 3884 2420 3940 Ecclesium
2452 3904 2465 3939 :
2500 3887 2643 3941 Sicut
2671 3888 2869 3954 lilium,
2901 3888 3102 3958 inquit,
3136 3889 3186 3942 in
3216 3888 3379 3941 medio
3424 3890 3712 3959 spinarum,

2126 3975 2199 4029 ita
2234 3978 2465 4045 proxima
2506 3994 2615 4029 mea
2640 3977 2691 4030 in
2722 3978 2885 4031 medio
2908 3979 3135 4046 ﬁliarum
3176 3980 3346 4047 (Cant.
3376 3995 3409 4033 ll
3437 4020 3452 4044 ,
3478 3978 3557 4050 Ξ).
3602 3978 3717 4033 Non

2127 4069 2291 4135 dixit,
2326 4070 2377 4124 in
2406 4070 2582 4125 medio
2604 4079 3013 4134 extranearum;
3048 4072 3162 4139 sed,
3195 4074 3248 4126 in
3271 4073 3434 4125 medio
3465 4073 3714 4140 ﬁliarum.

2132 4163 2232 4229 Qui
2279 4165 2426 4217 habet
2470 4181 2619 4217 aures
2666 4165 2941 4233 audiendi,
2997 4166 3219 4220 audiat:
3248 4175 3301 4220 et
3350 4166 3475 4219 dum
3525 4180 3719 4235 sagena

2129 4272 2248 4326 quae
2274 4255 2434 4310 missa
2465 4265 2550 4310 est
2578 4256 2631 4309 in
2662 4272 2808 4312 mare
2828 4298 2843 4323 ,
2882 4268 2936 4312 et
2975 4266 3265 4328 congregat
3309 4257 3487 4313 omnia
3525 4272 3720 4327 genera

2131 4349 2355 4419 piscium
2382 4392 2397 4415 ,
2440 4350 2577 4404 sicut
2613 4360 2854 4405 sanctum
2882 4352 3117 4420 loquitur
3145 4351 3489 4422 Evangelium
3511 4392 3525 4415 ,
3558 4350 3722 4405 trahi-

2133 4452 2219 4496 tur
2245 4442 2312 4495 ad
2354 4443 2498 4497 littus
2520 4484 2533 4507 ,
2565 4442 2615 4496 id
2651 4453 2767 4509 est,
2805 4444 2871 4498 ad
2894 4445 3075 4500 saeculi
3112 4445 3272 4499 ﬁnem
3294 4487 3311 4511 ,
3338 4454 3584 4500 secernat
3606 4459 3666 4499 se
3689 4460 3718 4497 a

2134 4534 2369 4604 piscibus
2410 4535 2601 4597 malis,
2641 4536 2838 4602 corde,
2890 4552 2995 4591 non
3032 4553 3297 4607 corpore;
3336 4553 3513 4593 mores
3553 4537 3723 4591 malos
3798 4574 3803 4577 -

2135 4624 2415 4689 mutando,
2464 4640 2571 4679 non
2619 4626 2753 4681 retia
2791 4636 2971 4682 sancta
3000 4628 3301 4697 rumpenda
3329 4645 3343 4682 :
3373 4643 3442 4682 ne
3468 4628 3560 4698 qui
3584 4644 3725 4684 nunc

2137 4714 2339 4784 probati
2380 4716 2620 4786 reprobis
2650 4716 2899 4772 videntur
2936 4733 3057 4773 esse
3086 4718 3373 4788 permixti,
3402 4734 3509 4773 non
3537 4720 3721 4778 vitam.

2133 4806 2227 4862 sed
2256 4823 2466 4876 poenam
2494 4807 2515 4839 ³
2546 4809 2813 4878 reperiant
2846 4811 3221 4879 sempiternam
3249 4852 3264 4876 ,
3311 4826 3433 4866 cum
3464 4811 3726 4882 coeperint

2135 4896 2188 4951 in
2220 4898 2398 4954 littore
2424 4899 2659 4968 separari
2684 4899 2899 4971 (Matth.
2929 4916 3029 4957 xm
3051 4944 3065 4967 ,
3094 4901 3149 4968 9,
3182 4901 3400 4975 47-50).

2199 5096 2215 5126 ι
2255 5096 2391 5168 mliti,
2410 5166 2418 5168 Α
2437 5102 2576 5159 atque
2607 5096 2854 5148 credentes
2878 5104 3005 5147 vates
3036 5110 3162 5148 suos.
3203 5098 3509 5160 Castigantur
3538 5097 3730 5146 auxilio

2133 5166 2582 5219 manuscrtjitorum.

2198 5218 2219 5282 ξ
2244 5226 2372 5276 Mss,
2398 5225 2531 5282 unita
2551 5220 2828 5282 praedicta;
2852 5222 3047 5279 omisso,
3070 5225 3197 5269 ante.

2198 5281 2219 5311 ⁸
2253 5279 2697 5353 Νυιιιιιξιιῇιοοᾶὶερε,
2723 5290 2773 5333 ut
2798 5279 2879 5340 qui
2901 5296 3025 5353 nunc
3046 5281 3236 5353 probati
3254 5279 3471 5344 reprobis
3507 5279 3731 5331 ridentur

2131 5354 2232 5391 esse
2254 5343 2510 5404 permixti,
2534 5358 2627 5393 non
2663 5356 2880 5407 pomum,
2902 5344 2984 5394 scd
3010 5343 3169 5393 vitam.

447 5449 1795 5513 Em
1822 5478 1887 5481 ,7",
1970 5478 2019 5483 ,η
2422 5482 2442 5486 _
3110 5482 3119 5488 _
3140 5482 3147 5488 ,
3174 5482 3185 5488 ,
3210 5482 3317 5488 --,
3340 5481 3703 5517 -.--.-,-.,-,Ι

2798 5520 3591 5529 ————.———.—————-‘————
3620 5521 3705 5528 ...ι

491 5635 861 5730 .lnnlibrum
890 5639 965 5730 de
997 5640 1146 5701 Fide
1177 5649 1239 5704 et
1266 5644 1564 5730 Symbolo
1596 5651 1735 5709 vide
1764 5651 1870 5712 lib.
1914 5654 1969 5723 1,
2007 5672 2141 5730 cap.
2187 5655 2283 5719 17.
2322 5657 2894 5725 Relractationum,
2934 5666 3077 5715 tom.
3113 5656 3167 5725 1,
3205 5656 3325 5714 col.
3354 5652 3496 5723 612,
3531 5672 3565 5713 a
3597 5671 3733 5712 ver-

440 5713 554 5785 bis,
590 5717 706 5775 Per
738 5717 900 5778 idem
945 5724 1221 5798 tempus,
1260 5713 1447 5803 usque
1480 5727 1559 5787 ad
1584 5730 1767 5789 verba
1798 5733 1915 5791 col.
1958 5713 2104 5806 '613',
2142 5713 2978 5813 Quoniam
3002 5713 3126 5795 ἾΜ.

450 5956 1923 5983 .__..__.._________,___________________
