4072 6506
1686 446 1737 452 -
1772 420 2016 454 ____

439 448 596 452 ~«~-——:
619 448 692 453 -η-ν
717 448 746 452 η-
774 452 777 453 ,
808 448 844 451 --
866 447 972 453 »~—-.-
1275 447 1284 450 υ
1751 445 1764 451 -
2176 445 2299 451 ,_____
2325 440 3110 449 ————._.q___—_—.——____L_.
3125 435 3530 447 __-’—-~—‘————-«-——.
3571 439 3606 442 -.ν

1338 706 2103 797 HIPPONENSIS
2162 705 2695 791 EPISCOPI

772 852 1097 1011 DE
1176 846 1746 1008 FIDE
1808 841 2126 999 ET
2192 840 3293 1005 SYMBOLO

1641 1084 1921 1176 antur
1967 1098 2186 1177 unus
2238 1066 2357 1167 (α).

1806 1251 2231 1311 am

423 1372 633 1438 Symboli
652 1373 810 1435 capita
830 1367 1025 1433 singula
1044 1365 1261 1417 studiose
1284 1360 1589 1428 explicantur
1604 1395 1620 1421 ,
1644 1371 1758 1412 cum
1778 1349 2257 1479 ὴὲιῶιέῗλιένηαᾶἓὲξί
2277 1349 2525 1405 mthollcze
2555 1353 2945 1417 adversantium,
2971 1363 3023 1407 et
3041 1360 3253 1408 maxime
3275 1358 3643 1412 manli-limum

434 1538 661 1596 CAPUT
706 1536 988 1593 PRIMUM.
1019 1537 1159 1590 —-i.
1185 1535 1311 1599 Qua:
1338 1550 1495 1588 causa
1519 1540 1767 1601 etscopus
1791 1524 1959 1597 aperis

362 1633 645 1704 prasentis.
696 1630 960 1697 Quoniam
1005 1629 1263 1696 scriptum
1318 1636 1401 1682 est
1439 1633 1495 1680 et
1532 1622 1841 1693 apostolicae
1881 1618 1963 1672 di-

360 1726 602 1796 sciplina:
636 1722 1010 1779 robustissima
1046 1720 1363 1776 auctoritate
1390 1720 1679 1779 ﬁrmatum,
1716 1712 1849 1778 Quia
1866 1713 1959 1780 ju-

358 1826 473 1871 stus
520 1832 587 1870 ea:
632 1814 734 1884 ﬁde
760 1814 876 1867 vivit
915 1810 936 1886 (
969 1810 1168 1866 Habac.
1221 1826 1280 1877 ιι,
1320 1810 1395 1874 4;
1446 1806 1617 1862 Galat.
1669 1821 1748 1870 ιιι,
1795 1804 1856 1857 Η
1888 1800 1906 1873 )
1944 1818 1959 1867 ;

358 1922 536 1995 eaque
562 1905 697 1961 ﬁdes
711 1903 946 1961 ofﬁcium
973 1918 1003 1957 a
1026 1902 1179 1957 nobis
1198 1901 1427 1972 exigitet
1451 1898 1626 1954 cordis
1650 1905 1706 1952 et
1730 1896 1958 1964 linguae;

357 2000 438 2054 ait
457 1991 611 2053 enim
660 1997 968 2066 Apostolus,
999 1995 1163 2051 Corde
1212 1994 1436 2049 creditur
1457 1992 1527 2046 ad
1570 1991 1849 2062 justitiam,
1875 2003 1962 2042 ore

356 2100 533 2145 autem
554 2091 804 2161 confessio
833 2089 892 2157 ﬁt
928 2088 996 2141 ad
1023 2087 1241 2142 salutem
1271 2086 1290 2156 (
1324 2084 1478 2139 Rom.
1506 2099 1562 2147 x,
1606 2081 1725 2153 lO')
1752 2100 1765 2135 :
1796 2096 1958 2150 opor-

358 2193 438 2240 tet
462 2198 561 2238 uos
588 2196 710 2238 esse
737 2189 794 2238 et
813 2180 1031 2252 iustitia:
1058 2192 1329 2234 memores
1366 2186 1423 2232 et
1469 2175 1674 2230 salutis.
1699 2173 1957 2241 Quando-

357 2273 575 2345 quidem
602 2274 658 2327 in
705 2271 1033 2341 sempiterna
1063 2269 1279 2339 iustitia
1302 2265 1597 2338 regnaturi,
1628 2279 1659 2319 a
1700 2262 1957 2335 praesenti

358 2365 560 2421 saeculo
585 2362 821 2433 maligno
868 2362 1000 2417 salvi
1035 2360 1149 2416 ﬁeri
1189 2374 1297 2415 non
1322 2372 1630 2429 possumus,
1661 2354 1766 2410 nisi
1787 2364 1842 2409 et
1858 2366 1958 2409 nos

356 2456 429 2513 ad
443 2457 669 2512 salutem
700 2453 1069 2525 proximorum
1098 2453 1355 2518 nitentes,
1385 2451 1551 2506 etiam
1575 2463 1670 2504 ore
1702 2446 1957 2519 proﬁtea-

357 2565 483 2605 mur
508 2548 665 2604 ﬁdem
682 2563 841 2619 quam
870 2547 1034 2603 corde
1064 2555 1369 2617 gestamus:
1391 2559 1512 2616 quae
1552 2543 1686 2599 ﬁdes
1712 2557 1782 2598 ne
1804 2541 1957 2597 frau-

356 2641 594 2697 dulentis
643 2638 1024 2698 calliditatibus
1068 2639 1445 2693 haereticorum
1482 2636 1649 2707 possit
1690 2634 1745 2689 in
1804 2633 1958 2689 nobis

358 2733 538 2802 aliqua
568 2745 633 2786 ex
678 2739 830 2801 parte
857 2729 1068 2796 violari,
1108 2729 1193 2799 pia
1219 2735 1484 2797 cautaque
1527 2725 1798 2796 vigilantia
1826 2738 1955 2795 pro-

359 2820 651 2877 videndum
684 2828 788 2875 est.
836 2819 937 2875 Est
959 2830 1139 2874 autem
1168 2817 1429 2873 catholica
1461 2815 1592 2872 ﬁdes
1612 2816 1666 2870 in
1697 2814 1956 2887 Symbolo

359 2922 488 2967 nota
536 2911 817 2978 ﬁdelibus,
873 2910 1258 2979 memoriaeque
1299 2907 1570 2973 mandata,
1622 2914 1819 2978 quanta
1866 2920 1956 2960 res

356 3018 517 3074 passa
545 3012 628 3058 est
652 3002 913 3058 brevitate
951 3003 1217 3057 sermonis
1249 3019 1263 3056 :
1297 3009 1351 3056 ut
1384 3000 1766 3071 incipientibus
1791 3010 1956 3069 atque

356 3095 703 3161 lactentibus,
727 3096 807 3150 eis
827 3095 917 3165 qui
955 3095 1009 3149 in
1055 3092 1272 3149 Christo
1295 3093 1465 3149 renati
1522 3099 1666 3159 sunt,
1718 3091 1953 3146 nondum

356 3188 764 3258 Scripturarum
811 3184 1114 3241 divinarum
1142 3184 1549 3256 diligentissima
1593 3192 1649 3239 et
1690 3184 1955 3255 spirituali

356 3279 676 3335 tractatione
690 3287 851 3349 atque
883 3277 1191 3348 cognitione
1242 3275 1531 3339 roboretis,
1564 3275 1748 3346 paucis
1776 3275 1956 3330 verbis

356 3369 686 3427 credendum
729 3370 1165 3434 constitueretur,
1190 3367 1335 3438 quod
1362 3368 1543 3422 multis
1575 3367 1754 3421 verbis
1785 3382 1955 3436 espo-

358 3461 597 3519 nendum
642 3469 787 3517 esset
830 3460 1253 3530 proﬁcientibus,
1285 3469 1340 3515 et
1363 3458 1431 3513 ad
1458 3457 1693 3513 divinam
1753 3457 1956 3512 doctri-

356 3568 485 3609 nam
508 3560 653 3608 certa
682 3551 997 3607 humilitatis
1043 3560 1208 3621 atque
1246 3549 1525 3605 charitatis
1550 3548 1805 3603 ﬁrmitate
1832 3563 1955 3602 sur-

356 3644 628 3716 gentibus.
660 3643 773 3701 Sub
797 3643 928 3713 ipsis
974 3658 1104 3713 ergo
1161 3641 1345 3710 paucis
1381 3640 1561 3696 verbis
1605 3641 1659 3695 in
1695 3638 1957 3711 Symbolo

358 3739 687 3805 constitutis,
718 3739 959 3809 plerique
987 3737 1225 3791 hatretici
1279 3750 1484 3791 venena
1539 3749 1633 3789 sua
1684 3733 1958 3788 occultare

357 3831 539 3885 conati
582 3838 749 3885 sunt:
793 3829 987 3899 quibus
1017 3827 1215 3884 restitit
1241 3835 1299 3883 et
1340 3827 1543 3881 resistit
1568 3825 1745 3880 divina
1792 3825 1956 3879 mise-

357 3924 591 3979 ricordia
621 3938 717 3993 per
758 3922 1067 3993 spirituales
1093 3921 1257 3987 viros,
1286 3920 1376 3990 qui
1402 3919 1722 3973 catholicam
1764 3918 1949 3979 ﬁdem,

360 4030 471 4070 non
510 4024 713 4070 tantum
744 4015 797 4068 in
834 4014 938 4070 illis
967 4013 1151 4069 verbis
1202 4013 1448 4080 accipere
1477 4021 1533 4067 et
1561 4011 1806 4076 credere,
1856 4009 1953 4065 sed

361 4110 525 4165 etiam
552 4107 780 4163 Domino
817 4106 1089 4162 revelante
1126 4104 1424 4175 intelligere
1450 4112 1611 4173 atque
1637 4117 1961 4173 cognoscere

362 4208 698 4257 meruerunt.
722 4199 992 4270 Scriptum
1020 4208 1103 4255 est
1126 4199 1293 4265 enim,
1338 4196 1456 4252 Nisi
1480 4197 1815 4258 credideritis.
1859 4211 1960 4248 non

362 4292 652 4362 intelligetis
680 4289 700 4363 (
723 4289 852 4345 Isai.
876 4305 971 4355 vn,
1000 4291 1055 4354 9,
1087 4306 1189 4344 sec.
1208 4287 1349 4344 LXX
1376 4288 1415 4357 ).
1441 4287 1546 4343 Sed
1572 4288 1815 4342 tractatio
1838 4284 1959 4339 ﬁdei

362 4384 434 4439 ad
485 4384 832 4439 muniendum
874 4382 1189 4454 Symbolum
1241 4382 1428 4436 valet:
1462 4395 1568 4434 non
1596 4389 1653 4435 ut
1700 4379 1815 4447 ipsa
1864 4391 1961 4448 pro

362 4478 620 4550 Symbolo
642 4477 866 4548 gratiam
896 4475 990 4531 Dei
1014 4474 1471 4545 consequentibus
1493 4473 1772 4528 memoria:
1805 4487 1960 4527 man-

365 4572 543 4628 danda
560 4580 615 4627 et
638 4570 910 4626 reddenda
942 4569 1222 4635 tradatur;
1251 4567 1351 4624 sed
1376 4577 1434 4622 ut
1453 4568 1543 4622 illa
1573 4583 1693 4637 qua:
1714 4566 1767 4621 in
1793 4567 1954 4638 Sym-

366 4665 494 4720 bolo
515 4664 832 4728 retinentur,
867 4670 1051 4718 contra
1074 4661 1450 4717 haereticorum
1477 4660 1697 4715 insidias
1722 4660 1961 4716 auctori-

370 4767 477 4813 tate
495 4756 758 4814 catlnolica
784 4764 840 4811 et
856 4754 1142 4810 munitiore
1169 4754 1482 4809 defensione
1507 4752 1793 4806 custodiat.

438 4875 668 4933 CAPUT
709 4875 773 4931 ll.
798 4876 939 4929 —2.
975 4873 1127 4941 Quod
1170 4875 1314 4929 nulla
1341 4875 1491 4945 fuerit
1508 4882 1691 4927 natura
1717 4882 1965 4926 cowterna

368 4969 499 5035 Deo,
522 4986 587 5024 ea:
603 4986 706 5040 qua
742 4967 989 5021 mundum
1020 4968 1208 5039 fecerit.
1242 4965 1506 5035 Quomodo
1556 4960 1777 5019 mundus
1804 4982 1867 5021 ex
1888 4968 1964 5019 ni-

369 5062 497 5129 hilo,
519 5063 565 5117 si
593 5077 659 5116 ea:
707 5062 919 5115 materia
954 5060 1161 5130 informi
1194 5064 1373 5130 factus.
1429 5056 1615 5112 Conati
1660 5068 1783 5112 sunt
1820 5058 1965 5113 enim

370 5155 587 5225 quidam
619 5151 950 5224 persuadere
980 5153 1145 5207 Deum
1170 5151 1383 5206 Patrem
1415 5164 1523 5205 non
1568 5165 1691 5205 esse
1719 5151 1965 5220 omnipo-

2072 1526 2271 1573 tentem
2298 1537 2313 1574 :
2340 1534 2446 1575 non
2482 1522 2607 1594 quia
2658 1523 2760 1578 hoc
2788 1523 2967 1580 dicere
3002 1525 3119 1581 ausi
3162 1536 3305 1593 sunt,
3335 1528 3431 1585 sed
3458 1529 3511 1584 in
3550 1528 3662 1584 suis

2070 1610 2442 1667 traditionibus
2489 1612 2591 1669 hoc
2636 1615 2838 1671 sentire
2884 1625 2938 1673 et
2986 1618 3209 1675 credere
3245 1622 3654 1676 convincuntur.

2066 1700 2203 1756 Cum
2231 1703 2373 1756 enim
2400 1703 2587 1759 dicunt
2606 1719 2726 1760 esse
2753 1714 3001 1762 naturam
3028 1722 3189 1779 quam
3218 1709 3357 1766 Deus
3402 1712 3654 1781 omnipo-

2067 1800 2185 1847 tens
2214 1808 2320 1848 non
2340 1796 2630 1861 creaverit,
2653 1796 2719 1851 de
2745 1812 2847 1866 qua
2879 1806 3055 1853 tamen
3080 1799 3239 1855 istum
3277 1800 3534 1856 mundum
3578 1800 3661 1857 fa-

2065 1883 2368 1951 bricaverit,
2386 1902 2543 1957 quem
2565 1888 2788 1957 pulchre
2806 1889 3108 1946 ordinatum
3126 1894 3144 1925 ι
3166 1906 3286 1949 esse
3309 1895 3648 1959 concedunt;

2064 1976 2138 2031 ita
2168 1977 2586 2047 omnipotentem
2615 1979 2782 2035 Deum
2812 1990 3027 2052 negant,
3051 1991 3112 2039 ut
3139 1998 3253 2040 non.
3286 1999 3409 2039 eum
3432 1984 3658 2042 credant

2065 2068 2322 2124 mundum
2388 2071 2627 2140 potuisse
2655 2071 2853 2141 facere,
2885 2074 2986 2132 nisi
3018 2074 3085 2129 ad
3114 2090 3239 2132 eum
3287 2075 3658 2134 fabricandum

2063 2161 2166 2216 alia
2196 2170 2402 2229 natura,
2428 2178 2548 2233 quae
2570 2163 2681 2234 jam
2710 2163 2903 2232 fuerat,
2930 2174 2986 2222 et
3015 2181 3177 2237 quam
3224 2167 3340 2238 ipse
3366 2182 3472 2224 non
3512 2167 3659 2225 fece-

2062 2260 2164 2317 rat,
2203 2259 2481 2308 uteretur:
2514 2255 2716 2310 carnali
2746 2255 2951 2312 scilicet
2998 2259 3385 2315 consuetudine
3428 2260 3650 2317 videndi

2061 2340 2241 2399 fabros
2265 2351 2321 2398 et
2346 2343 2627 2400 domorum
2677 2352 2969 2403 structores
2997 2358 3052 2404 et
3088 2348 3358 2419 quoslibet
3402 2351 3649 2421 opiﬁces,

2060 2434 2155 2506 qui
2184 2435 2287 2491 nisi
2314 2435 2633 2507 adjuventur
2661 2438 3123 2508 parataimateria,
3153 2440 3221 2496 ad
3250 2440 3500 2498 effectum
3536 2458 3650 2499 sua:

2060 2527 2192 2582 artis
2221 2527 2505 2598 pervenire
2526 2542 2633 2584 non
2678 2537 2923 2599 possunt.
2955 2530 3029 2585 lta
3055 2531 3216 2586 etiam
3246 2531 3548 2603 intelligunt
3570 2532 3655 2588 fa-

2060 2617 2377 2673 bricatorem
2407 2619 2591 2674 mundi
2610 2634 2716 2674 non
2744 2634 2867 2677 esse
2890 2620 3338 2692 omnipotentem,
3370 2624 3417 2679 si
3440 2624 3463 2657 ¹
3493 2639 3652 2680 ιηιιιι-

2060 2708 2187 2764 dum
2231 2708 2493 2766 fabricare
2534 2725 2641 2765 non
2677 2719 2882 2781 posset,
2925 2711 3027 2767 nisi
3072 2726 3197 2767 eum
3241 2714 3417 2785 aliqua
3450 2729 3559 2772 non
3586 2717 3658 2773 ab

2060 2800 2152 2855 illo
2182 2799 2436 2856 fabricata
2483 2808 2695 2867 natura,
2728 2809 2980 2874 tanquam
3025 2803 3300 2873 materies,
3350 2804 3646 2876 adiuvaret.

2060 2895 2167 2947 Aut
2184 2892 2231 2948 si
2255 2893 2674 2963 omnipotentem
2707 2895 2875 2951 Deum
2895 2894 3269 2954 fabricatorem
3296 2899 3481 2954 mundi
3524 2914 3650 2957 esse

2059 2981 2378 3050 concedunt,
2401 2982 2667 3040 fateantur
2688 2999 2911 3041 necesse
2931 2993 3019 3043 est
3047 3001 3117 3042 ex
3150 2988 3318 3042 nihilo
3355 3004 3477 3045 eum
3499 2990 3657 3045 fecis-

2060 3089 2120 3130 se
2156 3091 2273 3145 quae
2310 3073 2455 3131 fecit.
2514 3076 2629 3131 Non
2656 3077 2801 3132 enim
2835 3076 3039 3149 aliquid
3090 3092 3211 3134 esse
3252 3087 3447 3149 potest,
3501 3081 3656 3151 cujus

2058 3173 2269 3221 creator
2295 3182 2403 3222 non
2452 3176 2615 3231 esset,
2662 3183 2786 3223 cum
2832 3177 2973 3224 esset
3010 3169 3369 3240 omnipotens.
3401 3171 3534 3239 Quia
3553 3174 3655 3229 etsi

2058 3258 2257 3329 aliquid
2304 3257 2428 3313 fecit
2451 3274 2516 3314 ex
2554 3260 2752 3330 aliquo,
2782 3261 2917 3315 sicut
2944 3260 3218 3317 hominem
3243 3261 3313 3318 de
3342 3264 3494 3330 limo,
3528 3280 3637 3319 non

2061 3350 2242 3419 utique
2264 3350 2387 3405 fecit
2414 3366 2478 3405 ex
2505 3366 2570 3406 eo
2616 3350 2757 3421 quod
2780 3351 2895 3422 ipse
2916 3368 3021 3407 non
3051 3353 3286 3420 fecerat;
3317 3355 3441 3425 quia
3456 3364 3659 3415 terram

2060 3442 2202 3498 unde
2229 3444 2389 3497 limus
2412 3451 2513 3507 est,
2546 3459 2612 3498 ex
2640 3444 2808 3499 nihilo
2830 3444 3051 3500 fecerat.
3078 3446 3145 3500 Et
3170 3448 3214 3501 si
3243 3448 3419 3518 ipsum
3443 3448 3642 3505 caelum

2060 3542 2114 3587 et
2149 3543 2368 3601 terram,
2400 3534 2450 3588 id
2480 3544 2582 3599 est,
2609 3535 2863 3590 mundum
2889 3546 2943 3592 et
2966 3538 3147 3592 omnia
3177 3553 3298 3609 quae
3318 3539 3374 3594 iu
3415 3554 3482 3594 eo
3507 3550 3652 3609 sunt,

2061 3639 2124 3679 ex
2149 3625 2324 3695 aliqua
2346 3626 2566 3681 materia
2594 3626 2814 3691 fecerat,
2842 3628 2981 3683 sicut
3025 3630 3286 3699 scriptum
3315 3639 3420 3697 est,
3447 3631 3544 3698 Qui
3575 3636 3653 3704 fe-

2061 3715 2171 3769 cisti
2205 3716 2451 3769 mundum
2497 3733 2560 3770 ea:
2606 3718 2816 3771 materia
2859 3718 3022 3773 invisa
3052 3716 3074 3792 (
3096 3718 3228 3789 Sap.
3280 3736 3352 3785 ιι,
3390 3720 3525 3792 l8),
3570 3722 3654 3778 vel

2060 3807 2222 3860 etiam
2270 3807 2502 3875 informi,
2553 3806 2692 3862 sicut
2740 3809 2991 3863 nonnulla
3038 3810 3371 3880 exemplaria
3421 3822 3653 3877 tenent;

2062 3896 2210 3949 nullo
2235 3896 2395 3951 modo
2420 3897 2746 3953 credendum
2773 3910 2856 3953 est
2902 3899 3046 3953 illam
3079 3900 3247 3970 ipsam
3279 3903 3558 3957 materiam
3585 3905 3659 3960 de

2063 4002 2168 4056 qua
2203 3987 2372 4041 factus
2403 3996 2487 4041 est
2519 3987 2771 4055 mundus,
2811 3990 3053 4059 quamvis
3072 3989 3375 4058 informem,
3412 3996 3657 4063 quamvis

2064 4081 2309 4145 invisam,
2339 4094 2678 4150 quocumque
2707 4081 2869 4136 modo
2910 4090 3073 4147 esset,
3103 4098 3207 4153 per
3251 4098 3311 4139 se
3335 4084 3505 4154 ipsam
3533 4100 3657 4143 esse

2066 4170 2323 4240 potuisse,
2362 4181 2614 4240 tauquam
2662 4179 2997 4226 comteruam
3024 4180 3080 4228 et
3103 4188 3340 4229 coaevam
3368 4176 3480 4231 Deo
3510 4193 3526 4231 :
3557 4178 3653 4232 sed

2064 4263 2355 4334 quemlibet
2380 4262 2595 4317 modum
2640 4280 2818 4331 suum,
2865 4281 3025 4335 quem
3056 4266 3307 4335 habebat,
3340 4277 3399 4323 ut
3418 4278 3663 4341 quoquo-‘

2066 4355 2226 4409 modo
2250 4363 2430 4419 esset,
2480 4363 2535 4409 et
2583 4354 2952 4412 distinctarum
3004 4373 3185 4413 rerum
3236 4358 3435 4415 formas
3475 4373 3659 4432 posset

2065 4445 2329 4514 accipere,
2360 4459 2464 4499 non
2490 4444 2720 4501 habebat
2767 4446 2869 4502 nisi
2911 4448 2979 4503 ab
3003 4449 3371 4519 omnipotente
3397 4451 3528 4519 Deo,
3559 4466 3655 4507 cu-

2061 4535 2149 4605 jus
2175 4536 2434 4590 beneﬁcio
2458 4546 2539 4590 est
2575 4551 2660 4591 res
2694 4553 2799 4591 non
2826 4537 3000 4595 solum
3034 4556 3382 4613 quaecumque
3410 4543 3656 4611 formata,

2065 4625 2161 4681 sed
2212 4627 2371 4679 etiam
2420 4641 2770 4697 qua-cumque
2831 4628 3146 4686 formabilis.
3185 4631 3328 4688 Inter
3369 4631 3657 4691 formatum

2067 4727 2243 4772 autem
2265 4716 2612 4774 etformabile
2638 4718 2742 4775 hoc
2775 4720 3015 4787 interest,
3044 4723 3186 4792 quod
3229 4722 3515 4780 formatum
3543 4725 3659 4797 jam

2069 4813 2274 4882 accepit
2304 4812 2561 4879 formam,
2612 4813 2893 4870 formabile
2937 4828 3119 4873 autem
3163 4828 3340 4889 potest
3389 4821 3656 4891 accipere.

2070 4902 2173 4958 Sed
2199 4904 2288 4974 qui
2331 4915 2546 4974 przestat
2599 4907 2760 4962 rebus
2789 4909 3037 4978 formam,
3068 4912 3184 4980 ipse
3233 4922 3451 4982 praestat
3492 4915 3659 4972 etiam

2070 5009 2227 5064 posse
2254 4995 2471 5050 formari
2495 5014 2508 5050 :
2553 4998 2802 5068 quoniam
2826 4999 2894 5054 de
2921 5001 3016 5056 illo
3055 5002 3181 5056 etin
3205 5002 3296 5058 illo
3314 5012 3399 5059 est
3417 5006 3662 5063 omnium

2070 5089 2460 5158 speciosissima
2506 5091 2715 5159 species
2764 5091 3246 5160 incommutabilis;
3282 5102 3339 5150 et
3383 5094 3507 5153 ideo
3545 5098 3663 5169 ipse

2071 5194 2208 5232 unus
2228 5188 2311 5233 est
2340 5179 2431 5249 qui
2469 5180 2685 5235 cuilibet
2733 5181 2833 5246 rei,
2875 5195 2982 5235 non
3023 5182 3196 5237 solum
3226 5197 3284 5240 ut
3316 5186 3536 5257 pulchra
3568 5190 3664 5259 sit,

1547 5257 1829 5299 ADMONITIO
1869 5259 1950 5297 PP.
1991 5260 2441 5303 BENEDICTINORUH
2451 5288 2465 5301 .

432 5315 730 5390 υιιιειιτιμο
775 5313 985 5390 ωερε
1004 5313 1854 5390 θειωδοιρ.οξξιὶεφνίφιξε,ξξιὲξβὶίέίρ
1885 5321 2110 5390 Veteliam
2157 5320 2510 5390 exemplarium
2544 5317 2960 5390 esbibliothscis
2982 5323 3133 5390 variis
3161 5324 3442 5390 cauimus;
3464 5328 3662 5383 scilicet

372 5392 436 5429 ex
461 5365 756 5445 (:olbertiua,
783 5389 847 5426 ex
871 5365 1166 5445 bibliotheca
1185 5365 1466 5445 abbatisiS.
1484 5375 1689 5445 victpris
1701 5376 2000 5445 Parisiensis,
2021 5365 2140 5445 item
2167 5365 3665 5445 ‘coiiéigiifsavhiirizi,Eiimgdisf'éé‘ii

369 5442 499 5490 ιιιιηί
516 5453 550 5509 _a
574 5434 751 5509 Pratis,
832 5438 1323 5509 Διξιξιιιὶεςὶὶ.Ιιεοιιιίᾷρείε,
1346 5446 1401 5509 s_._
1417 5434 1655 5508 Michaelis
1668 5437 1726 5509 ‘in
1750 5438 1967 5509 periculo
1980 5434 2156 5509 maris,
2180 5448 2225 5488 S.
2252 5434 2477 5509 Ariiulphi
2502 5434 3107 5509 Metensis,_l.auduueusis
3124 5434 3666 5509 raciégﬁféi'dﬁoﬁ'm

371 5485 1648 5576 ῑῖῐὶξῖξίιίὲἰέῖῦιίοῴὲωῗς]ριξεὶῐξξι,υξῖεξιίεξεξῖ.γὲιῑίξ
1668 5485 1963 5576 eisesse
1980 5485 3367 5576 easinessmwimm
3393 5485 3665 5569 ῖῑνξξιῖξξιῖξ

368 5577 455 5614 ⁸⁸⁸
477 5564 737 5623 "memmi
758 5573 947 5610 nemo“
971 5558 1265 5612 θάῖῐίοηίὺυε
1285 5567 1401 5611 ante
1426 5558 1652 5622 vulgatis,
1676 5560 1972 5623 Frqbeniana
1993 5558 2190 5621 nigrm,
2216 5571 2269 5613 ει
2289 5563 2580 5613 ﬂaminiam
2602 5558 2985 5618 ωηηίδηείηω.
3003 5558 3018 5571 ι
3100 5558 3103 5559 ν
3216 5558 3232 5561 -
3248 5558 3261 5561 ~
3276 5558 3367 5576 ~u-
3400 5558 3453 5563 -ν
3470 5558 3653 5569 ----ν--.

449 5621 970 5707 (temperavimus
991 5633 1293 5702 prseterea
1323 5641 1421 5687 eas
1450 5621 1653 5684 omnes
1685 5621 1985 5685 editiones
2012 5626 2200 5689 initio
2233 5627 2400 5686 Retr.
2425 5631 2488 5687 et
2513 5629 2800 5691 Confess.
2840 5638 2885 5689 t.
2921 5632 2979 5703 1,
3012 5643 3402 5697 memoratas.
3492 5638 3567 5701 Μ

430 5727 505 5789 (α)
537 5725 760 5790 Scriptus
782 5733 910 5773 anno
926 5720 1039 5773 393.

2148 5726 2165 5795 ξ
2201 5724 2317 5774 Editi
2340 5724 2543 5795 habent,
2561 5734 2796 5779 ornatum.
2828 5737 2878 5781 ιι
2898 5736 3027 5794 Mss,
3050 5731 3343 5789 ordinatum.

2147 5788 2169 5818 ⁸
2202 5794 2301 5837 Mss.
2322 5787 2435 5849 duo,
2452 5787 2550 5851 qui.
