4072 6554
403 442 509 503 183

398 556 493 609 sed
523 555 683 609 etiam
710 562 767 608 ut
808 553 1028 623 pulchra
1071 567 1191 608 esse
1241 551 1409 621 possit
1450 547 1710 603 attribuit.
1740 546 1980 613 Quapro-

398 656 517 712 pter
545 644 839 699 rectissime
883 642 1153 698 credimus
1175 642 1354 696 omnia
1386 640 1551 693 Deum
1588 637 1777 692 fecisse
1797 635 1863 689 de
1897 635 1982 689 ni-

397 735 507 789 hilo
539 754 554 791 :
582 736 703 805 quia
718 738 876 790 etiam
898 736 944 790 si
971 735 1040 791 de
1063 736 1237 806 aliqua
1264 733 1483 789 materia
1511 731 1684 786 factus
1704 738 1791 785 est
1819 744 1981 783 mun-

396 824 515 890 dus,
541 825 727 881 eadem
774 826 887 896 ipsa
927 825 1150 881 materia
1178 824 1246 880 de
1290 823 1458 878 nihilo
1495 822 1635 878 facta
1662 828 1778 885 est,
1807 829 1869 874 ut
1893 834 1981 873 or—

395 914 727 969 dinatissime
758 917 851 971 Dei
896 931 1121 971 munere
1146 914 1319 985 prima
1350 915 1368 946 ¹
1391 912 1656 983 capacitas
1685 911 1978 966 formarum

393 1005 566 1070 fieret,
614 1020 678 1060 ac
716 1006 911 1061 deinde
952 1006 1309 1061 formarentur
1358 1018 1706 1074 quzecumque
1754 1000 1980 1055 formata

393 1105 538 1151 sunt.
572 1096 685 1152 Hoc
731 1106 910 1152 autem
932 1097 1185 1162 diximus,
1215 1111 1283 1149 ne
1311 1085 1434 1165 quis
1460 1094 1730 1148 existimet
1769 1101 1983 1147 contra-

392 1188 500 1241 rias
537 1186 642 1241 sibi
707 1202 829 1242 esse
871 1185 1172 1241 divinarum
1227 1185 1621 1254 Scripturarum
1665 1181 1976 1245 sententias,

392 1280 646 1348 quoniam
695 1286 751 1334 et
806 1280 982 1333 omnia
1040 1280 1202 1333 Deum
1268 1277 1462 1333 fecisse
1513 1275 1581 1331 de
1626 1274 1795 1329 nihilo
1842 1274 1978 1327 scri-

396 1381 544 1439 ptum
592 1379 710 1439 est,
763 1378 819 1425 et
877 1370 1137 1425 mundum
1197 1383 1321 1425 esse
1375 1368 1572 1422 factum
1632 1365 1702 1421 de
1766 1364 1980 1419 informi

392 1460 637 1514 materia.

463 1553 521 1606 5.
546 1550 841 1607 Credentes
868 1552 1047 1623 itaque
1087 1553 1141 1607 in
1191 1552 1358 1607 Deum
1388 1550 1601 1606 Patrem
1638 1550 1979 1619 omnipoten-

394 1650 525 1707 tem,
582 1643 780 1697 nullam
831 1654 1131 1698 creaturam
1178 1657 1302 1698 esse
1336 1657 1457 1713 qua:
1507 1642 1576 1695 ab
1617 1643 1981 1710 omnipotente

392 1751 498 1790 non
526 1745 705 1791 creata
750 1737 839 1801 sit,
902 1738 1209 1792 existimare
1233 1736 1510 1791 debemus.
1543 1734 1610 1789 Et
1636 1734 1759 1805 quia
1800 1733 1981 1787 omnia

395 1842 492 1895 per
521 1826 755 1882 Verbum
798 1829 1019 1895 creavit,
1050 1828 1192 1898 quod
1221 1827 1456 1892 Verbum
1481 1837 1537 1881 et
1560 1826 1766 1881 Veritas
1790 1826 1983 1879 dicitur

398 1916 597 1989 (Joan.
624 1934 731 1978 xw.
768 1918 872 1992 6),
900 1930 956 1975 et
1009 1919 1193 1976 Virtus
1235 1930 1289 1974 et
1322 1918 1594 1989 Sapientia
1640 1919 1732 1973 Dei
1758 1917 1815 1988 (l
1854 1917 1975 1972 Cor.

395 2022 435 2071 ι,
463 2008 535 2061 24
559 2007 599 2077 ),
627 2009 914 2079 multisque
930 2010 1049 2063 aliis
1072 2011 1373 2064 insinuatur
1411 2008 1682 2062 vocabulis
1710 2009 1803 2077 qui
1833 2010 1855 2040 ³
1885 2024 1985 2061 no-

396 2108 524 2153 stra:
562 2098 682 2154 ﬁdei
724 2099 879 2155 Jesus
906 2101 1153 2155 Christus
1186 2101 1437 2155 Dominus
1464 2099 1887 2165 commendatur,
1920 2098 1984 2152 li-

398 2190 615 2245 berator
656 2191 862 2248 scilicet
894 2202 1078 2248 noster
1126 2202 1181 2248 et
1232 2192 1444 2246 rector'
1476 2191 1643 2245 Filius
1689 2192 1821 2256 Dei;
1872 2206 1977 2244 non

394 2282 539 2336 enim
577 2283 810 2339 Verbum
858 2285 989 2339 illud
1033 2300 1131 2355 per
1168 2285 1309 2355 quod
1352 2294 1477 2339 sunt
1517 2285 1695 2339 omnia
1748 2283 1980 2347 condita,

396 2388 655 2442 generare
706 2376 877 2446 potuit
929 2377 1031 2432 nisi
1082 2378 1169 2433 ille
1222 2377 1310 2447 qui
1366 2392 1462 2447 per
1518 2377 1692 2447 ipsum
1746 2375 1984 2431 condidit

397 2466 599 2519 omnia.

468 2556 697 2614 CAPUT
725 2557 812 2613 Ill.
841 2589 912 2601 -
942 2558 1159 2615 Verbum
1178 2578 1334 2629 quare
1373 2562 1561 2615 dictum
1587 2562 1650 2616 de
1697 2561 1832 2616 Filio
1863 2562 1979 2616 Dei.

398 2648 551 2715 Quod
584 2647 799 2705 Verbum
826 2653 892 2706 sit
915 2653 1136 2724 idipsum
1160 2654 1297 2725 quod
1322 2654 1494 2710 Pater.
1518 2655 1801 2710 Credimus
1818 2656 1980 2711 etiam

401 2740 666 2796 inlesum
714 2742 981 2799 Christum
1033 2746 1225 2801 Filium
1257 2747 1373 2810 Dei,
1405 2748 1575 2802 Patris
1625 2749 1979 2818 unigenitum,

398 2829 451 2882 id
480 2837 565 2885 est
586 2832 822 2898 unicum,
854 2835 1137 2890 Dominum
1164 2847 1428 2891 nostrum.
1459 2837 1611 2904 Quod
1645 2848 1822 2894 tamen
1854 2840 1985 2893 Ver-

398 2920 526 2975 bum
554 2936 660 2976 non
695 2922 833 2978 sicut
856 2926 1018 2979 verba
1048 2936 1232 2981 nostra
1275 2927 1531 2983 debemus
1560 2930 1827 2999 accipere,
1860 2947 1981 3002 qua:

398 3026 534 3066 voce
568 3021 727 3082 atque
755 3027 852 3068 ore
901 3015 1111 3083 prolata
1166 3016 1450 3073 verberato
1499 3033 1625 3073 aere
1680 3031 1981 3089 transeunt,

397 3117 499 3156 nec
514 3104 712 3157 diutius
732 3116 949 3159 manent
989 3122 1147 3175 quam
1198 3118 1409 3163 sonant.
1468 3109 1647 3165 Manet
1679 3114 1820 3166 enim
1852 3113 1984 3167 illud

401 3190 630 3246 Verbum
661 3193 1165 3253 incommutabiliter
1201 3215 1214 3252 :
1244 3214 1365 3253 nam
1393 3199 1461 3254 de
1496 3201 1611 3269 ipso
1651 3202 1847 3257 dictum
1878 3212 1981 3270 est,

396 3295 522 3335 cum
566 3282 633 3337 de
655 3284 923 3354 Sapientia
949 3286 1235 3351 diceretur.
1266 3288 1335 3344 In
1377 3307 1432 3345 se
1454 3292 1566 3360 ipsa
1594 3310 1801 3349 manens
1830 3296 1984 3349 inno-

396 3380 480 3423 vat
500 3373 669 3426 omnia
698 3372 718 3447 (
744 3372 875 3444 Sap.
905 3392 996 3440 vu,
1046 3376 1115 3431 27
1140 3379 1181 3448 ).
1209 3379 1437 3434 Verbum
1464 3391 1640 3436 autem
1670 3383 1839 3438 Patris
1865 3386 1984 3441 ideo

397 3461 598 3516 dictum
626 3473 729 3530 est,
772 3467 893 3535 quia
938 3482 1030 3536 per
1063 3469 1233 3537 ipsum
1282 3472 1565 3529 innotescit
1608 3475 1785 3530 Pater.
1835 3477 1984 3534 Sicut

396 3566 527 3622 ergo
552 3554 733 3608 verbis
757 3559 955 3612 nostris
982 3558 1034 3613 id
1054 3562 1280 3630 agimus,
1308 3578 1428 3617 cum
1458 3579 1641 3618 verum
1692 3566 1980 3636 loquimur,

398 3650 457 3695 ut
483 3652 665 3699 noster
687 3646 897 3702 animus
924 3652 1223 3706 innotescat
1259 3654 1518 3721 audienti,
1542 3666 1594 3711 et
1624 3658 1878 3729 quidquid
1907 3676 1985 3717 se-

397 3742 601 3789 cretum
632 3737 683 3790 in
706 3739 871 3794 corde
917 3742 1171 3810 gerimus,
1226 3761 1322 3814 per
1368 3747 1516 3816 signa
1566 3748 1871 3819 huiusmodi
1915 3755 1981 3809 ad

395 3826 752 3896 cognitionem
793 3831 1012 3888 alterius
1075 3836 1407 3904 proferatur:
1435 3839 1512 3893 sic
1558 3840 1644 3894 illa
1682 3841 1976 3913 Sapientia,

394 3933 552 3986 quam
586 3919 725 3975 Deus
751 3922 1119 3994 Patergenuit,
1148 3931 1399 3997 quoniam
1440 3945 1533 3998 per
1576 3930 1743 4001 ipsam
1776 3934 1983 3992 innote-

392 4008 496 4062 scit
544 4008 716 4080 dignis
766 4014 959 4068 animis
1002 4020 1390 4074 secretissimos
1442 4020 1600 4076 Pater
1630 4022 1673 4089 δ,
1731 4023 1961 4081 Verbum

394 4098 512 4165 ejus
525 4101 1030 4161 convenientissime
1059 4108 1383 4163 nominatur.

464 4189 519 4243 4.
552 4189 694 4244 Inter
739 4194 975 4248 animum
1026 4206 1203 4250 autem
1247 4209 1483 4254 nostrum
1507 4210 1562 4256 et
1587 4206 1743 4259 verba
1777 4217 1978 4274 nostra,

391 4278 587 4347 quibus
615 4282 860 4337 eumdem
892 4285 1129 4340 animum
1174 4290 1459 4345 ostendere
1507 4307 1782 4362 conamur,
1819 4300 1981 4366 pluri-

392 4386 539 4425 mum
561 4372 740 4428 distat.
765 4375 873 4429 Nos
911 4377 1107 4447 quippe
1133 4394 1237 4433 non
1276 4382 1540 4451 gignimus
1581 4388 1821 4441 sonantia
1862 4406 1980 4444 ver-

391 4462 485 4526 ba,
525 4462 622 4517 sed
659 4465 918 4533 facimus;
947 4469 1140 4539 quibus
1190 4472 1445 4528 faciendis
1476 4478 1700 4531 materia
1739 4480 1981 4549 subjacct

390 4569 608 4626 corpus.
644 4559 936 4617 Plurimum
974 4574 1150 4619 autem
1201 4566 1423 4622 interest
1458 4568 1595 4625 inter
1637 4573 1875 4627 animum
1923 4585 1980 4629 et

389 4662 607 4716 corpus.
640 4649 782 4706 Deus
810 4668 937 4709 vero
964 4670 1082 4710 cum
1124 4656 1358 4713 Verbum
1388 4662 1590 4729 genuit,
1639 4662 1691 4716 id
1731 4665 1873 4733 quod
1896 4675 1979 4721 est

388 4737 504 4807 ipse
527 4742 741 4810 genuit;
771 4760 943 4816 neque
968 4747 1035 4803 de
1056 4749 1240 4814 nihilo,
1260 4766 1432 4822 neque
1459 4753 1526 4807 de
1564 4754 1737 4823 aliqua
1767 4756 1876 4825 jam
1902 4758 1979 4813 fa-

386 4843 470 4888 cta
506 4836 828 4908 conditaque
877 4842 1137 4909 materia;
1168 4844 1261 4899 sed
1292 4844 1360 4898 de
1400 4847 1578 4914 seipso
1629 4848 1681 4901 id
1710 4848 1853 4917 quod
1896 4860 1979 4905 est

385 4926 519 4994 ipse.
544 4928 812 4987 Hocenim
840 4943 894 4989 et
919 4949 1018 4988 nos
1038 4950 1313 5001 conamur,
1341 4952 1461 4989 cum
1508 4937 1794 5007 loquimur,
1823 4941 1865 4994 si
1898 4942 1978 4996 di-

384 5014 611 5086 ligenter
632 5022 1033 5079 consideremus
1074 5034 1273 5078 nostrae
1297 5026 1588 5080 voluntatis
1638 5032 1970 5098 appetitum;

384 5125 491 5166 non
519 5129 642 5168 cum
671 5118 979 5185 mentimur,
1016 5118 1109 5172 sed
1140 5133 1263 5173 cum
1290 5134 1475 5173 verum
1518 5120 1806 5190 loquimur.
1833 5126 1968 5191 Quid

382 5205 525 5260 enim
552 5206 697 5261 aliud
719 5210 987 5277 molimur,
1009 5209 1113 5265 nisi
1152 5211 1387 5266 animum
1418 5212 1590 5282 ipsmn
1632 5225 1895 5283 nostrum,
1926 5217 1971 5272 si

446 5384 461 5449 ξ
497 5389 607 5433 Itss.
632 5391 859 5449 quatuor,
883 5387 1055 5449 prium.

444 5447 464 5510 ξ
500 5452 604 5494 Mss.
630 5448 865 5510 quinque,

445 5505 468 5537 ³
497 5510 581 5555 Ms.
606 5505 930 5565 celbet‘tiuus',
956 5517 1164 5559 creator.

442 5566 481 5640 δν
497 5573 811 5640 βωοηειμογ.
836 5566 1085 5640 Wesed
1114 5570 1653 5627 αηὶιηωερενειίδεὶτηω
1670 5578 1845 5640 Patris.
1870 5587 1967 5640 En,

842 5629 1191 5701 δθξῖϐρὶδδὶηιιις
1212 5640 1390 5701 Δμαίων,
1710 5624 1769 5649 "."
1788 5624 1845 5630 -ν-
1872 5624 1970 5694 -ῧ

378 5687 540 5759 dignis
561 5687 736 5767 (mimis
756 5689 1107 5767 egentissimus
1132 5699 1444 5767 Patefaﬂlanc
1460 5687 1966 5767 lectionemessevve:

376 5750 577 5824 9"???va
600 5751 649 5799 id
671 5753 847 5823 Haer
872 5757 1112 5824 persuasit
1133 5755 1262 5818 quod
1284 5757 1517 5824 inferius,
1541 5773 1592 5824 μ.
1618 5763 1666 5816 4.
1698 5750 1897 5824 dicitur,
1914 5750 1968 5818 3e

379 5809 600 5897 {mea
827 5809 1298 5897 ρῑεηρατιξωῖειιιοίι
1312 5822 1365 5897 in.
1386 5809 1967 5897 caesis.

378 5866 511 5929 hum,
534 5866 808 5960 innotescat,
827 5866 1052 5940 habéthr,
1071 5866 1200 5942 ignis.
1218 5866 1365 5930 (utiuti
1378 5866 1527 5944 ,-‘§tii,'

1392 434 1476 490 DE
1517 434 1672 489 FIDE
1712 432 1801 487 ET
1838 429 2169 497 SYMBOLO,
2209 430 2269 486 S.
2310 430 2678 489 AUGUSTIM

3575 436 3683 495 {SI

2091 542 2207 598 fieri
2230 538 2423 613 potest,
2466 546 2895 617 cognoscendum
2938 555 2993 602 et
3029 547 3459 618 perspiciendum
3495 552 3681 608 animo

2088 633 2342 690 auditoris
2371 635 2568 690 inferre
2597 653 2612 692 :
2647 636 2773 691 utin
2807 636 2958 691 nobis
2979 638 3079 707 ipsi
3099 638 3311 707 quidem
3334 655 3667 709 maneamus,

2088 740 2190 780 nec
2216 726 2526 782 recedamus
2559 744 2589 782 a
2620 729 2792 792 nobis,
2825 738 2880 783 et
2908 740 3082 785 tamen
3112 732 3215 786 tale
3262 732 3537 801 indicium,
3566 751 3678 805 quo

2093 817 2184 872 fiat
2203 818 2256 873 in
2304 820 2474 875 altero
2509 830 2688 875 nostra
2729 823 2935 887 notitia,
2992 827 3353 892 proferamus;
3382 836 3459 891 ut,
3490 843 3663 897 quan-

2092 917 2200 963 tum
2219 909 2440 966 facultas
2467 913 2779 967 conceditur
2800 913 2840 977 ¹,
2869 915 3017 982 quasi
3047 915 3182 970 alter
3202 917 3412 971 animus
3441 919 3511 972 ab
3550 921 3673 973 ani-

2090 1014 2179 1052 mo
2206 1016 2299 1068 per
2341 1017 2499 1070 quem
2528 1017 2585 1057 se
2632 1002 2825 1057 indicet
2878 1003 3220 1073 proferatur?
3250 1007 3303 1062 Id
3331 1007 3551 1063 facimus
3580 1026 3680 1065 co-

2090 1099 2280 1145 nantes
2317 1099 2373 1145 et
2412 1092 2591 1146 verbis
2616 1095 2660 1159 ¹,
2689 1103 2745 1147 et
2797 1094 2912 1163 ipso
2954 1111 3091 1149 sono
3119 1098 3283 1163 vocis,
3312 1108 3367 1153 et
3414 1101 3586 1165 vultu,
3617 1110 3675 1155 et

2088 1189 2241 1247 gestu
2279 1183 2542 1252 corporis,
2586 1192 2664 1238 tot
2703 1185 2909 1240 scilicet
2938 1187 3383 1244 machinamentis
3428 1191 3479 1245 id
3528 1194 3671 1261 quod

2090 1271 2232 1327 intus
2278 1284 2361 1329 est
2413 1276 2783 1333 demonstrare
2826 1279 3098 1348 cupientes
3131 1298 3143 1331 :
3176 1282 3297 1349 quia
3346 1283 3447 1338 tale
3474 1284 3674 1354 aliquid

2089 1363 2328 1432 proferre
2354 1381 2459 1420 non
2491 1382 2792 1433 possumus,
2815 1376 2871 1422 et
2898 1370 3019 1424 ideo
3063 1386 3169 1425 non
3191 1382 3368 1440 potest
3398 1373 3673 1443 loquentis

2088 1453 2298 1508 animus
2326 1456 2533 1523 penitus
2578 1458 2942 1525 innotescere;
2977 1460 3116 1515 unde
3164 1462 3325 1516 etiam
3376 1464 3673 1521 mendaciis

2088 1543 2236 1599 locus
2267 1555 2428 1613 patct.
2462 1548 2600 1601 Deus
2619 1556 2795 1603 autem
2836 1549 3013 1613 Pater,
3038 1551 3126 1621 qui
3152 1552 3431 1608 verissime
3452 1570 3511 1609 se
3544 1555 3677 1609 indi-

2091 1650 2215 1689 care
2234 1636 2426 1692 animis
2452 1639 2745 1707 cognituris
2768 1650 2823 1694 et
2843 1641 3011 1695 voluit
3034 1650 3087 1694 et
3118 1643 3306 1711 potuit,
3346 1645 3447 1698 hoc
3494 1644 3560 1698 ad
3611 1660 3674 1700 se

2093 1725 2265 1794 ipsum
2290 1726 2628 1782 indicandum
2654 1731 2855 1799 genuit,
2897 1732 3037 1801 quod
3068 1742 3149 1787 est
3175 1734 3289 1801 ipse
3318 1735 3407 1801 qui
3455 1737 3675 1805 genuit:

2089 1817 2179 1885 qui
2227 1819 2385 1872 etiam
2420 1819 2595 1875 Virtus
2643 1822 2759 1890 ejus
2804 1832 2856 1876 et
2891 1822 3159 1891 Sapientia
3185 1826 3395 1888 dicitur,
3427 1827 3546 1895 quia
3583 1842 3681 1897 per

2091 1907 2263 1975 ipsum
2294 1920 2544 1980 operatus
2590 1922 2675 1966 est
2705 1921 2760 1967 et
2778 1912 3039 1982 diSposuit
3068 1916 3245 1968 omnia
3267 1933 3280 1979 ;
3305 1916 3373 1970 de
3401 1933 3507 1987 quo
3547 1934 3681 1992 pro-

2092 2008 2270 2067 pterea
2299 1999 2511 2065 dicitur,
2540 2002 2752 2073 Attingit
2777 2020 2808 2056 a
2839 2005 2940 2071 ﬁne
2975 2022 3132 2075 usque
3151 2007 3220 2059 ad
3264 2008 3417 2075 ﬁnem
3456 2012 3674 2080 fortiter,

2092 2101 2137 2143 et
2161 2091 2381 2160 disponit
2411 2095 2579 2147 omnia
2598 2096 2817 2149 suaviter
2845 2099 2862 2167 (
2892 2097 3023 2168 Sap.
3048 2115 3157 2164 VIII,
3194 2104 3214 2155 l
3240 2100 3283 2171 ).

2163 2181 2387 2238 CAPUT
2430 2185 2514 2238 IV.
2541 2216 2615 2226 —
2638 2188 2693 2242 5.
2726 2187 2893 2243 Filius
2930 2189 3024 2243 Dei
3057 2208 3157 2245 non
3198 2194 3364 2261 factus
3392 2212 3483 2249 nec
3511 2197 3679 2250 minor

2092 2290 2124 2324 a
2154 2272 2327 2327 Patre.
2358 2276 2539 2331 Creare
2566 2287 2611 2331 et
2638 2280 2854 2334 condere
2885 2282 3035 2334 idem.
3071 2281 3234 2338 Filius
3266 2284 3363 2338 Dei
3388 2304 3476 2339 cur
3512 2292 3679 2358 factas

2093 2365 2259 2417 homo.
2283 2363 2470 2419 Contra
2508 2367 2907 2423 Manichazorum
2935 2372 3185 2426 Itwrcsim.
3228 2374 3384 2429 Totus
3411 2379 3560 2429 homo
3586 2395 3679 2431 su-

2091 2464 2290 2525 sceptus
2328 2473 2361 2509 a
2407 2455 2582 2512 Verbo.
2626 2458 2882 2515 Nativitas
2916 2461 3105 2517 Christi
3144 2481 3207 2519 ea:
3248 2468 3455 2535 femina.
3490 2467 3680 2523 Contra

2094 2546 2426 2604 Maniclueos.
2466 2551 2820 2616 Quamobrem
2838 2556 3137 2625 unigenitus
3166 2558 3331 2612 Filius
3363 2560 3476 2623 Dei,
3509 2577 3683 2631 neque

2094 2634 2263 2692 factus
2291 2649 2373 2692 est
2399 2653 2430 2693 a
2460 2640 2618 2696 Patre
2648 2658 2663 2707 ;
2706 2643 2829 2713 quia
2859 2644 2995 2700 sicut
3022 2646 3151 2701 dicit
3178 2649 3521 2719 evangelista,
3555 2650 3683 2705 0m—

2093 2727 2180 2779 nia
2209 2745 2298 2797 per
2321 2729 2489 2798 ipsum
2516 2736 2650 2802 facta
2669 2745 2786 2788 sunt
2811 2734 2997 2806 (Joan.
3026 2753 3063 2804 t,
3095 2738 3166 2807 5)
3197 2755 3210 2791 :
3240 2755 3413 2808 neque
3446 2757 3512 2797 ex
3543 2752 3682 2797 tem-

2097 2833 2224 2885 pore
2262 2822 2470 2889 genitus
2502 2842 2514 2877 :
2556 2827 2805 2895 quoniam
2848 2834 3171 2898 sempiterno
3200 2831 3221 2862 ³
3252 2832 3393 2887 Deus
3432 2837 3681 2905 sapiens,

2095 2910 2470 2978 sempiternam
2500 2930 2681 2969 secum
2718 2918 2878 2973 habet
2915 2921 3228 2989 sapientiam
3272 2939 3423 2978 suam
3468 2944 3480 2978 :
3511 2943 3685 2996 neque

2096 2998 2267 3069 impar
2302 3014 2385 3057 est
2430 3004 2594 3073 Patri,
2627 3006 2677 3061 id
2722 3021 2823 3075 esu,
2860 3011 2914 3064 in
2960 3011 3137 3080 aliquo
3177 3014 3351 3068 minor
3392 3030 3407 3081 ;
3466 3018 3587 3087 quia
3631 3028 3685 3073 et

2095 3094 2381 3161 Apostolus
2409 3097 2555 3162 dicit,
2593 3100 2695 3166 Qui
2720 3118 2831 3153 cum
2865 3102 2919 3155 in
2944 3103 3111 3170 forma
3151 3103 3247 3158 Dei
3285 3120 3412 3161 esset
3438 3111 3684 3163 constitu-

2096 3191 2197 3249 tus,
2229 3201 2329 3239 non
2350 3188 2584 3255 rapinam
2618 3191 2889 3245 arbitratus
2911 3203 2982 3247 est
3008 3210 3113 3247 esse
3136 3199 3344 3265 aqualis
3376 3198 3483 3253 Deo
3517 3202 3534 3270 (
3555 3199 3683 3255 Phi-

2096 3273 2223 3345 lipp.
2248 3293 2304 3343 ιι,
2332 3278 2419 3347 6).
2442 3279 2551 3333 Hac
2569 3281 2726 3351 igitur
2750 3282 2854 3339 fide
2877 3284 3131 3339 catholica
3153 3296 3206 3341 et
3234 3288 3307 3342 illi
3331 3292 3685 3349 excluduntur

2093 3368 2183 3435 qui
2225 3369 2472 3424 eumdem
2503 3372 2687 3427 dicunt
2714 3373 2904 3428 Filium
2933 3391 3051 3430 esse
3080 3378 3166 3448 qui
3195 3379 3349 3435 Pater
3385 3393 3466 3437 est
3494 3400 3508 3448 ;
3559 3386 3682 3455 quia

2095 3466 2149 3510 et
2189 3456 2290 3512 hoc
2342 3458 2575 3515 Verbum
2623 3464 2761 3531 apud
2814 3465 2977 3519 Deum
3028 3483 3148 3522 esse
3196 3485 3301 3522 non
3358 3484 3537 3540 posset
3583 3475 3684 3529 nisi

2095 3548 2231 3615 apud
2260 3548 2470 3604 Patrem
2497 3552 2684 3618 Deum,
2709 3564 2764 3608 et
2789 3556 2918 3609 nulli
2946 3566 3029 3611 est
3054 3561 3270 3629 aequalis
3298 3561 3389 3631 qui
3410 3563 3555 3617 solus
3579 3575 3681 3621 est.

2096 3636 2463 3696 Excluduntur
2506 3644 2663 3698 etiam
2719 3645 2795 3700 illi
2843 3649 2935 3716 qui
2987 3660 3287 3706 creaturam
3340 3668 3462 3709 esse
3501 3655 3684 3712 dicunt

2094 3728 2309 3797 Filium,
2340 3734 2582 3802 quamvis
2609 3751 2714 3789 non
2746 3738 2929 3802 talem,
2956 3741 3140 3809 quales
3165 3753 3289 3797 sunt
3311 3754 3519 3799 caeteras
3544 3763 3687 3803 crea-

2096 3828 2247 3876 turat.
2304 3822 2795 3899 Quantumcumque
2844 3831 2986 3886 enim
3035 3844 3331 3889 creaturam
3374 3838 3584 3905 dicant,
3637 3842 3683 3895 si

2094 3924 2335 3969 creatura
2367 3926 2478 3982 est,
2510 3919 2722 3973 condita
2752 3931 2804 3977 et
2828 3921 2966 3976 facta
2992 3934 3091 3979 est.
3124 3926 3257 3980 Nam
3293 3927 3431 3982 idem
3452 3941 3533 3985 est
3554 3947 3681 3986 con-

2093 4004 2221 4060 dere
2243 4047 2258 4072 ,
2288 4009 2429 4077 quod
2462 4026 2647 4067 creare
2676 4031 2689 4067 :
2717 4030 3017 4084 quanquam
3052 4018 3102 4071 in
3133 4020 3308 4073 latina:
3336 4021 3529 4092 lingua:
3549 4039 3682 4078 con-

2093 4097 2376 4154 suetudine
2414 4100 2624 4156 dicatur
2651 4105 2936 4174 aliquando
2965 4122 3151 4163 creare
3176 4151 3189 4172 ,
3222 4125 3317 4179 pro
3345 4127 3411 4166 eo
3431 4114 3573 4180 quod
3599 4124 3682 4170 est

2091 4188 2307 4258 gignere
2330 4208 2344 4257 ;
2368 4192 2461 4247 sed
2485 4209 2657 4263 graaca
2682 4196 2952 4253 discernit.
2982 4202 3096 4255 Hoc
3118 4203 3260 4255 enim
3288 4204 3513 4261 dicimus
3531 4222 3685 4261 crea-

2093 4288 2263 4335 turam
2284 4323 2299 4349 ,
2332 4285 2473 4353 quod
2498 4286 2572 4341 illi
2598 4301 2771 4355 κτίσμα
2792 4291 2875 4346 vel
2902 4299 3054 4348 κτίσιν
3077 4304 3270 4351 vocant
3307 4314 3320 4351 :
3347 4308 3544 4354 etcum
3566 4303 3683 4358 sine

2090 4373 2434 4443 ambiguitate
2472 4377 2617 4445 loqui
2646 4381 2920 4447 volumus,
2974 4400 3081 4439 non
3132 4387 3389 4453 dicimus,
3449 4406 3678 4457 creare;

2092 4465 2208 4531 sed,
2237 4469 2485 4523 condere.
2517 4471 2656 4541 Ergo
2694 4475 2740 4528 si
2776 4486 3019 4531 creatura
3048 4488 3130 4532 est
3168 4480 3360 4546 Filius,
3388 4486 3682 4552 quamlibet

2092 4574 2280 4628 magna
2312 4562 2399 4626 sit,
2429 4562 2564 4618 facta
2592 4574 2694 4619 cst.
2726 4567 2834 4622 Nos
2858 4580 3034 4624 autem
3062 4572 3111 4625 in
3140 4588 3261 4627 eum
3289 4576 3559 4633 credimus
3586 4594 3683 4648 per

2092 4666 2249 4718 quem
2278 4652 2414 4708 facta
2443 4666 2566 4711 sunt
2589 4660 2764 4713 omnia
2786 4702 2800 4723 ,
2835 4676 2938 4714 non
2972 4663 3021 4716 in
3065 4679 3188 4718 eum
3231 4682 3325 4735 per
3354 4685 3510 4737 quem
3547 4672 3680 4725 facta

2092 4751 2217 4797 sunt
2243 4753 2438 4800 etetera
2480 4764 2493 4800 :
2534 4763 2707 4819 neque
2736 4754 2878 4806 enim
2909 4753 2996 4809 hic
3030 4757 3187 4810 aliter
3213 4758 3455 4829 accipere
3484 4778 3680 4832 possu-

2090 4848 2209 4887 mus
2229 4837 2405 4890 omnia
2427 4879 2441 4903 ,
2472 4840 2573 4894 nisi
2604 4858 2953 4914 quaecumque
2978 4858 3103 4902 sunt
3124 4848 3281 4905 facta.

2161 4926 2214 4981 6.
2255 4928 2358 4983 Sed
2389 4932 2637 5000 quoniam
2675 4933 2890 4989 Verbum
2917 4955 3036 4992 caro
3066 4943 3257 5009 factum
3286 4953 3377 5007 est,
3408 4955 3454 4999 et
3484 4947 3683 5000 habita—

2089 5018 2155 5070 vit
2182 5018 2233 5071 in
2263 5020 2404 5074 nobis
2444 5021 2630 5093 (Joan.
2673 5040 2728 5089 t,
2761 5026 2862 5098 14)
2894 5044 2907 5092 ;
2946 5030 3130 5084 eadem
3162 5032 3427 5101 Sapientia
3458 5052 3577 5104 quae
3614 5038 3682 5093 de

2090 5111 2199 5164 Deo
2228 5114 2403 5181 genita
2433 5124 2535 5177 est,
2564 5116 2777 5187 dignata
2802 5128 2883 5172 est
2921 5122 3078 5175 etiam
3110 5125 3161 5177 in
3196 5125 3498 5182 hominibus
3525 5144 3680 5182 crea-

2088 5202 2131 5255 ri
2159 5201 2199 5255 ⁸.
2232 5202 2348 5270 Quo
2380 5207 2608 5274 pertinet
2636 5209 2764 5263 illud
2791 5252 2803 5275 ,
2829 5209 3082 5268 Dominus
3107 5218 3291 5269 creavit
3314 5235 3392 5271 me
3418 5220 3468 5271 in
3490 5221 3681 5289 princi-

2087 5297 2171 5362 pio
2196 5298 2391 5349 viarum
2431 5316 2641 5353 suarum
2692 5301 2883 5371 (Prov.
2930 5320 3019 5359 'lll
3050 5348 3064 5370 ,
3108 5306 3237 5377 22).
3274 5309 3487 5364 Viarum
3534 5313 3680 5368 enim

2084 5388 2199 5455 ejus
2237 5390 2553 5459 principium
2585 5404 2743 5462 caput
2783 5405 2867 5449 est
2895 5397 3147 5453 Ecclesiae
3172 5442 3186 5467 ,
3230 5401 3481 5469 quodest
3519 5403 3679 5458 Chri-

2147 5522 2165 5585 §
2202 5521 2389 5585 Aliquot
2412 5532 2539 5585 Mss,
2563 5527 2796 5578 concedit.

2145 5584 2166 5614 ³
2196 5584 2305 5654 ptss.
2354 5594 2458 5635 tres
2483 5584 2699 5654 melioris
2731 5597 2873 5654 noue,
2900 5599 3099 5642 conante
3137 5595 3234 5654 fetu
3263 5594 3411 5645 verbi.
3439 5602 3579 5646 Forte
3606 5597 3677 5643 lc-

2079 5646 2309 5720 gendum,
2333 5656 2552 5720 conmittes
2574 5652 2675 5720 fetu
2692 5651 2839 5702 verbi.
2860 5646 3092 5716 '—-Morel,
3117 5646 3261 5705 fidem.
3280 5659 3406 5718 crit.,
3428 5672 3474 5720 ι).
3492 5658 3573 5717 94,
3598 5659 3675 5709 1ο-

2079 5707 2179 5771 git:
2206 5716 2398 5758 sonante
2429 5711 2523 5771 feta
2545 5707 2689 5762 verbi.
2757 5720 2810 5761 Μ.

2143 5770 2163 5850 ξ
2194 5771 2677 5850 Editi,sempitemus.
2698 5782 2753 5823 At
2776 5782 2879 5850 Mss.
2906 5788 3097 5850 omnes,
3119 5777 3421 5850 sempiterne.
3476 5841 3484 5850 _

2141 5836 2163 5861 ⁸
2194 5837 2283 5881 Ms.
2307 5836 2626 5905 nemigianus,
2646 5834 2695 5884 in
2716 5837 2929 5891 omnibus
2954 5852 2970 5889 .'
2996 5840 3041 5889 id
3071 5834 3164 5899 est,
3186 5834 3311 5892 inter
3360 5841 3516 5891 omnia
3563 5855 3674 5905 quat

2082 5890 2205 5943 facta
2226 5902 2365 5957 sunt;
2389 5890 2480 5945 nde
2498 5890 2642 5946 male.
