4072 6502
258 409 367 470 185

255 536 376 581 stus
413 523 429 555 ⁸
458 518 676 575 homine
703 518 953 583 indutus,
981 532 1080 588 per
1122 532 1279 587 quem
1313 513 1525 569 vivendi
1552 514 1856 584 exemplum

258 616 418 672 nobis
444 612 684 675 daretur,
723 610 827 665 hoc
864 617 948 665 est
984 609 1067 662 via
1096 619 1244 663 certa
1272 609 1293 639 ³
1323 623 1426 678 qua
1458 606 1859 677 perveniremus

256 709 326 764 ad
359 708 548 763 Deum.
580 704 699 761 Non
733 704 876 760 enim
900 700 1076 757 redire
1106 702 1375 772 potuimus
1413 701 1513 756 nisi
1542 701 1858 766 humilitate,

256 803 351 872 qui
378 799 625 870 superbia
660 797 794 868 lapsi
823 812 1028 863 sumus,
1057 796 1193 851 sicut
1219 795 1421 850 dictum
1448 804 1530 850 est
1556 795 1740 864 prima:
1767 811 1864 849 no-

257 902 389 947 straa
411 900 695 956 creatum,
726 887 955 953 Gustate,
985 897 1034 940 et
1058 887 1197 941 eritis
1232 889 1473 957 tanqua'm
1501 887 1575 940 dii
1600 885 1752 956 (Gen.
1780 902 1857 953 ιιι,

257 984 357 1056 5).
391 983 557 1052 Hujus
596 982 760 1051 igitur
806 978 1131 1033 humilitatis
1159 977 1465 1047 exemplum
1490 1019 1504 1042 ,
1538 976 1590 1031 id
1625 985 1729 1041 est,
1760 976 1861 1031 viae

256 1092 368 1146 qua
393 1072 725 1130 redeundum
756 1072 872 1135 fuit,
902 1072 1017 1139 ipse
1044 1069 1342 1139 Reparator
1360 1078 1546 1123 noster
1575 1068 1631 1122 in
1661 1082 1721 1122 se
1741 1067 1860 1137 ipso

258 1166 635 1223 demonstrare
661 1162 917 1232 dignatus
935 1169 1039 1227 est,
1068 1160 1157 1230 qui
1199 1176 1300 1214 non
1327 1161 1562 1230 rapinam
1590 1160 1861 1214 arbitratus

257 1269 335 1314 est
361 1275 468 1313 esse
493 1256 702 1326 aequalis
724 1255 845 1317 Deo,
876 1253 966 1307 sed
988 1253 1312 1324 semetipsum
1331 1252 1612 1318 evacuabit,
1644 1256 1861 1323 formam

256 1349 653 1417 serviaccipiem
675 1346 693 1416 (
718 1343 948 1415 Philipp.
975 1359 1042 1408 ιι,
1074 1344 1137 1409 6,
1168 1342 1238 1413 7)
1270 1360 1284 1407 ;
1314 1352 1370 1397 ut
1395 1352 1670 1398 crearetur
1690 1342 1855 1396 homo

256 1442 317 1497 in
340 1439 600 1511 principio
629 1437 835 1492 viarum
858 1436 995 1505 ejus,
1026 1435 1259 1490 Verbum
1288 1450 1385 1505 per
1408 1433 1549 1504 quod
1575 1435 1709 1489 facta
1734 1443 1860 1489 sunt

257 1532 467 1585 omnia.
498 1528 833 1597 Quapmpter
858 1525 1150 1581 secundum
1178 1524 1229 1579 id
1260 1523 1402 1594 quod
1430 1524 1729 1594 unigenitus
1752 1532 1855 1590 est,

255 1638 370 1676 non
398 1620 554 1674 habet
578 1617 773 1673 fratres
804 1634 817 1670 :
849 1616 1142 1672 secundum
1190 1615 1240 1670 id
1270 1625 1448 1671 autem
1486 1615 1626 1685 quod
1660 1615 1858 1685 primo-

255 1712 472 1784 genitus
501 1720 611 1773 est,
659 1709 853 1764 fratres
884 1722 1080 1762 vocare
1127 1706 1375 1777 dignatus
1417 1716 1501 1762 est
1535 1721 1723 1761 omnes
1767 1706 1857 1776 qui

252 1812 382 1875 post
407 1804 527 1872 ejus
555 1812 611 1857 et
639 1817 733 1872 per
757 1800 873 1871 ejus
902 1800 1186 1870 primatum
1217 1799 1269 1854 in
1316 1799 1409 1855 Dei
1438 1800 1663 1868 gratiam
1694 1813 1854 1854 rena-

253 1905 479 1951 scuntur
504 1894 526 1926 ⁸
568 1909 665 1965 per
702 1892 1043 1962 adoptionem
1086 1891 1316 1947 ﬁliorum
1345 1891 1509 1962 (Luc.
1542 1909 1664 1957 vni,
1708 1893 1771 1947 2i
1796 1890 1816 1965 )
1838 1934 1854 1957 ,

254 1988 395 2043 sicut
420 1985 713 2055 apostolica
738 1984 1012 2053 disciplina
1036 1981 1058 2014 ⁸⁵
1088 1982 1426 2038 commendat
1453 1982 1635 2054 (Hebr.
1663 1999 1719 2049 ιι,
1742 1981 1852 2056 ll).

255 2078 525 2133 haturalis
551 2090 681 2146 ergo
708 2074 873 2129 Filius
903 2074 971 2130 de
996 2075 1111 2144 ipsa
1136 2075 1307 2129 Patris
1336 2076 1634 2130 substantia
1662 2077 1856 2131 unicus

256 2180 413 2224 natus
435 2176 536 2227 est,
566 2167 615 2221 id
636 2165 872 2221 existens
900 2165 1038 2235 quod
1064 2166 1218 2220 Pater
1243 2176 1328 2221 est
1356 2166 1376 2198 ⁵
1406 2182 1422 2232 ;
1455 2166 1596 2221 Deus
1622 2166 1690 2221 dc
1723 2167 1851 2230 Deo,

256 2262 462 2317 Lumen
492 2261 561 2315 de
589 2259 818 2314 Lumine
859 2276 873 2311 :
908 2273 1004 2313 nos
1033 2268 1209 2313 autem
1254 2276 1358 2313 non
1390 2260 1567 2313 lumen
1597 2259 1854 2313 naturali-

257 2367 342 2411 ter
368 2368 554 2408 suinus
575 2394 591 2419 ,
619 2351 716 2407 sed
746 2352 814 2407 ab
844 2352 933 2406 illo
972 2351 1198 2407 Lumine
1242 2353 1604 2408 illuminamur
1627 2394 1641 2416 ,
1674 2362 1733 2406 ιιι
1771 2368 1857 2406 sa-

258 2450 454 2518 pientia
496 2450 673 2504 lucere
715 2451 1003 2519 possimus.
1043 2449 1171 2505 Erat
1210 2452 1377 2516 enim,
1426 2451 1616 2520 inquit,
1663 2449 1855 2504 Lumen

254 2556 447 2604 verunt,
492 2547 628 2608 quod
672 2541 928 2595 illuminat
972 2559 1172 2595 omnem
1215 2542 1465 2595 hominem
1493 2541 1767 2595 venientem
1801 2540 1854 2594 in

254 2629 390 2683 hunc
413 2630 656 2682 ntundum
687 2629 881 2700 (Joan.
913 2647 961 2695 ι,
989 2629 1080 2703 9).
1113 2630 1372 2686 Addimus
1402 2631 1579 2701 itaque
1617 2630 1741 2685 ﬁdei
1769 2647 1854 2685 re-

253 2737 375 2775 rum
427 2730 747 2777 aiternarum
796 2722 955 2777 etiam
1000 2723 1348 2792 temporalem
1395 2722 1853 2792 dispensationem

254 2812 470 2866 Domini
499 2814 683 2879 nostri,
719 2829 879 2881 quam
906 2830 1090 2885 gerere
1118 2815 1273 2869 nobis
1316 2823 1372 2870 et
1416 2815 1719 2870 ministrare
1758 2830 1855 2885 pro

252 2915 440 2959 nostra
488 2906 658 2961 salute
698 2906 946 2975 dignatus
983 2918 1085 2963 est.
1116 2908 1249 2963 Nam
1295 2908 1588 2964 secundum
1630 2908 1682 2963 id
1711 2908 1853 2979 quod

252 2997 559 3067 unigenitus
594 3008 678 3053 est
721 2999 810 3054 Dei
843 3000 1045 3066 Filius,
1093 3016 1199 3055 non
1245 3010 1422 3070 potest
1462 3001 1608 3068 dici,
1650 3000 1774 3056 Fuit
1802 3010 1857 3055 ct

253 3088 414 3153 Erit;
442 3090 537 3145 sed
569 3102 771 3146 tantum
798 3134 812 3155 ,
842 3093 935 3148 Est
964 3111 977 3147 :
1015 3095 1137 3165 quia
1166 3105 1220 3150 et
1245 3095 1386 3164 quod
1433 3095 1565 3163 fuit,
1601 3096 1714 3166 jam
1745 3112 1852 3151 non

250 3190 337 3236 est
364 3199 381 3248 ;
411 3192 464 3236 et
510 3184 649 3253 quod
689 3185 812 3249 erit,
844 3185 1078 3240 nondum
1111 3196 1212 3241 est.
1260 3187 1351 3242 Ille
1391 3204 1517 3259 ergo
1544 3196 1626 3243 est
1655 3189 1858 3244 incom-

250 3273 530 3328 mutabilis
553 3275 670 3329 sine
699 3276 1004 3331 conditione
1034 3287 1333 3348 temporum
1366 3289 1419 3335 et
1441 3281 1717 3336 varietate.
1750 3280 1858 3335 Nec

251 3366 473 3421 aliunde
500 3368 731 3421 arbitror
755 3384 974 3423 manare
1000 3369 1125 3424 illud
1158 3371 1297 3440 quod
1322 3370 1524 3426 famulo
1558 3388 1658 3427 suo
1687 3372 1856 3442 Moysi

252 3461 365 3515 tale
396 3476 593 3515 nomen
622 3476 778 3515 suum
817 3462 1123 3517 insinuavit.
1152 3462 1283 3517 Nam
1311 3479 1431 3519 eum
1458 3465 1526 3519 ab
1554 3481 1619 3520 co
1647 3480 1859 3536 (παίει-ε-

251 3562 376 3615 ret,
406 3552 451 3605 si
478 3566 538 3605 se
566 3552 796 3621 populus
822 3551 887 3606 ad
915 3568 1074 3621 quem
1114 3553 1425 3609 mittebatur
1465 3564 1852 3620 contemneret,

251 3656 284 3694 a
315 3656 427 3711 quo
462 3656 524 3695 se
560 3640 766 3695 diceret
808 3656 927 3696 esse
968 3642 1188 3697 missum
1225 3659 1241 3708 ;
1286 3659 1601 3713 responsum
1632 3644 1859 3699 dicentis

252 3733 484 3800 accepit,
519 3730 630 3800 Ego
656 3748 770 3785 sum
793 3733 879 3799 qui
900 3750 1030 3787 sum.
1080 3735 1281 3791 Deinde
1301 3736 1597 3806 subjunxit,
1628 3736 1756 3791 Hau:
1785 3739 1857 3791 di-

253 3840 339 3877 ces
361 3824 485 3892 [iliis
504 3822 689 3890 Israel,
724 3824 827 3891 Qui
852 3834 942 3889 est,
962 3826 1096 3879 misit
1112 3842 1191 3881 me
1215 3826 1284 3880 ad
1310 3843 1396 3882 vos
1421 3827 1617 3899 (Exod.
1647 3843 1725 3895 ιιι,
1744 3830 1855 3899 14).

331 3916 387 3969 7.
419 3916 499 3970 Ex
527 3931 633 3985 quo
654 3915 764 3985 jam
793 3915 1158 3985 Spirilualibus
1181 3918 1375 3972 animis
1402 3930 1584 3987 patere
1607 3919 1822 3974 conﬁdo
1840 3962 1855 3987 ,

256 4006 462 4059 nnilam
487 4014 728 4059 naturam
762 4005 871 4060 Deo
904 4021 1023 4061 esse
1057 4021 1217 4075 posse
1245 4008 1590 4063 contrariam.
1624 4008 1683 4065 Si
1713 4010 1858 4065 enim

256 4097 353 4151 ille
389 4105 492 4157 est.
520 4104 574 4150 et
591 4095 659 4150 de
682 4095 800 4150 solo
822 4096 930 4151 Deo
957 4097 1169 4167 proprie
1190 4098 1291 4153 dici
1316 4109 1492 4169 potest
1514 4101 1616 4156 hoc
1636 4102 1861 4157 verbum

257 4191 278 4251 (
304 4186 451 4257 quod
482 4187 626 4241 enim
655 4202 781 4241 vere
810 4196 924 4253 est,
950 4188 1460 4245 incommutabiliter
1491 4200 1694 4258 manet;
1726 4208 1863 4262 quo-

258 4282 407 4335 niam
437 4280 579 4350 quod
607 4288 860 4343 mutatur,
893 4279 990 4334 fuit
1012 4281 1212 4349 aliquid
1240 4282 1381 4351 quod
1405 4282 1513 4352 jam
1538 4300 1641 4337 non
1672 4294 1776 4349 est,
1810 4293 1867 4339 et

258 4374 368 4428 erit
396 4371 540 4442 quod
580 4372 818 4427 nondum
844 4384 925 4427 est
946 4374 962 4442 )
982 4414 996 4436 ,
1031 4374 1162 4428 nihil
1204 4390 1332 4444 ergo
1364 4375 1522 4431 habet
1562 4376 1699 4431 Deus
1727 4391 1864 4432 con-

261 4464 512 4520 trarium.
558 4462 613 4519 Si
662 4464 804 4518 enim
847 4474 1181 4533 quaereretur
1206 4480 1236 4519 a
1268 4466 1422 4521 nobis
1465 4466 1591 4535 quid
1632 4468 1701 4522 sit
1741 4468 1866 4521 albo

260 4555 596 4609 contrarium
618 4596 633 4618 ,
672 4554 1122 4623 responderemus
1151 4556 1360 4626 nigrum
1406 4575 1419 4610 :
1463 4559 1507 4611 si
1537 4569 1869 4627 quaereretur

262 4643 394 4714 quid
425 4644 496 4698 sit
519 4643 693 4698 calido
718 4647 1067 4710 contrarium,
1103 4647 1552 4716 responderenius
1578 4648 1822 4717 frigidum
1850 4668 1862 4703 :

261 4737 308 4791 si
340 4746 672 4806 QtllPl'Crellll'
696 4736 821 4807 quid
850 4737 919 4791 sit
954 4737 1120 4791 veloci
1149 4740 1472 4794 contrarium
1498 4740 1538 4803 ⁸,
1570 4741 1865 4811 responde—

262 4846 450 4887 remus
490 4830 700 4883 tardum
732 4847 747 4895 ;
791 4840 845 4884 et
875 4846 1225 4902 qumcumque
1269 4832 1480 4887 similia.
1527 4834 1659 4888 Cum
1687 4843 1866 4888 autem

262 4922 528 4993 qmeritur
555 4923 681 4992 quid
712 4924 781 4977 sit
820 4925 1142 4979 contrarium
1184 4926 1234 4981 ei
1278 4926 1421 4997 quod
1460 4935 1574 4994 est,
1605 4936 1747 4983 recte
1777 4944 1866 4985 re-

262 5014 563 5086 spondetur
588 5014 730 5085 quod
759 5031 862 5070 non
886 5024 989 5070 est.

330 5109 395 5161 8.
435 5106 540 5163 Sed
567 5108 818 5178 quoniam
848 5124 941 5179 per
968 5110 1320 5180 temporalem
1339 5151 1354 5177 ,
1396 5119 1453 5166 ut
1475 5109 1584 5166 dixi
1606 5153 1620 5177 ,
1647 5110 1867 5183 dispen-

261 5334 348 5445 ωε
385 5333 460 5382 sic
479 5338 588 5382 uss.
615 5338 672 5382 At
694 5332 831 5391 editi,
846 5331 1139 5398 principium
1154 5340 1203 5386 et
1224 5342 1369 5400 caput
1392 5335 1619 5389 Ecclesia:
1638 5344 1709 5389 est
1730 5338 1869 5389 chri-

327 5410 385 5445 t8.

327 5410 385 5445 l8.

329 5458 364 5519 Ἀ
384 5457 521 5519 miti,
538 5453 645 5505 haec
668 5461 740 5505 est
764 5452 841 5504 via
860 5462 1006 5507 certa.
1034 5465 1139 5507 MSS.
1160 5472 1293 5519 vero,
1313 5458 1402 5509 hoc
1412 5465 1480 5509 est
1503 5457 1579 5509 ria
1589 5467 1737 5511 certa.
1753 5470 1871 5511 'I‘um

263 5532 325 5567 ex
351 5517 413 5567 iis
433 5526 664 5579 quatuor,
686 5531 766 5567 tua
783 5523 934 5579 recta.

332 5582 354 5612 ³
381 5577 607 5647 ιιςςηροδι
621 5581 727 5647 ejus
749 5577 989 5641 primitias
1010 5579 1061 5631 in
1080 5578 1165 5631 Dei
1186 5580 1347 5647 gratia
1360 5580 1621 5647 nascimur.

326 5646 348 5669 δ
377 5640 537 5694 aliti.
563 5640 788 5691 doctrina
826 5652 851 5707 :7
876 5656 963 5707 pro
993 5657 1091 5705 quo
1123 5640 1255 5707 Mss,
1279 5641 1558 5707 disciplina.

321 5707 345 5769 ξ
375 5710 453 5753 Sic
468 5708 579 5753 uss.
598 5712 654 5769 ιιι
673 5702 1036 5769 γυιεειιξίάεηι
1282 5702 1416 5769 quod
1435 5713 1579 5769 [{ater
1598 5716 1741 5757 Deus.

318 5766 343 5797 ⁸
376 5774 427 5816 tn
452 5772 542 5827 78.,
566 5763 610 5816 si
626 5763 931 5833 quereretur
955 5765 1070 5829 quid
1096 5764 1243 5818 veloci
1263 5763 1561 5821 contrarium
1604 5776 1677 5820 Er.
1717 5768 1865 5833 Lugd.

252 5832 372 5880 Ven.
401 5836 519 5879 Lm.
546 5828 707 5878 secuti
730 5840 914 5877 sumus.
987 5836 1037 5877 ιι.

1689 401 1891 456 LIBER
1930 398 2131 457 UNUS.

3454 405 3559 465 Ιω

1968 515 2258 581 sationem,
2286 518 2353 572 ad
2378 526 2615 572 nostram
2644 517 2869 573 salutem
2897 526 3360 589 etreparattonem
3381 564 3395 588 ,
3426 539 3554 594 ope-

1968 614 2120 661 rante
2164 608 2256 663 Dei
2313 609 2680 680 benignitate,
2726 609 2796 665 ab
2846 610 2933 665 illa
2991 612 3410 670 incommutabili
3461 615 3555 679 Dei

1967 696 2237 768 Sapientia
2275 709 2461 755 natura
2490 700 2757 756 mutabilis
2787 712 2969 757 nostra
2997 715 3245 775 suscepta
3271 718 3386 773 est,
3416 718 3554 763 tem-

1967 793 2227 860 poralium
2255 809 2431 849 rerum
2457 794 2743 849 salubriter
2766 810 2866 865 pro
2891 795 3044 850 nobis
3070 806 3341 866 gestarum
3368 799 3557 870 adjun-

1966 882 2138 951 gimus
2178 883 2333 938 ﬁdem
2356 926 2372 949 ,
2401 885 2685 941 credentes
2719 886 2773 940 in
2801 900 2924 941 eum
2948 886 3042 941 Dei
3072 887 3263 942 Filium
3288 890 3377 960 qui
3405 902 3557 948 natus

1965 983 2050 1029 est
2095 990 2191 1044 per
2236 974 2490 1045 Spiritum
2534 984 2776 1033 sanctum
2819 991 2887 1032 ex
2930 978 3134 1048 virgine
3178 978 3360 1034 Maria.
3412 981 3559 1036 Dono

1965 1067 2109 1121 enim
2142 1068 2269 1133 Dei,
2302 1068 2405 1124 hoc
2432 1077 2546 1136 est,
2574 1079 2759 1125 sancto
2784 1068 2987 1140 Spiritu
3014 1085 3269 1127 concessa
3297 1073 3452 1128 nobis
3473 1083 3558 1128 cst

1965 1166 2108 1218 tanta
2140 1160 2408 1217 humilitas
2448 1163 2580 1217 tanti
2608 1163 2720 1228 Dei,
2763 1172 2822 1218 ut
2850 1172 3018 1218 totum
3064 1164 3335 1219 hominem
3383 1167 3557 1220 susci-

1965 1263 2091 1317 pere
2131 1249 2441 1321 dignaretur
2476 1254 2528 1307 in
2567 1262 2721 1308 utero
2755 1254 3007 1324 virginis,
3039 1264 3336 1309 maternum
3364 1270 3560 1325 corpus

1966 1340 2229 1409 integrum
2261 1342 2595 1410 inhabitans,
2627 1345 2892 1415 integrum
2921 1344 3177 1400 deserens
3205 1347 3243 1400 ⁸.
3285 1346 3384 1400 Cui
3426 1356 3561 1401 tem-

1965 1431 2129 1500 porali
2149 1432 2532 1501 dispensationi
2556 1435 2737 1490 multis
2762 1436 2934 1491 modis
2956 1437 3274 1492 insidiantur
3296 1437 3554 1492 haeretici.

1962 1522 2069 1578 Sed
2112 1524 2157 1579 si
2195 1526 2313 1595 quis
2342 1528 2575 1582 tenuerit
2601 1527 2917 1583 catholicam
2943 1529 3101 1583 ﬁdem
3123 1570 3138 1594 ,
3169 1539 3225 1583 ut
3267 1538 3433 1583 totum
3461 1528 3560 1582 ho-

1962 1615 2157 1669 minem
2198 1616 2381 1672 credat
2418 1635 2448 1673 a
2486 1617 2660 1674 Verbo
2700 1619 2795 1675 Dei
2841 1634 2964 1675 esse
3000 1633 3305 1690 susceptum
3329 1663 3345 1684 ,
3387 1621 3441 1675 id
3476 1628 3561 1676 est

1960 1721 2175 1775 corpus,
2205 1710 2458 1775 animam,
2490 1711 2756 1779 spiritum,
2792 1714 2923 1767 satis
2956 1722 3141 1768 contra
3173 1714 3292 1767 illos
3320 1715 3559 1769 munitus

1960 1807 2059 1852 est.
2090 1798 2295 1870 Quippe
2320 1816 2439 1854 cum
2473 1802 2571 1857 ista
2600 1804 2869 1871 susceptio
2900 1818 2995 1870 pro
3035 1804 3205 1858 salute
3246 1815 3444 1861 nostra:
3475 1806 3547 1858 sit

1958 1900 2127 1961 gesta,
2150 1891 2444 1947 cavendum
2468 1904 2547 1948 est
2567 1910 2632 1949 ne
2651 1909 2771 1949 cum
2785 1894 3078 1950 crediderit
3095 1895 3292 1965 aliquid
3318 1904 3557 1949 nostrum

1959 1998 2065 2038 non
2097 1984 2364 2054 pertinere
2400 1985 2474 2039 ad
2510 1987 2665 2041 istam
2693 1987 3086 2057 susceptionem
3107 2028 3123 2052 ,
3156 2004 3261 2042 non
3287 1989 3556 2059 pertineat

1959 2076 2026 2130 ad
2065 2077 2312 2133 salutem.
2359 2077 2574 2134 Etcum
2611 2078 2772 2135 homo
2812 2089 3034 2150 excepta
3074 2079 3244 2134 forma
3284 2080 3560 2135 membro-

1959 2184 2109 2235 rum,
2140 2186 2259 2240 qua:
2278 2170 2505 2226 diversis
2523 2172 2809 2242 generibus
2838 2173 3187 2227 animantium
3218 2173 3428 2228 diversa
3461 2174 3561 2227 tri-

1958 2260 2083 2316 buta
2110 2272 2230 2328 est,
2279 2279 2385 2317 non
2417 2263 2577 2320 distet
2604 2280 2635 2319 a
2678 2281 2869 2335 pecore
2906 2267 3007 2320 nisi
3037 2266 3283 2320 rationali
3328 2267 3515 2335 spiritu
3536 2308 3553 2331 ,

1957 2368 2076 2422 quae
2104 2369 2255 2409 mens
2280 2356 2441 2409 etiam
2481 2357 2787 2410 nominatur
2813 2374 2828 2423 ;
2861 2358 3129 2426 quomodo
3158 2374 3285 2412 sana
3313 2374 3396 2414 εει
3421 2358 3560 2414 ﬁdes

1958 2459 2058 2513 qua
2085 2444 2321 2499 creditur
2346 2446 2486 2515 quod
2515 2446 2565 2500 id
2589 2455 2827 2501 nostrum
2854 2449 3148 2517 susceperit
3172 2450 3261 2503 Dei
3287 2448 3561 2519 Sapientia

1957 2535 2100 2606 quod
2139 2536 2394 2611 habemus
2423 2553 2709 2591 commune
2750 2554 2873 2592 cum
2919 2554 3146 2608 pecore,
3198 2539 3330 2594 illud
3372 2550 3554 2594 autem

1958 2642 2066 2681 non
2117 2628 2412 2696 susceperit
2450 2627 2594 2696 quod
2645 2629 2940 2684 illustratur
2988 2631 3107 2686 luce
3150 2631 3461 2700 sapientiae,
3505 2642 3563 2687 et

1957 2718 2099 2788 quod
2133 2719 2364 2774 hominis
2397 2721 2669 2789 proprium
2697 2721 2821 2774 est?

2028 2809 2083 2865 9.
2129 2810 2440 2866 Detestandi
2466 2822 2647 2867 autem
2672 2813 2832 2867 etiam
2861 2813 2936 2868 illi
2976 2824 3127 2877 sunt,
3157 2815 3247 2885 qui
3276 2815 3561 2871 Dominum

1959 2912 2200 2956 nostrum
2237 2902 2420 2957 Jesum
2461 2902 2729 2959 Christum
2771 2916 2998 2960 matrem
3040 2906 3257 2962 Mariam
3310 2908 3360 2961 in
3404 2908 3563 2963 terris

1961 2991 2212 3048 habuisse
2263 3004 2502 3064 negant,
2560 3010 2683 3049 cum
2731 2996 2820 3050 illa
2874 2996 3205 3066 dispensatio
3274 3005 3563 3069 utrumque

1958 3099 2181 3149 sexum,
2224 3092 2278 3139 et
2322 3085 2675 3140 masculinum
2724 3095 2779 3139 et
2817 3086 3132 3142 femininum
3174 3088 3556 3157 honoraverit,

1960 3185 2016 3230 et
2056 3175 2123 3229 ad
2170 3190 2354 3230 curam
2400 3175 2490 3230 Dei
2538 3177 2805 3246 pertinere
2852 3180 3261 3247 monstraverit,
3302 3196 3407 3236 non
3455 3196 3562 3237 so-

1958 3268 2071 3324 lum
2097 3283 2257 3338 quem
2281 3269 2538 3338 suscepit,
2580 3270 2675 3323 sed
2706 3270 2854 3324 illum
2882 3272 3044 3325 etiam
3079 3287 3176 3341 per
3225 3288 3382 3342 quem
3432 3287 3564 3328 sus-

1960 3359 2120 3428 cepit,
2149 3360 2318 3413 virum
2356 3359 2628 3429 gerendo,
2665 3360 2934 3415 nascendo
2955 3360 3025 3415 de
3066 3362 3281 3416 femina.
3310 3361 3421 3418 Nec
3459 3378 3562 3418 nos

1961 3450 2028 3505 ad
2062 3450 2356 3521 negantiam
2386 3451 2585 3505 Christi
2615 3461 2842 3506 matrem
2877 3454 3049 3523 cogit,
3094 3454 3239 3524 quod
3282 3454 3351 3509 ab
3386 3470 3453 3510 eo
3478 3455 3562 3509 di-

1961 3552 2103 3598 ctum
2126 3555 2230 3608 est,
2263 3542 2402 3611 Quid
2430 3544 2555 3598 mihi
2580 3552 2625 3597 et
2657 3544 2744 3599 tibi
2769 3555 2844 3600 est
2867 3588 2882 3611 ,
2911 3546 3093 3600 mulier
3117 3549 3143 3601 .9
3168 3549 3395 3602 nondum
3429 3550 3564 3603 venit

1963 3636 2090 3689 hora
2130 3652 2240 3689 mea
2277 3634 2467 3705 (Joan.
2497 3651 2555 3698 ιι,
2583 3635 2617 3689 4
2642 3636 2683 3706 ).
2710 3635 2816 3691 Sed
2839 3637 3093 3692 admonet
3122 3640 3296 3707 potius
3325 3648 3383 3692 ut
3406 3639 3565 3695 intel-

1964 3727 2190 3797 ligamus
2214 3726 2505 3781 secundum
2537 3727 2704 3782 Deum
2727 3743 2831 3782 non
2867 3744 2991 3782 eum
3023 3728 3274 3784 habuisse
3311 3740 3560 3795 matrem,

1963 3817 2116 3886 cujus
2161 3815 2455 3885 majestatis
2483 3831 2765 3886 personam
2804 3818 3024 3887 parabat
3057 3820 3341 3874 ostendere
3368 3835 3562 3890 aquam

1967 3909 2019 3963 in
2052 3910 2232 3961 vinum
2257 3906 2533 3961 vertendo.
2562 3907 2713 3973 Quod
2735 3918 2912 3962 autem
2939 3908 3223 3963 cruciﬁxus
3249 3919 3351 3973 est,
3380 3926 3563 3965 secun-

1966 4000 2093 4055 dum
2125 3998 2395 4053 hominem
2424 3997 2707 4052 cruciﬁxus
2731 4008 2850 4064 est;
2882 4008 2937 4054 et
2980 4001 3066 4054 illa
3092 4010 3205 4054 erat
3234 4000 3363 4055 hora
3384 4042 3399 4066 ,
3440 4016 3563 4070 quae

1967 4091 2200 4147 nondum
2230 4099 2482 4157 venerat,
2504 4090 2717 4161 quando
2740 4090 2939 4145 dictum
2966 4101 3068 4158 est,
3098 4091 3231 4146 Mihi
3252 4102 3299 4145 et
3324 4093 3411 4146 tibi
3438 4090 3564 4163 quid

1968 4195 2039 4239 est
2068 4185 2093 4238 ?
2131 4183 2357 4238 nondum
2400 4184 2531 4238 venit
2559 4184 2688 4237 hora
2714 4201 2825 4237 mea
2850 4226 2863 4248 ,
2912 4184 2963 4238 id
2991 4194 3092 4249 est,
3136 4200 3239 4255 qua
3284 4195 3334 4239 te
3362 4200 3563 4256 cogno-

1968 4291 2137 4331 scam.
2166 4275 2317 4330 Tunc
2342 4276 2485 4330 enini
2516 4284 2572 4329 ut
2603 4276 2762 4329 homo
2792 4277 3078 4332 cruciﬁxus
3114 4279 3361 4348 cognovit
3387 4278 3564 4333 homi-

1968 4384 2092 4424 nem
2131 4378 2355 4422 matrem
2383 4410 2398 4433 ,
2431 4377 2484 4422 et
2505 4367 2856 4422 dilectissimo
2880 4368 3141 4437 discipulo
3182 4369 3564 4425 humanissime

1969 4460 2363 4515 commendavit
2383 4459 2494 4527 (Id.
2526 4476 2638 4526 xix,
2657 4458 2748 4525 26,
2773 4460 2887 4530 27).
2909 4459 3020 4517 Nec
3044 4461 3172 4516 illud
3204 4478 3301 4517 nos
3329 4472 3562 4529 moveat,

1970 4557 2110 4628 quod
2147 4572 2267 4613 cum
2315 4557 2365 4612 ei
2407 4557 2739 4611 nuntiaretur
2773 4567 2941 4611 mater
2964 4557 3115 4626 ejus,
3147 4566 3201 4612 et
3230 4558 3438 4624 fratres,
3480 4572 3571 4613 re-

1970 4650 2203 4719 spondit,
2239 4649 2367 4716 Qua:
2392 4649 2516 4702 mihi
2543 4658 2720 4710 mater,
2749 4657 2837 4701 aut
2866 4650 2954 4718 qui
2982 4650 3186 4717 fratres,
3217 4659 3321 4705 etc.
3348 4649 3564 4718 (Matth.

1972 4759 2061 4807 xu,
2096 4741 2256 4814 48)?
2302 4740 2406 4797 Sed
2458 4742 2631 4810 potius
2659 4741 2849 4797 doceat
2889 4743 3243 4797 ministerium
3289 4753 3562 4807 nostrum,

1971 4848 2078 4903 quo
2107 4832 2326 4887 verbum
2357 4832 2445 4887 Dei
2473 4831 2727 4887 fratribus
2753 4833 3138 4898 ministramus,
3168 4843 3418 4901 parentes
3439 4848 3561 4887 cum

1972 4923 2302 4994 impediunt,
2327 4938 2434 4978 non
2468 4938 2563 4978 eos
2588 4924 2790 4979 debere
2814 4926 3082 4994 cognosci.
3113 4924 3242 4977 Nam
3276 4926 3321 4978 si
3354 4933 3587 4994 propter

1974 5032 2064 5070 rea
2090 5015 2316 5085 quisque
2359 5015 2623 5084 putaverit
2663 5031 2769 5069 non
2797 5032 2919 5069 eum
2968 5014 3215 5069 habuisse
3255 5023 3482 5069 matrem
3516 5015 3569 5069 in

1974 5110 2130 5166 terris
2150 5150 2166 5175 ,
2197 5108 2319 5178 quia
2346 5107 2514 5175 dixit,
2551 5108 2680 5176 Qua:
2703 5108 2825 5161 mihi
2856 5118 3015 5162 ntater
3047 5110 3071 5160 ν
3096 5116 3317 5177 cogatur
3346 5122 3571 5164 necesse

1972 5209 2058 5256 est
2076 5208 2130 5254 et
2150 5199 2436 5269 Apostolus
2456 5213 2651 5268 negare
2675 5198 2924 5252 habuisse
2951 5206 3130 5267 patres
3149 5197 3201 5252 in
3236 5199 3411 5262 terris,
3436 5214 3572 5267 quo-

1976 5293 2114 5345 niam
2148 5292 2399 5360 praecepit
2433 5291 2511 5344 eis
2536 5289 2721 5343 dicens
2758 5305 2771 5341 :
2810 5287 2987 5342 Nolite
3012 5289 3149 5344 vobis
3175 5300 3368 5359 patrem
3404 5291 3572 5343 dicere

1975 5378 2027 5430 in
2065 5376 2208 5429 terris
2234 5392 2253 5441 ;
2297 5391 2429 5428 unus
2473 5383 2544 5429 est
2581 5374 2713 5427 enim
2741 5370 2899 5428 Pater
2924 5384 3087 5429 vester
3117 5375 3206 5445 qui
3238 5378 3292 5428 in
3324 5376 3463 5429 catlis
3501 5382 3572 5429 est

1976 5466 2101 5540 (id.
2129 5481 2329 5534 χχχιιι,
2360 5466 2451 5537 9).

2041 5646 2056 5678 ί
2094 5643 2372 5696 Emmanuel
2393 5654 2452 5711 sa
2483 5646 2672 5711 putavit
2692 5643 2991 5706 legendum,
3016 5648 3256 5711 deferens.
3282 5653 3460 5711 Verum
3482 5658 3565 5693 m-

1974 5707 2332 5779 dlcesomnes
2366 5706 2579 5779 habent,
2620 5709 2883 5779 deserens;
2933 5723 3041 5779 quo
3068 5706 3231 5779 verba
3272 5706 3433 5779 signiﬁ
3446 5716 3567 5778 antur

2170 5770 2424 5823 nativitate
2454 5772 2727 5825 detractum
2749 5771 2867 5824 nihil
2892 5770 3005 5824 εδει-ρ
3030 5770 3234 5835 Virginis
3257 5772 3419 5823 lintris
3446 5775 3567 5821 mte-
