3976 6510
208 397 314 454 595

207 514 563 584 phetaverunt
585 515 767 572 Daniel
788 526 843 574 et
874 518 1121 576 Ezechiel
1142 522 1180 587 ι,
1211 521 1299 576 alii
1343 523 1550 580 scilicet
1578 524 1686 580 duo
1711 541 1779 581 ex

206 605 489 675 I‘mphctis
527 608 837 677 majoribus.
880 610 1117 678 Quorum
1145 611 1331 668 Daniel
1370 615 1529 669 etiam
1575 626 1784 686 tempus

205 710 313 764 quo
331 706 584 752 venturus
613 699 783 755 fuerat
804 700 1046 756 Christus
1070 712 1229 773 atque
1258 716 1530 773 passurus,
1556 720 1783 762 numero

206 789 448 845 deﬁnivit
488 807 747 848 annorum
789 812 802 847 :
844 794 985 864 quod
1029 796 1243 866 longum
1292 806 1375 852 est
1424 798 1783 870 computando

204 895 528 952 monstrare,
556 894 610 941 et
636 886 703 939 ab
727 887 846 941 aliis
867 886 1161 943 factitatum
1181 898 1264 944 est
1287 899 1412 945 ante
1432 905 1550 945 nos.
1586 891 1658 946 De
1686 907 1783 961 po-

206 982 399 1030 testate
427 991 553 1030 vero
578 976 691 1046 ejus
712 986 764 1033 et
793 978 958 1047 gloria
974 980 995 1010 ²
1020 979 1099 1033 sic
1130 979 1335 1035 locutus
1358 990 1478 1035 est:
1525 980 1781 1047 Videbam,

205 1066 398 1134 inquit,
445 1066 497 1119 in
538 1068 646 1120 visu
673 1069 851 1134 noctis,
899 1077 945 1123 et
980 1085 1090 1122 ecce
1119 1085 1231 1122 cum
1264 1070 1475 1124 nubibus
1501 1072 1613 1125 σαειὶ
1640 1082 1692 1125 ut
1721 1072 1786 1140 ﬁ-

205 1155 338 1209 lius8
371 1158 586 1211 hominis
624 1159 821 1213 veniens
851 1168 979 1222 erat,
1027 1169 1073 1213 et
1112 1176 1268 1229 usque
1309 1161 1375 1213 ad
1404 1170 1646 1215 vetustum
1679 1163 1786 1216 die-

203 1264 321 1300 rum
346 1250 601 1317 pervenit;
627 1258 674 1303 et
696 1250 748 1302 in
786 1260 1057 1317 conspectu
1080 1251 1188 1321 ejus
1214 1250 1451 1320 prcclatus
1479 1261 1586 1314 est;
1615 1261 1661 1305 et
1687 1252 1785 1323 ipsi

205 1340 356 1394 datus
389 1350 461 1395 est
489 1342 822 1411 principatus,
867 1352 913 1395 et
954 1343 1135 1405 honor,
1182 1351 1229 1396 et
1252 1359 1459 1414 regnum
1483 1361 1502 1397 :
1528 1353 1576 1397 et
1614 1360 1784 1399 omnes

207 1432 420 1501 pepuli,
464 1432 621 1486 tribus
667 1441 712 1486 et
747 1434 934 1503 lingua:
971 1434 1072 1502 ipsi
1106 1434 1337 1487 servient.
1386 1432 1616 1491 Potestas
1653 1435 1781 1505 ejus,

207 1532 427 1590 potestas
471 1532 731 1592 perpetua,
766 1539 880 1591 qua:
920 1540 1021 1577 non
1061 1524 1323 1589 transibit;
1358 1534 1403 1580 et
1438 1541 1647 1597 regnum
1676 1528 1784 1596 eius

204 1628 307 1665 non
329 1622 674 1683 corrumpetur
698 1613 855 1685 (Dan.
881 1629 973 1680 vlt,
1010 1615 1075 1668 15
1100 1624 1147 1669 et
1175 1615 1285 1685 14).

275 1704 330 1756 2.
374 1703 617 1759 Ezechiel
665 1720 873 1775 quoque
920 1721 1071 1760 more
1120 1707 1430 1777 prophetico
1477 1724 1572 1779 per
1616 1708 1784 1765 David

203 1796 475 1851 Christum
505 1798 811 1867 significans
833 1840 849 1866 ,
881 1798 1003 1869 quia
1028 1814 1242 1853 carnem
1282 1799 1348 1855 de
1385 1800 1549 1855 David
1578 1801 1783 1858 semine

203 1888 529 1959 assumpsit;
562 1898 777 1959 propter
799 1905 955 1961 quam
980 1890 1201 1945 formam
1231 1890 1371 1946 servi
1395 1930 1410 1957 ,
1442 1907 1546 1962 qua
1566 1889 1590 1923 ⁸
1611 1891 1782 1947 factus

203 1992 289 2036 est
317 1982 477 2037 homo
501 2023 516 2049 ,
548 1982 707 2038 etiam
738 1997 927 2037 servus
952 1984 1048 2039 Dei
1075 1982 1267 2038 dicitur
1292 1983 1432 2043 idem
1456 1983 1549 2039 Dei
1576 1983 1741 2039 Filius
1762 2026 1778 2051 ,

203 2074 282 2127 sic
312 2090 429 2128 eum
471 2074 841 2144 pr0phetaudo
870 2076 1190 2145 praenuntiat
1215 2092 1279 2130 ex
1306 2090 1534 2145 persona
1560 2076 1654 2131 Dei
1678 2075 1781 2131 Pa-

202 2166 300 2219 tris
331 2185 343 2220 :
375 2165 440 2219 Et
464 2167 710 2220 suscitabo
734 2207 749 2230 ,
780 2167 986 2237 inquit,
1018 2184 1169 2238 super
1191 2184 1373 2238 pecora
1397 2183 1507 2221 mea
1533 2177 1781 2235 pastorem

201 2272 358 2308 unum
402 2257 489 2325 qui
518 2266 692 2326 pascat
717 2275 804 2323 ea,
830 2275 1025 2312 servum
1047 2275 1211 2312 meum
1235 2258 1402 2312 David
1424 2276 1443 2313 :
1479 2268 1526 2313 et
1554 2260 1659 2328 ipse
1684 2276 1781 2330 pa-

199 2356 305 2400 scet
329 2364 406 2412 ea,
427 2357 472 2400 et
501 2348 608 2415 ipse
635 2350 725 2401 erit
754 2349 823 2403 eis
848 2350 901 2402 in
923 2359 1191 2419 pastorem.
1215 2349 1324 2421 Ego
1344 2360 1509 2404 autem
1530 2350 1781 2407 Dominus

199 2454 286 2492 ero
313 2440 382 2492 eis
409 2439 462 2492 in
489 2438 683 2505 Deum,
718 2450 764 2494 et
789 2456 957 2495 servus
982 2457 1121 2495 meus
1146 2440 1311 2495 David
1335 2442 1565 2512 princeps
1593 2443 1646 2496 in
1671 2458 1777 2497 me-

198 2529 286 2580 dio
315 2544 485 2581 eorum
510 2545 529 2584 :
550 2546 639 2599 ego
660 2530 907 2584 Dominus
938 2530 1135 2585 locutus
1160 2548 1271 2584 sum
1306 2532 1324 2603 (
1350 2530 1536 2585 Ezeclt.
1567 2547 1738 2587 xxxrv
1760 2574 1777 2601 ,

199 2618 274 2675 25
310 2630 356 2673 et
383 2620 449 2674 24
469 2620 513 2692 ).
544 2622 610 2676 Et
633 2622 738 2676 alio
769 2623 885 2677 loco
914 2640 925 2676 :
959 2622 1027 2676 Et
1051 2640 1160 2688 rex,
1189 2623 1376 2693 inquit,
1405 2640 1535 2678 unus
1560 2624 1652 2678 erit
1671 2640 1779 2678 om-

198 2714 346 2769 nibus
373 2715 625 2784 imperans
648 2732 667 2769 :
695 2725 739 2770 et
766 2732 866 2769 non
891 2726 1033 2769 erunt
1061 2716 1196 2769 ultra
1219 2717 1335 2769 dua:
1361 2726 1529 2786 gentes
1547 2758 1561 2781 ,
1589 2733 1679 2770 nec
1701 2716 1780 2770 di-

197 2807 429 2860 videntur
452 2808 670 2876 amplius
694 2808 745 2860 in
776 2808 875 2861 duo
895 2824 1087 2877 regna;
1131 2824 1287 2877 neque
1322 2807 1606 2875 polluentur
1644 2807 1779 2861 ultra

195 2901 254 2953 in
282 2898 431 2953 idolis
459 2900 563 2953 suis
587 2943 602 2967 ,
644 2909 689 2953 et
731 2900 1180 2954 abominationibus
1221 2900 1326 2954 suis
1349 2940 1364 2964 ,
1404 2909 1451 2953 et
1495 2902 1549 2954 in
1584 2902 1778 2956 cunctis

196 2990 541 3060 iniquitatibus
583 2992 707 3044 suis.
760 2990 825 3044 Et
865 2991 1029 3044 salvos
1075 3008 1159 3045 eos
1206 2991 1391 3061 faciam
1429 2991 1493 3045 de
1536 2992 1777 3047 universis

197 3082 397 3136 sedibus
421 3083 526 3136 suis
549 3124 563 3143 ,
592 3083 642 3135 in
668 3081 849 3151 quibus
879 3091 1207 3151 peccaverunt
1230 3124 1245 3149 ,
1281 3091 1327 3135 et
1370 3082 1620 3135 mundabo
1648 3098 1731 3137 eos
1758 3098 1779 3137 :

197 3184 247 3227 et
276 3182 419 3227 erunt
448 3175 571 3228 mihi
601 3175 818 3244 papulas
842 3216 856 3241 ,
883 3184 929 3228 et
957 3192 1047 3245 ego
1078 3192 1161 3230 ero
1189 3175 1292 3229 illis
1323 3174 1458 3230 Deus
1486 3191 1507 3229 :
1540 3184 1585 3229 et
1609 3192 1778 3230 servus

198 3280 339 3318 meus
368 3264 535 3319 David
565 3283 654 3319 rex
677 3282 831 3336 super
854 3283 937 3320 eos
961 3308 976 3331 ,
1009 3276 1054 3321 et
1081 3277 1252 3337 pastor
1278 3283 1407 3323 unus
1434 3267 1529 3322 erit
1556 3267 1777 3322 omnium

198 3372 372 3409 eorum
400 3356 417 3428 (
444 3355 532 3410 Id.
564 3372 744 3410 xxxvii
770 3398 786 3423 ,
815 3357 991 3411 22—24
1011 3354 1052 3427 ).

199 3469 422 3527 CAPUT
451 3470 668 3524 XXXV.
699 3500 772 3511 -—
799 3469 877 3524 De
912 3470 1061 3523 trium
1104 3472 1462 3541 prapltetarum
1500 3472 1735 3527 vaticinia
1756 3511 1774 3541 ,

360 3592 365 3601 ν
430 3562 484 3615 id
513 3572 623 3628 est,
652 3562 827 3632 Aggcei
845 3602 859 3625 ,
887 3560 1152 3615 Zacharia:
1173 3571 1222 3615 et
1253 3562 1543 3617 Malae/tite.

266 3676 321 3729 1.
360 3674 581 3728 Restant
611 3682 717 3728 tres
747 3674 980 3727 minores
1008 3673 1289 3743 Propheta:
1314 3714 1328 3737 ,
1373 3674 1461 3743 qui
1490 3676 1775 3745 propheta-

189 3773 392 3819 verunt
419 3764 470 3818 in
502 3765 607 3818 ﬁne
632 3763 951 3834 captivitatis
977 3804 992 3829 ,
1025 3763 1248 3833 Aggacus
1270 3804 1285 3829 ,
1318 3763 1599 3819 Zacharias
1624 3808 1639 3833 ,
1668 3766 1778 3820 Ma-

190 3857 420 3915 lachias.
460 3856 694 3923 Quorum
732 3858 957 3926 Aggaeus
982 3854 1248 3910 Christum
1276 3865 1329 3910 et
1358 3857 1648 3910 Ecclesium
1677 3856 1778 3913 hac

188 3950 437 4021 apertius
457 3948 714 4004 brevitate
734 3948 1015 4019 prophetat
1041 3965 1055 4001 :
1082 3947 1206 4002 Ilaec
1231 3948 1349 4002 dicit
1371 3948 1620 4005 Dominus
1634 3968 1779 4006 exer-

191 4044 389 4097 cituum
415 4056 435 4095 :
464 4040 643 4093 Adhuc
669 4057 822 4093 unum
846 4040 1100 4093 modicum
1123 4048 1194 4094 est
1219 4081 1233 4107 ,
1263 4050 1307 4094 et
1340 4057 1428 4111 ego
1464 4042 1777 4097 commovebo

192 4133 415 4198 caelum,
457 4142 506 4185 et
546 4142 768 4196 terram,
808 4140 853 4184 et
900 4148 1074 4195 mare,
1122 4139 1169 4184 et
1209 4130 1405 4185 aridam
1428 4173 1444 4199 ,
1489 4141 1535 4186 et
1577 4134 1777 4188 movebo

195 4240 373 4279 omnes
418 4233 627 4293 gentes;
665 4232 710 4276 et
750 4224 910 4276 veniet
950 4223 1276 4277 Desideratus
1319 4224 1511 4278 cunctis
1551 4225 1779 4296 gentibus

198 4318 220 4389 (
244 4314 421 4385 Aggwi
434 4331 496 4379 .tt,
525 4315 556 4369 7
576 4325 621 4368 et
641 4313 719 4385 8).
744 4314 867 4369 Haec
884 4313 1158 4383 prophetia
1184 4315 1373 4384 partim
1392 4314 1501 4385 jam
1518 4316 1780 4386 completa

195 4409 439 4462 cernitur
462 4447 477 4472 ,
511 4407 702 4475 partim
731 4415 973 4475 speratur
1014 4406 1068 4460 in
1109 4406 1214 4460 ﬁne
1257 4406 1591 4476 complenda.
1620 4407 1782 4462 Movit

198 4500 350 4555 eitim
372 4499 565 4553 caelum
586 4499 907 4568 Angelorum
929 4506 982 4552 et
1001 4497 1232 4552 siderum
1255 4499 1559 4553 testimonio
1577 4539 1593 4566 ,
1616 4514 1784 4568 quan-

196 4593 278 4647 do
305 4591 607 4646 iucarnatus
634 4600 716 4645 est
739 4589 1002 4644 Christus.
1034 4590 1199 4644 Movit
1225 4600 1420 4646 terram
1450 4592 1647 4661 ingenti
1677 4592 1782 4646 mi-

195 4682 389 4740 raculo
408 4722 423 4747 ,
444 4682 512 4737 de
538 4682 653 4751 ipso
678 4681 894 4750 virginis
918 4689 1091 4750 partu.
1121 4681 1282 4734 Movit
1307 4696 1452 4736 mare
1472 4691 1526 4736 et
1543 4681 1744 4736 aridam
1763 4722 1780 4748 ,

195 4791 328 4831 cum
356 4782 410 4829 et
435 4774 486 4828 in
514 4773 701 4828 insulis
729 4782 782 4827 et
802 4773 854 4827 in
876 4773 1004 4827 orbe
1028 4781 1138 4827 toto
1158 4768 1397 4828 Christus
1420 4775 1781 4828 annuntiatur.

201 4871 287 4925 Ita
309 4867 511 4922 moveri
536 4880 721 4920 omnes
750 4872 934 4935 gentes
960 4864 1202 4919 videmus
1226 4865 1294 4919 ad
1318 4864 1499 4919 ﬁdem.
1520 4864 1636 4920 Jam
1657 4879 1784 4920 vero

197 4958 350 5030 quod
377 4958 617 5027 sequitur
638 4997 653 5021 ,
681 4954 749 5009 Et
772 4955 929 5009 veniet
950 4952 1278 5010 Desideratus
1304 4956 1493 5009 cunctis
1517 4956 1743 5026 gentibus
1764 4997 1781 5024 ,

198 5052 274 5107 de
303 5049 593 5103 novissimo
640 5046 754 5115 ejus
787 5054 1123 5115 exspectatur
1162 5045 1390 5100 adventu
1418 5045 1514 5117 (a).
1547 5045 1615 5103 Ut
1641 5048 1783 5102 enim

198 5141 539 5198 desideratus
567 5148 709 5194 esset
736 5138 1164 5209 exspectantibus
1187 5179 1202 5205 ,
1233 5138 1380 5209 prius
1406 5139 1639 5210 oportuit
1658 5155 1782 5195 eum

199 5236 458 5291 dilectum
487 5247 606 5287 esse
630 5230 990 5286 credentibus.

278 5328 335 5381 2.
378 5324 660 5380 Zacharias
689 5323 757 5378 de
785 5322 994 5379 Christo
1021 5330 1076 5378 et
1102 5322 1339 5379 Ecclesia
1372 5340 1385 5376 :
1418 5322 1635 5377 Exsulta
1658 5364 1673 5389 ,
1707 5324 1789 5379 in-

273 5441 289 5471 ι
331 5447 380 5488 ln
404 5436 655 5487 veteribus
678 5435 811 5483 libris
832 5440 1109 5485 constanter
1130 5436 1377 5496 scriptum,
1403 5433 1691 5485 Hiezechiel.

271 5506 292 5535 ³
327 5510 432 5551 Mss.
459 5500 657 5561 aliquot,
681 5504 727 5548 et
750 5496 977 5548 Ecclesia.
999 5497 1170 5545 Cteteri
1202 5497 1311 5547 fere
1331 5511 1519 5558 omnes,
1556 5503 1604 5547 et
1626 5496 1790 5549 Eccle-

250 5578 314 5615 (Β.

198 5580 314 5660 “ab.
331 5631 461 5682 l.0v.,
485 5627 529 5672 et
552 5619 697 5684 ﬁlius.
722 5622 893 5685 verius
914 5627 1039 5684 Mss,
1064 5626 1116 5671 ut
1130 5618 1278 5685 ﬁlius.

274 5690 296 5719 ι
332 5687 496 5735 Plures
518 5683 653 5747 Mss,
678 5683 808 5747 quia.

277 5749 351 5811 (a)
387 5756 453 5796 De
470 5742 701 5811 rsecuudo'
710 5746 921 5794 adventu
955 5746 1123 5811 Christi
1144 5745 1273 5811 hunc
1302 5742 1459 5792 locum
1493 5743 1790 5811 interpreta-

208 5805 297 5862 his"
317 5805 391 5858 est
413 5810 559 5857 etiam
577 5810 980 5869 Justinustuartyr,
997 5810 1046 5858 in
1068 5805 1262 5869 Dialogo
1277 5819 1387 5858 cum
1399 5805 1793 5869 'tryphone.Con-

211 5875 291 5924 fer
309 5873 446 5934 intra,
469 5882 574 5932 cap.
594 5869 669 5917 48.
702 5876 948 5926 ϐοοωευε.

1372 407 1574 465 LIBER
1612 409 1905 469 DECIMUS
1941 412 2278 475 OCTAVUS.

3356 427 3465 485 59A

1890 529 2042 601 quit,
2070 534 2217 587 valde
2242 574 2257 600 ,
2286 535 2395 603 ﬁlia
2423 536 2585 602 Sion;
2602 539 2770 608 jubila
2793 580 2809 607 ,
2850 540 2961 609 ﬁlia
2994 539 3315 596 Jerusalem:
3353 559 3465 598 ecce

1888 619 2001 677 Rea:
2027 633 2143 677 tuus
2168 626 2323 679 veniet
2343 628 2463 694 tibi,
2497 631 2668 700 justus
2690 672 2706 697 ,
2742 640 2790 685 et
2830 634 3088 698 salvator;
3113 634 3219 703 ipse
3246 651 3463 704 pauper,

1887 721 1936 767 et
1957 714 2229 769 ascendens
2250 733 2400 787 super
2422 721 2615 773 asinam
2638 722 2677 787 ί,
2705 730 2751 775 et
2774 739 2925 793 super
2949 725 3143 793 pullum
3172 726 3334 794 ﬁlium
3361 729 3467 781 asi-

1888 818 1969 857 na:
1993 820 2013 858 :
2042 815 2087 859 et
2114 815 2336 877 potestas
2364 808 2475 878 ejus
2512 826 2543 863 a
2571 812 2701 865 mari
2728 828 2882 882 usque
2906 814 2975 867 ad
3002 832 3139 869 mare
3162 856 3177 882 ,
3213 826 3258 870 et
3304 833 3337 869 a
3364 818 3465 886 ﬂu-

1887 894 2104 950 minibus
2126 912 2281 967 usque
2298 898 2367 951 ad
2391 900 2516 967 ﬁnes
2536 909 2681 956 terra:
2698 904 2718 934 ³
2746 902 2928 972 (Zach.
2958 921 3011 959 ιι
3033 946 3049 971 ,
3071 906 3105 961 9
3132 917 3180 960 et
3208 906 3317 977 i0).
3346 908 3461 964 Hoc
3494 898 3503 952 ί

1888 988 2099 1056 quando
2124 988 2317 1046 factum
2363 991 2467 1058 sit,
2507 1003 2567 1047 ut
2604 995 2858 1051 Dominus
2895 996 3136 1053 Christus
3176 1000 3229 1053 in
3269 1000 3461 1057 itinere

1884 1076 2128 1147 jumento
2149 1080 2305 1151 hujus
2325 1085 2535 1153 generis
2555 1094 2791 1142 uteretur
2813 1130 2828 1155 ,
2852 1088 2903 1142 in
2929 1091 3211 1161 Evangelio
3228 1092 3420 1163 legitur
3444 1111 3461 1149 ε

1888 1171 1980 1226 ubi
2008 1182 2062 1228 et
2089 1178 2201 1229 haec
2226 1175 2498 1245 prophetia
2525 1190 2972 1236 commemoratur
2994 1197 3058 1237 ex
3080 1194 3228 1253 parte
3252 1226 3267 1249 ,
3297 1201 3465 1254 quan-

1890 1272 2001 1317 tum
2031 1265 2103 1319 illi
2130 1266 2248 1321 loco
2290 1268 2533 1325 sufﬁcere
2572 1270 2741 1325 visum
2775 1281 2859 1327 est
2899 1272 3129 1344 (Matth.
3158 1292 3246 1329 XXI
3268 1274 3309 1348 ).
3342 1277 3464 1331 Alio

1891 1354 2007 1411 loco
2034 1357 2101 1412 ad
2128 1358 2299 1428 ipsum
2329 1359 2595 1417 Christum
2626 1363 2679 1418 in
2700 1364 2897 1433 Spiritu
2926 1366 3214 1436 prophetiae
3240 1354 3461 1436 loquens

1888 1445 1957 1502 de
1983 1448 2296 1505 remissione
2331 1462 2668 1522 peccatorum
2716 1470 2812 1524 per
2847 1456 2962 1525 ejus
2998 1457 3305 1526 sanguinem
3337 1474 3350 1510 :
3385 1458 3462 1511 Tu

1888 1555 2118 1610 quoque,
2160 1542 2367 1613 inquit,
2413 1545 2467 1598 in
2508 1546 2754 1616 sanguine
2801 1546 3082 1601 testamenti
3134 1548 3206 1601 tui
3254 1548 3463 1603 emisisti

1888 1633 2215 1688 vinctostuos
2242 1635 2304 1688 de
2330 1636 2477 1703 lacu,
2502 1637 2557 1691 in
2592 1653 2689 1707 quo
2732 1654 2834 1691 non
2876 1647 2949 1691 est
2993 1636 3347 1708 aqua(Zaclt.
3374 1654 3460 1705 ιι,

1889 1723 2021 1793 11).
2053 1724 2189 1792 Quid
2230 1741 2326 1795 per
2372 1726 2511 1783 hunc
2555 1728 2727 1783 lacum
2771 1728 2898 1783 velit
2941 1729 3199 1798 intelligi,
3242 1740 3463 1799 possunt

1887 1812 2095 1869 diversa
2126 1816 2350 1883 sentiri,
2392 1818 2550 1873 etiam
2594 1820 2885 1875 secundum
2929 1828 3131 1874 rectam
3172 1820 3329 1877 ﬁdem
3360 1819 3458 1894 (a).

1887 1904 2016 1961 Mihi
2060 1916 2233 1964 tamen
2276 1911 2485 1966 videtur
2525 1927 2631 1967 non
2672 1927 2738 1968 eo
2778 1914 3064 1985 significari
3103 1916 3294 1971 melius
3317 1957 3331 1982 ,
3359 1915 3466 1970 nisi

1887 1997 2133 2055 humanae
2158 2002 2386 2057 miseriae
2411 2003 2605 2058 siccam
2632 2005 3041 2075 profunditatem
3070 2008 3463 2077 quodammodo

1885 2100 1941 2144 et
1968 2092 2202 2147 sterilem
2228 2133 2243 2157 ,
2274 2093 2363 2148 ubi
2404 2109 2509 2149 non
2557 2104 2680 2150 sunt
2720 2094 2912 2151 ﬂuenta
2950 2097 3206 2166 justitiae,
3236 2098 3329 2153 sed
3356 2098 3460 2152 ini—

1885 2182 2102 2253 quitatis
2128 2184 2316 2238 lutum.
2347 2185 2423 2240 De
2464 2185 2565 2242 hoc
2600 2187 2794 2257 quippe
2818 2188 2978 2243 etiam
3006 2188 3058 2243 in
3090 2189 3302 2243 Psalmo
3328 2188 3464 2244 dici-

1889 2283 2013 2328 tur:
2044 2274 2111 2328 Et
2138 2276 2310 2330 eduxit
2340 2293 2419 2331 me
2460 2277 2522 2332 de
2562 2279 2679 2332 lacu
2721 2279 2968 2347 miserim,
3014 2289 3060 2334 et
3101 2281 3163 2334 de
3204 2280 3309 2335 luto
3349 2281 3466 2335 limi

1888 2362 2077 2435 (Psal.
2109 2381 2283 2421 xxxrx
2307 2409 2323 2435 ,
2353 2368 2447 2439 3).

1956 2460 2010 2513 5.
2050 2458 2334 2515 Malachias
2380 2460 2705 2532 prophetans
2753 2461 3088 2529 Ecclesiam,
3147 2478 3305 2533 quam
3359 2478 3459 2534 per

1884 2549 2155 2605 Christum
2183 2551 2451 2607 cernimus
2481 2564 2818 2624 propagatum
2842 2594 2857 2621 ,
2888 2554 3087 2609 Judznis
3124 2555 3469 2623 apertissime

1885 2642 2014 2697 dicit
2039 2658 2106 2697 ex
2133 2658 2355 2713 persona
2386 2644 2478 2700 Dei
2510 2663 2523 2699 :
2552 2644 2674 2698 Non
2702 2653 2774 2700 est
2803 2645 2925 2698 mihi
2954 2644 3183 2699 voluntas
3204 2647 3257 2699 in
3283 2646 3419 2700 vobis
3442 2686 3457 2709 ,

1887 2741 1933 2787 et
1956 2748 2139 2787 munus
2169 2750 2270 2787 non
2294 2735 2563 2805 suscipiam
2591 2735 2655 2789 de
2681 2752 2837 2788 manu
2860 2745 3042 2790 vestra.
3087 2735 3162 2789 Ab
3191 2746 3304 2790 ortu
3329 2736 3463 2790 enim

1883 2822 2008 2877 solis
2031 2840 2189 2893 usque
2216 2826 2284 2878 ad
2308 2840 2538 2880 occasum
2564 2867 2578 2892 ,
2619 2842 2858 2896 magnum
2884 2835 2955 2881 est
2991 2843 3172 2881 nomen
3213 2842 3379 2881 meum
3404 2827 3460 2880 in

1885 2917 2112 2988 gentibus
2132 2958 2146 2985 ,
2173 2928 2217 2972 et
2238 2919 2291 2971 in
2316 2920 2453 2972 omni
2478 2918 2586 2973 loco
2614 2919 2980 2987 sacriﬁcubitur
3016 2928 3064 2973 et
3102 2917 3341 2985 offeretur
3364 2935 3459 2972 no-

1884 3010 2009 3063 mini
2036 3027 2144 3064 meo
2172 3010 2358 3065 oblatio
2385 3012 2574 3065 munda
2596 3027 2617 3065 :
2658 3012 2775 3081 quia
2812 3028 3053 3081 magnum
3088 3028 3267 3064 nomen
3293 3027 3461 3065 meum

1885 3102 1937 3155 in
1962 3102 2188 3174 gentibus
2211 3145 2226 3171 ,
2256 3104 2377 3157 dicit
2400 3103 2648 3158 Dominus
2675 3105 2693 3174 (
2724 3104 2951 3159 Malae/1.
2980 3120 2996 3158 ι
3020 3146 3035 3171 ,
3068 3105 3135 3159 10
3162 3104 3202 3175 ).
3229 3105 3342 3159 Hoc
3369 3120 3460 3160 sa-

1885 3194 2142 3248 criﬁcium
2170 3211 2262 3264 per
2293 3194 2646 3251 sacerdotium
2674 3195 2871 3251 Christi
2900 3195 3190 3253 secundum
3218 3195 3459 3251 ordinem

1884 3284 2306 3352 Melchisedech,
2340 3302 2459 3342 cum
2487 3287 2540 3341 in
2566 3288 2709 3343 omni
2740 3287 2857 3342 loco
2897 3303 2927 3342 a
2963 3288 3093 3342 solis
3136 3298 3258 3342 ortu
3293 3302 3461 3357 usque

1884 3376 1952 3432 ad
1990 3392 2235 3432 occasum
2277 3378 2387 3433 Deo
2424 3379 2534 3447 jam
2576 3378 2850 3433 videamus
2887 3377 3103 3443 offerri,
3144 3377 3463 3433 sacriﬁcium

1885 3478 2063 3525 autem
2089 3469 2392 3525 Judaeorum
2416 3511 2432 3537 ,
2464 3471 2655 3541 quibus
2680 3470 2877 3525 dictum
2904 3479 3019 3535 est,
3066 3470 3188 3525 Non
3226 3479 3301 3525 est
3336 3470 3463 3524 mihi

1883 3559 2113 3613 voluntas
2140 3561 2193 3613 in
2216 3561 2353 3614 vobis
2376 3601 2392 3628 ,
2419 3577 2508 3614 nec
2534 3563 2782 3631 accipiam
2809 3561 2872 3615 de
2897 3562 3127 3615 manibus
3150 3563 3324 3615 vestris
3349 3578 3461 3615 mu~

1885 3668 1982 3705 nus
2004 3693 2018 3717 ,
2051 3667 2292 3707 cessasse
2321 3667 2515 3721 negare
2543 3668 2647 3707 non
2689 3662 2947 3723 possunt;
2986 3653 3113 3723 quid
3146 3654 3319 3709 adhuc
3365 3670 3461 3709 ex-

1884 3752 2127 3812 spectant
2149 3743 2312 3797 alium
2334 3742 2602 3798 Christum
2628 3785 2643 3810 ,
2667 3759 2785 3798 cum
2810 3743 2910 3798 hoc
2932 3744 3070 3813 quod
3093 3744 3460 3814 prophetatum

1885 3836 2067 3906 legunt
2109 3843 2165 3891 et
2206 3836 2477 3905 impletum
2519 3834 2741 3903 vident,
2788 3834 2998 3905 impleri
3037 3852 3142 3890 non
3188 3837 3461 3905 potuerit,

1887 3930 1986 3983 nisi
2018 3944 2113 3998 per
2150 3928 2366 3997 ipsum?
2410 3929 2547 3983 Dicit
2583 3928 2725 3983 enim
2769 3929 2926 3997 paulo
2968 3936 3089 3997 post
3131 3928 3197 3984 de
3240 3930 3355 3998 ipso
3391 3944 3462 3984 ex

1886 4035 2110 4092 persona
2138 4022 2232 4077 Dei
2267 4039 2280 4075 :
2312 4020 2684 4075 Testamentum
2721 4037 2885 4075 meum
2921 4031 3028 4073 erat
3055 4037 3166 4074 cum
3196 4038 3253 4076 eo
3279 4023 3391 4076 vita:
3414 4032 3463 4077 et

1888 4116 2026 4186 pacis
2052 4131 2071 4169 :
2099 4126 2145 4169 et
2175 4114 2291 4169 dedi
2318 4116 2362 4169 ei
2389 4125 2443 4168 ut
2471 4116 2647 4169 timore
2675 4116 2866 4168 timeret
2886 4132 2964 4170 me
2986 4158 3000 4182 ,
3030 4126 3075 4171 et
3097 4132 3128 4168 a
3149 4117 3280 4188 facie
3300 4116 3463 4170 nomi-

1888 4209 1965 4263 nis
1994 4210 2088 4261 mei
2114 4218 2432 4263 revereretur.
2466 4206 2574 4262 Lea:
2600 4209 2821 4262 veritatis
2850 4217 2956 4262 erat
2984 4208 3037 4261 in
3069 4224 3155 4262 ore
3180 4208 3342 4278 ipsius
3366 4248 3383 4275 ,
3410 4208 3464 4261 in

1889 4316 2011 4367 pace
2034 4300 2253 4368 dirigens
2280 4298 2549 4353 ambulavit
2586 4316 2779 4353 mecum
2802 4340 2819 4367 ,
2863 4308 2910 4354 et
2950 4300 3135 4354 multos
3175 4300 3411 4353 convertit
3439 4299 3463 4332 ³

1888 4390 1951 4443 ab
1974 4390 2238 4461 iniquitate
2266 4406 2284 4444 :
2307 4391 2542 4461 quoniam
2568 4389 2703 4445 labia
2718 4392 2989 4446 sacerdotis
3009 4393 3290 4447 custodient
3308 4393 3469 4447 scien-

1891 4482 2013 4536 tiam
2036 4524 2051 4547 ,
2082 4491 2127 4536 et
2152 4482 2309 4554 legem
2334 4483 2583 4552 inquirent
2608 4499 2670 4537 ea:
2694 4498 2780 4536 ore
2803 4483 2914 4553 ejus
2938 4500 2957 4547 ,°
2994 4484 3230 4554 quoniam
3258 4484 3489 4553 angelus.

1891 4575 2098 4630 Domini
2121 4575 2472 4644 omnipotentis
2501 4584 2573 4628 est
2602 4572 2728 4645 (Id.
2753 4590 2789 4628 tt
2813 4614 2827 4637 ,
2857 4574 2951 4629 5-7
2972 4574 3014 4645 ).
3038 4573 3147 4627 Nec
3167 4574 3466 4628 mirandum

1891 4676 1973 4723 est
1994 4708 2009 4733 ,
2031 4666 2152 4737 quia
2168 4666 2545 4735 omnipotentis
2562 4664 2657 4720 Dei
2681 4665 2901 4735 angelus
2921 4663 3093 4719 dictus
3117 4672 3199 4719 est
3222 4663 3467 4719 Christus

1892 4760 2065 4816 Jesus.
2096 4760 2241 4813 Sicut
2268 4758 2411 4811 enim
2456 4770 2645 4813 servus
2681 4767 2903 4828 propter
2935 4755 3167 4811 formam.
3201 4757 3339 4811 servi
3369 4798 3384 4823 ,
3415 4758 3468 4812 in

1892 4867 1995 4923 qua
2018 4851 2167 4907 venit
2191 4850 2259 4905 ad
2284 4849 2568 4913 homines;
2608 4849 2687 4904 sic
2717 4859 2769 4904 et
2795 4849 3015 4919 angelus
3047 4858 3265 4919 pr0pter
3295 4849 3491 4903 Evam-—

1892 4944 2088 5013 gelium
2117 4985 2132 5010 ,
2157 4941 2298 5012 quod
2325 4939 2584 4996 nuntiavit
2602 4941 2927 4996 hominibus.
2951 4940 3082 4995 Nam
3105 4941 3147 4994 si
3169 4956 3339 5011 graeca
3370 4942 3469 4995 ista

1895 5035 2307 5103 interpretemur
2328 5074 2343 5100 ,
2368 5042 2418 5088 et
2446 5032 2793 5103 Evangelium
2819 5034 2957 5088 bona
2990 5033 3248 5087 nuntiatio
3268 5042 3351 5088 est
3376 5074 3391 5098 ,
3416 5042 3470 5088 et

1896 5124 2113 5196 angelus
2136 5125 2370 5179 nuntius.
2403 5124 2479 5179 De
2506 5124 2623 5194 ipso
2662 5123 2857 5193 quippe
2896 5124 3087 5179 iterum
3130 5122 3301 5177 dicit:
3339 5121 3478 5178 Ecce

1960 5324 1979 5357 ί
2014 5322 2148 5372 vind.
2172 5328 2271 5371 Am.
2299 5328 2351 5373 et
2370 5329 2497 5379 Mss,
2520 5320 2723 5372 asittum.

1918 5449 1943 5458 η
1960 5387 2144 5457 {Dom
2168 5384 2392 5447 usquead
2406 5382 2526 5448 ﬁnes
2542 5382 2670 5434 orbis
2692 5390 2853 5434 teme.
2872 5384 3035 5441 Abest,
3057 5381 3204 5443 orbis,
3228 5392 3257 5429 a
3279 5382 3472 5432 exteris

1899 5447 2089 5558 ιώξιέἰε
2120 5509 2287 5570 plures
2302 5508 2613 5570 manuscripti
2633 5508 2773 5569 juxta
2792 5513 2920 5554 Lxx.
2948 5512 3001 5555 At
3038 5505 3171 5566 editi,
3210 5503 3473 5555 ambulabit

1899 5583 2109 5631 mecum,
2122 5568 2177 5620 'et
2210 5568 2380 5619 multos
2404 5568 2654 5618 convertet.

1963 5673 2035 5736 (a)
2070 5681 2140 5736 De
2161 5671 2307 5736 limbo
2340 5679 2792 5736 patrtun,_quorum
2828 5672 2999 5736 animm
3034 5670 3101 5736 ibi
3132 5670 3475 5736 detinebantur

1901 5732 2055 5799 usque
2085 5734 2145 5782 ad
2177 5732 2450 5799 passionem
2472 5733 2657 5799 Christi,
2696 5735 2823 5794 ipsas
2846 5733 3040 5799 tandem
3072 5733 3183 5782 inde
3209 5732 3474 5789 liberantis,

1905 5794 2155 5860 exponunt
2176 5794 2501 5856 Hieronymus,
2520 5794 2735 5857 Cyrillus,
2759 5804 2803 5844 δ.
2820 5796 3038 5855 Thomas,
3062 5808 3185 5857 quos
3206 5806 3377 5843 omnes
3396 5803 3473 5840 re-

1904 5860 2146 5912 centiores
2168 5865 2453 5920 sequuntur.
2487 5863 2730 5913 coquus.
