3976 6574
166 450 273 505 σοι

168 567 335 622 facile
364 568 483 637 quis
512 568 802 638 invenerit,
835 572 974 628 inter
998 587 1131 644 quos
1168 568 1355 631 cuncta
1382 593 1501 647 quze
1527 593 1745 636 sensere

172 662 508 715 conveniant
536 679 548 713 :
583 662 724 731 quod
754 665 1034 720 ostendere
1063 666 1164 723 hoc
1192 683 1353 738 Opere
1393 671 1605 741 longum
1646 682 1747 727 est.

243 748 300 802 2.
330 749 457 817 Quis
481 762 653 806 autem
680 762 839 809 sectae
859 755 1138 824 cujuslibet
1164 767 1347 813 auctor
1371 761 1447 815 sic
1469 771 1551 816 est
1577 762 1628 816 in
1656 762 1754 818 hac

165 840 525 898 dacmonicola
563 845 773 901 civitate
806 848 1161 917 approbatus,
1193 860 1250 905 ut
1276 854 1451 907 creteri
1486 854 1755 924 improba-

166 946 380 1001 rentur,
404 938 492 1006 qui
518 936 722 993 diversa
745 948 799 993 et
820 940 1038 995 adversa
1067 946 1385 998 senserunt?
1410 945 1594 1001 Nonne
1613 946 1752 1018 apud

166 1027 415 1082 Athenas
444 1037 498 1083 et
528 1029 769 1099 Epicurei
797 1032 1089 1099 clarebant,
1119 1045 1417 1092 asserentes
1446 1053 1531 1093 res
1560 1038 1753 1093 buma-

166 1131 273 1170 nas
311 1116 377 1170 ad
416 1117 634 1172 deorum
672 1134 849 1174 curam
893 1136 997 1177 non
1031 1124 1329 1192 pertinere,
1359 1136 1413 1181 et
1439 1126 1634 1194 Stoici,
1662 1128 1753 1197 qui

169 1208 439 1261 contraria
468 1209 774 1275 sentientes,
806 1226 897 1266 eas
925 1214 1031 1282 regi
1070 1223 1228 1284 atque
1256 1218 1446 1272 muniri
1473 1218 1575 1273 diis
1600 1218 1751 1288 adju-

171 1298 383 1352 toribus
418 1307 576 1370 atque
613 1302 870 1357 tutoribus
894 1303 1266 1374 disputabant?
1293 1306 1442 1363 Unde
1469 1311 1633 1363 miror
1659 1324 1753 1365 cur

173 1393 522 1463 Anaxagoras
552 1409 674 1449 reus
700 1394 869 1451 factus
893 1398 998 1463 sit,
1030 1398 1151 1468 quia
1180 1400 1345 1454 solem
1375 1415 1493 1455 esse
1516 1401 1646 1456 dixit
1672 1402 1752 1455 la-

171 1484 354 1553 pidem
382 1485 674 1547 ardentem.
704 1502 901 1556 negans
927 1490 1104 1559 utique
1130 1491 1313 1557 Deum,
1340 1506 1459 1546 cum
1486 1492 1537 1546 in
1565 1490 1751 1547 eadem

169 1576 390 1630 civitate
415 1577 578 1645 gloria
609 1576 843 1632 floruerit
872 1578 1151 1648 Epicurus,
1178 1582 1471 1652 vixeritque
1508 1597 1747 1647 securus,

169 1682 285 1721 non
332 1668 500 1722 solum
537 1668 703 1722 solem
733 1670 816 1724 vel
843 1671 1002 1726 ullum
1034 1672 1263 1727 siderum
1306 1674 1470 1729 Deum
1498 1689 1615 1729 esse
1643 1690 1750 1729 non

167 1760 439 1827 credens,
467 1762 558 1816 sed
588 1777 683 1817 nec
708 1762 926 1830 Jovem,
964 1780 1061 1819 nec
1098 1767 1258 1821 ullum
1288 1766 1505 1821 deorum
1534 1768 1752 1822 omnino

168 1852 233 1907 in
261 1854 459 1908 mundo
494 1854 729 1909 habitare
756 1856 1116 1923 contendens,
1152 1857 1217 1912 ad
1244 1873 1398 1928 quem
1438 1873 1623 1928 preces
1652 1857 1753 1912 ho-

171 1946 379 2000 minum
407 1948 918 2019 supplicationesque
946 1950 1271 2019 perveniant.
1310 1950 1498 2005 Nonne
1527 1950 1598 2004 ibi
1628 1949 1751 2004 Ari-

169 2040 383 2110 stippus
407 2041 458 2093 in
482 2042 746 2111 voluptate
766 2044 1001 2113 corporis
1022 2059 1283 2098 summum
1306 2044 1499 2099 bonum
1521 2059 1746 2115 ponens,

170 2130 248 2184 ibi
292 2132 634 2188 Antisthenes
678 2134 871 2189 virtute
911 2136 1070 2189 animi
1120 2137 1292 2205 potius
1332 2136 1599 2190 hominem
1636 2136 1750 2191 ﬁeri

171 2222 387 2276 beatum
426 2238 735 2279 asseverans
758 2268 772 2291 ,
802 2225 906 2280 duo
948 2227 1245 2297 philosophi
1283 2228 1486 2283 nobiles
1512 2236 1568 2282 et
1594 2228 1750 2283 ambo

167 2316 458 2382 Socratici,
499 2319 550 2372 in
599 2327 704 2373 tam
752 2318 976 2375 diversis
1020 2330 1175 2391 atque
1210 2322 1347 2375 inter
1378 2335 1437 2376 se
1472 2320 1751 2376 contrariis

170 2409 369 2463 linibus
394 2411 513 2464 vitm
535 2426 797 2466 summam
829 2412 1081 2478 locantes,
1112 2428 1337 2483 quorum
1364 2414 1521 2468 etiam
1550 2413 1640 2469 ille
1665 2412 1750 2467 fu-

164 2500 451 2568 giendarn,
495 2502 594 2556 iste
630 2502 1094 2558 administrandam
1135 2504 1359 2573 sapienti
1396 2504 1604 2559 dicebat
1631 2518 1749 2558 esse

168 2594 588 2662 rempublicam,
631 2596 698 2651 ad
747 2611 895 2651 suam
937 2596 1158 2666 quisque
1205 2605 1401 2651 sectam
1444 2595 1747 2651 sectandam

167 2683 462 2755 discipulos
499 2687 888 2757 congregabat?
924 2688 1124 2758 Nempe
1162 2688 1331 2757 palam
1372 2689 1423 2742 in
1465 2688 1748 2757 conspicua

167 2787 230 2833 et
254 2780 524 2833 notissima
557 2782 783 2849 porticu,
818 2782 870 2835 in
899 2782 1207 2853 gymnasiis,
1240 2782 1291 2835 in
1319 2780 1560 2845 hortulis,
1591 2780 1641 2834 in
1668 2779 1749 2833 lo.

167 2870 251 2924 cis
295 2870 516 2937 publicis
555 2887 617 2925 ac
653 2872 903 2939 privatis,
932 2873 1237 2926 catervatim
1277 2887 1372 2941 pro
1401 2886 1494 2925 sua
1525 2871 1749 2941 quisque

166 2960 419 3027 opinione
446 2962 717 3016 certabant
748 2979 761 3016 :
788 2962 877 3016 alii
906 2974 1207 3017 asserentes
1234 2978 1393 3016 unum
1414 3005 1429 3028 ,
1462 2963 1548 3015 alii
1587 2963 1746 3016 innu-

168 3052 453 3106 merahiles
498 3054 757 3118 mundos;
803 3053 973 3120 ipsum
1016 3064 1193 3107 autem
1239 3068 1398 3107 unum
1443 3053 1530 3107 alii
1571 3061 1748 3106 ortum

166 3158 323 3207 esse,
355 3144 443 3197 alii
470 3159 596 3198 vero
623 3145 827 3198 initium
856 3159 961 3198 non
996 3145 1223 3209 habere;
1255 3145 1342 3197 alii
1374 3144 1744 3209 interiturum,

169 3233 261 3287 alii
292 3249 505 3303 semper
545 3233 817 3300 futurum;
850 3234 935 3288 alii
968 3244 1144 3289 mente
1171 3235 1345 3289 divina
1367 3275 1382 3300 ,
1413 3235 1499 3288 alii
1527 3234 1745 3289 fortuitu

168 3336 224 3381 et
250 3326 457 3381 casibus
486 3326 567 3395 agi
600 3344 612 3381 :
637 3326 726 3380 alii
755 3326 1079 3381 immortales
1102 3341 1222 3381 esse
1247 3328 1469 3392 animas,
1495 3325 1583 3379 alii
1606 3341 1749 3380 mor-

170 3419 344 3483 tales;
374 3427 429 3473 et
462 3421 550 3489 qui
583 3420 909 3475 immortales
929 3462 942 3485 ,
970 3421 1059 3475 alii
1089 3421 1287 3475 revolvi
1314 3422 1369 3475 in
1395 3421 1627 3487 bestias,
1655 3421 1746 3475 alii

166 3526 538 3582 nequaquam;
562 3512 650 3583 qui
673 3528 799 3567 vero
824 3514 1096 3578 mortales,
1124 3514 1212 3567 alii
1240 3530 1362 3568 mox
1390 3515 1606 3570 interire
1628 3522 1747 3584 post

166 3618 399 3672 corpus,
440 3603 530 3658 alii
571 3605 746 3659 vivere
784 3604 943 3658 etiam
986 3612 1166 3673 postea
1206 3605 1290 3660 vel
1330 3604 1631 3673 paululum,
1660 3604 1746 3657 vel

165 3696 398 3763 diutius,
429 3713 535 3752 non
574 3706 746 3752 tamen
786 3713 997 3767 semper
1028 3715 1041 3751 :
1072 3697 1161 3751 alii
1198 3696 1252 3751 in
1293 3711 1515 3766 corpore
1543 3698 1745 3751 consti—

167 3798 379 3845 tuentes
409 3790 566 3846 linem
596 3790 742 3855 boni,
770 3791 859 3844 alii
887 3791 937 3845 in
968 3790 1165 3855 animo,
1191 3790 1278 3844 alii
1306 3789 1358 3843 in
1385 3798 1627 3859 utroque,
1655 3789 1743 3843 alii

163 3881 497 3937 extrinsecus
536 3883 704 3952 posita
743 3883 902 3936 etiam
936 3882 1072 3936 bona
1106 3881 1172 3936 ad
1210 3882 1442 3936 animum
1473 3892 1522 3936 et
1551 3897 1744 3951 corpus

163 3972 426 4029 addentes
462 3991 475 4026 :
515 3973 605 4027 alii
650 3974 893 4028 sensibus
936 3973 1174 4043 corporis
1221 3988 1461 4042 semper,
1506 3973 1594 4027 alii
1637 3988 1742 4028 non

155 4078 398 4135 semper,
425 4066 513 4120 alii
542 4081 825 4135 nunquam,
857 4075 1100 4135 putantes
1125 4080 1242 4120 esse
1269 4064 1610 4119 credendum.
1635 4065 1743 4121 Has

154 4166 221 4213 et
250 4156 546 4225 aliaspene
576 4156 986 4215 innumerabiles
1010 4155 1370 4211 dissensiones
1400 4156 1745 4225 philosopho-

155 4263 306 4310 rum,
336 4248 454 4317 quis
482 4263 709 4317 unquam
754 4249 999 4318 populns,
1031 4250 1147 4318 quis
1176 4256 1412 4312 senatus,
1446 4264 1563 4317 qua:
1594 4258 1743 4317 pote—

153 4346 275 4394 stas
304 4339 385 4393 vel
411 4339 637 4409 dignitas
662 4341 866 4409 puhlica
898 4340 1072 4409 impiae
1100 4341 1325 4395 civitatis
1355 4340 1738 4409 dijudicandas,

153 4438 219 4486 et
245 4430 374 4485 alias
397 4432 695 4500 probandas
724 4447 787 4487 ac
824 4432 1175 4501 recipiendas,
1205 4432 1335 4487 alias
1366 4431 1742 4503 improbandas

154 4524 620 4593 repudiandasque
657 4525 891 4592 curavit,
919 4540 982 4580 ac
1011 4541 1115 4578 non
1146 4524 1339 4594 passim
1370 4524 1484 4579 sine
1514 4524 1622 4579 ullo
1650 4524 1740 4594 ju-

154 4615 304 4671 dicio
331 4614 654 4685 confuscque
684 4616 866 4671 habuit
894 4617 947 4671 in
978 4618 1181 4687 gremio
1206 4632 1303 4672 suo
1330 4625 1407 4672 tot
1431 4626 1742 4673 controver-

150 4709 272 4764 aias
298 4709 565 4763 hominum
591 4709 978 4775 dissidentium,
1006 4726 1108 4764 non
1136 4710 1203 4765 de
1229 4712 1369 4781 agris
1395 4719 1448 4766 et
1474 4711 1738 4778 domibus,

152 4799 249 4853 vel
277 4815 606 4870 quacumque
633 4800 933 4869 pecuniaria
962 4801 1199 4865 ratione,
1231 4801 1323 4855 sed
1353 4801 1420 4855 de
1447 4802 1528 4855 his
1557 4802 1737 4867 rebus,

152 4892 354 4964 quibus
379 4901 470 4947 aut
496 4895 688 4948 misere
724 4894 917 4947 vivitur
951 4901 1040 4946 aut
1083 4893 1272 4947 beate?
1301 4892 1397 4948 Ubi
1428 4894 1527 4947 etsi
1565 4894 1740 4964 aliqua

150 5000 286 5041 vera
318 4985 655 5051 dicebantur,
684 4985 873 5041 eadem
913 4985 1125 5039 licentia
1155 4983 1468 5039 dicebantur
1494 4993 1543 5039 et
1574 4984 1738 5046 falsa;

150 5093 378 5151 prorsus
409 5088 465 5133 ut
490 5094 593 5133 non
621 5078 815 5133 frustra
846 5080 964 5133 talis
992 5078 1179 5132 civitas
1207 5078 1485 5149 mysticum
1511 5077 1742 5131 vocabu-

157 5173 268 5226 lum
300 5171 583 5243 Bahylonis
619 5172 903 5241 acceperit.
933 5171 1168 5243 Babylon
1199 5172 1393 5240 quippe
1420 5170 1739 5238 interpreta-

155 5276 247 5318 tur
269 5263 543 5331 Conl'usio,
571 5266 709 5336 quod
737 5281 831 5319 nos
849 5267 956 5335 jam
979 5265 1178 5321 dixisse
1199 5264 1540 5319 meminimus
1563 5263 1740 5331 (Libro

154 5356 251 5422 16,
283 5373 399 5425 cap.
427 5358 482 5423 4,
510 5367 558 5410 et
583 5354 762 5428 alibi).
799 5356 907 5412 Nec
946 5357 1167 5411 interest
1193 5355 1385 5409 diaboli
1421 5354 1561 5423 regis
1589 5353 1739 5423 ejus,

153 5464 315 5520 quam
368 5450 647 5504 contrariis
697 5450 834 5504 inter
884 5464 942 5504 se
988 5450 1227 5503 rixentur
1273 5445 1571 5510 erroribus,
1607 5460 1743 5514 quos

151 5542 347 5597 merito
416 5542 598 5596 multa:
671 5542 934 5612 variaeque
998 5541 1283 5612 impietatis
1352 5540 1553 5609 pariter
1612 5556 1741 5614 pos-

150 5632 311 5687 sidet.

230 5725 283 5778 5.
313 5724 382 5778 At
411 5739 537 5779 vero
574 5738 706 5794 gens
732 5723 823 5779 illa
843 5765 858 5790 ,
886 5724 975 5779 ille
1004 5724 1261 5794 populus,
1290 5725 1375 5778 illa
1400 5724 1584 5779 civitas
1609 5765 1624 5791 ,
1654 5723 1741 5780 illa

153 5817 475 5887 respublica,
506 5818 580 5872 illi
621 5816 891 5883 Israelita,
924 5818 1114 5887 quibus
1151 5816 1351 5872 credita
1384 5825 1506 5871 sunt
1534 5816 1742 5885 eloquia

157 5911 271 5977 Dei,
302 5909 448 5965 nullo
483 5908 642 5966 modo
671 5906 1159 5980 pseudopmpbctas
1187 5922 1306 5964 cum
1338 5909 1477 5964 veris
1504 5908 1745 5978 Prophe-

1369 458 1573 518 LIBER
1610 460 1905 521 DECIMUS
1938 465 2267 524 OCTAVUS.

3325 476 3426 533 602

1858 592 1928 639 trs
1951 584 2061 653 pari
2090 584 2300 639 licentia
2323 585 2339 616 ¹
2366 584 2754 641 confuderunt:
2780 585 2871 641 sed
2898 585 3188 641 concordes
3210 586 3347 641 inter
3367 604 3427 643 se

1852 685 2009 744 atque
2056 674 2109 729 in
2156 675 2301 728 nullo
2344 674 2749 741 dissentientes,
2799 692 3067 731 sacrarum
3111 678 3424 732 Litterarum

1853 781 2071 820 veraces
2095 765 2164 819 ab
2190 766 2268 820 eis
2296 767 2718 836 agnoscebantur
2742 777 2795 822 ct
2822 770 3134 823 tenebantur
3161 778 3422 823 auctores.

1854 853 1956 924 lpsi
1981 856 2059 909 eis
2080 866 2230 909 erant
2250 856 2567 925 philosophi,
2592 857 2692 912 hoc
2712 868 2813 923 est,
2840 869 3103 912 amatores
3128 859 3420 926 sapientiae,

1856 945 1955 1016 ipsi
1984 946 2283 1015 sapientes,
2313 946 2411 1015 ipsi
2438 946 2697 1015 theologi,
2728 947 2824 1016 ipsi
2861 946 3166 1017 prepbetzc‘,
3198 948 3294 1015 ipsi
3325 948 3425 1001 do-

1855 1046 2031 1091 ctores
2058 1037 2331 1105 probitatis
2352 1048 2511 1106 atque
2532 1038 2760 1106 pietatis.
2783 1038 3109 1106 Quicumque
3136 1037 3424 1091 secundum

1856 1127 1976 1182 illos
2003 1128 2177 1196 sapuit
2200 1138 2254 1182 et
2279 1127 2426 1194 vixit,
2458 1143 2563 1181 non
2605 1128 2892 1181 secundum
2924 1126 3186 1191 homines,
3217 1127 3309 1181 scd
3336 1141 3423 1181 se-

1855 1219 2087 1273 cundum
2111 1220 2294 1285 Deum,
2317 1220 2405 1289 qui
2426 1234 2520 1288 per
2537 1234 2631 1275 eos
2650 1219 2854 1273 locutus
2874 1227 2974 1284 est,
3002 1219 3175 1288 sapuit
3198 1228 3251 1271 et
3272 1219 3413 1271 vixit.

1858 1310 1936 1365 lbi
1958 1312 2002 1365 si
2031 1310 2353 1382 prohibitum
2384 1320 2466 1366 est
2492 1312 2826 1382 sacrilegium
2847 1352 2862 1377 ,
2892 1312 3027 1365 Deus
3056 1309 3342 1380 prohibuit.
3367 1305 3430 1364 Si

1855 1404 2053 1459 dictum
2078 1412 2177 1467 est,
2202 1403 2414 1457 Honora
2439 1414 2629 1473 patrem
2649 1414 2787 1457 tuum
2808 1412 2855 1457 et
2878 1412 3085 1456 matrem
3107 1412 3266 1469 tuam,
3288 1402 3428 1455 Deus

1849 1495 2026 1567 jussit.
2056 1496 2112 1551 Si
2139 1495 2335 1550 dictum
2363 1506 2479 1561 est,
2510 1495 2630 1550 Non
2663 1496 3018 1560 mmchaberis,
3062 1493 3183 1547 Non
3217 1493 3428 1546 homici-

1855 1588 1995 1640 dium
2020 1588 2193 1657 facies,
2228 1584 2349 1639 Non
2376 1587 2625 1654 furaberis
2655 1585 2849 1655 (Exod.
2888 1600 2981 1648 xx,
3011 1583 3212 1651 12-15),
3242 1591 3295 1636 et
3321 1597 3426 1635 cae-

1855 1688 1966 1734 tera
2000 1678 2333 1748 hujusrnodi,
2372 1693 2475 1732 non
2516 1678 2629 1731 haec
2673 1693 2768 1731 ora
2805 1677 3064 1742 humana,
3097 1677 3191 1731 sed
3218 1676 3427 1730 oracula

1854 1770 2028 1825 divina
2076 1769 2343 1824 fuderunt.
2389 1766 2651 1838 Quidquid
2698 1768 2998 1839 philosOphi
3036 1768 3248 1837 quidam
3292 1769 3427 1820 inter

1854 1862 1985 1918 falsa
2008 1904 2023 1930 ,
2054 1878 2172 1932 quae
2199 1862 2397 1931 opinati
2424 1870 2579 1924 sunt,
2609 1876 2789 1915 verum
2822 1860 3000 1914 videre
3028 1866 3344 1928 potuerunt,
3376 1867 3428 1912 et

1854 1953 2135 2008 laboriosis
2184 1952 2624 2022 disputationibus
2668 1951 2997 2022 persuadere
3044 1950 3213 2005 moliti
3265 1958 3426 2015 sunt,

1854 2044 1994 2114 quod
2022 2043 2275 2099 mundum
2303 2044 2460 2097 istum
2493 2042 2675 2097 fecerit
2712 2043 2882 2110 Deus,
2909 2057 3136 2110 eumque
3166 2042 3278 2110 ipse
3307 2055 3430 2110 pro-

1852 2136 2246 2190 videntissimus
2274 2135 2627 2200 administret,
2656 2133 2724 2187 de
2754 2133 3031 2187 honestate
3059 2134 3330 2196 virtutum,
3362 2131 3430 2185 de

1853 2243 2035 2282 amore
2072 2228 2283 2297 patrim,
2324 2226 2391 2281 de
2430 2226 2532 2281 ﬁde
2570 2226 2850 2289 amicitim,
2879 2225 2945 2279 de
2987 2224 3142 2278 bonis
3178 2224 3429 2293 operibus

1853 2329 2011 2390 atque
2039 2319 2285 2374 omnibus
2309 2318 2375 2372 ad
2402 2333 2580 2373 mores
2607 2317 2800 2387 probos
2831 2314 3217 2385 pertinentibus
3246 2313 3425 2374 rebus,

1853 2414 2092 2484 quamvis
2132 2412 2428 2466 nescientes
2466 2411 2531 2464 ad
2558 2426 2713 2479 quem
2745 2409 2903 2463 tinem
2930 2418 2983 2463 et
3012 2423 3240 2479 quonam
3271 2405 3430 2459 modo

1852 2513 2032 2559 essent
2058 2504 2158 2557 ista
2187 2502 2363 2555 omnia
2403 2500 2700 2566 referenda,
2734 2498 3076 2569 propheticis,
3110 2497 3209 2553 hoc
3238 2504 3319 2551 est
3343 2496 3429 2549 di-

1852 2595 1988 2649 vinis
2024 2594 2271 2661 vocibus,
2300 2593 2540 2663 quamvis
2582 2607 2678 2661 per
2716 2592 2986 2655 homines,
3020 2591 3071 2643 in
3103 2589 3193 2643 illa
3219 2588 3431 2641 civitate

1852 2686 2046 2757 pepulo
2070 2684 2437 2739 commendata
2466 2692 2607 2749 sunt,
2637 2698 2741 2736 non
2768 2681 3280 2751 argumentationum
3302 2692 3431 2731 con-

1851 2777 2232 2833 certationibus
2271 2776 2572 2839 inculcata;
2613 2784 2669 2827 ut
2708 2789 2813 2828 non
2854 2771 3085 2827 hominis
3128 2769 3427 2839 ingenium,

1850 2870 1942 2925 sed
1974 2870 2065 2923 Dei
2093 2869 2358 2939 eloquium
2389 2875 2728 2922 contemnere
2753 2865 3082 2933 formidaret,
3113 2864 3203 2934 qui
3228 2862 3317 2917 illa
3341 2875 3414 2916 co

1849 2969 2145 3032 gnoscerct.

1850 3118 2073 3175 CAPUT
2112 3116 2271 3171 XLII.
2302 3147 2373 3157 —
2412 3116 2524 3183 Qua
2565 3113 2936 3183 dispensatione
2974 3109 3297 3181 providentia:
3336 3107 3430 3161 Dei

1923 3210 2203 3280 Scriptura:
2223 3223 2381 3261 sacra:
2409 3206 2597 3259 Veteris
2621 3204 2921 3258 Teatamenti
2941 3219 3002 3256 ea:
3022 3202 3215 3255 lteber
3237 3201 3288 3252 in
3309 3214 3430 3270 grte-

1920 3318 2036 3356 cnm
2072 3301 2323 3357 eloquium
2351 3297 2609 3353 translata:
2641 3297 2742 3351 sint
2761 3336 2777 3363 ,
2807 3305 2860 3349 ut
2888 3293 3128 3348 Gentibus
3153 3292 3429 3345 innotesce-

1919 3405 2049 3451 rcnt.

1918 3529 2026 3584 Has
2054 3542 2232 3582 sacras
2256 3526 2486 3581 Litteras
2514 3524 2671 3579 etiam
2705 3535 2840 3576 unus
2866 3519 3311 3575 Ptolemaeorum’
3341 3531 3431 3571 re-

1847 3636 1969 3691 gum
2020 3618 2235 3689 Egypti
2290 3632 2449 3671 nosse
2504 3614 2705 3670 studuit
2754 3623 2807 3668 et
2858 3611 3075 3666 habere.
3128 3609 3258 3664 Nam
3310 3616 3431 3676 post

1846 3711 2134 3767 Alexandri
2173 3707 2507 3772 Macedonis,
2558 3706 2646 3773 qui
2681 3705 2838 3757 etiam
2890 3702 3108 3771 Magnus
3157 3699 3430 3765 cognomi-

1847 3815 2005 3861 natus
2045 3813 2159 3867 cst,
2207 3798 2722 3857 mirificentissimam
2767 3795 3088 3861 minimeque
3128 3792 3427 3845 diuturnam

1847 3899 2172 3969 potentiam,
2201 3909 2300 3964 qua
2342 3893 2642 3947 universam
2682 3888 2892 3949 Asiam,
2934 3886 3042 3938 imo
3084 3898 3219 3951 pene
3258 3891 3426 3934 totum

1845 3991 2054 4055 orbem,
2078 3986 2264 4055 partim
2296 3983 2344 4036 vi
2373 3992 2426 4037 et
2453 3981 2633 4044 armis,
2678 3978 2865 4047 partim
2895 3984 3097 4029 terrore
3122 3973 3421 4040 subegerat,

1844 4081 2054 4153 quando
2084 4079 2222 4132 inter
2247 4085 2437 4130 cmtera
2466 4071 2698 4128 Orientis
2718 4070 2738 4101 ³
2766 4069 2922 4122 etiam
2953 4065 3187 4121 Iud-.cam
3217 4064 3425 4130 ingres-

1844 4187 1935 4228 sus
1963 4169 2218 4231 obtinuit;
2250 4182 2314 4221 eo
2344 4174 2552 4219 mortuo
2590 4162 2811 4216 comites
2846 4160 2961 4227 ejus
2986 4198 3000 4221 ,
3041 4171 3162 4208 cum
3202 4166 3423 4222 regnum

1844 4264 1974 4321 illud
2014 4260 2399 4331 amplissimum
2446 4272 2549 4311 non
2595 4252 2809 4325 pacifice
2852 4251 2991 4306 inter
3032 4264 3090 4302 se
3129 4243 3426 4316 possessuri

1845 4357 2182 4419 divisissent,
2216 4353 2307 4408 sed
2338 4351 2508 4421 potius
2534 4349 2916 4417 dissipassent,
2944 4343 3097 4397 bellis
3125 4340 3300 4395 omnia
3328 4353 3426 4392 va-

1844 4450 2071 4511 staturi,
2114 4446 2430 4502 Ptolemaaos
2472 4455 2627 4511 reges
2670 4439 2868 4493 habere
2913 4436 3077 4504 ςωρὶι
3110 4432 3370 4503 [Εεγριιιε
3409 4446 3425 4483 :

1843 4555 2069 4612 quorum
2096 4539 2298 4608 primus
2325 4535 2450 4605 Lagi
2482 4533 2639 4599 ﬁlius,
2667 4530 2862 4584 multos
2888 4543 2954 4581 ex
2979 4525 3161 4581 Judara
3190 4523 3427 4592 captivos

1844 4636 1897 4689 in
1927 4634 2216 4703 Egyptum
2260 4628 2546 4683 transtulit.
2590 4624 2724 4679 lluic
2761 4631 2937 4675 autem
2974 4617 3263 4672 succedens
3291 4614 3425 4667 alius

1844 4726 2161 4781 Ptolemaeus
2180 4763 2195 4787 ,
2224 4720 2312 4789 qui
2351 4727 2434 4772 est
2474 4714 2771 4785 appellatus
2799 4708 3177 4776 Philadelphus
3197 4745 3211 4771 ,
3241 4718 3426 4758 omnes

1844 4831 1978 4887 quos
2008 4814 2097 4868 ille
2125 4811 2416 4867 adduxerat
2444 4807 2770 4876 subjugatos,
2797 4802 2993 4856 liberos
3025 4798 3200 4853 redire
3229 4796 3425 4865 permi-

1843 4912 1913 4965 sit
1942 4926 1954 4963 :
1986 4908 2203 4975 insuper
2226 4913 2279 4958 et
2304 4902 2441 4957 dona
2466 4900 2610 4970 regia
2641 4899 2694 4952 in
2727 4896 2981 4963 templum
3021 4892 3115 4946 Dei
3144 4889 3305 4954 misit,
3334 4903 3427 4957 pe.

1844 5000 2062 5068 tivitque
2089 4996 2155 5051 ab
2182 4996 2434 5049 Eleazaro
2461 4998 2586 5044 tunc
2617 4985 2884 5058 pontifice,
2913 4983 3025 5037 dari
3055 4981 3153 5035 sibi
3181 4978 3424 5047 Scriptu-

1843 5106 1949 5157 ras,
1977 5102 2109 5159 quas
2137 5084 2376 5156 profecto
2405 5082 2644 5137 audierat
2670 5079 2807 5133 fama
2838 5075 3159 5146 prmdicante
3187 5070 3424 5134 divinas;

1843 5191 1898 5237 et
1940 5181 2060 5235 ideo
2106 5176 2483 5244 concupiverat
2528 5171 2727 5226 habere
2769 5170 2823 5223 in
2869 5165 3219 5226 bibliotheca,
3266 5174 3424 5229 quam

1845 5271 2228 5327 nobilissimam
2255 5268 2480 5323 fecerat.
2509 5265 2614 5318 Has
2641 5263 2688 5317 ei
2719 5276 2838 5316 cum
2879 5259 3019 5313 idem
3056 5254 3289 5326 pontifex
3320 5252 3424 5306 mi-

1844 5366 2003 5419 sisset
2030 5363 2288 5424 hebrazas,
2316 5367 2436 5429 post
2456 5358 2614 5411 etiam
2645 5355 2732 5409 ille
2763 5353 3079 5419 interpretes
3107 5344 3425 5416 postulavit;

1844 5466 1900 5510 et
1923 5454 2028 5509 dati
2060 5460 2183 5507 sunt
2220 5448 2553 5520 septuaginta
2592 5446 2697 5498 duo
2721 5485 2735 5509 ,
2774 5442 2841 5496 de
2883 5438 3104 5509 singulis
3146 5433 3427 5489 duodecim

1847 5545 2088 5602 tribubus
2116 5543 2232 5598 seni
2270 5541 2514 5596 homines
2533 5579 2548 5605 ,
2577 5536 2769 5605 lingua:
2800 5532 3071 5599 utriusque
3099 5524 3425 5589 doctissimi,

1913 5728 1931 5760 ί
1968 5733 2018 5774 tn
2041 5722 2396 5784 manuscriptis.
2422 5718 2665 5784 parilitate
2688 5713 2909 5767 licentiw.

1911 5791 1932 5821 ²
1964 5796 2141 5837 Omnes
2167 5774 2313 5847 prepe
2336 5774 2464 5847 tussi,
2490 5780 2853 5831 Ptolomazorum
2881 5788 2899 5826 :
2925 5780 2975 5825 ct
2995 5778 3291 5830 constanter,
3314 5774 3423 5820 Pto-

1852 5853 2060 5907 lomeus,
2100 5845 2225 5901 loco.
2252 5845 2545 5896 Ptolemaeus.
2580 5905 2592 5907 _
3213 5896 3222 5905 .
3262 5894 3293 5907 _.

1917 5912 1938 5947 ⁸
1972 5901 2107 5974 aliti,
2132 5908 2338 5961 Orientis
2360 5919 2524 5972 regna.
2548 5905 2711 5967 Abest,
2743 5914 2910 5966 regna,
2942 5913 2970 5950 a
2991 5901 3337 5958 manuscripts.
