4004 6532
438 415 542 469 605

438 531 665 588 balinea:
687 529 882 586 scilicet
905 538 1060 599 atque
1081 543 1283 599 graecae
1308 528 1540 595 Quorum
1564 530 1925 600 interpretatio
1949 539 2005 584 ut

440 623 781 691 Septuaginta
813 630 1055 683 vocetur,
1097 621 1205 688 jam
1243 620 1469 674 obtinuit
1495 621 1840 674 consuetudo.
1869 621 2004 674 Tra-

443 713 583 766 ditur
608 728 734 766 sane
765 722 866 764 tam
896 711 1188 765 mirabilem
1213 726 1274 764 ac
1303 711 1620 779 stupendum
1647 713 1904 782 pleneque
1928 713 2006 765 di-

444 804 618 855 vinum
651 804 698 855 iu
729 818 911 856 eorum
943 803 1119 857 verbis
1145 801 1306 855 fuisse
1334 817 1648 856 causensum
1671 843 1684 866 ,
1713 811 1770 854 ut
1794 818 1912 856 cum
1941 801 2007 856 ad

445 890 546 945 hnc
581 907 710 960 opus
739 892 1021 960 separatim
1049 892 1239 960 singuli
1269 893 1501 946 sederint
1527 893 1634 960 (ita
1656 893 1794 946 enim
1825 907 2007 946 eorum

448 983 602 1036 ﬁdem
633 983 915 1036 Ptolemaeo
945 984 1142 1052 placuit
1169 985 1511 1052 explorare),
1553 985 1606 1038 in
1643 985 1787 1039 nullo
1814 983 2006 1049 verho,

446 1073 585 1141 quod
619 1073 756 1128 idem
783 1074 1107 1142 signiﬁcaret
1133 1082 1187 1128 et
1216 1074 1536 1129 tantumdem
1579 1076 1812 1140 valeret,
1847 1075 1928 1129 vel
1958 1076 2010 1129 in

447 1164 732 1218 verborum
772 1165 957 1218 ordine
981 1207 997 1230 ,
1040 1166 1173 1218 alter
1212 1166 1278 1218 ab
1318 1165 1484 1220 altero
1520 1165 1885 1233 discreparet:
1919 1165 2012 1220 sed

448 1263 694 1324 tanquam
725 1271 860 1309 unus
889 1265 1033 1310 esset
1057 1257 1315 1326 interpres
1335 1298 1350 1322 ,
1380 1257 1448 1310 ita
1475 1256 1612 1326 quod
1637 1271 1822 1310 omnes
1848 1256 2014 1311 inter-

447 1347 638 1414 pretati
679 1357 832 1413 sunt,
877 1364 1036 1402 unttm
1074 1357 1186 1402 erat
1219 1366 1230 1400 :
1261 1349 1505 1418 quoniam
1546 1365 1604 1403 re
1630 1365 1752 1403 vera
1789 1349 2014 1418 Spiritus

447 1448 565 1493 erat
593 1454 728 1493 unus
755 1441 807 1493 in
839 1441 1081 1494 omnibus
1109 1440 1200 1509 (τι).
1245 1441 1309 1493 Et
1346 1439 1464 1493 ideo
1504 1449 1606 1494 tam
1647 1441 1883 1494 mirabile
1923 1440 2016 1494 Dei

450 1545 644 1583 munus
667 1539 1000 1598 acceperant,
1027 1537 1082 1583 ut
1103 1530 1306 1583 illarum
1334 1529 1743 1599 Scripturarutn,
1772 1546 1875 1584 non
1901 1540 2018 1584 tan-

451 1638 608 1691 quam
641 1623 1009 1688 humanarum,
1041 1623 1130 1676 sed
1159 1623 1295 1676 sicut
1334 1631 1504 1688 erant,
1539 1632 1786 1691 tanquam
1817 1622 2020 1676 divina-

451 1729 606 1772 rum.
646 1715 803 1768 etiam
855 1715 954 1768 isto
996 1714 1152 1769 modo
1195 1713 1655 1768 commendaretur
1695 1715 2016 1780 auctoritas,

453 1802 735 1857 credituris
771 1804 1084 1874 quandoque
1121 1803 1362 1874 gentibus
1402 1803 1707 1873 profutura,
1739 1805 1876 1874 quod
1911 1804 2018 1874 jam

453 1891 695 1946 videmus
723 1893 988 1946 effectum.

455 1981 679 2037 CAPUT
704 1982 881 2036 XLIII.
905 2013 976 2022 —
996 1983 1071 2036 De
1098 1984 1392 2037 auctoritate
1422 1983 1756 2053 Septuaginta
1782 1985 2023 2052 interpreo

527 2083 652 2141 tum,
681 2091 809 2144 quae,
839 2076 975 2129 salvo
1014 2077 1201 2130 honore
1230 2075 1412 2130 hcbrwi
1439 2077 1562 2142 stili,
1588 2077 1814 2130 omnibus
1847 2077 1910 2129 sit
1940 2077 2023 2130 in-

529 2165 821 2232 terpretibus
847 2167 1178 2235 prmfei'enda.

529 2253 659 2307 Nam
688 2269 806 2307 cum
839 2255 1031 2309 fuerint
1058 2264 1112 2310 et
1137 2255 1223 2309 alii
1250 2255 1586 2324 interpretes,
1612 2255 1698 2323 qui
1725 2269 1787 2309 ex
1817 2253 2026 2308 hehrzea

460 2345 634 2414 lingua
664 2345 716 2398 iu
737 2361 960 2415 grtecam
989 2362 1137 2400 saera
1167 2347 1248 2400 illa
1277 2347 1482 2416 eloquia
1507 2347 1905 2409 transtulerunt,
1928 2347 2030 2399 sic—

460 2443 520 2489 ut
545 2435 732 2504 Aquila
753 2477 767 2500 ,
796 2435 1146 2507 Symmachus
1165 2477 1180 2502 ,
1207 2437 1534 2491 Theodotion
1557 2453 1571 2500 ;
1599 2437 1734 2491 sicut
1757 2437 1914 2490 etiam
1943 2436 2029 2489 illa

461 2535 544 2578 est
568 2526 950 2594 interpretatio,
981 2527 1130 2594 cujus
1154 2536 1338 2581 auctor
1364 2542 1469 2580 non
1499 2537 1741 2596 apparet,
1765 2537 1817 2581 et
1842 2527 1910 2580 ob
1931 2527 2032 2582 hoc

463 2615 579 2669 sine
601 2616 812 2670 nomine
832 2616 1152 2683 interpretis,
1177 2616 1367 2683 Quinta
1389 2616 1550 2670 editio
1575 2625 1904 2685 nuncupatur
1924 2616 2028 2684 (b):

463 2703 600 2758 hanc
624 2713 797 2758 tamen
822 2721 938 2775 qua:
964 2705 1301 2776 Septuaginta
1329 2716 1429 2771 est,
1459 2715 1704 2776 tanquam
1734 2707 1842 2760 sola
1869 2715 2030 2772 esset,

463 2796 541 2849 sic
565 2796 766 2866 recepit
790 2796 1040 2860 Ecclesia,
1067 2812 1232 2867 eaque
1255 2806 1469 2852 utuntur
1489 2797 1658 2853 Graeci
1683 2801 1857 2867 p0puli
1883 2798 2035 2853 Chri-

465 2887 643 2952 stiani,
665 2903 885 2957 quorum
911 2889 1144 2958 plerique
1164 2898 1339 2943 utrum
1363 2890 1461 2942 alia
1489 2889 1557 2943 sit
1576 2889 1745 2958 aliqua
1773 2890 2031 2958 ignorant.

467 2980 544 3034 Ex
580 2981 675 3036 hac
705 2981 1043 3052 Septuaginta
1089 2981 1518 3050 interpretatione
1547 2981 1704 3035 etiam
1741 2981 1792 3034 in
1822 2981 2037 3034 latinam

464 3073 694 3142 linguam
725 3075 1122 3143 interpretatum
1152 3073 1399 3142 estquod
1439 3073 1689 3127 Ecclesia:
1727 3071 1927 3125 Latina:
1954 3081 2034 3126 te-

467 3175 594 3218 nent
633 3163 724 3235 (c).
770 3165 1020 3231 Quamvis
1062 3181 1165 3218 non
1209 3164 1436 3217 defuerit
1475 3162 1800 3231 temporibus
1844 3162 2038 3216 nostris

467 3256 742 3326 presbyter
767 3255 1136 3326 Hieronymus,
1162 3255 1322 3308 homo
1345 3253 1702 3316 doctissimus,
1726 3262 1780 3307 et
1802 3253 2037 3306 omnium

468 3341 628 3393 trium
659 3341 950 3410 linguarum
987 3345 1220 3409 peritus,
1251 3340 1339 3408 qui
1378 3354 1483 3392 non
1512 3354 1577 3392 ex
1617 3353 1821 3407 grteco,
1852 3338 1943 3392 sed
1974 3353 2038 3392 ex

469 3429 684 3485 hebraao
713 3432 763 3484 in
793 3431 1012 3484 latinum
1042 3431 1308 3500 eloquium
1338 3430 1549 3484 easdem
1579 3431 1882 3500 Scripturas
1909 3445 2039 3485 cono

470 3520 712 3574 verterit.
752 3519 857 3574 Sed
899 3519 1011 3590 ejus
1054 3529 1159 3573 tam
1201 3520 1489 3574 litteratum
1533 3519 1762 3574 laborem
1801 3520 2040 3588 quamvis

469 3608 637 3665 Judmi
675 3609 940 3664 fateantur
977 3625 1096 3664 esse
1122 3625 1363 3664 veracem
1389 3651 1403 3673 ,
1433 3610 1770 3678 Septuaginta
1799 3624 1926 3664 vero
1955 3610 2038 3662 in-

471 3709 728 3770 terpretes
754 3703 806 3756 in
834 3703 1013 3756 multis
1038 3717 1244 3756 errasse
1273 3701 1624 3767 contendant;
1655 3711 1829 3756 tamen
1859 3701 2040 3756 Eccle-

470 3794 564 3847 sia:
583 3791 774 3846 Christi
800 3801 876 3847 tot
901 3792 1171 3846 hominum
1196 3793 1515 3855 auctoritati,
1543 3793 1609 3846 ab
1634 3793 1889 3846 Eleazaro
1912 3802 2040 3847 tunc

471 3885 720 3956 pontiﬁce
763 3885 830 3940 ad
875 3886 976 3940 hoc
1019 3893 1218 3940 tantum
1257 3901 1390 3956 opus
1418 3887 1739 3949 electorum,
1774 3886 2037 3940 neminem

533 4017 606 4078 (τι)
631 4015 836 4065 Aliorum
852 4023 1040 4078 Patrum
1067 4023 1118 4078 et
1141 4015 1343 4064 Philonis
1365 4016 1510 4064 Judzei
1531 4014 1659 4078 locos
1680 4015 1855 4078 (lehac
1876 4029 1932 4065 re
1949 4015 2042 4066 col-

471 4076 597 4140 legit
611 4086 870 4140 Coquzeus;
895 4077 1080 4140 aliquos
1102 4077 1254 4125 habes
1276 4079 1322 4140 in
1346 4077 1500 4140 notati
1518 4077 1574 4140 ad
1596 4077 1706 4140 libri
1734 4077 1798 4125 de
1823 4081 2040 4128 Doctrina

471 4137 729 4187 christiana
755 4139 952 4187 secundi
976 4137 1116 4199 caput
1144 4140 1217 4197 lii,
1245 4137 1323 4186 vel
1347 4153 1395 4186 n.
1423 4137 1499 4195 22,
1526 4139 1606 4186 ubi
1643 4141 1934 4200 Augustinus
1957 4152 2040 4187 ea-

471 4200 585 4248 dem
602 4201 769 4248 refert.
791 4201 1100 4260 Hieronymus
1126 4200 1191 4247 ibi
1214 4206 1516 4260 comparatus
1552 4200 1653 4247 [nec
1677 4213 1781 4259 pro,
1810 4217 1832 4243 α
1849 4200 2041 4248 menda-

481 4277 506 4306 ι
527 4262 601 4308 cio
623 4277 645 4303 1
675 4260 841 4314 habet,
867 4273 976 4320 quae
1001 4268 1182 4308 tantum
1218 4262 1266 4308 iu
1311 4260 1502 4308 modum
1522 4268 1814 4308 exornantur
1837 4262 1885 4308 in
1918 4260 2042 4310 libro

473 4321 539 4369 de
563 4322 762 4368 Historia
791 4321 1111 4383 translationis
1133 4321 1454 4383 Septuaginta,
1479 4322 1562 4383 qui
1585 4321 1677 4383 sub
1714 4322 1912 4368 Aristete
1951 4335 2040 4383 no-

477 4383 606 4442 mine
630 4381 958 4429 circumfertur
974 4389 1025 4429 et
1038 4382 1244 4442 Josepbo
1259 4381 1557 4430 tribuebatur
1580 4381 1710 4442 olim.
1736 4387 1803 4429 De
1826 4394 1923 4442 quo
1947 4381 2041 4440 jam

475 4441 739 4490 Ludovicus
763 4444 902 4491 \‘ives
927 4455 938 4489 :
971 4460 992 4486 ι
1013 4440 1259 4503 Conﬁctus,
1289 4451 1341 4490 ut
1368 4449 1496 4503 puto,
1523 4443 1584 4490 ab
1622 4440 1782 4503 aliquo
1803 4440 2042 4491 recentio-

483 4520 508 4548 ι
529 4516 602 4550 re.
628 4518 650 4545 ι
673 4529 732 4538 —-
751 4503 918 4564 Fabula
936 4503 1040 4552 hazc
1061 4502 1122 4550 de
1148 4510 1288 4552 LXXII
1309 4502 1655 4564 interpretibus
1673 4502 1946 4562 jamdudum
1965 4511 2042 4554 est

476 4565 540 4614 ab
565 4564 764 4626 eruditis
789 4563 1002 4626 exitiosa.
1046 4581 1068 4610 α
1085 4571 1258 4614 Graeca:
1276 4563 1529 4626 versionis,
1554 4582 1576 4608 iv
1613 4564 1834 4626 inquiunt
1866 4571 2042 4625 Sange-

477 4625 699 4674 uovefaui
724 4627 770 4674 in
791 4629 890 4674 suis
912 4625 1160 4682 Thesibus,
1188 4628 1268 4676 die
1286 4627 1346 4674 25
1362 4625 1484 4686 julii,
1513 4625 1648 4678 1701,
1681 4625 1702 4670 ἐι
1726 4639 1821 4673 non
1846 4638 1931 4674 eos
1953 4640 2040 4674 au-

484 4703 508 4732 ι
529 4695 688 4736 ctores
707 4686 905 4735 dicimus
924 4699 1044 4737 auos
1079 4688 1289 4737 venditat
1314 4689 1574 4736 ementitus
1600 4687 1821 4735 Aristeas.
1853 4703 1874 4730 ι
1913 4695 2040 4735 [lm-

484 4703 508 4732 ι
529 4701 688 4736 ctores
707 4701 905 4735 metmus
958 4701 1044 4734 uos
1079 4701 1289 4737 venditat
1314 4701 1574 4736 ementitus
1600 4701 1821 4735 artswas.
1853 4703 1874 4730 ι
1913 4701 2040 4735 mn-

477 4747 907 4798 nmsus.—Aniles
924 4701 1134 4806 (iahulre,
1160 4749 1291 4798 nullo
1329 4749 1501 4798 idoneo
1533 4757 1730 4798 auctore
1769 4747 1985 4808 ﬁrmatae,
2011 4761 2041 4798 a

479 4810 653 4871 Judgcis
675 4816 726 4857 et
747 4809 1018 4871 Christianis
1042 4812 1340 4871 excogitatae.
1368 4818 1595 4858 Lanarum.

541 4869 610 4930 (ὁ)
636 4869 810 4936 aquila,
831 4870 972 4918 homo
994 4869 1333 4936 senii-Judazus
1346 4880 1395 4936 et
1415 4870 1863 4936 SCllliftlllriSllaDUS,
1889 4870 2057 4936 inter-3.

511 4933 796 4980 relationem
827 4944 959 4978 suam
984 4932 1131 4980 edidit
1151 4935 1242 4981 sub
1274 4933 1488 4989 Adriano,
1513 4934 1638 4980 circa
1678 4943 1852 4977 annum
1871 4931 2041 4980 Christi

508 4992 584 5050 50,
612 5001 715 5053 post
737 4994 1042 5054 Septuaginta
1065 4994 1326 5054 editionem
1344 4992 1521 5054 elapsis
1543 4993 1683 5054 annis
1701 4991 1803 5050 plus
1816 4991 2042 5054 quadrin-

477 5050 656 5114 gentis.
677 5050 975 5117 Syuimachus
999 5053 1263 5117 proselytus
1283 5050 1529 5117 suam—sub
1546 5050 1735 5117 Aurelio
1751 5052 1829 5117 vel
1842 5050 2039 5117 VsuliSe-

477 5113 598 5162 vero
618 5113 825 5176 scripsit,
849 5116 971 5162 circa
995 5113 1172 5163 annum
1197 5117 1364 5164 Christi
1409 5114 1516 5162 200.
1553 5113 1864 5176 Theodotion,
1889 5115 2042 5176 primo

479 5174 742 5225 Marcionita
767 5184 817 5225 et
839 5184 1003 5236 postea
1018 5177 1226 5235 Judzeus,
1246 5190 1380 5226 suam
1397 5182 1510 5223 ante
1534 5175 1858 5236 Symmachum
1879 5174 2041 5222 wnfe-

477 5237 561 5298 cit,
582 5250 675 5284 non
699 5236 842 5298 longe
866 5249 893 5284 a
919 5245 1134 5297 tempore
1168 5237 1424 5294 Commodi,
1448 5237 1639 5298 circiter
1659 5247 1832 5282 annum
1871 5236 2040 5284 Christi

484 5296 590 5347 180.
615 5304 744 5360 ltnnc
768 5296 1072 5359 Augustinus
1097 5301 1401 5360 Epiphanium
1438 5297 1912 5360 aliosqucsecutns,
1923 5304 2043 5360 post

479 5359 806 5427 Symmachum
824 5356 1073 5427 memorat,
1098 5356 1162 5408 ob
1182 5356 1231 5408 id
1269 5356 1622 5427 forsitatrquOd
1669 5356 1716 5403 iu
1739 5356 1960 5427 Ijexaplis
1980 5358 2043 5406 ab

479 5421 688 5482 Origene
713 5424 860 5481 posita
887 5428 1018 5469 esset
1030 5421 1166 5481 juxta
1192 5421 1368 5482 Aquiltn
1410 5419 1671 5467 editionem
1694 5419 1819 5479 prior
1839 5427 2042 5482 Symma-

479 5480 578 5538 chi,
604 5488 654 5528 et
677 5480 1271 5539 pnstcrior'rhetidotionis
1309 5481 1471 5529 editio.
1521 5487 1659 5528 Porro
1704 5480 1880 5540 przetcr
1901 5481 2044 5537 Quin-

483 5549 579 5588 tam
625 5541 882 5591 editionem
919 5544 1162 5591 inventam
1199 5543 1523 5597 literichunte,
1570 5543 1708 5602 cujus
1729 5541 1804 5588 hic
1826 5543 2044 5602 meminit

484 5604 786 5662 Augustinus,
821 5603 1094 5653 celebratur
1133 5611 1184 5653 et
1218 5612 1357 5654 Sexta
1400 5604 1543 5651 editio
1587 5601 1782 5650 iuventa
1818 5601 2040 5662 Nicopoli,

480 5669 686 5725 utraque
710 5665 932 5725 Itexaplis
967 5666 1136 5716 iisdem
1158 5665 1473 5724 Origenianis,
1509 5670 1562 5712 ut
1584 5662 1764 5725 ferunt,
1787 5663 1955 5725 quinto
1992 5669 2044 5711 et

481 5721 626 5832 sciit?
649 5721 752 5774 loco
774 5721 970 5775 inserta.
1002 5727 1092 5775 Sed
1121 5721 1264 5777 Sexta
1290 5725 1369 5775 illa
1407 5726 1668 5788 Augustino
1700 5721 1859 5785 ignota
1894 5722 2042 5773 fuisse

481 5797 546 5832 vn
563 5799 592 5832 e
615 5799 685 5832 ur.

481 5794 685 5835 Videtur.

545 5847 617 5911 (ε)
649 5846 776 5899 Conf.
805 5846 886 5896 lib.
913 5846 944 5898 ‘2
963 5847 1026 5898 dc
1056 5856 1182 5900 Doct.
1209 5849 1394 5911 Christ.,
1420 5859 1467 5895 n.
1495 5843 1550 5893 21
1577 5850 1628 5894 et
1649 5853 1788 5904 seqq.

1517 414 1603 468 DE
1641 414 1950 470 CIVITATE
1990 415 2116 476 DEI.
2157 414 2214 471 S.
2261 414 2620 474 AUGUSTINI

3576 414 3677 469 601

2103 529 2342 600 judicaut
2364 528 2740 600 praeferendum
2769 545 2784 582 :
2815 529 2934 599 quia
2961 528 3058 584 etsi
3089 542 3193 582 non
3224 527 3276 581 in
3307 526 3385 582 eis
3414 541 3552 580 unus
3582 540 3685 593 ap-

2111 623 2370 690 paruisset
2394 621 2640 690 Spiritus,
2668 622 2780 675 sine
2807 620 3131 674 dubitatione
3155 619 3384 684 divinus,
3414 617 3510 672 sed
3543 617 3686 671 inter

2109 726 2167 766 se
2196 712 2354 766 verba
2385 712 2830 781 interpretationis
2859 726 2966 765 suae
2991 711 3328 780 Septuaginta
3357 710 3499 764 docti
3532 723 3688 762 more

2110 803 2382 858 hominum
2421 804 2794 866 contulissent,
2828 813 2886 858 ut
2926 802 3067 873 quod
3107 802 3396 873 placuisset
3431 800 3692 855 omnibus

2111 895 2212 950 hoc
2241 904 2506 959 maneret,
2539 897 2714 950 nullus
2751 896 2826 950 eis
2866 910 3000 948 unus
3034 895 3296 964 interpres
3323 893 3505 948 debuit
3533 903 3695 946 ante-

2110 985 2268 1054 poni;
2297 1000 2416 1039 cum
2447 1000 2574 1040 vero
2601 994 2800 1039 tantum
2831 986 2884 1039 in
2912 984 2989 1040 eis
3024 985 3230 1054 signum
3259 983 3558 1037 divinitatis
3587 997 3696 1050 ap-

2113 1077 2320 1144 paruit,
2364 1075 2601 1146 profecto
2629 1079 2866 1148 quisquis
2894 1078 3025 1132 alius
3055 1077 3260 1131 illarum
3290 1075 3696 1143 Scripturarum

2113 1183 2178 1222 ex
2222 1169 2430 1223 hebraea
2470 1171 2520 1224 in
2551 1170 2836 1239 quamlibet
2868 1171 3021 1224 aliam
3051 1170 3282 1240 linguam
3311 1169 3578 1237 interpres
3609 1175 3702 1220 est

2114 1275 2295 1325 verax,
2320 1271 2410 1316 aut
2435 1263 2675 1332 congruit
2697 1263 2795 1316 illis
2817 1263 3152 1332 Septuaginta
3178 1262 3579 1332 interpretibus,
3601 1267 3704 1312 aut

2116 1351 2160 1405 si
2187 1367 2475 1422 congruere
2500 1369 2602 1408 non
2632 1354 2856 1420 videtur,
2883 1353 3105 1408 altitudo
3131 1353 3200 1407 ibi
3232 1351 3541 1422 pr0phetica
3571 1363 3705 1405 esse

2117 1440 2377 1495 credenda
2418 1451 2516 1498 est.
2559 1443 2786 1513 Spiritus
2824 1445 2961 1498 enim
3001 1445 3090 1514 qui
3131 1444 3181 1498 in
3229 1444 3512 1514 PrOpbetis
3538 1450 3704 1504 erat,

2117 1535 2328 1602 quando
2355 1535 2440 1588 illa
2469 1536 2730 1600 dixerunt,
2763 1538 2898 1592 idem
2928 1537 3040 1606 ipse
3069 1545 3182 1592 erat
3205 1536 3361 1590 etiam
3388 1536 3440 1588 in
3467 1533 3710 1602 Septua-

2119 1627 2259 1696 ginta
2280 1628 2426 1690 viris,
2451 1629 2660 1697 quando
2686 1629 2772 1682 illa
2801 1630 3129 1698 interpretati
3156 1636 3278 1682 sunt
3303 1645 3314 1680 :
3339 1627 3426 1696 qui
3452 1625 3711 1696 profectu

2119 1718 2430 1771 auctoritate
2477 1718 2653 1772 divina
2688 1728 2743 1772 et
2787 1718 2926 1771 aliud
2968 1719 3147 1773 dicere
3191 1716 3396 1786 potuit,
3437 1724 3712 1782 tanquam

2123 1807 2378 1876 propheta
2407 1810 2492 1863 ille
2521 1821 2800 1879 utrumque
2828 1809 3063 1873 dixisset,
3094 1809 3213 1878 quia
3241 1817 3526 1876 utrumque
3555 1805 3714 1859 idem

2122 1898 2350 1966 Spiritus
2371 1900 2598 1966 diceret;
2627 1909 2680 1954 et
2707 1901 2804 1955 hoc
2835 1900 3004 1970 ipsum
3035 1899 3206 1964 aliter,
3232 1907 3289 1951 ut
3313 1898 3355 1951 si
3380 1912 3485 1950 non
3508 1895 3715 1950 eadem

2123 1989 2313 2055 verba,
2347 1990 2483 2045 idem
2516 1999 2689 2045 tamen
2721 2005 2909 2045 sensus
2943 1991 3075 2044 bene
3116 1987 3530 2058 intelligentibus
3557 1986 3718 2038 dilu-

2125 2090 2392 2145 cesceret;
2423 2090 2478 2136 et
2505 2082 2699 2151 aliquid
2727 2082 3149 2150 prietermittere,
3179 2089 3232 2134 et
3256 2078 3452 2147 aliquid
3477 2076 3716 2140 addere,

2127 2182 2184 2224 ut
2223 2172 2381 2226 etiam
2423 2171 2546 2226 hinc
2588 2172 2955 2227 ostenderetur
2994 2186 3097 2225 non
3141 2170 3425 2224 humanam
3457 2168 3628 2222 fuisse
3667 2167 3720 2219 in

2127 2263 2221 2316 illo
2248 2279 2408 2332 opere
2436 2265 2761 2332 servitutem,
2787 2281 2941 2334 quam
2963 2264 3137 2318 verbis
3159 2262 3385 2317 debebat
3412 2261 3719 2328 interpres,
3789 2267 3792 2269 ’

2130 2356 2222 2411 sed
2250 2357 2476 2411 divinam
2506 2358 2676 2427 potius
2707 2367 3039 2426 potestatem,
3064 2372 3182 2425 qua;
3208 2363 3438 2410 mentem
3467 2351 3725 2421 replebat

2130 2459 2185 2504 et
2209 2450 2424 2520 regebat
2447 2450 2765 2519 interpretis.
2793 2449 3038 2503 Nonnulli
3064 2457 3238 2502 autem
3261 2445 3476 2500 codices
3503 2458 3726 2511 graecos

2133 2542 2579 2612 interpretationis
2634 2541 2974 2610 Septuaginta
3029 2555 3092 2593 ex
3150 2537 3378 2593 hebraeis
3434 2536 3726 2591 codicibus

2133 2635 2491 2690 emendandos
2519 2643 2764 2704 putarunt
2795 2651 2810 2688 :
2836 2648 2936 2688 nec
2964 2642 3135 2687 tamen
3162 2631 3278 2685 ausi
3307 2638 3432 2683 sunt
3460 2629 3727 2682 detrahe-

2134 2741 2220 2794 re,
2249 2726 2388 2796 quod
2425 2727 2620 2782 hebrtei
2661 2741 2763 2780 non
2804 2725 3099 2789 habebant,
3141 2733 3196 2778 et
3231 2722 3584 2792 Septuaginta
3630 2736 3730 2790 po-

2135 2826 2385 2882 suerunt;
2415 2817 2508 2872 sed
2534 2817 2895 2872 tantummodo
2915 2815 3229 2871 addiderunt
3257 2829 3374 2885 qua:
3401 2813 3454 2866 in
3485 2813 3730 2866 hebraeis

2137 2909 2376 2971 inventa,
2408 2907 2546 2976 apud
2583 2908 2921 2978 Septuaginta
2966 2921 3070 2960 non
3111 2916 3298 2971 erant;
3339 2919 3512 2974 eaque
3551 2903 3731 2973 signis

2137 3000 2447 3069 quibusdam
2476 3001 2526 3054 in
2554 3001 2821 3054 stellarum
2849 2999 3068 3068 modum
3093 2997 3244 3051 factis
3264 3040 3277 3063 ,
3309 2997 3376 3051 ad
3413 2997 3595 3066 capita
3628 3011 3730 3050 eo-

2139 3092 2380 3146 rumdem
2420 3107 2668 3145 versuum
2713 3097 3064 3154 notaverunt,
3107 3104 3225 3159 quze
3255 3089 3402 3157 signa
3430 3087 3733 3141 asteriscos

2139 3190 2347 3236 vocant.
2381 3183 2469 3235 Illa
2498 3197 2622 3235 vero
2647 3197 2762 3250 qum
2792 3196 2893 3234 non
2924 3181 3117 3234 habent
3145 3179 3365 3244 hebrani,
3395 3179 3606 3233 habent
3631 3193 3735 3231 au-

2143 3281 2246 3325 tem
2277 3271 2613 3340 Septuaginta
2636 3314 2649 3337 ,
2687 3271 2924 3324 similiter
2953 3270 3018 3323 ad
3045 3271 3216 3339 capita
3246 3284 3498 3324 versuum
3531 3270 3734 3338 jacen-

2143 3364 2284 3417 tibus
2317 3364 2563 3432 virgulis,
2599 3364 2732 3415 sicut
2778 3363 3078 3416 scribuntur
3117 3363 3316 3427 uncim,
3348 3362 3733 3431 signaverunt.

2143 3453 2208 3507 Et
2237 3454 2385 3507 multi
2408 3454 2614 3508 codices
2641 3455 2732 3507 has
2759 3461 2910 3507 notas
2936 3452 3191 3507 habentes
3217 3467 3603 3521 usquequaque
3630 3450 3740 3505 dif-

2141 3543 2240 3598 fusi
2271 3555 2391 3598 suut
2422 3555 2474 3598 ct
2503 3545 2644 3597 latini
2669 3545 2706 3597 ¹.
2739 3544 2866 3611 Quae
2905 3553 3080 3598 autem
3112 3558 3215 3597 non
3248 3544 3618 3611 prietermissa
3647 3544 3738 3596 vel

2141 3635 2316 3688 addita
2339 3675 2351 3698 ,
2383 3634 2474 3689 sed
2506 3635 2654 3689 aliter
2681 3635 2818 3689 dicta
2859 3644 3013 3700 sunt,
3045 3635 3158 3690 sive
3191 3636 3350 3690 alium
3391 3649 3618 3689 sensum
3652 3637 3738 3687 fa-

2143 3726 2285 3779 ciant
2308 3726 2465 3779 etiam
2505 3727 2674 3794 ipsum
2707 3741 2810 3780 non
2841 3725 3212 3779 abhorrentem
3233 3767 3248 3789 ,
3279 3726 3393 3779 sive
3423 3725 3533 3777 alio
3562 3723 3740 3779 modo

2143 3817 2386 3872 eumdem
2413 3833 2623 3872 sensum
2648 3819 2911 3886 explicare
2940 3827 3321 3883 monstrentur,
3353 3817 3456 3871 nisi
3482 3817 3741 3886 utrisque

2143 3907 2410 3961 codicibus
2450 3907 2700 3976 inspectis
2744 3915 3007 3976 nequeunt
3045 3906 3288 3976 reperiri.
3331 3907 3386 3961 Si
3428 3907 3632 3977 igitur,
3680 3916 3743 3960 ut

2143 4007 2371 4066 Oportet,
2405 3998 2531 4051 nihil
2559 3998 2697 4051 aliud
2739 3999 3036 4051 intueamur
3062 3997 3114 4050 iu
3144 3997 3433 4066 Scripturis
3463 3997 3595 4059 illis,
3629 3997 3741 4050 nisi

2143 4090 2266 4158 quid
2298 4105 2390 4159 per
2417 4090 2656 4144 homines
2680 4090 2871 4143 dixerit
2893 4089 2983 4143 Dei
3005 4087 3252 4157 Spiritus,
3275 4087 3537 4158 quidquid
3563 4097 3656 4142 est
3684 4088 3741 4141 in

2145 4181 2370 4236 hebrtnis
2395 4181 2696 4244 codicibus,
2727 4190 2780 4234 et
2819 4196 2922 4233 non
2961 4189 3043 4234 est
3081 4179 3220 4248 apud
3264 4180 3592 4248 interpretes
3635 4178 3744 4232 Se-

2144 4272 2414 4341 ptuaginta
2440 4271 2608 4325 noluit
2634 4287 2692 4326 ea
2724 4287 2816 4340 per
2845 4271 2994 4336 istos,
3025 4270 3118 4326 sed
3151 4285 3244 4339 per
3274 4271 3391 4324 illos
3421 4269 3742 4340 Prophetas

2148 4363 2236 4416 Dei
2277 4363 2505 4432 Spiritus
2532 4362 2730 4416 dicere.
2768 4361 3029 4431 Quidquid
3058 4377 3185 4415 vero
3213 4370 3295 4416 est
3319 4361 3462 4432 apud
3491 4361 3742 4431 Septua-

2143 4455 2286 4523 ginta
2305 4495 2321 4520 ,
2354 4455 2406 4506 in
2438 4453 2661 4508 ltebrmis
2687 4463 2860 4506 autem
2889 4452 3158 4507 codicibus
3183 4467 3286 4505 non
3313 4461 3397 4505 est
3419 4491 3435 4514 ,
3467 4466 3570 4520 per
3595 4452 3742 4506 istos

2144 4559 2209 4599 ea
2241 4545 2456 4607 maluit,
2484 4559 2639 4614 quam
2669 4559 2762 4612 per
2791 4545 2942 4608 illos,
2976 4544 3114 4598 idem
3141 4543 3370 4612 Spiritus
3395 4543 3580 4598 dicere
3603 4585 3618 4610 ,
3656 4545 3743 4598 sic

2143 4637 2428 4692 ostendens
2454 4647 2703 4706 utrosque
2729 4638 2888 4690 fuisse
2920 4636 3221 4706 prophetas.
3254 4636 3360 4690 Isto
3387 4637 3533 4690 enim
3567 4636 3743 4690 modo

2145 4729 2245 4783 alia
2271 4745 2362 4798 per
2389 4729 2594 4795 Isaiam,
2617 4729 2716 4782 alia
2742 4745 2839 4799 per
2863 4728 3168 4793 Jeremiam,
3196 4729 3296 4782 alia
3327 4743 3423 4798 per
3452 4729 3624 4783 alium
3655 4740 3743 4784 at-

2143 4836 2247 4892 que
2283 4822 2442 4875 alium
2476 4821 2782 4891 prophetam
2804 4863 2819 4887 ,
2847 4821 2929 4876 vel
2957 4821 3109 4874 aliter
3133 4819 3317 4875 eadem
3359 4835 3458 4890 per
3494 4821 3646 4875 hunc
3673 4838 3741 4876 ac

2146 4927 2239 4982 per
2263 4913 2408 4966 illum
2439 4913 2588 4980 dixit,
2620 4922 2672 4966 ut
2697 4913 2880 4966 voluit.
2914 4911 3173 4982 Quidquid
3201 4926 3359 4981 porro
3381 4911 3524 4980 apud
3549 4922 3744 4969 utros-

2145 5019 2246 5073 que
2271 5004 2551 5069 invenitur,
2587 5019 2680 5072 per
2707 5014 2956 5072 utrosque
2981 5002 3159 5057 dicere
3187 5003 3352 5056 voluit
3393 5018 3534 5056 unus
3567 5016 3742 5074 atque

2146 5097 2284 5150 idem
2309 5096 2564 5165 Spiritus;
2593 5095 2683 5149 sed
2708 5096 2797 5160 ita,
2825 5105 2883 5148 ut
2907 5094 2983 5148 illi
3009 5093 3371 5164 praecederent
3394 5095 3742 5164 prophetau-

2144 5187 2243 5253 do,
2275 5188 2356 5241 isti
2385 5196 2732 5256 sequerentur
2766 5186 3071 5255 prophetice
3109 5187 3229 5240 illos
3268 5187 3688 5255 interpretando
3725 5208 3742 5244 :

2144 5278 2266 5348 quia
2310 5279 2446 5332 sicut
2490 5279 2541 5332 in
2585 5278 2690 5331 illis
2727 5293 2882 5344 vera,
2915 5287 2969 5331 et
3006 5277 3383 5331 concordantia
3422 5278 3743 5334 dicentibus

2146 5387 2283 5426 unus
2323 5373 2467 5442 pacis
2505 5371 2729 5440 Spiritus
2777 5369 2904 5433 fuit;
2936 5370 3012 5424 sic
3053 5379 3106 5425 et
3143 5369 3195 5423 in
3237 5370 3351 5423 istis
3391 5386 3498 5423 non
3540 5386 3742 5424 secum

2145 5463 2556 5528 conferentibus,
2588 5471 2643 5516 et
2669 5471 2842 5516 tamen
2874 5470 3120 5530 tanquam
3154 5476 3257 5515 uno
3288 5475 3384 5515 ore
3415 5470 3612 5515 cuncta
3650 5462 3744 5514 iu-

2147 5557 2576 5627 terpretantibus,
2605 5556 2742 5612 idem
2768 5555 2997 5626 Spiritus
3022 5571 3156 5610 unus
3183 5554 3453 5625 apparuit.

2151 5838 2184 5887 b
2213 5778 2227 5809 ι
2261 5775 2558 5846 tov.,grazet°
2577 5782 2619 5827 et
2653 5773 2802 5827 latini.
2829 5775 2942 5824 Editi
2969 5774 3045 5823 alii
3073 5781 3119 5822 ct
3159 5773 3468 5836 manuscripti
3505 5783 3598 5822 non
3638 5769 3739 5820 ha-

2185 5849 2288 5887 ent.
2309 5851 2471 5887 arma.

2185 5849 2288 5899 ent,
2309 5851 2471 5904 gnra.
