  <div class='ocr_page' id='page_1' title='image "/cluster/home/n/w/nwhite01/storage/ocr_20150623/40-41/uc1.31175026811482/1006.png"; bbox 0 0 3976 6572; ppageno 0'>
   <div class='ocr_carea' id='block_1_1' title="bbox 150 450 254 508">
    <p class='ocr_par' dir='ltr' id='par_1_1' title="bbox 150 450 254 508">
     <span class='ocr_line' id='line_1_1' title="bbox 150 450 254 508; baseline 0.01 -2"><span class='ocrx_word' id='word_1_1' title='bbox 150 450 254 508; x_wconf 80' lang='lat'><strong><em>605</em></strong></span> 
     </span>
    </p>
   </div>
   <div class='ocr_carea' id='block_1_2' title="bbox 149 608 1723 687">
    <p class='ocr_par' dir='ltr' id='par_1_2' title="bbox 149 608 1723 687">
     <span class='ocr_line' id='line_1_2' title="bbox 149 608 1723 687; baseline 0.004 -25"><span class='ocrx_word' id='word_1_2' title='bbox 149 608 378 664; x_wconf 82' lang='lat' dir='ltr'><strong><em>CAPUT</em></strong></span> <span class='ocrx_word' id='word_1_3' title='bbox 406 608 588 666; x_wconf 77' lang='lat' dir='ltr'><strong><em>XLIV.</em></strong></span> <span class='ocrx_word' id='word_1_4' title='bbox 614 641 684 654; x_wconf 88' lang='lat'><strong><em>—-</em></strong></span> <span class='ocrx_word' id='word_1_5' title='bbox 712 612 848 682; x_wconf 90' lang='lat' dir='ltr'><strong><em>Quid</em></strong></span> <span class='ocrx_word' id='word_1_6' title='bbox 875 614 1251 687; x_wconf 86' lang='lat' dir='ltr'><strong><em>intelligendum</em></strong></span> <span class='ocrx_word' id='word_1_7' title='bbox 1283 617 1347 671; x_wconf 94' lang='lat' dir='ltr'><strong><em>sit</em></strong></span> <span class='ocrx_word' id='word_1_8' title='bbox 1375 619 1436 670; x_wconf 88' lang='lat' dir='ltr'><strong><em>de</em></strong></span> <span class='ocrx_word' id='word_1_9' title='bbox 1462 614 1723 669; x_wconf 84' lang='lat' dir='ltr'><strong><em>Ninivita-</em></strong></span> 
     </span>
    </p>
   </div>
   <div class='ocr_carea' id='block_1_3' title="bbox 217 702 1725 777">
    <p class='ocr_par' dir='ltr' id='par_1_3' title="bbox 217 702 1725 777">
     <span class='ocr_line' id='line_1_3' title="bbox 217 702 1725 777; baseline 0.005 -27"><span class='ocrx_word' id='word_1_10' title='bbox 217 716 333 752; x_wconf 86' lang='lat' dir='ltr'><strong><em>rum</em></strong></span> <span class='ocrx_word' id='word_1_11' title='bbox 360 702 573 766; x_wconf 74' lang='lat' dir='ltr'><strong><em>excidio,</em></strong></span> <span class='ocrx_word' id='word_1_12' title='bbox 600 706 747 775; x_wconf 87' lang='lat' dir='ltr'><strong><em>cujus</em></strong></span> <span class='ocrx_word' id='word_1_13' title='bbox 773 707 1079 761; x_wconf 78' lang='lat' dir='ltr'><strong><em>denuntiatio</em></strong></span> <span class='ocrx_word' id='word_1_14' title='bbox 1106 708 1157 761; x_wconf 88' lang='lat' dir='ltr'><strong><em>in</em></strong></span> <span class='ocrx_word' id='word_1_15' title='bbox 1182 707 1376 761; x_wconf 70' lang='lat' dir='ltr'><strong><em>hebrwo</em></strong></span> <span class='ocrx_word' id='word_1_16' title='bbox 1393 706 1725 777; x_wconf 90' lang='lat' dir='ltr'><strong><em>quadraginta</em></strong></span> 
     </span>
    </p>
   </div>
   <div class='ocr_carea' id='block_1_4' title="bbox 219 793 1725 871">
    <p class='ocr_par' dir='ltr' id='par_1_4' title="bbox 219 793 1725 871">
     <span class='ocr_line' id='line_1_4' title="bbox 219 793 1725 871; baseline 0.003 -26"><span class='ocrx_word' id='word_1_17' title='bbox 219 793 417 847; x_wconf 88' lang='lat' dir='ltr'><strong><em>dierum</em></strong></span> <span class='ocrx_word' id='word_1_18' title='bbox 444 797 606 862; x_wconf 86' lang='lat' dir='ltr'><strong><em>spatio</em></strong></span> <span class='ocrx_word' id='word_1_19' title='bbox 648 800 899 869; x_wconf 75' lang='lat' dir='ltr'><strong><em>tenditur,</em></strong></span> <span class='ocrx_word' id='word_1_20' title='bbox 928 801 981 854; x_wconf 90' lang='lat' dir='ltr'><strong><em>in</em></strong></span> <span class='ocrx_word' id='word_1_21' title='bbox 1010 800 1341 871; x_wconf 88' lang='lat' dir='ltr'><strong><em>Septuaginta</em></strong></span> <span class='ocrx_word' id='word_1_22' title='bbox 1379 807 1541 853; x_wconf 91' lang='lat' dir='ltr'><strong><em>autem</em></strong></span> <span class='ocrx_word' id='word_1_23' title='bbox 1571 798 1725 852; x_wconf 79' lang='lat' dir='ltr'><strong><em>tridui</em></strong></span> 
     </span>
    </p>
   </div>
   <div class='ocr_carea' id='block_1_5' title="bbox 220 884 813 942">
    <p class='ocr_par' dir='ltr' id='par_1_5' title="bbox 220 884 813 942">
     <span class='ocr_line' id='line_1_5' title="bbox 220 884 813 942; baseline 0.013 -8"><span class='ocrx_word' id='word_1_24' title='bbox 220 884 456 938; x_wconf 84' lang='lat' dir='ltr'><strong><em>brevitate</em></strong></span> <span class='ocrx_word' id='word_1_25' title='bbox 481 887 813 942; x_wconf 83' lang='lat' dir='ltr'><strong><em>concluditur.</em></strong></span> 
     </span>
    </p>
   </div>
   <div class='ocr_carea' id='block_1_6' title="bbox 220 1013 1724 1090">
    <p class='ocr_par' dir='ltr' id='par_1_6' title="bbox 220 1013 1724 1090">
     <span class='ocr_line' id='line_1_6' title="bbox 220 1013 1724 1090; baseline 0.003 -22"><span class='ocrx_word' id='word_1_26' title='bbox 220 1013 324 1068; x_wconf 83' lang='lat' dir='ltr'><strong><em>Sed</em></strong></span> <span class='ocrx_word' id='word_1_27' title='bbox 367 1016 441 1069; x_wconf 96' lang='lat' dir='ltr'><strong><em>ait</em></strong></span> <span class='ocrx_word' id='word_1_28' title='bbox 467 1018 691 1085; x_wconf 81' lang='lat' dir='ltr'><strong><em>aliquis,</em></strong></span> <span class='ocrx_word' id='word_1_29' title='bbox 722 1018 997 1086; x_wconf 88' lang='lat' dir='ltr'><strong><em>Quomodo</em></strong></span> <span class='ocrx_word' id='word_1_30' title='bbox 1034 1019 1198 1075; x_wconf 84' lang='lat' dir='ltr'><strong><em>sciam</em></strong></span> <span class='ocrx_word' id='word_1_31' title='bbox 1229 1019 1351 1090; x_wconf 90' lang='lat' dir='ltr'><strong><em>quid</em></strong></span> <span class='ocrx_word' id='word_1_32' title='bbox 1391 1019 1555 1075; x_wconf 86' lang='lat' dir='ltr'><strong><em>Jonas</em></strong></span> <span class='ocrx_word' id='word_1_33' title='bbox 1598 1032 1724 1088; x_wconf 88' lang='lat' dir='ltr'><strong><em>pro-</em></strong></span> 
     </span>
    </p>
   </div>
   <div class='ocr_carea' id='block_1_7' title="bbox 152 1106 1726 1180">
    <p class='ocr_par' dir='ltr' id='par_1_7' title="bbox 152 1106 1726 1180">
     <span class='ocr_line' id='line_1_7' title="bbox 152 1106 1726 1180; baseline 0.001 -19"><span class='ocrx_word' id='word_1_34' title='bbox 152 1106 308 1177; x_wconf 81' lang='lat' dir='ltr'><strong><em>pheta</em></strong></span> <span class='ocrx_word' id='word_1_35' title='bbox 332 1108 527 1164; x_wconf 78' lang='lat' dir='ltr'><strong><em>dixerit</em></strong></span> <span class='ocrx_word' id='word_1_36' title='bbox 549 1110 811 1177; x_wconf 89' lang='lat' dir='ltr'><strong><em>Ninivitis,</em></strong></span> <span class='ocrx_word' id='word_1_37' title='bbox 830 1121 1006 1167; x_wconf 91' lang='lat' dir='ltr'><strong><em>utrum</em></strong></span> <span class='ocrx_word' id='word_1_38' title='bbox 1022 1112 1292 1180; x_wconf 87' lang='lat' dir='ltr'><strong><em>Triduum,</em></strong></span> <span class='ocrx_word' id='word_1_39' title='bbox 1313 1123 1360 1166; x_wconf 88' lang='lat' dir='ltr'><strong><em>et</em></strong></span> <span class='ocrx_word' id='word_1_40' title='bbox 1383 1112 1567 1165; x_wconf 85' lang='lat' dir='ltr'><strong><em>Ninive</em></strong></span> <span class='ocrx_word' id='word_1_41' title='bbox 1590 1126 1726 1163; x_wconf 85' lang='lat' dir='ltr'><strong><em>ever-</em></strong></span> 
     </span>
    </p>
   </div>
   <div class='ocr_carea' id='block_1_8' title="bbox 152 1203 1723 1275">
    <p class='ocr_par' dir='ltr' id='par_1_8' title="bbox 152 1203 1723 1275">
     <span class='ocr_line' id='line_1_8' title="bbox 152 1203 1723 1275; baseline 0.002 -24"><span class='ocrx_word' id='word_1_42' title='bbox 152 1210 318 1264; x_wconf 81' lang='lat' dir='ltr'><strong><em>tetur;</em></strong></span> <span class='ocrx_word' id='word_1_43' title='bbox 346 1216 415 1254; x_wconf 90' lang='lat' dir='ltr'><strong><em>an</em></strong></span> <span class='ocrx_word' id='word_1_44' title='bbox 433 1242 448 1264; x_wconf 92' lang='lat'><strong><em>,</em></strong></span> <span class='ocrx_word' id='word_1_45' title='bbox 483 1203 830 1273; x_wconf 83' lang='lat' dir='ltr'><strong><em>Quadraginta</em></strong></span> <span class='ocrx_word' id='word_1_46' title='bbox 850 1204 953 1259; x_wconf 86' lang='lat' dir='ltr'><strong><em>dies</em></strong></span> <span class='ocrx_word' id='word_1_47' title='bbox 977 1204 995 1274; x_wconf 96' lang='lat'><strong>(</strong></span> <span class='ocrx_word' id='word_1_48' title='bbox 1018 1204 1166 1259; x_wconf 65' lang='lat' dir='ltr'><strong><em>lanae</em></strong></span> <span class='ocrx_word' id='word_1_49' title='bbox 1190 1220 1267 1271; x_wconf 87' lang='lat' dir='ltr'><strong><em>In,</em></strong></span> <span class='ocrx_word' id='word_1_50' title='bbox 1294 1204 1401 1275; x_wconf 69' lang='lat'><strong><em>4)?</em></strong></span> <span class='ocrx_word' id='word_1_51' title='bbox 1428 1203 1556 1269; x_wconf 87' lang='lat' dir='ltr'><strong><em>Quis</em></strong></span> <span class='ocrx_word' id='word_1_52' title='bbox 1581 1203 1723 1256; x_wconf 88' lang='lat' dir='ltr'><strong><em>enim</em></strong></span> 
     </span>
    </p>
   </div>
   <div class='ocr_carea' id='block_1_9' title="bbox 153 1291 1726 1366">
    <p class='ocr_par' dir='ltr' id='par_1_9' title="bbox 153 1291 1726 1366">
     <span class='ocr_line' id='line_1_9' title="bbox 153 1291 1726 1366; baseline 0.003 -23"><span class='ocrx_word' id='word_1_53' title='bbox 153 1305 254 1344; x_wconf 90' lang='lat' dir='ltr'><strong><em>non</em></strong></span> <span class='ocrx_word' id='word_1_54' title='bbox 278 1291 455 1347; x_wconf 91' lang='lat' dir='ltr'><strong><em>videat</em></strong></span> <span class='ocrx_word' id='word_1_55' title='bbox 484 1308 588 1349; x_wconf 93' lang='lat' dir='ltr'><strong><em>non</em></strong></span> <span class='ocrx_word' id='word_1_56' title='bbox 612 1296 842 1362; x_wconf 87' lang='lat' dir='ltr'><strong><em>potuisse</em></strong></span> <span class='ocrx_word' id='word_1_57' title='bbox 877 1304 1157 1366; x_wconf 91' lang='lat' dir='ltr'><strong><em>utrumque</em></strong></span> <span class='ocrx_word' id='word_1_58' title='bbox 1177 1304 1299 1350; x_wconf 91' lang='lat' dir='ltr'><strong><em>tunc</em></strong></span> <span class='ocrx_word' id='word_1_59' title='bbox 1316 1295 1422 1349; x_wconf 89' lang='lat' dir='ltr'><strong><em>dici</em></strong></span> <span class='ocrx_word' id='word_1_60' title='bbox 1439 1309 1468 1347; x_wconf 90' lang='lat' dir='ltr'><strong><em>a</em></strong></span> <span class='ocrx_word' id='word_1_61' title='bbox 1491 1292 1726 1362; x_wconf 80' lang='lat' dir='ltr'><strong><em>Prophe-</em></strong></span> 
     </span>
    </p>
   </div>
   <div class='ocr_carea' id='block_1_10' title="bbox 155 1384 1728 1453">
    <p class='ocr_par' dir='ltr' id='par_1_10' title="bbox 155 1384 1728 1453">
     <span class='ocr_line' id='line_1_10' title="bbox 155 1384 1728 1453; baseline 0.003 -18"><span class='ocrx_word' id='word_1_62' title='bbox 155 1390 225 1448; x_wconf 92' lang='lat' dir='ltr'><strong><em>ta,</em></strong></span> <span class='ocrx_word' id='word_1_63' title='bbox 252 1384 342 1453; x_wconf 89' lang='lat' dir='ltr'><strong><em>qui</em></strong></span> <span class='ocrx_word' id='word_1_64' title='bbox 373 1385 567 1439; x_wconf 89' lang='lat' dir='ltr'><strong><em>missus</em></strong></span> <span class='ocrx_word' id='word_1_65' title='bbox 595 1386 765 1440; x_wconf 80' lang='lat' dir='ltr'><strong><em>fuerat</em></strong></span> <span class='ocrx_word' id='word_1_66' title='bbox 791 1396 989 1442; x_wconf 89' lang='lat' dir='ltr'><strong><em>terrere</em></strong></span> <span class='ocrx_word' id='word_1_67' title='bbox 1014 1388 1420 1442; x_wconf 87' lang='lat' dir='ltr'><strong><em>comminatione</em></strong></span> <span class='ocrx_word' id='word_1_68' title='bbox 1446 1386 1728 1440; x_wconf 85' lang='lat' dir='ltr'><strong><em>imminen-</em></strong></span> 
     </span>
    </p>
   </div>
   <div class='ocr_carea' id='block_1_11' title="bbox 152 1473 1725 1533">
    <p class='ocr_par' dir='ltr' id='par_1_11' title="bbox 152 1473 1725 1533">
     <span class='ocr_line' id='line_1_11' title="bbox 152 1473 1725 1533; baseline 0.001 -6"><span class='ocrx_word' id='word_1_69' title='bbox 152 1473 219 1527; x_wconf 87' lang='lat' dir='ltr'><strong><em>tis</em></strong></span> <span class='ocrx_word' id='word_1_70' title='bbox 242 1474 389 1528; x_wconf 86' lang='lat' dir='ltr'><strong><em>exitii</em></strong></span> <span class='ocrx_word' id='word_1_71' title='bbox 429 1475 734 1531; x_wconf 88' lang='lat' dir='ltr'><strong><em>civitatem?</em></strong></span> <span class='ocrx_word' id='word_1_72' title='bbox 776 1478 876 1532; x_wconf 88' lang='lat' dir='ltr'><strong><em>Cui</em></strong></span> <span class='ocrx_word' id='word_1_73' title='bbox 904 1478 950 1532; x_wconf 92' lang='lat' dir='ltr'><strong><em>si</em></strong></span> <span class='ocrx_word' id='word_1_74' title='bbox 980 1479 1135 1533; x_wconf 91' lang='lat' dir='ltr'><strong><em>tertio</em></strong></span> <span class='ocrx_word' id='word_1_75' title='bbox 1175 1479 1262 1533; x_wconf 90' lang='lat' dir='ltr'><strong><em>die</em></strong></span> <span class='ocrx_word' id='word_1_76' title='bbox 1304 1478 1476 1533; x_wconf 79' lang='lat' dir='ltr'><strong><em>fuerat</em></strong></span> <span class='ocrx_word' id='word_1_77' title='bbox 1517 1476 1725 1531; x_wconf 92' lang='lat' dir='ltr'><strong><em>futurus</em></strong></span> 
     </span>
    </p>
   </div>
   <div class='ocr_carea' id='block_1_12' title="bbox 153 1566 1722 1639">
    <p class='ocr_par' dir='ltr' id='par_1_12' title="bbox 153 1566 1722 1639">
     <span class='ocr_line' id='line_1_12' title="bbox 153 1566 1722 1639; baseline 0.001 -20"><span class='ocrx_word' id='word_1_78' title='bbox 153 1566 431 1632; x_wconf 91' lang='lat' dir='ltr'><strong><em>interitus,</em></strong></span> <span class='ocrx_word' id='word_1_79' title='bbox 483 1583 587 1622; x_wconf 92' lang='lat' dir='ltr'><strong><em>non</em></strong></span> <span class='ocrx_word' id='word_1_80' title='bbox 629 1570 807 1637; x_wconf 81' lang='lat' dir='ltr'><strong><em>utique</em></strong></span> <span class='ocrx_word' id='word_1_81' title='bbox 849 1570 1253 1639; x_wconf 88' lang='lat' dir='ltr'><strong><em>quadragesimo</em></strong></span> <span class='ocrx_word' id='word_1_82' title='bbox 1295 1570 1417 1625; x_wconf 90' lang='lat' dir='ltr'><strong><em>die:</em></strong></span> <span class='ocrx_word' id='word_1_83' title='bbox 1451 1570 1495 1623; x_wconf 89' lang='lat' dir='ltr'><strong><em>si</em></strong></span> <span class='ocrx_word' id='word_1_84' title='bbox 1546 1578 1722 1621; x_wconf 87' lang='lat' dir='ltr'><strong><em>autem</em></strong></span> 
     </span>
    </p>
   </div>
   <div class='ocr_carea' id='block_1_13' title="bbox 152 1656 1723 1730">
    <p class='ocr_par' dir='ltr' id='par_1_13' title="bbox 152 1656 1723 1730">
     <span class='ocr_line' id='line_1_13' title="bbox 152 1656 1723 1730; baseline 0.003 -21"><span class='ocrx_word' id='word_1_85' title='bbox 152 1656 589 1727; x_wconf 89' lang='lat' dir='ltr'><strong><em>quadragesimo,</em></strong></span> <span class='ocrx_word' id='word_1_86' title='bbox 635 1675 737 1713; x_wconf 89' lang='lat' dir='ltr'><strong><em>non</em></strong></span> <span class='ocrx_word' id='word_1_87' title='bbox 803 1662 982 1729; x_wconf 86' lang='lat' dir='ltr'><strong><em>utique</em></strong></span> <span class='ocrx_word' id='word_1_88' title='bbox 1042 1662 1216 1715; x_wconf 91' lang='lat' dir='ltr'><strong><em>tertio.</em></strong></span> <span class='ocrx_word' id='word_1_89' title='bbox 1278 1662 1332 1717; x_wconf 89' lang='lat' dir='ltr'><strong><em>Si</em></strong></span> <span class='ocrx_word' id='word_1_90' title='bbox 1384 1675 1511 1730; x_wconf 88' lang='lat' dir='ltr'><strong><em>ergo</em></strong></span> <span class='ocrx_word' id='word_1_91' title='bbox 1558 1675 1587 1713; x_wconf 91' lang='lat' dir='ltr'><strong><em>a</em></strong></span> <span class='ocrx_word' id='word_1_92' title='bbox 1638 1674 1723 1713; x_wconf 92' lang='lat' dir='ltr'><strong><em>me</em></strong></span> 
     </span>
    </p>
   </div>
   <div class='ocr_carea' id='block_1_14' title="bbox 152 1749 1724 1820">
    <p class='ocr_par' dir='ltr' id='par_1_14' title="bbox 152 1749 1724 1820">
     <span class='ocr_line' id='line_1_14' title="bbox 152 1749 1724 1820; baseline 0.004 -23"><span class='ocrx_word' id='word_1_93' title='bbox 152 1749 429 1816; x_wconf 74' lang='lat' dir='ltr'><strong><em>qumritut‘,</em></strong></span> <span class='ocrx_word' id='word_1_94' title='bbox 459 1749 583 1818; x_wconf 90' lang='lat' dir='ltr'><strong><em>quid</em></strong></span> <span class='ocrx_word' id='word_1_95' title='bbox 633 1751 817 1804; x_wconf 91' lang='lat' dir='ltr'><strong><em>horum</em></strong></span> <span class='ocrx_word' id='word_1_96' title='bbox 860 1751 1022 1806; x_wconf 82' lang='lat' dir='ltr'><strong><em>Jonas</em></strong></span> <span class='ocrx_word' id='word_1_97' title='bbox 1085 1752 1296 1818; x_wconf 86' lang='lat' dir='ltr'><strong><em>dixerit,</em></strong></span> <span class='ocrx_word' id='word_1_98' title='bbox 1325 1752 1424 1806; x_wconf 89' lang='lat' dir='ltr'><strong><em>hoc</em></strong></span> <span class='ocrx_word' id='word_1_99' title='bbox 1462 1759 1587 1820; x_wconf 91' lang='lat' dir='ltr'><strong><em>puto</em></strong></span> <span class='ocrx_word' id='word_1_100' title='bbox 1630 1764 1724 1820; x_wconf 80' lang='lat' dir='ltr'><strong><em>po-</em></strong></span> 
     </span>
    </p>
   </div>
   <div class='ocr_carea' id='block_1_15' title="bbox 154 1839 1723 1913">
    <p class='ocr_par' dir='ltr' id='par_1_15' title="bbox 154 1839 1723 1913">
     <span class='ocr_line' id='line_1_15' title="bbox 154 1839 1723 1913; baseline 0.002 -22"><span class='ocrx_word' id='word_1_101' title='bbox 154 1839 251 1891; x_wconf 91' lang='lat' dir='ltr'><strong><em>tius</em></strong></span> <span class='ocrx_word' id='word_1_102' title='bbox 303 1839 445 1908; x_wconf 90' lang='lat' dir='ltr'><strong><em>quod</em></strong></span> <span class='ocrx_word' id='word_1_103' title='bbox 503 1841 692 1910; x_wconf 91' lang='lat' dir='ltr'><strong><em>legitur</em></strong></span> <span class='ocrx_word' id='word_1_104' title='bbox 745 1843 794 1896; x_wconf 92' lang='lat' dir='ltr'><strong><em>in</em></strong></span> <span class='ocrx_word' id='word_1_105' title='bbox 852 1842 1099 1908; x_wconf 70' lang='lat' dir='ltr'><strong><em>hebrzeo,</em></strong></span> <span class='ocrx_word' id='word_1_106' title='bbox 1131 1844 1476 1913; x_wconf 84' lang='lat' dir='ltr'><strong><em>Quadraginta</em></strong></span> <span class='ocrx_word' id='word_1_107' title='bbox 1504 1843 1629 1907; x_wconf 88' lang='lat' dir='ltr'><strong><em>dies,</em></strong></span> <span class='ocrx_word' id='word_1_108' title='bbox 1676 1850 1723 1895; x_wconf 87' lang='lat' dir='ltr'><strong><em>et</em></strong></span> 
     </span>
    </p>
   </div>
   <div class='ocr_carea' id='block_1_16' title="bbox 153 1927 1722 2005">
    <p class='ocr_par' dir='ltr' id='par_1_16' title="bbox 153 1927 1722 2005">
     <span class='ocr_line' id='line_1_16' title="bbox 153 1927 1722 2005; baseline 0.003 -24"><span class='ocrx_word' id='word_1_109' title='bbox 153 1927 333 1983; x_wconf 84' lang='lat' dir='ltr'><strong><em>Ninive</em></strong></span> <span class='ocrx_word' id='word_1_110' title='bbox 359 1941 621 1985; x_wconf 87' lang='lat' dir='ltr'><strong><em>evertetur.</em></strong></span> <span class='ocrx_word' id='word_1_111' title='bbox 643 1933 981 2004; x_wconf 89' lang='lat' dir='ltr'><strong><em>Septuaginta</em></strong></span> <span class='ocrx_word' id='word_1_112' title='bbox 1028 1936 1221 2005; x_wconf 83' lang='lat' dir='ltr'><strong><em>quippe</em></strong></span> <span class='ocrx_word' id='word_1_113' title='bbox 1265 1936 1421 2004; x_wconf 91' lang='lat' dir='ltr'><strong><em>longe</em></strong></span> <span class='ocrx_word' id='word_1_114' title='bbox 1463 1933 1722 2003; x_wconf 86' lang='lat' dir='ltr'><strong><em>posterius</em></strong></span> 
     </span>
    </p>
   </div>
   <div class='ocr_carea' id='block_1_17' title="bbox 151 2019 1721 2096">
    <p class='ocr_par' dir='ltr' id='par_1_17' title="bbox 151 2019 1721 2096">
     <span class='ocr_line' id='line_1_17' title="bbox 151 2019 1721 2096; baseline 0.004 -23"><span class='ocrx_word' id='word_1_115' title='bbox 151 2019 476 2090; x_wconf 90' lang='lat' dir='ltr'><strong><em>interpretati</em></strong></span> <span class='ocrx_word' id='word_1_116' title='bbox 495 2024 635 2077; x_wconf 88' lang='lat' dir='ltr'><strong><em>aliud</em></strong></span> <span class='ocrx_word' id='word_1_117' title='bbox 656 2025 832 2080; x_wconf 90' lang='lat' dir='ltr'><strong><em>dicere</em></strong></span> <span class='ocrx_word' id='word_1_118' title='bbox 854 2035 1153 2095; x_wconf 87' lang='lat' dir='ltr'><strong><em>potuerunt,</em></strong></span> <span class='ocrx_word' id='word_1_119' title='bbox 1176 2028 1314 2096; x_wconf 92' lang='lat' dir='ltr'><strong><em>quod</em></strong></span> <span class='ocrx_word' id='word_1_120' title='bbox 1335 2036 1507 2081; x_wconf 89' lang='lat' dir='ltr'><strong><em>tamen</em></strong></span> <span class='ocrx_word' id='word_1_121' title='bbox 1523 2026 1589 2079; x_wconf 91' lang='lat' dir='ltr'><strong><em>ad</em></strong></span> <span class='ocrx_word' id='word_1_122' title='bbox 1612 2040 1721 2079; x_wconf 91' lang='lat' dir='ltr'><strong><em>rem</em></strong></span> 
     </span>
    </p>
   </div>
   <div class='ocr_carea' id='block_1_18' title="bbox 152 2111 1723 2187">
    <p class='ocr_par' dir='ltr' id='par_1_18' title="bbox 152 2111 1723 2187">
     <span class='ocr_line' id='line_1_18' title="bbox 152 2111 1723 2187; baseline 0.005 -25"><span class='ocrx_word' id='word_1_123' title='bbox 152 2111 455 2178; x_wconf 83' lang='lat' dir='ltr'><strong><em>pertineret,</em></strong></span> <span class='ocrx_word' id='word_1_124' title='bbox 486 2122 539 2167; x_wconf 89' lang='lat' dir='ltr'><strong><em>et</em></strong></span> <span class='ocrx_word' id='word_1_125' title='bbox 567 2114 618 2167; x_wconf 90' lang='lat' dir='ltr'><strong><em>in</em></strong></span> <span class='ocrx_word' id='word_1_126' title='bbox 648 2131 805 2169; x_wconf 91' lang='lat' dir='ltr'><strong><em>unum</em></strong></span> <span class='ocrx_word' id='word_1_127' title='bbox 834 2117 1183 2187; x_wconf 89' lang='lat' dir='ltr'><strong><em>eumdemque</em></strong></span> <span class='ocrx_word' id='word_1_128' title='bbox 1210 2132 1451 2181; x_wconf 87' lang='lat' dir='ltr'><strong><em>sensum,</em></strong></span> <span class='ocrx_word' id='word_1_129' title='bbox 1483 2117 1723 2186; x_wconf 88' lang='lat' dir='ltr'><strong><em>quamvis</em></strong></span> 
     </span>
    </p>
   </div>
   <div class='ocr_carea' id='block_1_19' title="bbox 149 2200 1722 2275">
    <p class='ocr_par' dir='ltr' id='par_1_19' title="bbox 149 2200 1722 2275">
     <span class='ocr_line' id='line_1_19' title="bbox 149 2200 1722 2275; baseline 0.004 -20"><span class='ocrx_word' id='word_1_130' title='bbox 149 2200 245 2255; x_wconf 80' lang='lat' dir='ltr'><strong><em>sub</em></strong></span> <span class='ocrx_word' id='word_1_131' title='bbox 268 2202 429 2257; x_wconf 86' lang='lat' dir='ltr'><strong><em>altera</em></strong></span> <span class='ocrx_word' id='word_1_132' title='bbox 462 2204 877 2273; x_wconf 89' lang='lat' dir='ltr'><strong><em>signiﬁcatione,</em></strong></span> <span class='ocrx_word' id='word_1_133' title='bbox 911 2217 1280 2272; x_wconf 86' lang='lat' dir='ltr'><strong><em>concurreret;</em></strong></span> <span class='ocrx_word' id='word_1_134' title='bbox 1309 2208 1722 2275; x_wconf 89' lang='lat' dir='ltr'><strong><em>admoneretque</em></strong></span> 
     </span>
    </p>
   </div>
   <div class='ocr_carea' id='block_1_20' title="bbox 155 2288 1722 2365">
    <p class='ocr_par' dir='ltr' id='par_1_20' title="bbox 155 2288 1722 2365">
     <span class='ocr_line' id='line_1_20' title="bbox 155 2288 1722 2365; baseline 0.004 -22"><span class='ocrx_word' id='word_1_135' title='bbox 155 2288 421 2357; x_wconf 85' lang='lat' dir='ltr'><strong><em>lectorem,</em></strong></span> <span class='ocrx_word' id='word_1_136' title='bbox 457 2303 677 2363; x_wconf 89' lang='lat' dir='ltr'><strong><em>utraque</em></strong></span> <span class='ocrx_word' id='word_1_137' title='bbox 707 2300 1018 2351; x_wconf 86' lang='lat' dir='ltr'><strong><em>auctoritate</em></strong></span> <span class='ocrx_word' id='word_1_138' title='bbox 1046 2313 1150 2351; x_wconf 91' lang='lat' dir='ltr'><strong><em>non</em></strong></span> <span class='ocrx_word' id='word_1_139' title='bbox 1180 2305 1377 2365; x_wconf 89' lang='lat' dir='ltr'><strong><em>spreta,</em></strong></span> <span class='ocrx_word' id='word_1_140' title='bbox 1407 2296 1475 2349; x_wconf 91' lang='lat' dir='ltr'><strong><em>ab</em></strong></span> <span class='ocrx_word' id='word_1_141' title='bbox 1505 2296 1722 2350; x_wconf 89' lang='lat' dir='ltr'><strong><em>historia</em></strong></span> 
     </span>
    </p>
   </div>
   <div class='ocr_carea' id='block_1_21' title="bbox 151 2386 1723 2458">
    <p class='ocr_par' dir='ltr' id='par_1_21' title="bbox 151 2386 1723 2458">
     <span class='ocr_line' id='line_1_21' title="bbox 151 2386 1723 2458; baseline 0.003 -23"><span class='ocrx_word' id='word_1_142' title='bbox 151 2396 265 2436; x_wconf 89' lang='lat' dir='ltr'><strong><em>sese</em></strong></span> <span class='ocrx_word' id='word_1_143' title='bbox 290 2386 532 2441; x_wconf 85' lang='lat' dir='ltr'><strong><em>attollere</em></strong></span> <span class='ocrx_word' id='word_1_144' title='bbox 560 2387 625 2441; x_wconf 90' lang='lat' dir='ltr'><strong><em>ad</em></strong></span> <span class='ocrx_word' id='word_1_145' title='bbox 651 2403 712 2442; x_wconf 91' lang='lat' dir='ltr'><strong><em>ea</em></strong></span> <span class='ocrx_word' id='word_1_146' title='bbox 747 2389 1062 2457; x_wconf 90' lang='lat' dir='ltr'><strong><em>requirenda</em></strong></span> <span class='ocrx_word' id='word_1_147' title='bbox 1080 2431 1094 2455; x_wconf 92' lang='lat'><strong><em>,</em></strong></span> <span class='ocrx_word' id='word_1_148' title='bbox 1139 2398 1353 2458; x_wconf 87' lang='lat' dir='ltr'><strong><em>propter</em></strong></span> <span class='ocrx_word' id='word_1_149' title='bbox 1378 2404 1494 2457; x_wconf 79' lang='lat' dir='ltr'><strong><em>quze</em></strong></span> <span class='ocrx_word' id='word_1_150' title='bbox 1520 2387 1723 2457; x_wconf 86' lang='lat' dir='ltr'><strong><em>signiﬁ-</em></strong></span> 
     </span>
    </p>
   </div>
   <div class='ocr_carea' id='block_1_22' title="bbox 152 2476 1725 2552">
    <p class='ocr_par' dir='ltr' id='par_1_22' title="bbox 152 2476 1725 2552">
     <span class='ocr_line' id='line_1_22' title="bbox 152 2476 1725 2552; baseline 0.006 -25"><span class='ocrx_word' id='word_1_151' title='bbox 152 2476 311 2530; x_wconf 85' lang='lat' dir='ltr'><strong><em>canda</em></strong></span> <span class='ocrx_word' id='word_1_152' title='bbox 340 2478 563 2533; x_wconf 84' lang='lat' dir='ltr'><strong><em>historia</em></strong></span> <span class='ocrx_word' id='word_1_153' title='bbox 590 2482 700 2550; x_wconf 90' lang='lat' dir='ltr'><strong><em>ipsa</em></strong></span> <span class='ocrx_word' id='word_1_154' title='bbox 731 2484 1026 2552; x_wconf 87' lang='lat' dir='ltr'><strong><em>conscripta</em></strong></span> <span class='ocrx_word' id='word_1_155' title='bbox 1054 2492 1155 2538; x_wconf 87' lang='lat' dir='ltr'><strong><em>est.</em></strong></span> <span class='ocrx_word' id='word_1_156' title='bbox 1186 2482 1346 2539; x_wconf 84' lang='lat' dir='ltr'><strong><em>Gesta</em></strong></span> <span class='ocrx_word' id='word_1_157' title='bbox 1383 2493 1504 2537; x_wconf 91' lang='lat' dir='ltr'><strong><em>sunt</em></strong></span> <span class='ocrx_word' id='word_1_158' title='bbox 1532 2483 1725 2551; x_wconf 87' lang='lat' dir='ltr'><strong><em>quippe</em></strong></span> 
     </span>
    </p>
   </div>
   <div class='ocr_carea' id='block_1_23' title="bbox 151 2566 1723 2643">
    <p class='ocr_par' dir='ltr' id='par_1_23' title="bbox 151 2566 1723 2643">
     <span class='ocr_line' id='line_1_23' title="bbox 151 2566 1723 2643; baseline 0.005 -24"><span class='ocrx_word' id='word_1_159' title='bbox 151 2566 232 2619; x_wconf 90' lang='lat' dir='ltr'><strong><em>illa</em></strong></span> <span class='ocrx_word' id='word_1_160' title='bbox 261 2567 311 2621; x_wconf 92' lang='lat' dir='ltr'><strong><em>in</em></strong></span> <span class='ocrx_word' id='word_1_161' title='bbox 344 2568 539 2625; x_wconf 85' lang='lat' dir='ltr'><strong><em>Ninivc</em></strong></span> <span class='ocrx_word' id='word_1_162' title='bbox 577 2567 819 2638; x_wconf 73' lang='lat' dir='ltr'><strong><em>civitate,</em></strong></span> <span class='ocrx_word' id='word_1_163' title='bbox 852 2574 945 2628; x_wconf 87' lang='lat' dir='ltr'><strong><em>sed</em></strong></span> <span class='ocrx_word' id='word_1_164' title='bbox 970 2574 1167 2643; x_wconf 88' lang='lat' dir='ltr'><strong><em>aliquid</em></strong></span> <span class='ocrx_word' id='word_1_165' title='bbox 1198 2575 1354 2629; x_wconf 89' lang='lat' dir='ltr'><strong><em>etiam</em></strong></span> <span class='ocrx_word' id='word_1_166' title='bbox 1386 2574 1723 2643; x_wconf 88' lang='lat' dir='ltr'><strong><em>signiﬁcave-</em></strong></span> 
     </span>
    </p>
   </div>
   <div class='ocr_carea' id='block_1_24' title="bbox 150 2660 1725 2734">
    <p class='ocr_par' dir='ltr' id='par_1_24' title="bbox 150 2660 1725 2734">
     <span class='ocr_line' id='line_1_24' title="bbox 150 2660 1725 2734; baseline 0.006 -24"><span class='ocrx_word' id='word_1_167' title='bbox 150 2665 285 2725; x_wconf 90' lang='lat' dir='ltr'><strong><em>runt,</em></strong></span> <span class='ocrx_word' id='word_1_168' title='bbox 317 2660 460 2729; x_wconf 89' lang='lat' dir='ltr'><strong><em>quod</em></strong></span> <span class='ocrx_word' id='word_1_169' title='bbox 491 2663 703 2716; x_wconf 89' lang='lat' dir='ltr'><strong><em>modum</em></strong></span> <span class='ocrx_word' id='word_1_170' title='bbox 742 2664 881 2718; x_wconf 91' lang='lat' dir='ltr'><strong><em>illius</em></strong></span> <span class='ocrx_word' id='word_1_171' title='bbox 905 2665 1132 2719; x_wconf 83' lang='lat' dir='ltr'><strong><em>civitatis</em></strong></span> <span class='ocrx_word' id='word_1_172' title='bbox 1160 2664 1382 2720; x_wconf 78' lang='lat' dir='ltr'><strong><em>excedat</em></strong></span> <span class='ocrx_word' id='word_1_173' title='bbox 1409 2682 1421 2717; x_wconf 91' lang='lat'>:</span> <span class='ocrx_word' id='word_1_174' title='bbox 1449 2666 1584 2719; x_wconf 87' lang='lat' dir='ltr'><strong><em>sicut</em></strong></span> <span class='ocrx_word' id='word_1_175' title='bbox 1632 2680 1725 2734; x_wconf 84' lang='lat' dir='ltr'><strong><em>ge-</em></strong></span> 
     </span>
    </p>
   </div>
   <div class='ocr_carea' id='block_1_25' title="bbox 150 2755 1723 2825">
    <p class='ocr_par' dir='ltr' id='par_1_25' title="bbox 150 2755 1723 2825">
     <span class='ocr_line' id='line_1_25' title="bbox 150 2755 1723 2825; baseline 0.006 -24"><span class='ocrx_word' id='word_1_176' title='bbox 150 2756 284 2803; x_wconf 88' lang='lat' dir='ltr'><strong><em>stum</em></strong></span> <span class='ocrx_word' id='word_1_177' title='bbox 321 2762 399 2805; x_wconf 89' lang='lat' dir='ltr'><strong><em>est</em></strong></span> <span class='ocrx_word' id='word_1_178' title='bbox 423 2793 441 2817; x_wconf 91' lang='lat'><strong><em>,</em></strong></span> <span class='ocrx_word' id='word_1_179' title='bbox 472 2755 610 2821; x_wconf 92' lang='lat' dir='ltr'><strong><em>quod</em></strong></span> <span class='ocrx_word' id='word_1_180' title='bbox 644 2756 755 2824; x_wconf 90' lang='lat' dir='ltr'><strong><em>ipse</em></strong></span> <span class='ocrx_word' id='word_1_181' title='bbox 795 2756 1058 2825; x_wconf 81' lang='lat' dir='ltr'><strong><em>Propheta</em></strong></span> <span class='ocrx_word' id='word_1_182' title='bbox 1105 2758 1159 2811; x_wconf 92' lang='lat' dir='ltr'><strong><em>in</em></strong></span> <span class='ocrx_word' id='word_1_183' title='bbox 1190 2767 1372 2812; x_wconf 81' lang='lat' dir='ltr'><strong><em>ventre</em></strong></span> <span class='ocrx_word' id='word_1_184' title='bbox 1416 2758 1516 2811; x_wconf 88' lang='lat' dir='ltr'><strong><em>ceti</em></strong></span> <span class='ocrx_word' id='word_1_185' title='bbox 1550 2758 1723 2811; x_wconf 87' lang='lat' dir='ltr'><strong><em>triduo</em></strong></span> 
     </span>
    </p>
   </div>
   <div class='ocr_carea' id='block_1_26' title="bbox 151 2838 1726 2917">
    <p class='ocr_par' dir='ltr' id='par_1_26' title="bbox 151 2838 1726 2917">
     <span class='ocr_line' id='line_1_26' title="bbox 151 2838 1726 2917; baseline 0.006 -25"><span class='ocrx_word' id='word_1_186' title='bbox 151 2838 262 2905; x_wconf 90' lang='lat' dir='ltr'><strong><em>fuit,</em></strong></span> <span class='ocrx_word' id='word_1_187' title='bbox 287 2854 339 2897; x_wconf 90' lang='lat' dir='ltr'><strong><em>et</em></strong></span> <span class='ocrx_word' id='word_1_188' title='bbox 362 2853 541 2899; x_wconf 85' lang='lat' dir='ltr'><strong><em>tamen</em></strong></span> <span class='ocrx_word' id='word_1_189' title='bbox 586 2846 746 2899; x_wconf 91' lang='lat' dir='ltr'><strong><em>alium</em></strong></span> <span class='ocrx_word' id='word_1_190' title='bbox 786 2848 1099 2916; x_wconf 89' lang='lat' dir='ltr'><strong><em>signiﬁcavit</em></strong></span> <span class='ocrx_word' id='word_1_191' title='bbox 1146 2847 1199 2901; x_wconf 91' lang='lat' dir='ltr'><strong><em>in</em></strong></span> <span class='ocrx_word' id='word_1_192' title='bbox 1244 2847 1505 2917; x_wconf 91' lang='lat' dir='ltr'><strong><em>profundo</em></strong></span> <span class='ocrx_word' id='word_1_193' title='bbox 1534 2846 1726 2901; x_wconf 89' lang='lat' dir='ltr'><strong><em>inferni</em></strong></span> 
     </span>
    </p>
   </div>
   <div class='ocr_carea' id='block_1_27' title="bbox 151 2932 1724 3009">
    <p class='ocr_par' dir='ltr' id='par_1_27' title="bbox 151 2932 1724 3009">
     <span class='ocr_line' id='line_1_27' title="bbox 151 2932 1724 3009; baseline 0.004 -25"><span class='ocrx_word' id='word_1_194' title='bbox 151 2932 316 2987; x_wconf 90' lang='lat' dir='ltr'><strong><em>triduo</em></strong></span> <span class='ocrx_word' id='word_1_195' title='bbox 343 2933 579 2988; x_wconf 92' lang='lat' dir='ltr'><strong><em>futurum</em></strong></span> <span class='ocrx_word' id='word_1_196' title='bbox 602 2976 616 3001; x_wconf 93' lang='lat'><strong><em>,</em></strong></span> <span class='ocrx_word' id='word_1_197' title='bbox 649 2938 739 3006; x_wconf 89' lang='lat' dir='ltr'><strong><em>qui</em></strong></span> <span class='ocrx_word' id='word_1_198' title='bbox 780 2937 1033 2993; x_wconf 90' lang='lat' dir='ltr'><strong><em>Dominus</em></strong></span> <span class='ocrx_word' id='word_1_199' title='bbox 1059 2948 1142 2993; x_wconf 90' lang='lat' dir='ltr'><strong><em>est</em></strong></span> <span class='ocrx_word' id='word_1_200' title='bbox 1166 2939 1400 2993; x_wconf 91' lang='lat' dir='ltr'><strong><em>omnium</em></strong></span> <span class='ocrx_word' id='word_1_201' title='bbox 1431 2938 1724 3009; x_wconf 89' lang='lat' dir='ltr'><strong><em>Propheta-</em></strong></span> 
     </span>
    </p>
   </div>
   <div class='ocr_carea' id='block_1_28' title="bbox 150 3026 1725 3102">
    <p class='ocr_par' dir='ltr' id='par_1_28' title="bbox 150 3026 1725 3102">
     <span class='ocr_line' id='line_1_28' title="bbox 150 3026 1725 3102; baseline 0.006 -25"><span class='ocrx_word' id='word_1_202' title='bbox 150 3038 276 3079; x_wconf 88' lang='lat' dir='ltr'><strong><em>rum.</em></strong></span> <span class='ocrx_word' id='word_1_203' title='bbox 305 3026 644 3099; x_wconf 86' lang='lat' dir='ltr'><strong><em>Quapropter</em></strong></span> <span class='ocrx_word' id='word_1_204' title='bbox 669 3031 711 3083; x_wconf 93' lang='lat' dir='ltr'><strong><em>si</em></strong></span> <span class='ocrx_word' id='word_1_205' title='bbox 737 3047 828 3100; x_wconf 87' lang='lat' dir='ltr'><strong><em>per</em></strong></span> <span class='ocrx_word' id='word_1_206' title='bbox 852 3032 993 3085; x_wconf 90' lang='lat' dir='ltr'><strong><em>illam</em></strong></span> <span class='ocrx_word' id='word_1_207' title='bbox 1016 3032 1281 3086; x_wconf 89' lang='lat' dir='ltr'><strong><em>civitatem</em></strong></span> <span class='ocrx_word' id='word_1_208' title='bbox 1305 3042 1449 3087; x_wconf 88' lang='lat' dir='ltr'><strong><em>recte</em></strong></span> <span class='ocrx_word' id='word_1_209' title='bbox 1469 3034 1725 3102; x_wconf 81' lang='lat' dir='ltr'><strong><em>accipitur</em></strong></span> 
     </span>
    </p>
   </div>
   <div class='ocr_carea' id='block_1_29' title="bbox 151 3116 1728 3191">
    <p class='ocr_par' dir='ltr' id='par_1_29' title="bbox 151 3116 1728 3191">
     <span class='ocr_line' id='line_1_29' title="bbox 151 3116 1728 3191; baseline 0.006 -22"><span class='ocrx_word' id='word_1_210' title='bbox 151 3116 375 3171; x_wconf 83' lang='lat' dir='ltr'><strong><em>Ecclesia</em></strong></span> <span class='ocrx_word' id='word_1_211' title='bbox 407 3120 645 3187; x_wconf 88' lang='lat' dir='ltr'><strong><em>gentium</em></strong></span> <span class='ocrx_word' id='word_1_212' title='bbox 678 3120 987 3191; x_wconf 88' lang='lat' dir='ltr'><strong><em>prophetice</em></strong></span> <span class='ocrx_word' id='word_1_213' title='bbox 1012 3124 1228 3191; x_wconf 86' lang='lat' dir='ltr'><strong><em>ﬁgurata</em></strong></span> <span class='ocrx_word' id='word_1_214' title='bbox 1254 3163 1269 3188; x_wconf 94' lang='lat'><strong><em>,</em></strong></span> <span class='ocrx_word' id='word_1_215' title='bbox 1310 3138 1494 3178; x_wconf 89' lang='lat' dir='ltr'><strong><em>eversa</em></strong></span> <span class='ocrx_word' id='word_1_216' title='bbox 1526 3125 1728 3178; x_wconf 83' lang='lat' dir='ltr'><strong><em>scilicet</em></strong></span> 
     </span>
    </p>
   </div>
   <div class='ocr_carea' id='block_1_30' title="bbox 154 3212 1727 3283">
    <p class='ocr_par' dir='ltr' id='par_1_30' title="bbox 154 3212 1727 3283">
     <span class='ocr_line' id='line_1_30' title="bbox 154 3212 1727 3283; baseline 0.005 -21"><span class='ocrx_word' id='word_1_217' title='bbox 154 3222 244 3277; x_wconf 86' lang='lat' dir='ltr'><strong><em>per</em></strong></span> <span class='ocrx_word' id='word_1_218' title='bbox 268 3212 658 3280; x_wconf 62' lang='lat' dir='ltr'><strong><em>penitentiam,</em></strong></span> <span class='ocrx_word' id='word_1_219' title='bbox 683 3221 739 3265; x_wconf 89' lang='lat' dir='ltr'><strong><em>ut</em></strong></span> <span class='ocrx_word' id='word_1_220' title='bbox 766 3214 933 3282; x_wconf 87' lang='lat' dir='ltr'><strong><em>qualis</em></strong></span> <span class='ocrx_word' id='word_1_221' title='bbox 964 3213 1133 3267; x_wconf 79' lang='lat' dir='ltr'><strong><em>fuerat</em></strong></span> <span class='ocrx_word' id='word_1_222' title='bbox 1152 3216 1260 3283; x_wconf 87' lang='lat' dir='ltr'><strong><em>jam</em></strong></span> <span class='ocrx_word' id='word_1_223' title='bbox 1289 3231 1391 3270; x_wconf 92' lang='lat' dir='ltr'><strong><em>non</em></strong></span> <span class='ocrx_word' id='word_1_224' title='bbox 1420 3227 1595 3280; x_wconf 90' lang='lat' dir='ltr'><strong><em>esset;</em></strong></span> <span class='ocrx_word' id='word_1_225' title='bbox 1624 3215 1727 3270; x_wconf 89' lang='lat' dir='ltr'><strong><em>hoc</em></strong></span> 
     </span>
    </p>
   </div>
   <div class='ocr_carea' id='block_1_31' title="bbox 152 3302 1723 3377">
    <p class='ocr_par' dir='ltr' id='par_1_31' title="bbox 152 3302 1723 3377">
     <span class='ocr_line' id='line_1_31' title="bbox 152 3302 1723 3377; baseline 0.006 -25"><span class='ocrx_word' id='word_1_226' title='bbox 152 3302 387 3368; x_wconf 91' lang='lat' dir='ltr'><strong><em>quoniam</em></strong></span> <span class='ocrx_word' id='word_1_227' title='bbox 416 3318 511 3371; x_wconf 90' lang='lat' dir='ltr'><strong><em>per</em></strong></span> <span class='ocrx_word' id='word_1_228' title='bbox 531 3304 794 3357; x_wconf 84' lang='lat' dir='ltr'><strong><em>Christum</em></strong></span> <span class='ocrx_word' id='word_1_229' title='bbox 818 3304 1011 3359; x_wconf 88' lang='lat' dir='ltr'><strong><em>factum</em></strong></span> <span class='ocrx_word' id='word_1_230' title='bbox 1038 3316 1119 3360; x_wconf 85' lang='lat' dir='ltr'><strong><em>est</em></strong></span> <span class='ocrx_word' id='word_1_231' title='bbox 1140 3308 1190 3360; x_wconf 92' lang='lat' dir='ltr'><strong><em>in</em></strong></span> <span class='ocrx_word' id='word_1_232' title='bbox 1210 3308 1445 3362; x_wconf 84' lang='lat' dir='ltr'><strong><em>Ecclesia</em></strong></span> <span class='ocrx_word' id='word_1_233' title='bbox 1468 3308 1723 3377; x_wconf 89' lang='lat' dir='ltr'><strong><em>gentium,</em></strong></span> 
     </span>
    </p>
   </div>
   <div class='ocr_carea' id='block_1_32' title="bbox 152 3391 1729 3471">
    <p class='ocr_par' dir='ltr' id='par_1_32' title="bbox 152 3391 1729 3471">
     <span class='ocr_line' id='line_1_32' title="bbox 152 3391 1729 3471; baseline 0.009 -28"><span class='ocrx_word' id='word_1_234' title='bbox 152 3391 292 3461; x_wconf 88' lang='lat' dir='ltr'><strong><em>cujus</em></strong></span> <span class='ocrx_word' id='word_1_235' title='bbox 321 3393 409 3447; x_wconf 87' lang='lat' dir='ltr'><strong><em>illa</em></strong></span> <span class='ocrx_word' id='word_1_236' title='bbox 434 3394 625 3450; x_wconf 84' lang='lat' dir='ltr'><strong><em>Ninive</em></strong></span> <span class='ocrx_word' id='word_1_237' title='bbox 644 3397 859 3465; x_wconf 90' lang='lat' dir='ltr'><strong><em>ﬁguram</em></strong></span> <span class='ocrx_word' id='word_1_238' title='bbox 875 3399 1112 3467; x_wconf 83' lang='lat' dir='ltr'><strong><em>gerebat,</em></strong></span> <span class='ocrx_word' id='word_1_239' title='bbox 1131 3399 1242 3454; x_wconf 84' lang='lat' dir='ltr'><strong><em>sive</em></strong></span> <span class='ocrx_word' id='word_1_240' title='bbox 1263 3416 1359 3469; x_wconf 88' lang='lat' dir='ltr'><strong><em>per</em></strong></span> <span class='ocrx_word' id='word_1_241' title='bbox 1383 3402 1729 3471; x_wconf 88' lang='lat' dir='ltr'><strong><em>quadraginta</em></strong></span> 
     </span>
    </p>
   </div>
   <div class='ocr_carea' id='block_1_33' title="bbox 151 3476 1732 3561">
    <p class='ocr_par' dir='ltr' id='par_1_33' title="bbox 151 3476 1732 3561">
     <span class='ocr_line' id='line_1_33' title="bbox 151 3476 1732 3561; baseline 0.008 -27"><span class='ocrx_word' id='word_1_242' title='bbox 151 3480 275 3548; x_wconf 88' lang='lat' dir='ltr'><strong><em>dies,</em></strong></span> <span class='ocrx_word' id='word_1_243' title='bbox 305 3485 413 3540; x_wconf 85' lang='lat' dir='ltr'><strong><em>sive</em></strong></span> <span class='ocrx_word' id='word_1_244' title='bbox 438 3501 538 3557; x_wconf 89' lang='lat' dir='ltr'><strong><em>per</em></strong></span> <span class='ocrx_word' id='word_1_245' title='bbox 554 3488 804 3552; x_wconf 89' lang='lat' dir='ltr'><strong><em>triduum,</em></strong></span> <span class='ocrx_word' id='word_1_246' title='bbox 828 3490 965 3543; x_wconf 90' lang='lat' dir='ltr'><strong><em>idem</em></strong></span> <span class='ocrx_word' id='word_1_247' title='bbox 988 3476 1099 3558; x_wconf 86' lang='lat' dir='ltr'><strong><em>ipse</em></strong></span> <span class='ocrx_word' id='word_1_248' title='bbox 1118 3490 1440 3561; x_wconf 86' lang='lat' dir='ltr'><strong><em>significatus</em></strong></span> <span class='ocrx_word' id='word_1_249' title='bbox 1466 3503 1546 3547; x_wconf 89' lang='lat' dir='ltr'><strong><em>est</em></strong></span> <span class='ocrx_word' id='word_1_250' title='bbox 1574 3492 1732 3547; x_wconf 82' lang='lat' dir='ltr'><strong><em>Chri-</em></strong></span> 
     </span>
    </p>
   </div>
   <div class='ocr_carea' id='block_1_34' title="bbox 152 3578 1729 3653">
    <p class='ocr_par' dir='ltr' id='par_1_34' title="bbox 152 3578 1729 3653">
     <span class='ocr_line' id='line_1_34' title="bbox 152 3578 1729 3653; baseline 0.006 -26"><span class='ocrx_word' id='word_1_251' title='bbox 152 3582 287 3640; x_wconf 75' lang='lat' dir='ltr'><strong><em>SLus;</em></strong></span> <span class='ocrx_word' id='word_1_252' title='bbox 316 3590 409 3645; x_wconf 89' lang='lat' dir='ltr'><strong><em>per</em></strong></span> <span class='ocrx_word' id='word_1_253' title='bbox 450 3578 795 3648; x_wconf 79' lang='lat' dir='ltr'><strong><em>quadraginta</em></strong></span> <span class='ocrx_word' id='word_1_254' title='bbox 834 3580 1067 3644; x_wconf 90' lang='lat' dir='ltr'><strong><em>scilicet,</em></strong></span> <span class='ocrx_word' id='word_1_255' title='bbox 1096 3581 1218 3650; x_wconf 87' lang='lat' dir='ltr'><strong><em>quia</em></strong></span> <span class='ocrx_word' id='word_1_256' title='bbox 1246 3590 1322 3635; x_wconf 91' lang='lat' dir='ltr'><strong><em>tot</em></strong></span> <span class='ocrx_word' id='word_1_257' title='bbox 1362 3581 1477 3637; x_wconf 92' lang='lat' dir='ltr'><strong><em>dies</em></strong></span> <span class='ocrx_word' id='word_1_258' title='bbox 1525 3584 1729 3653; x_wconf 87' lang='lat' dir='ltr'><strong><em>peregit</em></strong></span> 
     </span>
    </p>
   </div>
   <div class='ocr_carea' id='block_1_35' title="bbox 152 3667 1727 3739">
    <p class='ocr_par' dir='ltr' id='par_1_35' title="bbox 152 3667 1727 3739">
     <span class='ocr_line' id='line_1_35' title="bbox 152 3667 1727 3739; baseline 0.007 -23"><span class='ocrx_word' id='word_1_259' title='bbox 152 3677 263 3719; x_wconf 92' lang='lat' dir='ltr'><strong><em>cum</em></strong></span> <span class='ocrx_word' id='word_1_260' title='bbox 295 3667 567 3739; x_wconf 84' lang='lat' dir='ltr'><strong><em>discipulis</em></strong></span> <span class='ocrx_word' id='word_1_261' title='bbox 594 3670 704 3722; x_wconf 90' lang='lat' dir='ltr'><strong><em>suis</em></strong></span> <span class='ocrx_word' id='word_1_262' title='bbox 748 3680 865 3738; x_wconf 91' lang='lat' dir='ltr'><strong><em>post</em></strong></span> <span class='ocrx_word' id='word_1_263' title='bbox 892 3672 1367 3739; x_wconf 88' lang='lat' dir='ltr'><strong><em>resurrectionem,</em></strong></span> <span class='ocrx_word' id='word_1_264' title='bbox 1399 3682 1454 3726; x_wconf 92' lang='lat' dir='ltr'><strong><em>et</em></strong></span> <span class='ocrx_word' id='word_1_265' title='bbox 1488 3674 1727 3727; x_wconf 88' lang='lat' dir='ltr'><strong><em>ascendit</em></strong></span> 
     </span>
    </p>
   </div>
   <div class='ocr_carea' id='block_1_36' title="bbox 153 3756 1727 3833">
    <p class='ocr_par' dir='ltr' id='par_1_36' title="bbox 153 3756 1727 3833">
     <span class='ocr_line' id='line_1_36' title="bbox 153 3756 1727 3833; baseline 0.006 -24"><span class='ocrx_word' id='word_1_266' title='bbox 153 3756 200 3810; x_wconf 91' lang='lat' dir='ltr'><strong><em>in</em></strong></span> <span class='ocrx_word' id='word_1_267' title='bbox 228 3760 451 3827; x_wconf 65' lang='lat' dir='ltr'><strong><em>caelum;</em></strong></span> <span class='ocrx_word' id='word_1_268' title='bbox 480 3776 579 3832; x_wconf 90' lang='lat' dir='ltr'><strong><em>per</em></strong></span> <span class='ocrx_word' id='word_1_269' title='bbox 623 3762 850 3817; x_wconf 88' lang='lat' dir='ltr'><strong><em>triduutn</em></strong></span> <span class='ocrx_word' id='word_1_270' title='bbox 877 3778 1033 3829; x_wconf 89' lang='lat' dir='ltr'><strong><em>vero,</em></strong></span> <span class='ocrx_word' id='word_1_271' title='bbox 1063 3765 1183 3833; x_wconf 87' lang='lat' dir='ltr'><strong><em>quia</em></strong></span> <span class='ocrx_word' id='word_1_272' title='bbox 1228 3764 1315 3820; x_wconf 88' lang='lat' dir='ltr'><strong><em>die</em></strong></span> <span class='ocrx_word' id='word_1_273' title='bbox 1344 3765 1503 3819; x_wconf 85' lang='lat' dir='ltr'><strong><em>tertio</em></strong></span> <span class='ocrx_word' id='word_1_274' title='bbox 1545 3780 1727 3819; x_wconf 84' lang='lat' dir='ltr'><strong><em>resur-</em></strong></span> 
     </span>
    </p>
   </div>
   <div class='ocr_carea' id='block_1_37' title="bbox 153 3853 1728 3927">
    <p class='ocr_par' dir='ltr' id='par_1_37' title="bbox 153 3853 1728 3927">
     <span class='ocr_line' id='line_1_37' title="bbox 153 3853 1728 3927; baseline 0.004 -23"><span class='ocrx_word' id='word_1_275' title='bbox 153 3853 281 3907; x_wconf 77' lang='lat' dir='ltr'><strong><em>rexit</em></strong></span> <span class='ocrx_word' id='word_1_276' title='bbox 310 3872 323 3908; x_wconf 92' lang='lat'><strong>:</strong></span> <span class='ocrx_word' id='word_1_277' title='bbox 351 3865 601 3924; x_wconf 91' lang='lat' dir='ltr'><strong><em>tanquam</em></strong></span> <span class='ocrx_word' id='word_1_278' title='bbox 644 3856 895 3910; x_wconf 88' lang='lat' dir='ltr'><strong><em>lectorem</em></strong></span> <span class='ocrx_word' id='word_1_279' title='bbox 926 3858 1054 3910; x_wconf 90' lang='lat' dir='ltr'><strong><em>nihil</em></strong></span> <span class='ocrx_word' id='word_1_280' title='bbox 1096 3857 1238 3911; x_wconf 89' lang='lat' dir='ltr'><strong><em>aliud</em></strong></span> <span class='ocrx_word' id='word_1_281' title='bbox 1284 3873 1443 3927; x_wconf 90' lang='lat' dir='ltr'><strong><em>quam</em></strong></span> <span class='ocrx_word' id='word_1_282' title='bbox 1494 3857 1728 3911; x_wconf 64' lang='lat' dir='ltr'><strong><em>historias</em></strong></span> 
     </span>
    </p>
   </div>
   <div class='ocr_carea' id='block_1_38' title="bbox 155 3947 1730 4018">
    <p class='ocr_par' dir='ltr' id='par_1_38' title="bbox 155 3947 1730 4018">
     <span class='ocr_line' id='line_1_38' title="bbox 155 3947 1730 4018; baseline 0.005 -23"><span class='ocrx_word' id='word_1_283' title='bbox 155 3956 320 3997; x_wconf 88' lang='lat' dir='ltr'><strong><em>rerum</em></strong></span> <span class='ocrx_word' id='word_1_284' title='bbox 348 3955 617 4015; x_wconf 90' lang='lat' dir='ltr'><strong><em>gestarum</em></strong></span> <span class='ocrx_word' id='word_1_285' title='bbox 649 3947 908 4003; x_wconf 66' lang='lat' dir='ltr'><strong><em>inhaerere</em></strong></span> <span class='ocrx_word' id='word_1_286' title='bbox 934 3948 1252 4018; x_wconf 90' lang='lat' dir='ltr'><strong><em>cupientem,</em></strong></span> <span class='ocrx_word' id='word_1_287' title='bbox 1284 3949 1350 4003; x_wconf 91' lang='lat' dir='ltr'><strong><em>de</em></strong></span> <span class='ocrx_word' id='word_1_288' title='bbox 1371 3964 1557 4004; x_wconf 89' lang='lat' dir='ltr'><strong><em>somno</em></strong></span> <span class='ocrx_word' id='word_1_289' title='bbox 1586 3950 1730 4004; x_wconf 80' lang='lat' dir='ltr'><strong><em>exci-</em></strong></span> 
     </span>
    </p>
   </div>
   <div class='ocr_carea' id='block_1_39' title="bbox 155 4035 1725 4110">
    <p class='ocr_par' dir='ltr' id='par_1_39' title="bbox 155 4035 1725 4110">
     <span class='ocr_line' id='line_1_39' title="bbox 155 4035 1725 4110; baseline 0.007 -26"><span class='ocrx_word' id='word_1_290' title='bbox 155 4035 369 4088; x_wconf 89' lang='lat' dir='ltr'><strong><em>taverint</em></strong></span> <span class='ocrx_word' id='word_1_291' title='bbox 392 4035 734 4106; x_wconf 89' lang='lat' dir='ltr'><strong><em>Septuaginta</em></strong></span> <span class='ocrx_word' id='word_1_292' title='bbox 762 4038 1095 4107; x_wconf 87' lang='lat' dir='ltr'><strong><em>interpretes,</em></strong></span> <span class='ocrx_word' id='word_1_293' title='bbox 1120 4039 1386 4110; x_wconf 89' lang='lat' dir='ltr'><strong><em>iidemque</em></strong></span> <span class='ocrx_word' id='word_1_294' title='bbox 1411 4040 1689 4110; x_wconf 69' lang='lat' dir='ltr'><strong><em>PrOpheta:</em></strong></span> <span class='ocrx_word' id='word_1_295' title='bbox 1708 4082 1725 4108; x_wconf 94' lang='lat'><strong><em>,</em></strong></span> 
     </span>
    </p>
   </div>
   <div class='ocr_carea' id='block_1_40' title="bbox 153 4123 1728 4200">
    <p class='ocr_par' dir='ltr' id='par_1_40' title="bbox 153 4123 1728 4200">
     <span class='ocr_line' id='line_1_40' title="bbox 153 4123 1728 4200; baseline 0.006 -25"><span class='ocrx_word' id='word_1_296' title='bbox 153 4123 213 4177; x_wconf 91' lang='lat' dir='ltr'><strong><em>ad</em></strong></span> <span class='ocrx_word' id='word_1_297' title='bbox 240 4128 671 4195; x_wconf 87' lang='lat' dir='ltr'><strong><em>perscrutandam</em></strong></span> <span class='ocrx_word' id='word_1_298' title='bbox 696 4130 1023 4184; x_wconf 88' lang='lat' dir='ltr'><strong><em>altitudinem</em></strong></span> <span class='ocrx_word' id='word_1_299' title='bbox 1052 4130 1361 4199; x_wconf 66' lang='lat' dir='ltr'><strong><em>prophetiae,</em></strong></span> <span class='ocrx_word' id='word_1_300' title='bbox 1390 4140 1445 4186; x_wconf 88' lang='lat' dir='ltr'><strong><em>et</em></strong></span> <span class='ocrx_word' id='word_1_301' title='bbox 1469 4131 1728 4200; x_wconf 89' lang='lat' dir='ltr'><strong><em>quodam-</em></strong></span> 
     </span>
    </p>
   </div>
   <div class='ocr_carea' id='block_1_41' title="bbox 155 4216 1724 4292">
    <p class='ocr_par' dir='ltr' id='par_1_41' title="bbox 155 4216 1724 4292">
     <span class='ocr_line' id='line_1_41' title="bbox 155 4216 1724 4292; baseline 0.008 -28"><span class='ocrx_word' id='word_1_302' title='bbox 155 4216 303 4270; x_wconf 90' lang='lat' dir='ltr'><strong><em>modo</em></strong></span> <span class='ocrx_word' id='word_1_303' title='bbox 327 4218 556 4273; x_wconf 87' lang='lat' dir='ltr'><strong><em>dixerint</em></strong></span> <span class='ocrx_word' id='word_1_304' title='bbox 584 4236 598 4272; x_wconf 90' lang='lat'><strong>:</strong></span> <span class='ocrx_word' id='word_1_305' title='bbox 629 4218 682 4272; x_wconf 90' lang='lat' dir='ltr'><strong><em>ln</em></strong></span> <span class='ocrx_word' id='word_1_306' title='bbox 710 4220 1055 4290; x_wconf 86' lang='lat' dir='ltr'><strong><em>quadraginta</em></strong></span> <span class='ocrx_word' id='word_1_307' title='bbox 1100 4220 1285 4275; x_wconf 89' lang='lat' dir='ltr'><strong><em>diebus</em></strong></span> <span class='ocrx_word' id='word_1_308' title='bbox 1313 4222 1484 4290; x_wconf 91' lang='lat' dir='ltr'><strong><em>ipsum</em></strong></span> <span class='ocrx_word' id='word_1_309' title='bbox 1515 4237 1724 4292; x_wconf 68' lang='lat' dir='ltr'><strong><em>qutere,</em></strong></span> 
     </span>
    </p>
   </div>
   <div class='ocr_carea' id='block_1_42' title="bbox 157 4301 1727 4382">
    <p class='ocr_par' dir='ltr' id='par_1_42' title="bbox 157 4301 1727 4382">
     <span class='ocr_line' id='line_1_42' title="bbox 157 4301 1727 4382; baseline 0.006 -21"><span class='ocrx_word' id='word_1_310' title='bbox 157 4301 205 4357; x_wconf 85' lang='lat' dir='ltr'><strong><em>in</em></strong></span> <span class='ocrx_word' id='word_1_311' title='bbox 232 4324 329 4375; x_wconf 85' lang='lat' dir='ltr'><strong><em>quo</em></strong></span> <span class='ocrx_word' id='word_1_312' title='bbox 355 4322 407 4366; x_wconf 91' lang='lat' dir='ltr'><strong><em>et</em></strong></span> <span class='ocrx_word' id='word_1_313' title='bbox 430 4310 662 4366; x_wconf 90' lang='lat' dir='ltr'><strong><em>triduum</em></strong></span> <span class='ocrx_word' id='word_1_314' title='bbox 691 4314 925 4382; x_wconf 84' lang='lat' dir='ltr'><strong><em>potueris</em></strong></span> <span class='ocrx_word' id='word_1_315' title='bbox 946 4314 963 4343; x_wconf 82' lang='grc'>¹</span> <span class='ocrx_word' id='word_1_316' title='bbox 994 4315 1258 4380; x_wconf 86' lang='lat' dir='ltr'><strong><em>invenire;</em></strong></span> <span class='ocrx_word' id='word_1_317' title='bbox 1287 4315 1417 4369; x_wconf 89' lang='lat' dir='ltr'><strong><em>illud</em></strong></span> <span class='ocrx_word' id='word_1_318' title='bbox 1456 4316 1507 4369; x_wconf 91' lang='lat' dir='ltr'><strong><em>in</em></strong></span> <span class='ocrx_word' id='word_1_319' title='bbox 1537 4330 1727 4370; x_wconf 62' lang='lat' dir='ltr'><strong><em>ascen-</em></strong></span> 
     </span>
    </p>
   </div>
   <div class='ocr_carea' id='block_1_43' title="bbox 158 4394 1731 4477">
    <p class='ocr_par' dir='ltr' id='par_1_43' title="bbox 158 4394 1731 4477">
     <span class='ocr_line' id='line_1_43' title="bbox 158 4394 1731 4477; baseline 0.01 -30"><span class='ocrx_word' id='word_1_320' title='bbox 158 4394 461 4461; x_wconf 88' lang='lat' dir='ltr'><strong><em>sione,hoc</em></strong></span> <span class='ocrx_word' id='word_1_321' title='bbox 507 4402 560 4456; x_wconf 89' lang='lat' dir='ltr'><strong><em>in</em></strong></span> <span class='ocrx_word' id='word_1_322' title='bbox 602 4403 717 4471; x_wconf 87' lang='lat' dir='ltr'><strong><em>ejus</em></strong></span> <span class='ocrx_word' id='word_1_323' title='bbox 764 4406 1156 4459; x_wconf 82' lang='lat' dir='ltr'><strong><em>resurrectione</em></strong></span> <span class='ocrx_word' id='word_1_324' title='bbox 1202 4407 1458 4475; x_wconf 88' lang='lat' dir='ltr'><strong><em>reperies.</em></strong></span> <span class='ocrx_word' id='word_1_325' title='bbox 1510 4408 1731 4477; x_wconf 81' lang='lat' dir='ltr'><strong><em>Propter</em></strong></span> 
     </span>
    </p>
   </div>
   <div class='ocr_carea' id='block_1_44' title="bbox 156 4486 1734 4571">
    <p class='ocr_par' dir='ltr' id='par_1_44' title="bbox 156 4486 1734 4571">
     <span class='ocr_line' id='line_1_44' title="bbox 156 4486 1734 4571; baseline 0.011 -32"><span class='ocrx_word' id='word_1_326' title='bbox 156 4486 287 4555; x_wconf 87' lang='lat' dir='ltr'><strong><em>quod</em></strong></span> <span class='ocrx_word' id='word_1_327' title='bbox 313 4498 538 4560; x_wconf 90' lang='lat' dir='ltr'><strong><em>utroque</em></strong></span> <span class='ocrx_word' id='word_1_328' title='bbox 562 4510 784 4550; x_wconf 88' lang='lat' dir='ltr'><strong><em>numero</em></strong></span> <span class='ocrx_word' id='word_1_329' title='bbox 809 4496 1090 4566; x_wconf 89' lang='lat' dir='ltr'><strong><em>signiﬁcari</em></strong></span> <span class='ocrx_word' id='word_1_330' title='bbox 1112 4499 1611 4555; x_wconf 90' lang='lat' dir='ltr'><strong><em>convenientissime</em></strong></span> <span class='ocrx_word' id='word_1_331' title='bbox 1635 4516 1734 4571; x_wconf 89' lang='lat' dir='ltr'><strong><em>po-</em></strong></span> 
     </span>
    </p>
   </div>
   <div class='ocr_carea' id='block_1_45' title="bbox 161 4578 1729 4660">
    <p class='ocr_par' dir='ltr' id='par_1_45' title="bbox 161 4578 1729 4660">
     <span class='ocr_line' id='line_1_45' title="bbox 161 4578 1729 4660; baseline 0.011 -30"><span class='ocrx_word' id='word_1_332' title='bbox 161 4578 283 4643; x_wconf 91' lang='lat' dir='ltr'><strong><em>tuit,</em></strong></span> <span class='ocrx_word' id='word_1_333' title='bbox 313 4594 536 4649; x_wconf 91' lang='lat' dir='ltr'><strong><em>quorum</em></strong></span> <span class='ocrx_word' id='word_1_334' title='bbox 564 4599 724 4636; x_wconf 92' lang='lat' dir='ltr'><strong><em>unum</em></strong></span> <span class='ocrx_word' id='word_1_335' title='bbox 755 4600 848 4653; x_wconf 88' lang='lat' dir='ltr'><strong><em>per</em></strong></span> <span class='ocrx_word' id='word_1_336' title='bbox 889 4588 1073 4642; x_wconf 85' lang='lat' dir='ltr'><strong><em>Jonam</em></strong></span> <span class='ocrx_word' id='word_1_337' title='bbox 1107 4590 1420 4660; x_wconf 89' lang='lat' dir='ltr'><strong><em>prophetam</em></strong></span> <span class='ocrx_word' id='word_1_338' title='bbox 1444 4634 1460 4659; x_wconf 94' lang='lat'><strong><em>,</em></strong></span> <span class='ocrx_word' id='word_1_339' title='bbox 1504 4594 1729 4648; x_wconf 88' lang='lat' dir='ltr'><strong><em>alterum</em></strong></span> 
     </span>
    </p>
   </div>
   <div class='ocr_carea' id='block_1_46' title="bbox 161 4668 1729 4747">
    <p class='ocr_par' dir='ltr' id='par_1_46' title="bbox 161 4668 1729 4747">
     <span class='ocr_line' id='line_1_46' title="bbox 161 4668 1729 4747; baseline 0.01 -26"><span class='ocrx_word' id='word_1_340' title='bbox 161 4678 251 4733; x_wconf 85' lang='lat' dir='ltr'><strong><em>per</em></strong></span> <span class='ocrx_word' id='word_1_341' title='bbox 278 4668 613 4742; x_wconf 87' lang='lat' dir='ltr'><strong><em>Septuaginta</em></strong></span> <span class='ocrx_word' id='word_1_342' title='bbox 642 4672 991 4743; x_wconf 89' lang='lat' dir='ltr'><strong><em>interpretum</em></strong></span> <span class='ocrx_word' id='word_1_343' title='bbox 1019 4679 1371 4747; x_wconf 82' lang='lat' dir='ltr'><strong><em>prophetiam,</em></strong></span> <span class='ocrx_word' id='word_1_344' title='bbox 1395 4690 1571 4736; x_wconf 91' lang='lat' dir='ltr'><strong><em>tamen</em></strong></span> <span class='ocrx_word' id='word_1_345' title='bbox 1595 4698 1729 4738; x_wconf 91' lang='lat' dir='ltr'><strong><em>unus</em></strong></span> 
     </span>
    </p>
   </div>
   <div class='ocr_carea' id='block_1_47' title="bbox 160 4762 1729 4841">
    <p class='ocr_par' dir='ltr' id='par_1_47' title="bbox 160 4762 1729 4841">
     <span class='ocr_line' id='line_1_47' title="bbox 160 4762 1729 4841; baseline 0.011 -32"><span class='ocrx_word' id='word_1_346' title='bbox 160 4766 306 4827; x_wconf 83' lang='lat' dir='ltr'><strong><em>atque</em></strong></span> <span class='ocrx_word' id='word_1_347' title='bbox 333 4762 469 4817; x_wconf 89' lang='lat' dir='ltr'><strong><em>idem</em></strong></span> <span class='ocrx_word' id='word_1_348' title='bbox 494 4763 722 4832; x_wconf 90' lang='lat' dir='ltr'><strong><em>Spiritus</em></strong></span> <span class='ocrx_word' id='word_1_349' title='bbox 746 4766 895 4819; x_wconf 80' lang='lat' dir='ltr'><strong><em>dixit.</em></strong></span> <span class='ocrx_word' id='word_1_350' title='bbox 920 4766 1322 4837; x_wconf 87' lang='lat' dir='ltr'><strong><em>Longitudinem</em></strong></span> <span class='ocrx_word' id='word_1_351' title='bbox 1345 4770 1509 4841; x_wconf 83' lang='lat' dir='ltr'><strong><em>fugio,</em></strong></span> <span class='ocrx_word' id='word_1_352' title='bbox 1537 4782 1595 4826; x_wconf 91' lang='lat' dir='ltr'><strong><em>ut</em></strong></span> <span class='ocrx_word' id='word_1_353' title='bbox 1624 4789 1729 4827; x_wconf 92' lang='lat' dir='ltr'><strong><em>non</em></strong></span> 
     </span>
    </p>
   </div>
   <div class='ocr_carea' id='block_1_48' title="bbox 163 4851 1729 4934">
    <p class='ocr_par' dir='ltr' id='par_1_48' title="bbox 163 4851 1729 4934">
     <span class='ocr_line' id='line_1_48' title="bbox 163 4851 1729 4934; baseline 0.01 -26"><span class='ocrx_word' id='word_1_354' title='bbox 163 4851 269 4911; x_wconf 71' lang='lat' dir='ltr'><strong><em>lucc</em></strong></span> <span class='ocrx_word' id='word_1_355' title='bbox 312 4872 403 4928; x_wconf 86' lang='lat' dir='ltr'><strong><em>per</em></strong></span> <span class='ocrx_word' id='word_1_356' title='bbox 430 4863 593 4916; x_wconf 90' lang='lat' dir='ltr'><strong><em>multa</em></strong></span> <span class='ocrx_word' id='word_1_357' title='bbox 639 4861 1033 4930; x_wconf 86' lang='lat' dir='ltr'><strong><em>demonstrem,</em></strong></span> <span class='ocrx_word' id='word_1_358' title='bbox 1066 4864 1116 4917; x_wconf 92' lang='lat' dir='ltr'><strong><em>in</em></strong></span> <span class='ocrx_word' id='word_1_359' title='bbox 1157 4866 1346 4934; x_wconf 87' lang='lat' dir='ltr'><strong><em>quibus</em></strong></span> <span class='ocrx_word' id='word_1_360' title='bbox 1374 4867 1442 4921; x_wconf 91' lang='lat' dir='ltr'><strong><em>ab</em></strong></span> <span class='ocrx_word' id='word_1_361' title='bbox 1484 4867 1729 4923; x_wconf 85' lang='lat' dir='ltr'><strong><em>hcbraica</em></strong></span> 
     </span>
    </p>
   </div>
   <div class='ocr_carea' id='block_1_49' title="bbox 164 4948 1723 5027">
    <p class='ocr_par' dir='ltr' id='par_1_49' title="bbox 164 4948 1723 5027">
     <span class='ocr_line' id='line_1_49' title="bbox 164 4948 1723 5027; baseline 0.012 -31"><span class='ocrx_word' id='word_1_362' title='bbox 164 4948 372 5005; x_wconf 83' lang='lat' dir='ltr'><strong><em>veritate</em></strong></span> <span class='ocrx_word' id='word_1_363' title='bbox 397 4961 648 5022; x_wconf 91' lang='lat' dir='ltr'><strong><em>putantur</em></strong></span> <span class='ocrx_word' id='word_1_364' title='bbox 671 4954 1012 5023; x_wconf 82' lang='lat' dir='ltr'><strong><em>Septuaginta</em></strong></span> <span class='ocrx_word' id='word_1_365' title='bbox 1051 4955 1367 5025; x_wconf 88' lang='lat' dir='ltr'><strong><em>interpretes</em></strong></span> <span class='ocrx_word' id='word_1_366' title='bbox 1388 4956 1692 5027; x_wconf 89' lang='lat' dir='ltr'><strong><em>discrepare</em></strong></span> <span class='ocrx_word' id='word_1_367' title='bbox 1708 4999 1723 5023; x_wconf 89' lang='lat'><strong><em>,</em></strong></span> 
     </span>
    </p>
   </div>
   <div class='ocr_carea' id='block_1_50' title="bbox 163 5036 1731 5102">
    <p class='ocr_par' dir='ltr' id='par_1_50' title="bbox 163 5036 1731 5102">
     <span class='ocr_line' id='line_1_50' title="bbox 163 5036 1731 5102; baseline 0.01 -15"><span class='ocrx_word' id='word_1_368' title='bbox 163 5043 213 5087; x_wconf 84' lang='lat' dir='ltr'><strong><em>et</em></strong></span> <span class='ocrx_word' id='word_1_369' title='bbox 238 5036 367 5093; x_wconf 91' lang='lat' dir='ltr'><strong><em>bene</em></strong></span> <span class='ocrx_word' id='word_1_370' title='bbox 406 5041 657 5096; x_wconf 87' lang='lat' dir='ltr'><strong><em>intellecti</em></strong></span> <span class='ocrx_word' id='word_1_371' title='bbox 702 5042 1039 5098; x_wconf 88' lang='lat' dir='ltr'><strong><em>inveniuntur</em></strong></span> <span class='ocrx_word' id='word_1_372' title='bbox 1080 5059 1200 5099; x_wconf 91' lang='lat' dir='ltr'><strong><em>esse</em></strong></span> <span class='ocrx_word' id='word_1_373' title='bbox 1237 5046 1544 5101; x_wconf 82' lang='lat' dir='ltr'><strong><em>concordes.</em></strong></span> <span class='ocrx_word' id='word_1_374' title='bbox 1582 5047 1731 5102; x_wconf 89' lang='lat' dir='ltr'><strong><em>Unde</em></strong></span> 
     </span>
    </p>
   </div>
   <div class='ocr_carea' id='block_1_51' title="bbox 163 5126 1729 5209">
    <p class='ocr_par' dir='ltr' id='par_1_51' title="bbox 163 5126 1729 5209">
     <span class='ocr_line' id='line_1_51' title="bbox 163 5126 1729 5209; baseline 0.011 -33"><span class='ocrx_word' id='word_1_375' title='bbox 163 5126 310 5181; x_wconf 91' lang='lat' dir='ltr'><strong><em>etiam</em></strong></span> <span class='ocrx_word' id='word_1_376' title='bbox 336 5146 434 5200; x_wconf 85' lang='lat' dir='ltr'><strong><em>ego</em></strong></span> <span class='ocrx_word' id='word_1_377' title='bbox 455 5148 553 5201; x_wconf 91' lang='lat' dir='ltr'><strong><em>pro</em></strong></span> <span class='ocrx_word' id='word_1_378' title='bbox 594 5149 715 5188; x_wconf 92' lang='lat' dir='ltr'><strong><em>meo</em></strong></span> <span class='ocrx_word' id='word_1_379' title='bbox 744 5134 958 5189; x_wconf 90' lang='lat' dir='ltr'><strong><em>modulo</em></strong></span> <span class='ocrx_word' id='word_1_380' title='bbox 983 5136 1201 5206; x_wconf 89' lang='lat' dir='ltr'><strong><em>vestigia</em></strong></span> <span class='ocrx_word' id='word_1_381' title='bbox 1240 5152 1469 5207; x_wconf 90' lang='lat' dir='ltr'><strong><em>sequens</em></strong></span> <span class='ocrx_word' id='word_1_382' title='bbox 1499 5141 1729 5209; x_wconf 88' lang='lat' dir='ltr'><strong><em>Aposto-</em></strong></span> 
     </span>
    </p>
   </div>
   <div class='ocr_carea' id='block_1_52' title="bbox 166 5214 1731 5296">
    <p class='ocr_par' dir='ltr' id='par_1_52' title="bbox 166 5214 1731 5296">
     <span class='ocr_line' id='line_1_52' title="bbox 166 5214 1731 5296; baseline 0.012 -29"><span class='ocrx_word' id='word_1_383' title='bbox 166 5214 346 5281; x_wconf 90' lang='lat' dir='ltr'><strong><em>lorum,</em></strong></span> <span class='ocrx_word' id='word_1_384' title='bbox 373 5224 493 5292; x_wconf 90' lang='lat' dir='ltr'><strong><em>quia</em></strong></span> <span class='ocrx_word' id='word_1_385' title='bbox 517 5233 571 5279; x_wconf 90' lang='lat' dir='ltr'><strong><em>et</em></strong></span> <span class='ocrx_word' id='word_1_386' title='bbox 599 5224 698 5295; x_wconf 91' lang='lat' dir='ltr'><strong><em>ipsi</em></strong></span> <span class='ocrx_word' id='word_1_387' title='bbox 748 5241 815 5280; x_wconf 80' lang='lat' dir='ltr'><strong><em>cx</em></strong></span> <span class='ocrx_word' id='word_1_388' title='bbox 841 5228 1106 5296; x_wconf 88' lang='lat' dir='ltr'><strong><em>utrisque,</em></strong></span> <span class='ocrx_word' id='word_1_389' title='bbox 1136 5228 1186 5283; x_wconf 93' lang='lat' dir='ltr'><strong><em>id</em></strong></span> <span class='ocrx_word' id='word_1_390' title='bbox 1211 5238 1311 5294; x_wconf 89' lang='lat' dir='ltr'><strong><em>est,</em></strong></span> <span class='ocrx_word' id='word_1_391' title='bbox 1339 5244 1403 5284; x_wconf 84' lang='lat' dir='ltr'><strong><em>ex</em></strong></span> <span class='ocrx_word' id='word_1_392' title='bbox 1433 5229 1659 5284; x_wconf 66' lang='lat' dir='ltr'><strong><em>bebrmis</em></strong></span> <span class='ocrx_word' id='word_1_393' title='bbox 1678 5240 1731 5286; x_wconf 92' lang='lat' dir='ltr'><strong><em>et</em></strong></span> 
     </span>
    </p>
   </div>
   <div class='ocr_carea' id='block_1_53' title="bbox 166 5309 1731 5390">
    <p class='ocr_par' dir='ltr' id='par_1_53' title="bbox 166 5309 1731 5390">
     <span class='ocr_line' id='line_1_53' title="bbox 166 5309 1731 5390; baseline 0.011 -32"><span class='ocrx_word' id='word_1_394' title='bbox 166 5320 222 5359; x_wconf 83' lang='lat' dir='ltr'><strong><em>es</em></strong></span> <span class='ocrx_word' id='word_1_395' title='bbox 244 5309 596 5384; x_wconf 82' lang='lat' dir='ltr'><strong><em>Septuaginta,</em></strong></span> <span class='ocrx_word' id='word_1_396' title='bbox 616 5317 914 5371; x_wconf 89' lang='lat' dir='ltr'><strong><em>testimonia</em></strong></span> <span class='ocrx_word' id='word_1_397' title='bbox 932 5318 1237 5388; x_wconf 88' lang='lat' dir='ltr'><strong><em>prophetica</em></strong></span> <span class='ocrx_word' id='word_1_398' title='bbox 1255 5329 1564 5390; x_wconf 90' lang='lat' dir='ltr'><strong><em>posuerunt,</em></strong></span> <span class='ocrx_word' id='word_1_399' title='bbox 1589 5331 1731 5375; x_wconf 88' lang='lat' dir='ltr'><strong><em>utra-</em></strong></span> 
     </span>
    </p>
   </div>
   <div class='ocr_carea' id='block_1_54' title="bbox 166 5408 1729 5483">
    <p class='ocr_par' dir='ltr' id='par_1_54' title="bbox 166 5408 1729 5483">
     <span class='ocr_line' id='line_1_54' title="bbox 166 5408 1729 5483; baseline 0.01 -32"><span class='ocrx_word' id='word_1_400' title='bbox 166 5411 262 5465; x_wconf 88' lang='lat' dir='ltr'><strong><em>que</em></strong></span> <span class='ocrx_word' id='word_1_401' title='bbox 284 5409 592 5462; x_wconf 88' lang='lat' dir='ltr'><strong><em>auctoritate</em></strong></span> <span class='ocrx_word' id='word_1_402' title='bbox 615 5408 865 5462; x_wconf 90' lang='lat' dir='ltr'><strong><em>utendum</em></strong></span> <span class='ocrx_word' id='word_1_403' title='bbox 884 5412 1081 5479; x_wconf 84' lang='lat' dir='ltr'><strong><em>putavi,</em></strong></span> <span class='ocrx_word' id='word_1_404' title='bbox 1106 5413 1351 5481; x_wconf 88' lang='lat' dir='ltr'><strong><em>quoniam</em></strong></span> <span class='ocrx_word' id='word_1_405' title='bbox 1382 5423 1603 5483; x_wconf 90' lang='lat' dir='ltr'><strong><em>utraque</em></strong></span> <span class='ocrx_word' id='word_1_406' title='bbox 1629 5428 1729 5467; x_wconf 90' lang='lat' dir='ltr'><strong><em>una</em></strong></span> 
     </span>
    </p>
   </div>
   <div class='ocr_carea' id='block_1_55' title="bbox 169 5497 1728 5577">
    <p class='ocr_par' dir='ltr' id='par_1_55' title="bbox 169 5497 1728 5577">
     <span class='ocr_line' id='line_1_55' title="bbox 169 5497 1728 5577; baseline 0.012 -33"><span class='ocrx_word' id='word_1_407' title='bbox 169 5499 311 5560; x_wconf 87' lang='lat' dir='ltr'><strong><em>atque</em></strong></span> <span class='ocrx_word' id='word_1_408' title='bbox 339 5497 511 5554; x_wconf 86' lang='lat' dir='ltr'><strong><em>divina</em></strong></span> <span class='ocrx_word' id='word_1_409' title='bbox 537 5511 638 5555; x_wconf 91' lang='lat' dir='ltr'><strong><em>est.</em></strong></span> <span class='ocrx_word' id='word_1_410' title='bbox 667 5500 772 5557; x_wconf 86' lang='lat' dir='ltr'><strong><em>Sed</em></strong></span> <span class='ocrx_word' id='word_1_411' title='bbox 797 5501 907 5572; x_wconf 90' lang='lat' dir='ltr'><strong><em>jam</em></strong></span> <span class='ocrx_word' id='word_1_412' title='bbox 936 5514 1053 5575; x_wconf 66' lang='lat' dir='ltr'><strong><em>Qua:</em></strong></span> <span class='ocrx_word' id='word_1_413' title='bbox 1080 5512 1301 5577; x_wconf 86' lang='lat' dir='ltr'><strong><em>restant,</em></strong></span> <span class='ocrx_word' id='word_1_414' title='bbox 1330 5514 1389 5561; x_wconf 89' lang='lat' dir='ltr'><strong><em>ut</em></strong></span> <span class='ocrx_word' id='word_1_415' title='bbox 1417 5520 1693 5577; x_wconf 90' lang='lat' dir='ltr'><strong><em>possumus</em></strong></span> <span class='ocrx_word' id='word_1_416' title='bbox 1711 5547 1728 5577; x_wconf 93' lang='lat'><strong><em>,</em></strong></span> 
     </span>
    </p>
   </div>
   <div class='ocr_carea' id='block_1_56' title="bbox 169 5595 521 5657">
    <p class='ocr_par' dir='ltr' id='par_1_56' title="bbox 169 5595 521 5657">
     <span class='ocr_line' id='line_1_56' title="bbox 169 5595 521 5657; baseline 0.034 -23"><span class='ocrx_word' id='word_1_417' title='bbox 169 5595 521 5657; x_wconf 78' lang='lat' dir='ltr'><strong><em>exsequamur.</em></strong></span> 
     </span>
    </p>
   </div>
   <div class='ocr_carea' id='block_1_57' title="bbox 231 5739 979 5812">
    <p class='ocr_par' dir='ltr' id='par_1_57' title="bbox 231 5739 979 5812">
     <span class='ocr_line' id='line_1_57' title="bbox 231 5739 979 5812; baseline 0.017 -24"><span class='ocrx_word' id='word_1_418' title='bbox 231 5739 247 5771; x_wconf 79' lang='grc' dir='ltr'>ί</span> <span class='ocrx_word' id='word_1_419' title='bbox 278 5745 345 5790; x_wconf 83' lang='lat' dir='ltr'><strong><em>ste</em></strong></span> <span class='ocrx_word' id='word_1_420' title='bbox 367 5750 468 5794; x_wconf 77' lang='lat' dir='ltr'><strong><em>Mss.</em></strong></span> <span class='ocrx_word' id='word_1_421' title='bbox 493 5745 608 5797; x_wconf 77' lang='lat' dir='ltr'><strong><em>Editi</em></strong></span> <span class='ocrx_word' id='word_1_422' title='bbox 628 5760 764 5811; x_wconf 88' lang='lat' dir='ltr'><strong><em>vero,</em></strong></span> <span class='ocrx_word' id='word_1_423' title='bbox 788 5747 979 5812; x_wconf 84' lang='lat' dir='ltr'><strong><em>poteris.</em></strong></span> 
     </span>
    </p>
   </div>
   <div class='ocr_carea' id='block_1_58' title="bbox 1317 447 2210 510">
    <p class='ocr_par' dir='ltr' id='par_1_58' title="bbox 1317 447 2210 510">
     <span class='ocr_line' id='line_1_58' title="bbox 1317 447 2210 510; baseline -0.004 -1"><span class='ocrx_word' id='word_1_424' title='bbox 1317 452 1519 510; x_wconf 77' lang='lat' dir='ltr'><strong><em>LIBER</em></strong></span> <span class='ocrx_word' id='word_1_425' title='bbox 1545 447 1842 507; x_wconf 75' lang='lat' dir='ltr'><strong><em>DECIMUS</em></strong></span> <span class='ocrx_word' id='word_1_426' title='bbox 1880 448 2210 508; x_wconf 76' lang='lat' dir='ltr'><strong><em>OCTAVUS.</em></strong></span> 
     </span>
    </p>
   </div>
   <div class='ocr_carea' id='block_1_59' title="bbox 3291 451 3393 506">
    <p class='ocr_par' dir='ltr' id='par_1_59' title="bbox 3291 451 3393 506">
     <span class='ocr_line' id='line_1_59' title="bbox 3291 451 3393 506; baseline 0.01 -1"><span class='ocrx_word' id='word_1_427' title='bbox 3291 451 3393 506; x_wconf 82' lang='lat'><strong>606</strong></span> 
     </span>
    </p>
   </div>
   <div class='ocr_carea' id='block_1_60' title="bbox 1825 571 3395 644">
    <p class='ocr_par' dir='ltr' id='par_1_60' title="bbox 1825 571 3395 644">
     <span class='ocr_line' id='line_1_60' title="bbox 1825 571 3395 644; baseline -0.003 -17"><span class='ocrx_word' id='word_1_428' title='bbox 1825 573 2049 629; x_wconf 78' lang='lat' dir='ltr'><strong><em>CAPUT</em></strong></span> <span class='ocrx_word' id='word_1_429' title='bbox 2074 574 2231 628; x_wconf 78' lang='lat' dir='ltr'><strong><em>XLV.</em></strong></span> <span class='ocrx_word' id='word_1_430' title='bbox 2259 604 2329 615; x_wconf 96' lang='lat'><strong>—</strong></span> <span class='ocrx_word' id='word_1_431' title='bbox 2357 574 2504 642; x_wconf 85' lang='lat' dir='ltr'><strong><em>Quod</em></strong></span> <span class='ocrx_word' id='word_1_432' title='bbox 2534 585 2640 644; x_wconf 88' lang='lat' dir='ltr'><strong><em>post</em></strong></span> <span class='ocrx_word' id='word_1_433' title='bbox 2664 571 3067 628; x_wconf 78' lang='lat' dir='ltr'><strong><em>instaurationem</em></strong></span> <span class='ocrx_word' id='word_1_434' title='bbox 3090 571 3255 639; x_wconf 84' lang='lat' dir='ltr'><strong><em>templi</em></strong></span> <span class='ocrx_word' id='word_1_435' title='bbox 3278 586 3395 636; x_wconf 81' lang='lat' dir='ltr'><strong><em>pro-</em></strong></span> 
     </span>
    </p>
   </div>
   <div class='ocr_carea' id='block_1_61' title="bbox 1896 662 3393 733">
    <p class='ocr_par' dir='ltr' id='par_1_61' title="bbox 1896 662 3393 733">
     <span class='ocr_line' id='line_1_61' title="bbox 1896 662 3393 733; baseline -0.003 -18"><span class='ocrx_word' id='word_1_436' title='bbox 1896 664 2072 733; x_wconf 82' lang='lat' dir='ltr'><strong><em>phetas</em></strong></span> <span class='ocrx_word' id='word_1_437' title='bbox 2113 663 2286 716; x_wconf 74' lang='lat' dir='ltr'><strong><em>Juda&#39;i</em></strong></span> <span class='ocrx_word' id='word_1_438' title='bbox 2329 664 2507 717; x_wconf 81' lang='lat' dir='ltr'><strong><em>habere</em></strong></span> <span class='ocrx_word' id='word_1_439' title='bbox 2533 664 2838 728; x_wconf 88' lang='lat' dir='ltr'><strong><em>destiterint,</em></strong></span> <span class='ocrx_word' id='word_1_440' title='bbox 2866 672 2911 715; x_wconf 89' lang='lat' dir='ltr'><strong><em>et</em></strong></span> <span class='ocrx_word' id='word_1_441' title='bbox 2943 662 3123 717; x_wconf 77' lang='lat' dir='ltr'><strong><em>exinde</em></strong></span> <span class='ocrx_word' id='word_1_442' title='bbox 3151 675 3302 728; x_wconf 86' lang='lat' dir='ltr'><strong><em>usque</em></strong></span> <span class='ocrx_word' id='word_1_443' title='bbox 3328 663 3393 710; x_wconf 81' lang='lat' dir='ltr'><strong><em>ad</em></strong></span> 
     </span>
    </p>
   </div>
   <div class='ocr_carea' id='block_1_62' title="bbox 1896 751 3392 820">
    <p class='ocr_par' dir='ltr' id='par_1_62' title="bbox 1896 751 3392 820">
     <span class='ocr_line' id='line_1_62' title="bbox 1896 751 3392 820; baseline -0.003 -15"><span class='ocrx_word' id='word_1_444' title='bbox 1896 754 2202 806; x_wconf 83' lang='lat' dir='ltr'><strong><em>nativitatem</em></strong></span> <span class='ocrx_word' id='word_1_445' title='bbox 2219 753 2403 807; x_wconf 80' lang='lat' dir='ltr'><strong><em>Christi</em></strong></span> <span class='ocrx_word' id='word_1_446' title='bbox 2420 755 2664 807; x_wconf 88' lang='lat' dir='ltr'><strong><em>continuis</em></strong></span> <span class='ocrx_word' id='word_1_447' title='bbox 2680 754 3055 807; x_wconf 85' lang='lat' dir='ltr'><strong><em>adversitutibus</em></strong></span> <span class='ocrx_word' id='word_1_448' title='bbox 3074 752 3171 805; x_wconf 85' lang='lat' dir='ltr'><strong><em>sint</em></strong></span> <span class='ocrx_word' id='word_1_449' title='bbox 3194 751 3392 820; x_wconf 78' lang='lat' dir='ltr'><strong><em>afﬂicti,</em></strong></span> 
     </span>
    </p>
   </div>
   <div class='ocr_carea' id='block_1_63' title="bbox 1896 841 3397 914">
    <p class='ocr_par' dir='ltr' id='par_1_63' title="bbox 1896 841 3397 914">
     <span class='ocr_line' id='line_1_63' title="bbox 1896 841 3397 914; baseline -0.003 -17"><span class='ocrx_word' id='word_1_450' title='bbox 1896 853 1951 897; x_wconf 83' lang='lat' dir='ltr'><strong><em>ut</em></strong></span> <span class='ocrx_word' id='word_1_451' title='bbox 1976 844 2269 912; x_wconf 84' lang='lat' dir='ltr'><strong><em>probaretur</em></strong></span> <span class='ocrx_word' id='word_1_452' title='bbox 2294 844 2497 899; x_wconf 75' lang='lat' dir='ltr'><strong><em>alterius</em></strong></span> <span class='ocrx_word' id='word_1_453' title='bbox 2524 846 2693 914; x_wconf 82' lang='lat' dir='ltr'><strong><em>templi</em></strong></span> <span class='ocrx_word' id='word_1_454' title='bbox 2735 845 3112 913; x_wconf 82' lang='lat' dir='ltr'><strong><em>tediﬁcationem</em></strong></span> <span class='ocrx_word' id='word_1_455' title='bbox 3142 841 3397 912; x_wconf 83' lang='lat' dir='ltr'><strong><em>propheti-</em></strong></span> 
     </span>
    </p>
   </div>
   <div class='ocr_carea' id='block_1_64' title="bbox 1896 933 2708 1003">
    <p class='ocr_par' dir='ltr' id='par_1_64' title="bbox 1896 933 2708 1003">
     <span class='ocr_line' id='line_1_64' title="bbox 1896 933 2708 1003; baseline 0 -17"><span class='ocrx_word' id='word_1_456' title='bbox 1896 934 1968 986; x_wconf 90' lang='lat' dir='ltr'><strong><em>cis</em></strong></span> <span class='ocrx_word' id='word_1_457' title='bbox 1988 933 2185 987; x_wconf 87' lang='lat' dir='ltr'><strong><em>vocibus</em></strong></span> <span class='ocrx_word' id='word_1_458' title='bbox 2214 935 2368 1001; x_wconf 82' lang='lat' dir='ltr'><strong><em>fuisse</em></strong></span> <span class='ocrx_word' id='word_1_459' title='bbox 2395 936 2708 1003; x_wconf 82' lang='lat' dir='ltr'><strong><em>promissam.</em></strong></span> 
     </span>
    </p>
   </div>
   <div class='ocr_carea' id='block_1_65' title="bbox 1898 1019 3395 1094">
    <p class='ocr_par' dir='ltr' id='par_1_65' title="bbox 1898 1019 3395 1094">
     <span class='ocr_line' id='line_1_65' title="bbox 1898 1019 3395 1094; baseline -0.005 -16"><span class='ocrx_word' id='word_1_460' title='bbox 1898 1026 1951 1078; x_wconf 79' lang='grc'><strong><em>1.</em></strong></span> <span class='ocrx_word' id='word_1_461' title='bbox 1982 1023 2327 1094; x_wconf 90' lang='lat' dir='ltr'><strong><em>Posteaquam</em></strong></span> <span class='ocrx_word' id='word_1_462' title='bbox 2354 1040 2483 1094; x_wconf 88' lang='lat' dir='ltr'><strong><em>gens</em></strong></span> <span class='ocrx_word' id='word_1_463' title='bbox 2510 1024 2686 1079; x_wconf 76' lang='lat' dir='ltr'><strong><em>Judaea</em></strong></span> <span class='ocrx_word' id='word_1_464' title='bbox 2716 1025 2875 1092; x_wconf 67' lang='lat' dir='ltr'><strong><em>erepit</em></strong></span> <span class='ocrx_word' id='word_1_465' title='bbox 2912 1039 3015 1077; x_wconf 87' lang='lat' dir='ltr'><strong><em>non</em></strong></span> <span class='ocrx_word' id='word_1_466' title='bbox 3042 1022 3234 1076; x_wconf 86' lang='lat' dir='ltr'><strong><em>habere</em></strong></span> <span class='ocrx_word' id='word_1_467' title='bbox 3261 1019 3395 1074; x_wconf 84' lang='lat' dir='ltr'><strong><em>Pro-</em></strong></span> 
     </span>
    </p>
   </div>
   <div class='ocr_carea' id='block_1_66' title="bbox 1828 1111 3399 1186">
    <p class='ocr_par' dir='ltr' id='par_1_66' title="bbox 1828 1111 3399 1186">
     <span class='ocr_line' id='line_1_66' title="bbox 1828 1111 3399 1186; baseline -0.004 -17"><span class='ocrx_word' id='word_1_468' title='bbox 1828 1115 2049 1186; x_wconf 88' lang='lat' dir='ltr'><strong><em>phetas,</em></strong></span> <span class='ocrx_word' id='word_1_469' title='bbox 2096 1117 2277 1186; x_wconf 91' lang='lat' dir='ltr'><strong><em>procul</em></strong></span> <span class='ocrx_word' id='word_1_470' title='bbox 2323 1117 2483 1171; x_wconf 90' lang='lat' dir='ltr'><strong><em>dubio</em></strong></span> <span class='ocrx_word' id='word_1_471' title='bbox 2509 1116 2741 1170; x_wconf 89' lang='lat' dir='ltr'><strong><em>deterior</em></strong></span> <span class='ocrx_word' id='word_1_472' title='bbox 2769 1116 2902 1169; x_wconf 89' lang='lat' dir='ltr'><strong><em>facta</em></strong></span> <span class='ocrx_word' id='word_1_473' title='bbox 2948 1126 3063 1180; x_wconf 87' lang='lat' dir='ltr'><strong><em>est,</em></strong></span> <span class='ocrx_word' id='word_1_474' title='bbox 3105 1128 3169 1167; x_wconf 90' lang='lat' dir='ltr'><strong><em>eo</em></strong></span> <span class='ocrx_word' id='word_1_475' title='bbox 3198 1111 3399 1163; x_wconf 79' lang='lat' dir='ltr'><strong><em>scilicet</em></strong></span> 
     </span>
    </p>
   </div>
   <div class='ocr_carea' id='block_1_67' title="bbox 1830 1206 3396 1279">
    <p class='ocr_par' dir='ltr' id='par_1_67' title="bbox 1830 1206 3396 1279">
     <span class='ocr_line' id='line_1_67' title="bbox 1830 1206 3396 1279; baseline -0.003 -18"><span class='ocrx_word' id='word_1_476' title='bbox 1830 1218 2098 1277; x_wconf 91' lang='lat' dir='ltr'><strong><em>tempore,</em></strong></span> <span class='ocrx_word' id='word_1_477' title='bbox 2126 1225 2233 1279; x_wconf 91' lang='lat' dir='ltr'><strong><em>quo</em></strong></span> <span class='ocrx_word' id='word_1_478' title='bbox 2256 1225 2315 1264; x_wconf 90' lang='lat' dir='ltr'><strong><em>se</em></strong></span> <span class='ocrx_word' id='word_1_479' title='bbox 2342 1210 2586 1278; x_wconf 89' lang='lat' dir='ltr'><strong><em>sperabat</em></strong></span> <span class='ocrx_word' id='word_1_480' title='bbox 2614 1210 2901 1262; x_wconf 85' lang='lat' dir='ltr'><strong><em>instaurato</em></strong></span> <span class='ocrx_word' id='word_1_481' title='bbox 2925 1206 3119 1275; x_wconf 90' lang='lat' dir='ltr'><strong><em>templo</em></strong></span> <span class='ocrx_word' id='word_1_482' title='bbox 3144 1215 3263 1274; x_wconf 90' lang='lat' dir='ltr'><strong><em>post</em></strong></span> <span class='ocrx_word' id='word_1_483' title='bbox 3304 1218 3396 1257; x_wconf 85' lang='lat' dir='ltr'><strong><em>ca-</em></strong></span> 
     </span>
    </p>
   </div>
   <div class='ocr_carea' id='block_1_68' title="bbox 1830 1293 3397 1369">
    <p class='ocr_par' dir='ltr' id='par_1_68' title="bbox 1830 1293 3397 1369">
     <span class='ocr_line' id='line_1_68' title="bbox 1830 1293 3397 1369; baseline -0.005 -16"><span class='ocrx_word' id='word_1_484' title='bbox 1830 1300 2144 1369; x_wconf 86' lang='lat' dir='ltr'><strong><em>ptivitatem,</em></strong></span> <span class='ocrx_word' id='word_1_485' title='bbox 2164 1316 2282 1369; x_wconf 74' lang='lat' dir='ltr'><strong><em>qua:</em></strong></span> <span class='ocrx_word' id='word_1_486' title='bbox 2305 1300 2400 1354; x_wconf 93' lang='lat' dir='ltr'><strong><em>fuit</em></strong></span> <span class='ocrx_word' id='word_1_487' title='bbox 2416 1302 2465 1354; x_wconf 91' lang='lat' dir='ltr'><strong><em>in</em></strong></span> <span class='ocrx_word' id='word_1_488' title='bbox 2492 1299 2799 1369; x_wconf 88' lang='lat' dir='ltr'><strong><em>Babylonia,</em></strong></span> <span class='ocrx_word' id='word_1_489' title='bbox 2822 1297 3047 1351; x_wconf 89' lang='lat' dir='ltr'><strong><em>futuram</em></strong></span> <span class='ocrx_word' id='word_1_490' title='bbox 3071 1310 3187 1350; x_wconf 88' lang='lat' dir='ltr'><strong><em>esse</em></strong></span> <span class='ocrx_word' id='word_1_491' title='bbox 3211 1293 3397 1348; x_wconf 84' lang='lat' dir='ltr'><strong><em>melio-</em></strong></span> 
     </span>
    </p>
   </div>
   <div class='ocr_carea' id='block_1_69' title="bbox 1827 1384 3398 1462">
    <p class='ocr_par' dir='ltr' id='par_1_69' title="bbox 1827 1384 3398 1462">
     <span class='ocr_line' id='line_1_69' title="bbox 1827 1384 3398 1462; baseline -0.007 -16"><span class='ocrx_word' id='word_1_492' title='bbox 1827 1407 1960 1447; x_wconf 90' lang='lat' dir='ltr'><strong><em>rem.</em></strong></span> <span class='ocrx_word' id='word_1_493' title='bbox 2013 1391 2102 1447; x_wconf 91' lang='lat' dir='ltr'><strong><em>Sic</em></strong></span> <span class='ocrx_word' id='word_1_494' title='bbox 2144 1393 2337 1462; x_wconf 91' lang='lat' dir='ltr'><strong><em>quippe</em></strong></span> <span class='ocrx_word' id='word_1_495' title='bbox 2386 1391 2709 1461; x_wconf 82' lang='lat' dir='ltr'><strong><em>intelligebat</em></strong></span> <span class='ocrx_word' id='word_1_496' title='bbox 2754 1390 2980 1459; x_wconf 89' lang='lat' dir='ltr'><strong><em>populus</em></strong></span> <span class='ocrx_word' id='word_1_497' title='bbox 3018 1386 3105 1440; x_wconf 88' lang='lat' dir='ltr'><strong><em>ille</em></strong></span> <span class='ocrx_word' id='word_1_498' title='bbox 3132 1384 3398 1448; x_wconf 87' lang='lat' dir='ltr'><strong><em>carnalis,</em></strong></span> 
     </span>
    </p>
   </div>
   <div class='ocr_carea' id='block_1_70' title="bbox 1826 1474 3399 1552">
    <p class='ocr_par' dir='ltr' id='par_1_70' title="bbox 1826 1474 3399 1552">
     <span class='ocr_line' id='line_1_70' title="bbox 1826 1474 3399 1552; baseline -0.006 -17"><span class='ocrx_word' id='word_1_499' title='bbox 1826 1483 1965 1552; x_wconf 90' lang='lat' dir='ltr'><strong><em>quod</em></strong></span> <span class='ocrx_word' id='word_1_500' title='bbox 2006 1484 2413 1552; x_wconf 62' lang='lat' dir='ltr'><strong><em>praenuntiatum</em></strong></span> <span class='ocrx_word' id='word_1_501' title='bbox 2458 1492 2538 1535; x_wconf 91' lang='lat' dir='ltr'><strong><em>est</em></strong></span> <span class='ocrx_word' id='word_1_502' title='bbox 2584 1496 2676 1550; x_wconf 91' lang='lat' dir='ltr'><strong><em>per</em></strong></span> <span class='ocrx_word' id='word_1_503' title='bbox 2701 1481 2949 1549; x_wconf 77' lang='lat' dir='ltr'><strong><em>Aggaeum</em></strong></span> <span class='ocrx_word' id='word_1_504' title='bbox 2981 1475 3285 1545; x_wconf 87' lang='lat' dir='ltr'><strong><em>prophetam</em></strong></span> <span class='ocrx_word' id='word_1_505' title='bbox 3316 1474 3399 1525; x_wconf 89' lang='lat' dir='ltr'><strong><em>di-</em></strong></span> 
     </span>
    </p>
   </div>
   <div class='ocr_carea' id='block_1_71' title="bbox 1826 1566 3401 1645">
    <p class='ocr_par' dir='ltr' id='par_1_71' title="bbox 1826 1566 3401 1645">
     <span class='ocr_line' id='line_1_71' title="bbox 1826 1566 3401 1645; baseline -0.007 -16"><span class='ocrx_word' id='word_1_506' title='bbox 1826 1584 2055 1641; x_wconf 86' lang='lat' dir='ltr'><strong><em>centem,</em></strong></span> <span class='ocrx_word' id='word_1_507' title='bbox 2081 1575 2273 1645; x_wconf 80' lang='lat' dir='ltr'><strong><em>Magna</em></strong></span> <span class='ocrx_word' id='word_1_508' title='bbox 2297 1577 2389 1628; x_wconf 89' lang='lat' dir='ltr'><strong><em>erit</em></strong></span> <span class='ocrx_word' id='word_1_509' title='bbox 2409 1574 2571 1645; x_wconf 85' lang='lat' dir='ltr'><strong><em>gloria</em></strong></span> <span class='ocrx_word' id='word_1_510' title='bbox 2598 1573 2774 1626; x_wconf 85' lang='lat' dir='ltr'><strong><em>domus</em></strong></span> <span class='ocrx_word' id='word_1_511' title='bbox 2802 1571 2944 1624; x_wconf 82' lang='lat' dir='ltr'><strong><em>istius</em></strong></span> <span class='ocrx_word' id='word_1_512' title='bbox 2968 1569 3264 1628; x_wconf 77' lang='lat' dir='ltr'><strong><em>novissimw,</em></strong></span> <span class='ocrx_word' id='word_1_513' title='bbox 3289 1566 3401 1633; x_wconf 87' lang='lat' dir='ltr'><strong><em>plus</em></strong></span> 
     </span>
    </p>
   </div>
   <div class='ocr_carea' id='block_1_72' title="bbox 1825 1656 3401 1735">
    <p class='ocr_par' dir='ltr' id='par_1_72' title="bbox 1825 1656 3401 1735">
     <span class='ocr_line' id='line_1_72' title="bbox 1825 1656 3401 1735; baseline -0.008 -17"><span class='ocrx_word' id='word_1_514' title='bbox 1825 1681 1975 1733; x_wconf 86' lang='lat' dir='ltr'><strong><em>quam</em></strong></span> <span class='ocrx_word' id='word_1_515' title='bbox 1995 1667 2190 1735; x_wconf 63' lang='lat' dir='ltr'><strong><em>primat.</em></strong></span> <span class='ocrx_word' id='word_1_516' title='bbox 2221 1664 2369 1732; x_wconf 83' lang='lat' dir='ltr'><strong><em>Quod</em></strong></span> <span class='ocrx_word' id='word_1_517' title='bbox 2396 1665 2462 1717; x_wconf 91' lang='lat' dir='ltr'><strong><em>de</em></strong></span> <span class='ocrx_word' id='word_1_518' title='bbox 2487 1678 2629 1717; x_wconf 88' lang='lat' dir='ltr'><strong><em>novo</em></strong></span> <span class='ocrx_word' id='word_1_519' title='bbox 2656 1661 2995 1715; x_wconf 89' lang='lat' dir='ltr'><strong><em>Testamento</em></strong></span> <span class='ocrx_word' id='word_1_520' title='bbox 3021 1656 3217 1711; x_wconf 87' lang='lat' dir='ltr'><strong><em>dictum</em></strong></span> <span class='ocrx_word' id='word_1_521' title='bbox 3246 1668 3362 1706; x_wconf 90' lang='lat' dir='ltr'><strong><em>csse</em></strong></span> <span class='ocrx_word' id='word_1_522' title='bbox 3382 1692 3401 1717; x_wconf 91' lang='lat'><strong><em>,</em></strong></span> 
     </span>
    </p>
   </div>
   <div class='ocr_carea' id='block_1_73' title="bbox 1827 1745 3402 1826">
    <p class='ocr_par' dir='ltr' id='par_1_73' title="bbox 1827 1745 3402 1826">
     <span class='ocr_line' id='line_1_73' title="bbox 1827 1745 3402 1826; baseline -0.008 -18"><span class='ocrx_word' id='word_1_523' title='bbox 1827 1757 1983 1826; x_wconf 92' lang='lat' dir='ltr'><strong><em>paulo</em></strong></span> <span class='ocrx_word' id='word_1_524' title='bbox 2014 1758 2257 1825; x_wconf 90' lang='lat' dir='ltr'><strong><em>superius</em></strong></span> <span class='ocrx_word' id='word_1_525' title='bbox 2286 1753 2688 1817; x_wconf 84' lang='lat' dir='ltr'><strong><em>demonstravit,</em></strong></span> <span class='ocrx_word' id='word_1_526' title='bbox 2721 1752 2806 1806; x_wconf 90' lang='lat' dir='ltr'><strong><em>ubi</em></strong></span> <span class='ocrx_word' id='word_1_527' title='bbox 2833 1750 2906 1803; x_wconf 89' lang='lat' dir='ltr'><strong><em>ait</em></strong></span> <span class='ocrx_word' id='word_1_528' title='bbox 2926 1756 3110 1818; x_wconf 87' lang='lat' dir='ltr'><strong><em>aperte</em></strong></span> <span class='ocrx_word' id='word_1_529' title='bbox 3136 1745 3402 1799; x_wconf 86' lang='lat' dir='ltr'><strong><em>Christum</em></strong></span> 
     </span>
    </p>
   </div>
   <div class='ocr_carea' id='block_1_74' title="bbox 1826 1834 3403 1915">
    <p class='ocr_par' dir='ltr' id='par_1_74' title="bbox 1826 1834 3403 1915">
     <span class='ocr_line' id='line_1_74' title="bbox 1826 1834 3403 1915; baseline -0.01 -15"><span class='ocrx_word' id='word_1_530' title='bbox 1826 1848 2158 1915; x_wconf 86' lang='lat' dir='ltr'><strong><em>promittens,</em></strong></span> <span class='ocrx_word' id='word_1_531' title='bbox 2190 1846 2255 1899; x_wconf 86' lang='lat' dir='ltr'><strong><em>Et</em></strong></span> <span class='ocrx_word' id='word_1_532' title='bbox 2283 1847 2482 1899; x_wconf 86' lang='lat' dir='ltr'><strong><em>movebo</em></strong></span> <span class='ocrx_word' id='word_1_533' title='bbox 2509 1859 2676 1896; x_wconf 87' lang='lat' dir='ltr'><strong><em>onmes</em></strong></span> <span class='ocrx_word' id='word_1_534' title='bbox 2702 1850 2887 1913; x_wconf 80' lang='lat' dir='ltr'><strong><em>gentes,</em></strong></span> <span class='ocrx_word' id='word_1_535' title='bbox 2920 1849 2965 1893; x_wconf 88' lang='lat' dir='ltr'><strong><em>et</em></strong></span> <span class='ocrx_word' id='word_1_536' title='bbox 3009 1838 3165 1891; x_wconf 87' lang='lat' dir='ltr'><strong><em>veniet</em></strong></span> <span class='ocrx_word' id='word_1_537' title='bbox 3193 1834 3403 1887; x_wconf 86' lang='lat' dir='ltr'><strong><em>Deside-</em></strong></span> 
     </span>
    </p>
   </div>
   <div class='ocr_carea' id='block_1_75' title="bbox 1825 1926 3404 2008">
    <p class='ocr_par' dir='ltr' id='par_1_75' title="bbox 1825 1926 3404 2008">
     <span class='ocr_line' id='line_1_75' title="bbox 1825 1926 3404 2008; baseline -0.009 -19"><span class='ocrx_word' id='word_1_538' title='bbox 1825 1947 1964 1990; x_wconf 88' lang='lat' dir='ltr'><strong><em>ratus</em></strong></span> <span class='ocrx_word' id='word_1_539' title='bbox 1983 1937 2173 1990; x_wconf 87' lang='lat' dir='ltr'><strong><em>cunctis</em></strong></span> <span class='ocrx_word' id='word_1_540' title='bbox 2185 1936 2409 2008; x_wconf 83' lang='lat' dir='ltr'><strong><em>gentibus</em></strong></span> <span class='ocrx_word' id='word_1_541' title='bbox 2432 1935 2626 2008; x_wconf 70' lang='lat' dir='ltr'><strong><em>(Aggazi</em></strong></span> <span class='ocrx_word' id='word_1_542' title='bbox 2640 1950 2696 1998; x_wconf 85' lang='lat' dir='ltr'><strong><em>ll,</em></strong></span> <span class='ocrx_word' id='word_1_543' title='bbox 2718 1933 2803 1996; x_wconf 80' lang='lat' dir='ltr'><strong><em>l0,</em></strong></span> <span class='ocrx_word' id='word_1_544' title='bbox 2823 1932 2903 1999; x_wconf 90' lang='lat'><strong><em>8).</em></strong></span> <span class='ocrx_word' id='word_1_545' title='bbox 2922 1930 3036 1997; x_wconf 90' lang='lat' dir='ltr'><strong><em>Quo</em></strong></span> <span class='ocrx_word' id='word_1_546' title='bbox 3056 1930 3172 1981; x_wconf 86' lang='lat' dir='ltr'><strong><em>loco</em></strong></span> <span class='ocrx_word' id='word_1_547' title='bbox 3186 1926 3404 1994; x_wconf 84' lang='lat' dir='ltr'><strong><em>Septua-</em></strong></span> 
     </span>
    </p>
   </div>
   <div class='ocr_carea' id='block_1_76' title="bbox 1825 2018 3403 2096">
    <p class='ocr_par' dir='ltr' id='par_1_76' title="bbox 1825 2018 3403 2096">
     <span class='ocr_line' id='line_1_76' title="bbox 1825 2018 3403 2096; baseline -0.008 -16"><span class='ocrx_word' id='word_1_548' title='bbox 1825 2027 1967 2096; x_wconf 88' lang='lat' dir='ltr'><strong><em>ginta</em></strong></span> <span class='ocrx_word' id='word_1_549' title='bbox 2000 2028 2311 2095; x_wconf 81' lang='lat' dir='ltr'><strong><em>interpretes</em></strong></span> <span class='ocrx_word' id='word_1_550' title='bbox 2346 2026 2507 2079; x_wconf 86' lang='lat' dir='ltr'><strong><em>alium</em></strong></span> <span class='ocrx_word' id='word_1_551' title='bbox 2553 2039 2766 2078; x_wconf 91' lang='lat' dir='ltr'><strong><em>sensum</em></strong></span> <span class='ocrx_word' id='word_1_552' title='bbox 2811 2021 2976 2089; x_wconf 88' lang='lat' dir='ltr'><strong><em>magis</em></strong></span> <span class='ocrx_word' id='word_1_553' title='bbox 3010 2018 3221 2087; x_wconf 88' lang='lat' dir='ltr'><strong><em>corpori</em></strong></span> <span class='ocrx_word' id='word_1_554' title='bbox 3247 2030 3403 2084; x_wconf 87' lang='lat' dir='ltr'><strong><em>quam</em></strong></span> 
     </span>
    </p>
   </div>
   <div class='ocr_carea' id='block_1_77' title="bbox 1831 2111 3405 2189">
    <p class='ocr_par' dir='ltr' id='par_1_77' title="bbox 1831 2111 3405 2189">
     <span class='ocr_line' id='line_1_77' title="bbox 1831 2111 3405 2189; baseline -0.008 -15"><span class='ocrx_word' id='word_1_555' title='bbox 1831 2120 2010 2189; x_wconf 87' lang='lat' dir='ltr'><strong><em>capiti,</em></strong></span> <span class='ocrx_word' id='word_1_556' title='bbox 2040 2119 2140 2173; x_wconf 89' lang='lat' dir='ltr'><strong><em>hoc</em></strong></span> <span class='ocrx_word' id='word_1_557' title='bbox 2169 2130 2281 2182; x_wconf 85' lang='lat' dir='ltr'><strong><em>est,</em></strong></span> <span class='ocrx_word' id='word_1_558' title='bbox 2312 2120 2478 2187; x_wconf 88' lang='lat' dir='ltr'><strong><em>magis</em></strong></span> <span class='ocrx_word' id='word_1_559' title='bbox 2516 2116 2765 2171; x_wconf 66' lang='lat' dir='ltr'><strong><em>Ecclesia:</em></strong></span> <span class='ocrx_word' id='word_1_560' title='bbox 2794 2129 2948 2184; x_wconf 87' lang='lat' dir='ltr'><strong><em>quam</em></strong></span> <span class='ocrx_word' id='word_1_561' title='bbox 2977 2111 3186 2166; x_wconf 86' lang='lat' dir='ltr'><strong><em>Christo</em></strong></span> <span class='ocrx_word' id='word_1_562' title='bbox 3214 2122 3405 2163; x_wconf 82' lang='lat' dir='ltr'><strong><em>conve-</em></strong></span> 
     </span>
    </p>
   </div>
   <div class='ocr_carea' id='block_1_78' title="bbox 1826 2202 3405 2279">
    <p class='ocr_par' dir='ltr' id='par_1_78' title="bbox 1826 2202 3405 2279">
     <span class='ocr_line' id='line_1_78' title="bbox 1826 2202 3405 2279; baseline -0.007 -15"><span class='ocrx_word' id='word_1_563' title='bbox 1826 2212 2055 2265; x_wconf 89' lang='lat' dir='ltr'><strong><em>nientem</em></strong></span> <span class='ocrx_word' id='word_1_564' title='bbox 2082 2210 2386 2279; x_wconf 87' lang='lat' dir='ltr'><strong><em>prophetica</em></strong></span> <span class='ocrx_word' id='word_1_565' title='bbox 2414 2210 2724 2263; x_wconf 84' lang='lat' dir='ltr'><strong><em>auctoritate</em></strong></span> <span class='ocrx_word' id='word_1_566' title='bbox 2749 2207 3000 2260; x_wconf 84' lang='lat' dir='ltr'><strong><em>dixerunt</em></strong></span> <span class='ocrx_word' id='word_1_567' title='bbox 3023 2222 3035 2257; x_wconf 90' lang='lat'><strong>:</strong></span> <span class='ocrx_word' id='word_1_568' title='bbox 3075 2202 3276 2255; x_wconf 82' lang='lat' dir='ltr'><strong><em>Venient</em></strong></span> <span class='ocrx_word' id='word_1_569' title='bbox 3295 2216 3405 2269; x_wconf 77' lang='lat' dir='ltr'><strong><em>qua:</em></strong></span> 
     </span>
    </p>
   </div>
   <div class='ocr_carea' id='block_1_79' title="bbox 1827 2293 3401 2368">
    <p class='ocr_par' dir='ltr' id='par_1_79' title="bbox 1827 2293 3401 2368">
     <span class='ocr_line' id='line_1_79' title="bbox 1827 2293 3401 2368; baseline -0.008 -12"><span class='ocrx_word' id='word_1_570' title='bbox 1827 2302 1979 2357; x_wconf 81' lang='lat' dir='ltr'><strong><em>electa</em></strong></span> <span class='ocrx_word' id='word_1_571' title='bbox 2000 2312 2115 2357; x_wconf 91' lang='lat' dir='ltr'><strong><em>sunt</em></strong></span> <span class='ocrx_word' id='word_1_572' title='bbox 2149 2302 2347 2355; x_wconf 87' lang='lat' dir='ltr'><strong><em>Domini</em></strong></span> <span class='ocrx_word' id='word_1_573' title='bbox 2370 2303 2432 2355; x_wconf 91' lang='lat' dir='ltr'><strong><em>de</em></strong></span> <span class='ocrx_word' id='word_1_574' title='bbox 2458 2301 2647 2353; x_wconf 88' lang='lat' dir='ltr'><strong><em>cunctis</em></strong></span> <span class='ocrx_word' id='word_1_575' title='bbox 2675 2299 2920 2368; x_wconf 86' lang='lat' dir='ltr'><strong><em>gentibus,</em></strong></span> <span class='ocrx_word' id='word_1_576' title='bbox 2951 2296 3000 2350; x_wconf 90' lang='lat' dir='ltr'><strong><em>id</em></strong></span> <span class='ocrx_word' id='word_1_577' title='bbox 3029 2303 3109 2348; x_wconf 88' lang='lat' dir='ltr'><strong><em>est</em></strong></span> <span class='ocrx_word' id='word_1_578' title='bbox 3138 2293 3401 2355; x_wconf 86' lang='lat' dir='ltr'><strong><em>homines,</em></strong></span> 
     </span>
    </p>
   </div>
   <div class='ocr_carea' id='block_1_80' title="bbox 1827 2384 3401 2464">
    <p class='ocr_par' dir='ltr' id='par_1_80' title="bbox 1827 2384 3401 2464">
     <span class='ocr_line' id='line_1_80' title="bbox 1827 2384 3401 2464; baseline -0.009 -15"><span class='ocrx_word' id='word_1_579' title='bbox 1827 2394 1893 2449; x_wconf 90' lang='lat' dir='ltr'><strong><em>de</em></strong></span> <span class='ocrx_word' id='word_1_580' title='bbox 1910 2395 2099 2464; x_wconf 87' lang='lat' dir='ltr'><strong><em>quibus</em></strong></span> <span class='ocrx_word' id='word_1_581' title='bbox 2116 2394 2228 2463; x_wconf 87' lang='lat' dir='ltr'><strong><em>ipse</em></strong></span> <span class='ocrx_word' id='word_1_582' title='bbox 2246 2393 2398 2448; x_wconf 84' lang='lat' dir='ltr'><strong><em>Jesus</em></strong></span> <span class='ocrx_word' id='word_1_583' title='bbox 2422 2394 2473 2445; x_wconf 91' lang='lat' dir='ltr'><strong><em>in</em></strong></span> <span class='ocrx_word' id='word_1_584' title='bbox 2494 2392 2799 2461; x_wconf 77' lang='lat' dir='ltr'><strong><em>Evangelio,</em></strong></span> <span class='ocrx_word' id='word_1_585' title='bbox 2822 2389 2992 2453; x_wconf 79' lang='lat' dir='ltr'><strong><em>Multi,</em></strong></span> <span class='ocrx_word' id='word_1_586' title='bbox 3012 2386 3199 2455; x_wconf 90' lang='lat' dir='ltr'><strong><em>inquit,</em></strong></span> <span class='ocrx_word' id='word_1_587' title='bbox 3221 2384 3401 2449; x_wconf 88' lang='lat' dir='ltr'><strong><em>vocati,</em></strong></span> 
     </span>
    </p>
   </div>
   <div class='ocr_carea' id='block_1_81' title="bbox 1827 2476 3405 2557">
    <p class='ocr_par' dir='ltr' id='par_1_81' title="bbox 1827 2476 3405 2557">
     <span class='ocr_line' id='line_1_81' title="bbox 1827 2476 3405 2557; baseline -0.008 -16"><span class='ocrx_word' id='word_1_588' title='bbox 1827 2488 1975 2557; x_wconf 88' lang='lat' dir='ltr'><strong><em>pauci</em></strong></span> <span class='ocrx_word' id='word_1_589' title='bbox 1996 2504 2107 2541; x_wconf 92' lang='lat' dir='ltr'><strong><em>vero</em></strong></span> <span class='ocrx_word' id='word_1_590' title='bbox 2137 2487 2279 2540; x_wconf 79' lang='lat' dir='ltr'><strong><em>electi</em></strong></span> <span class='ocrx_word' id='word_1_591' title='bbox 2303 2485 2524 2555; x_wconf 79' lang='lat' dir='ltr'><strong><em>(Matth.</em></strong></span> <span class='ocrx_word' id='word_1_592' title='bbox 2550 2501 2679 2546; x_wconf 76' lang='lat' dir='ltr'><strong><em>xm,</em></strong></span> <span class='ocrx_word' id='word_1_593' title='bbox 2712 2484 2778 2537; x_wconf 64' lang='grc'><strong><em>14</em></strong></span> <span class='ocrx_word' id='word_1_594' title='bbox 2798 2484 2837 2552; x_wconf 94' lang='grc'><strong><em>).</em></strong></span> <span class='ocrx_word' id='word_1_595' title='bbox 2864 2481 3076 2535; x_wconf 85' lang='lat' dir='ltr'><strong><em>Talibus</em></strong></span> <span class='ocrx_word' id='word_1_596' title='bbox 3100 2478 3238 2532; x_wconf 88' lang='lat' dir='ltr'><strong><em>enim</em></strong></span> <span class='ocrx_word' id='word_1_597' title='bbox 3268 2476 3405 2530; x_wconf 54' lang='lat' dir='ltr'><strong><em>elcc.</em></strong></span> 
     </span>
    </p>
   </div>
   <div class='ocr_carea' id='block_1_82' title="bbox 1826 2571 3405 2649">
    <p class='ocr_par' dir='ltr' id='par_1_82' title="bbox 1826 2571 3405 2649">
     <span class='ocr_line' id='line_1_82' title="bbox 1826 2571 3405 2649; baseline -0.008 -16"><span class='ocrx_word' id='word_1_598' title='bbox 1826 2581 1894 2633; x_wconf 89' lang='lat' dir='ltr'><strong><em>tis</em></strong></span> <span class='ocrx_word' id='word_1_599' title='bbox 1918 2580 2152 2649; x_wconf 87' lang='lat' dir='ltr'><strong><em>gentium</em></strong></span> <span class='ocrx_word' id='word_1_600' title='bbox 2171 2620 2185 2642; x_wconf 92' lang='lat'><strong><em>,</em></strong></span> <span class='ocrx_word' id='word_1_601' title='bbox 2212 2578 2402 2632; x_wconf 92' lang='lat' dir='ltr'><strong><em>domus</em></strong></span> <span class='ocrx_word' id='word_1_602' title='bbox 2445 2577 2537 2630; x_wconf 89' lang='lat' dir='ltr'><strong><em>Dei</em></strong></span> <span class='ocrx_word' id='word_1_603' title='bbox 2564 2574 2850 2628; x_wconf 74' lang='lat' dir='ltr'><strong><em>:cdiﬁcatur</em></strong></span> <span class='ocrx_word' id='word_1_604' title='bbox 2875 2588 2971 2643; x_wconf 88' lang='lat' dir='ltr'><strong><em>per</em></strong></span> <span class='ocrx_word' id='word_1_605' title='bbox 3012 2571 3405 2624; x_wconf 86' lang='lat' dir='ltr'><strong><em>Testamentum</em></strong></span> 
     </span>
    </p>
   </div>
   <div class='ocr_carea' id='block_1_83' title="bbox 1828 2658 3404 2741">
    <p class='ocr_par' dir='ltr' id='par_1_83' title="bbox 1828 2658 3404 2741">
     <span class='ocr_line' id='line_1_83' title="bbox 1828 2658 3404 2741; baseline -0.01 -16"><span class='ocrx_word' id='word_1_606' title='bbox 1828 2686 2022 2725; x_wconf 88' lang='lat' dir='ltr'><strong><em>novum</em></strong></span> <span class='ocrx_word' id='word_1_607' title='bbox 2041 2670 2299 2741; x_wconf 83' lang='lat' dir='ltr'><strong><em>lapidibus</em></strong></span> <span class='ocrx_word' id='word_1_608' title='bbox 2318 2668 2471 2735; x_wconf 80' lang='lat' dir='ltr'><strong><em>vivis,</em></strong></span> <span class='ocrx_word' id='word_1_609' title='bbox 2494 2668 2648 2734; x_wconf 85' lang='lat' dir='ltr'><strong><em>longe</em></strong></span> <span class='ocrx_word' id='word_1_610' title='bbox 2663 2666 2957 2736; x_wconf 89' lang='lat' dir='ltr'><strong><em>gloriosior,</em></strong></span> <span class='ocrx_word' id='word_1_611' title='bbox 2976 2678 3131 2732; x_wconf 88' lang='lat' dir='ltr'><strong><em>quam</em></strong></span> <span class='ocrx_word' id='word_1_612' title='bbox 3155 2658 3404 2728; x_wconf 89' lang='lat' dir='ltr'><strong><em>templum</em></strong></span> 
     </span>
    </p>
   </div>
   <div class='ocr_carea' id='block_1_84' title="bbox 1826 2755 3405 2832">
    <p class='ocr_par' dir='ltr' id='par_1_84' title="bbox 1826 2755 3405 2832">
     <span class='ocr_line' id='line_1_84' title="bbox 1826 2755 3405 2832; baseline -0.009 -16"><span class='ocrx_word' id='word_1_613' title='bbox 1826 2763 1954 2817; x_wconf 89' lang='lat' dir='ltr'><strong><em>illud</em></strong></span> <span class='ocrx_word' id='word_1_614' title='bbox 1984 2762 2099 2827; x_wconf 92' lang='lat' dir='ltr'><strong><em>fuit,</em></strong></span> <span class='ocrx_word' id='word_1_615' title='bbox 2133 2761 2271 2832; x_wconf 92' lang='lat' dir='ltr'><strong><em>quod</em></strong></span> <span class='ocrx_word' id='word_1_616' title='bbox 2301 2776 2329 2813; x_wconf 89' lang='lat' dir='ltr'><strong><em>a</em></strong></span> <span class='ocrx_word' id='word_1_617' title='bbox 2356 2776 2479 2829; x_wconf 86' lang='lat' dir='ltr'><strong><em>rege</em></strong></span> <span class='ocrx_word' id='word_1_618' title='bbox 2509 2758 2793 2813; x_wconf 89' lang='lat' dir='ltr'><strong><em>Salomone</em></strong></span> <span class='ocrx_word' id='word_1_619' title='bbox 2818 2762 3177 2809; x_wconf 86' lang='lat' dir='ltr'><strong><em>constructum</em></strong></span> <span class='ocrx_word' id='word_1_620' title='bbox 3204 2758 3283 2804; x_wconf 81' lang='lat' dir='ltr'><strong><em>est</em></strong></span> <span class='ocrx_word' id='word_1_621' title='bbox 3306 2790 3321 2814; x_wconf 94' lang='lat'><strong><em>,</em></strong></span> <span class='ocrx_word' id='word_1_622' title='bbox 3352 2755 3405 2802; x_wconf 87' lang='lat' dir='ltr'><strong><em>et</em></strong></span> 
     </span>
    </p>
   </div>
   <div class='ocr_carea' id='block_1_85' title="bbox 1828 2844 3405 2925">
    <p class='ocr_par' dir='ltr' id='par_1_85' title="bbox 1828 2844 3405 2925">
     <span class='ocr_line' id='line_1_85' title="bbox 1828 2844 3405 2925; baseline -0.008 -17"><span class='ocrx_word' id='word_1_623' title='bbox 1828 2868 1948 2925; x_wconf 89' lang='lat' dir='ltr'><strong><em>post</em></strong></span> <span class='ocrx_word' id='word_1_624' title='bbox 1975 2856 2331 2925; x_wconf 87' lang='lat' dir='ltr'><strong><em>captivitatem</em></strong></span> <span class='ocrx_word' id='word_1_625' title='bbox 2360 2854 2726 2907; x_wconf 88' lang='lat' dir='ltr'><strong><em>instauratum.</em></strong></span> <span class='ocrx_word' id='word_1_626' title='bbox 2759 2849 2981 2916; x_wconf 88' lang='lat' dir='ltr'><strong><em>Propter</em></strong></span> <span class='ocrx_word' id='word_1_627' title='bbox 3031 2844 3133 2899; x_wconf 90' lang='lat' dir='ltr'><strong><em>hoc</em></strong></span> <span class='ocrx_word' id='word_1_628' title='bbox 3159 2858 3282 2913; x_wconf 88' lang='lat' dir='ltr'><strong><em>ergo</em></strong></span> <span class='ocrx_word' id='word_1_629' title='bbox 3309 2854 3405 2895; x_wconf 86' lang='lat' dir='ltr'><strong><em>nec</em></strong></span> 
     </span>
    </p>
   </div>
   <div class='ocr_carea' id='block_1_86' title="bbox 1828 2933 3405 3015">
    <p class='ocr_par' dir='ltr' id='par_1_86' title="bbox 1828 2933 3405 3015">
     <span class='ocr_line' id='line_1_86' title="bbox 1828 2933 3405 3015; baseline -0.011 -14"><span class='ocrx_word' id='word_1_630' title='bbox 1828 2947 2117 3015; x_wconf 83' lang='lat' dir='ltr'><strong><em>Prophetas</em></strong></span> <span class='ocrx_word' id='word_1_631' title='bbox 2143 2962 2208 2999; x_wconf 83' lang='lat' dir='ltr'><strong><em>ex</em></strong></span> <span class='ocrx_word' id='word_1_632' title='bbox 2241 2945 2330 2999; x_wconf 90' lang='lat' dir='ltr'><strong><em>illo</em></strong></span> <span class='ocrx_word' id='word_1_633' title='bbox 2362 2956 2597 3012; x_wconf 89' lang='lat' dir='ltr'><strong><em>tempore</em></strong></span> <span class='ocrx_word' id='word_1_634' title='bbox 2628 2941 2811 2994; x_wconf 89' lang='lat' dir='ltr'><strong><em>hahuit</em></strong></span> <span class='ocrx_word' id='word_1_635' title='bbox 2836 2940 2921 2993; x_wconf 91' lang='lat' dir='ltr'><strong><em>illa</em></strong></span> <span class='ocrx_word' id='word_1_636' title='bbox 2948 2952 3106 3007; x_wconf 87' lang='lat' dir='ltr'><strong><em>gens,</em></strong></span> <span class='ocrx_word' id='word_1_637' title='bbox 3137 2945 3189 2989; x_wconf 91' lang='lat' dir='ltr'><strong><em>et</em></strong></span> <span class='ocrx_word' id='word_1_638' title='bbox 3229 2933 3405 2987; x_wconf 87' lang='lat' dir='ltr'><strong><em>multis</em></strong></span> 
     </span>
    </p>
   </div>
   <div class='ocr_carea' id='block_1_87' title="bbox 1828 3024 3403 3100">
    <p class='ocr_par' dir='ltr' id='par_1_87' title="bbox 1828 3024 3403 3100">
     <span class='ocr_line' id='line_1_87' title="bbox 1828 3024 3403 3100; baseline -0.01 -8"><span class='ocrx_word' id='word_1_639' title='bbox 1828 3038 2065 3092; x_wconf 89' lang='lat' dir='ltr'><strong><em>cladibus</em></strong></span> <span class='ocrx_word' id='word_1_640' title='bbox 2092 3035 2285 3091; x_wconf 81' lang='lat' dir='ltr'><strong><em>afflicta</em></strong></span> <span class='ocrx_word' id='word_1_641' title='bbox 2330 3045 2413 3091; x_wconf 90' lang='lat' dir='ltr'><strong><em>est</em></strong></span> <span class='ocrx_word' id='word_1_642' title='bbox 2452 3035 2519 3088; x_wconf 88' lang='lat' dir='ltr'><strong><em>ab</em></strong></span> <span class='ocrx_word' id='word_1_643' title='bbox 2558 3032 2867 3100; x_wconf 86' lang='lat' dir='ltr'><strong><em>alienigenis</em></strong></span> <span class='ocrx_word' id='word_1_644' title='bbox 2904 3030 3144 3099; x_wconf 82' lang='lat' dir='ltr'><strong><em>regibus,</em></strong></span> <span class='ocrx_word' id='word_1_645' title='bbox 3178 3024 3403 3095; x_wconf 84' lang='lat' dir='ltr'><strong><em>ipsisque</em></strong></span> 
     </span>
    </p>
   </div>
   <div class='ocr_carea' id='block_1_88' title="bbox 1832 3121 3403 3197">
    <p class='ocr_par' dir='ltr' id='par_1_88' title="bbox 1832 3121 3403 3197">
     <span class='ocr_line' id='line_1_88' title="bbox 1832 3121 3403 3197; baseline -0.01 -12"><span class='ocrx_word' id='word_1_646' title='bbox 1832 3132 2105 3192; x_wconf 76' lang='lat' dir='ltr'><strong><em>Romanis,</em></strong></span> <span class='ocrx_word' id='word_1_647' title='bbox 2133 3146 2201 3184; x_wconf 90' lang='lat' dir='ltr'><strong><em>ne</em></strong></span> <span class='ocrx_word' id='word_1_648' title='bbox 2225 3130 2360 3182; x_wconf 86' lang='lat' dir='ltr'><strong><em>hanc</em></strong></span> <span class='ocrx_word' id='word_1_649' title='bbox 2384 3127 2561 3197; x_wconf 64' lang='lat' dir='ltr'><strong><em>Aggari</em></strong></span> <span class='ocrx_word' id='word_1_650' title='bbox 2593 3124 2920 3195; x_wconf 88' lang='lat' dir='ltr'><strong><em>prophetiam</em></strong></span> <span class='ocrx_word' id='word_1_651' title='bbox 2948 3123 2999 3176; x_wconf 91' lang='lat' dir='ltr'><strong><em>in</em></strong></span> <span class='ocrx_word' id='word_1_652' title='bbox 3026 3121 3113 3175; x_wconf 91' lang='lat' dir='ltr'><strong><em>illa</em></strong></span> <span class='ocrx_word' id='word_1_653' title='bbox 3144 3121 3403 3174; x_wconf 46' lang='lat' dir='ltr'><strong><em>instaura‘</em></strong></span> 
     </span>
    </p>
   </div>
   <div class='ocr_carea' id='block_1_89' title="bbox 1829 3219 2827 3293">
    <p class='ocr_par' dir='ltr' id='par_1_89' title="bbox 1829 3219 2827 3293">
     <span class='ocr_line' id='line_1_89' title="bbox 1829 3219 2827 3293; baseline -0.008 -15"><span class='ocrx_word' id='word_1_654' title='bbox 1829 3224 1973 3278; x_wconf 88' lang='lat' dir='ltr'><strong><em>tione</em></strong></span> <span class='ocrx_word' id='word_1_655' title='bbox 2003 3224 2184 3293; x_wconf 90' lang='lat' dir='ltr'><strong><em>templi</em></strong></span> <span class='ocrx_word' id='word_1_656' title='bbox 2211 3223 2515 3292; x_wconf 83' lang='lat' dir='ltr'><strong><em>opinaretur</em></strong></span> <span class='ocrx_word' id='word_1_657' title='bbox 2538 3219 2827 3288; x_wconf 76' lang='lat' dir='ltr'><strong><em>impletum.</em></strong></span> 
     </span>
    </p>
   </div>
   <div class='ocr_carea' id='block_1_90' title="bbox 1899 3301 3406 3382">
    <p class='ocr_par' dir='ltr' id='par_1_90' title="bbox 1899 3301 3406 3382">
     <span class='ocr_line' id='line_1_90' title="bbox 1899 3301 3406 3382; baseline -0.011 -11"><span class='ocrx_word' id='word_1_658' title='bbox 1899 3317 1953 3371; x_wconf 75' lang='grc'><strong>2.</strong></span> <span class='ocrx_word' id='word_1_659' title='bbox 1977 3316 2091 3371; x_wconf 85' lang='grc' dir='ltr'><strong><em>Νυη</em></strong></span> <span class='ocrx_word' id='word_1_660' title='bbox 2118 3317 2283 3369; x_wconf 90' lang='lat' dir='ltr'><strong><em>multo</em></strong></span> <span class='ocrx_word' id='word_1_661' title='bbox 2299 3316 2438 3368; x_wconf 89' lang='lat' dir='ltr'><strong><em>enim</em></strong></span> <span class='ocrx_word' id='word_1_662' title='bbox 2468 3321 2587 3382; x_wconf 90' lang='lat' dir='ltr'><strong><em>post</em></strong></span> <span class='ocrx_word' id='word_1_663' title='bbox 2612 3311 2923 3365; x_wconf 83' lang='lat' dir='ltr'><strong><em>adveniente</em></strong></span> <span class='ocrx_word' id='word_1_664' title='bbox 2954 3305 3253 3361; x_wconf 83' lang='lat' dir='ltr'><strong><em>Alexandro</em></strong></span> <span class='ocrx_word' id='word_1_665' title='bbox 3282 3301 3406 3355; x_wconf 87' lang='lat' dir='ltr'><strong><em>sub-</em></strong></span> 
     </span>
    </p>
   </div>
   <div class='ocr_carea' id='block_1_91' title="bbox 1828 3396 3406 3481">
    <p class='ocr_par' dir='ltr' id='par_1_91' title="bbox 1828 3396 3406 3481">
     <span class='ocr_line' id='line_1_91' title="bbox 1828 3396 3406 3481; baseline -0.013 -17"><span class='ocrx_word' id='word_1_666' title='bbox 1828 3410 2005 3481; x_wconf 87' lang='lat' dir='ltr'><strong><em>jugata</em></strong></span> <span class='ocrx_word' id='word_1_667' title='bbox 2035 3421 2117 3464; x_wconf 90' lang='lat' dir='ltr'><strong><em>est</em></strong></span> <span class='ocrx_word' id='word_1_668' title='bbox 2147 3407 2219 3480; x_wconf 93' lang='lat' dir='ltr'><strong><em>(a)</em></strong></span> <span class='ocrx_word' id='word_1_669' title='bbox 2246 3426 2260 3474; x_wconf 88' lang='lat'><strong>;</strong></span> <span class='ocrx_word' id='word_1_670' title='bbox 2290 3406 2503 3477; x_wconf 84' lang='lat' dir='ltr'><strong><em>quando</em></strong></span> <span class='ocrx_word' id='word_1_671' title='bbox 2551 3405 2647 3459; x_wconf 85' lang='lat' dir='ltr'><strong><em>etsi</em></strong></span> <span class='ocrx_word' id='word_1_672' title='bbox 2681 3403 2823 3457; x_wconf 89' lang='lat' dir='ltr'><strong><em>nulla</em></strong></span> <span class='ocrx_word' id='word_1_673' title='bbox 2852 3402 2984 3455; x_wconf 87' lang='lat' dir='ltr'><strong><em>facta</em></strong></span> <span class='ocrx_word' id='word_1_674' title='bbox 3036 3408 3118 3452; x_wconf 87' lang='lat' dir='ltr'><strong><em>est</em></strong></span> <span class='ocrx_word' id='word_1_675' title='bbox 3163 3396 3406 3458; x_wconf 88' lang='lat' dir='ltr'><strong><em>vastatio,</em></strong></span> 
     </span>
    </p>
   </div>
   <div class='ocr_carea' id='block_1_92' title="bbox 1829 3489 3408 3573">
    <p class='ocr_par' dir='ltr' id='par_1_92' title="bbox 1829 3489 3408 3573">
     <span class='ocr_line' id='line_1_92' title="bbox 1829 3489 3408 3573; baseline -0.011 -17"><span class='ocrx_word' id='word_1_676' title='bbox 1829 3501 2077 3573; x_wconf 89' lang='lat' dir='ltr'><strong><em>quoniam</em></strong></span> <span class='ocrx_word' id='word_1_677' title='bbox 2109 3518 2212 3555; x_wconf 92' lang='lat' dir='ltr'><strong><em>non</em></strong></span> <span class='ocrx_word' id='word_1_678' title='bbox 2255 3508 2376 3555; x_wconf 91' lang='lat' dir='ltr'><strong><em>sunt</em></strong></span> <span class='ocrx_word' id='word_1_679' title='bbox 2411 3498 2524 3552; x_wconf 90' lang='lat' dir='ltr'><strong><em>ausi</em></strong></span> <span class='ocrx_word' id='word_1_680' title='bbox 2551 3498 2598 3551; x_wconf 92' lang='lat' dir='ltr'><strong><em>ei</em></strong></span> <span class='ocrx_word' id='word_1_681' title='bbox 2630 3495 2897 3555; x_wconf 87' lang='lat' dir='ltr'><strong><em>resistere,</em></strong></span> <span class='ocrx_word' id='word_1_682' title='bbox 2927 3501 2979 3545; x_wconf 89' lang='lat' dir='ltr'><strong><em>et</em></strong></span> <span class='ocrx_word' id='word_1_683' title='bbox 3003 3490 3120 3544; x_wconf 90' lang='lat' dir='ltr'><strong><em>ideo</em></strong></span> <span class='ocrx_word' id='word_1_684' title='bbox 3149 3489 3408 3557; x_wconf 86' lang='lat' dir='ltr'><strong><em>placatum</em></strong></span> 
     </span>
    </p>
   </div>
   <div class='ocr_carea' id='block_1_93' title="bbox 1829 3577 3407 3659">
    <p class='ocr_par' dir='ltr' id='par_1_93' title="bbox 1829 3577 3407 3659">
     <span class='ocr_line' id='line_1_93' title="bbox 1829 3577 3407 3659; baseline -0.013 -9"><span class='ocrx_word' id='word_1_685' title='bbox 1829 3596 2079 3650; x_wconf 89' lang='lat' dir='ltr'><strong><em>facillime</em></strong></span> <span class='ocrx_word' id='word_1_686' title='bbox 2099 3593 2295 3647; x_wconf 90' lang='lat' dir='ltr'><strong><em>subditi</em></strong></span> <span class='ocrx_word' id='word_1_687' title='bbox 2347 3598 2681 3659; x_wconf 89' lang='lat' dir='ltr'><strong><em>receperunt,</em></strong></span> <span class='ocrx_word' id='word_1_688' title='bbox 2714 3602 2819 3640; x_wconf 90' lang='lat' dir='ltr'><strong><em>non</em></strong></span> <span class='ocrx_word' id='word_1_689' title='bbox 2868 3594 2982 3639; x_wconf 89' lang='lat' dir='ltr'><strong><em>erat</em></strong></span> <span class='ocrx_word' id='word_1_690' title='bbox 3040 3592 3212 3636; x_wconf 90' lang='lat' dir='ltr'><strong><em>tamen</em></strong></span> <span class='ocrx_word' id='word_1_691' title='bbox 3239 3577 3407 3648; x_wconf 87' lang='lat' dir='ltr'><strong><em>gloria</em></strong></span> 
     </span>
    </p>
   </div>
   <div class='ocr_carea' id='block_1_94' title="bbox 1831 3671 3407 3751">
    <p class='ocr_par' dir='ltr' id='par_1_94' title="bbox 1831 3671 3407 3751">
     <span class='ocr_line' id='line_1_94' title="bbox 1831 3671 3407 3751; baseline -0.013 -9"><span class='ocrx_word' id='word_1_692' title='bbox 1831 3696 1975 3742; x_wconf 84' lang='lat' dir='ltr'><strong><em>tanta</em></strong></span> <span class='ocrx_word' id='word_1_693' title='bbox 1989 3686 2177 3740; x_wconf 90' lang='lat' dir='ltr'><strong><em>domus</em></strong></span> <span class='ocrx_word' id='word_1_694' title='bbox 2204 3684 2364 3745; x_wconf 88' lang='lat' dir='ltr'><strong><em>illius,</em></strong></span> <span class='ocrx_word' id='word_1_695' title='bbox 2387 3690 2582 3751; x_wconf 88' lang='lat' dir='ltr'><strong><em>quanta</em></strong></span> <span class='ocrx_word' id='word_1_696' title='bbox 2602 3679 2701 3732; x_wconf 89' lang='lat' dir='ltr'><strong><em>fuit</em></strong></span> <span class='ocrx_word' id='word_1_697' title='bbox 2722 3680 2770 3730; x_wconf 93' lang='lat' dir='ltr'><strong><em>in</em></strong></span> <span class='ocrx_word' id='word_1_698' title='bbox 2799 3691 3010 3730; x_wconf 90' lang='lat' dir='ltr'><strong><em>suorum</em></strong></span> <span class='ocrx_word' id='word_1_699' title='bbox 3034 3689 3216 3741; x_wconf 84' lang='lat' dir='ltr'><strong><em>regum</em></strong></span> <span class='ocrx_word' id='word_1_700' title='bbox 3244 3671 3407 3723; x_wconf 86' lang='lat' dir='ltr'><strong><em>libera</em></strong></span> 
     </span>
    </p>
   </div>
   <div class='ocr_carea' id='block_1_95' title="bbox 1829 3760 3407 3848">
    <p class='ocr_par' dir='ltr' id='par_1_95' title="bbox 1829 3760 3407 3848">
     <span class='ocr_line' id='line_1_95' title="bbox 1829 3760 3407 3848; baseline -0.014 -15"><span class='ocrx_word' id='word_1_701' title='bbox 1829 3786 2108 3848; x_wconf 88' lang='lat' dir='ltr'><strong><em>potestate.</em></strong></span> <span class='ocrx_word' id='word_1_702' title='bbox 2140 3774 2352 3830; x_wconf 84' lang='lat' dir='ltr'><strong><em>Hostias</em></strong></span> <span class='ocrx_word' id='word_1_703' title='bbox 2389 3786 2517 3826; x_wconf 86' lang='lat' dir='ltr'><strong><em>sane</em></strong></span> <span class='ocrx_word' id='word_1_704' title='bbox 2564 3767 2864 3823; x_wconf 75' lang='lat' dir='ltr'><strong><em>Alexander</em></strong></span> <span class='ocrx_word' id='word_1_705' title='bbox 2898 3764 3185 3817; x_wconf 88' lang='lat' dir='ltr'><strong><em>immolavit</em></strong></span> <span class='ocrx_word' id='word_1_706' title='bbox 3214 3762 3265 3814; x_wconf 90' lang='lat' dir='ltr'><strong><em>in</em></strong></span> <span class='ocrx_word' id='word_1_707' title='bbox 3319 3760 3407 3812; x_wconf 85' lang='lat' dir='ltr'><strong><em>Dei</em></strong></span> 
     </span>
    </p>
   </div>
   <div class='ocr_carea' id='block_1_96' title="bbox 1830 3856 3405 3936">
    <p class='ocr_par' dir='ltr' id='par_1_96' title="bbox 1830 3856 3405 3936">
     <span class='ocr_line' id='line_1_96' title="bbox 1830 3856 3405 3936; baseline -0.014 -13"><span class='ocrx_word' id='word_1_708' title='bbox 1830 3867 2048 3936; x_wconf 86' lang='lat' dir='ltr'><strong><em>templo,</em></strong></span> <span class='ocrx_word' id='word_1_709' title='bbox 2080 3880 2185 3919; x_wconf 90' lang='lat' dir='ltr'><strong><em>non</em></strong></span> <span class='ocrx_word' id='word_1_710' title='bbox 2236 3863 2300 3918; x_wconf 90' lang='lat' dir='ltr'><strong><em>ad</em></strong></span> <span class='ocrx_word' id='word_1_711' title='bbox 2330 3863 2443 3931; x_wconf 87' lang='lat' dir='ltr'><strong><em>ejus</em></strong></span> <span class='ocrx_word' id='word_1_712' title='bbox 2466 3861 2666 3915; x_wconf 88' lang='lat' dir='ltr'><strong><em>cultum</em></strong></span> <span class='ocrx_word' id='word_1_713' title='bbox 2697 3872 2818 3911; x_wconf 86' lang='lat' dir='ltr'><strong><em>vera</em></strong></span> <span class='ocrx_word' id='word_1_714' title='bbox 2854 3856 3046 3925; x_wconf 87' lang='lat' dir='ltr'><strong><em>pietate</em></strong></span> <span class='ocrx_word' id='word_1_715' title='bbox 3096 3866 3405 3915; x_wconf 85' lang='lat' dir='ltr'><strong><em>conversus,</em></strong></span> 
     </span>
    </p>
   </div>
   <div class='ocr_carea' id='block_1_97' title="bbox 1829 3941 3403 4026">
    <p class='ocr_par' dir='ltr' id='par_1_97' title="bbox 1829 3941 3403 4026">
     <span class='ocr_line' id='line_1_97' title="bbox 1829 3941 3403 4026; baseline -0.013 -13"><span class='ocrx_word' id='word_1_716' title='bbox 1829 3958 1925 4013; x_wconf 88' lang='lat' dir='ltr'><strong><em>sed</em></strong></span> <span class='ocrx_word' id='word_1_717' title='bbox 1955 3956 2113 4026; x_wconf 88' lang='lat' dir='ltr'><strong><em>impia</em></strong></span> <span class='ocrx_word' id='word_1_718' title='bbox 2144 3956 2377 4008; x_wconf 90' lang='lat' dir='ltr'><strong><em>vanitate</em></strong></span> <span class='ocrx_word' id='word_1_719' title='bbox 2429 3968 2548 4007; x_wconf 91' lang='lat' dir='ltr'><strong><em>cum</em></strong></span> <span class='ocrx_word' id='word_1_720' title='bbox 2602 3950 2705 4003; x_wconf 92' lang='lat' dir='ltr'><strong><em>diis</em></strong></span> <span class='ocrx_word' id='word_1_721' title='bbox 2753 3963 2873 4001; x_wconf 89' lang='lat' dir='ltr'><strong><em>eum</em></strong></span> <span class='ocrx_word' id='word_1_722' title='bbox 2922 3944 3067 3999; x_wconf 80' lang='lat' dir='ltr'><strong><em>falsis</em></strong></span> <span class='ocrx_word' id='word_1_723' title='bbox 3120 3941 3403 3997; x_wconf 87' lang='lat' dir='ltr'><strong><em>colendum</em></strong></span> 
     </span>
    </p>
   </div>
   <div class='ocr_carea' id='block_1_98' title="bbox 1830 4032 3404 4119">
    <p class='ocr_par' dir='ltr' id='par_1_98' title="bbox 1830 4032 3404 4119">
     <span class='ocr_line' id='line_1_98' title="bbox 1830 4032 3404 4119; baseline -0.014 -16"><span class='ocrx_word' id='word_1_724' title='bbox 1830 4058 2041 4119; x_wconf 88' lang='lat' dir='ltr'><strong><em>putans.</em></strong></span> <span class='ocrx_word' id='word_1_725' title='bbox 2065 4045 2264 4101; x_wconf 89' lang='lat' dir='ltr'><strong><em>Deinde</em></strong></span> <span class='ocrx_word' id='word_1_726' title='bbox 2294 4043 2612 4098; x_wconf 67' lang='lat' dir='ltr'><strong><em>Ptolemmus</em></strong></span> <span class='ocrx_word' id='word_1_727' title='bbox 2664 4039 2790 4108; x_wconf 84' lang='lat' dir='ltr'><strong><em>Lagi</em></strong></span> <span class='ocrx_word' id='word_1_728' title='bbox 2850 4037 3007 4101; x_wconf 87' lang='lat' dir='ltr'><strong><em>ﬁlius,</em></strong></span> <span class='ocrx_word' id='word_1_729' title='bbox 3063 4032 3201 4103; x_wconf 89' lang='lat' dir='ltr'><strong><em>quod</em></strong></span> <span class='ocrx_word' id='word_1_730' title='bbox 3248 4045 3404 4100; x_wconf 81' lang='lat' dir='ltr'><strong><em>supra</em></strong></span> 
     </span>
    </p>
   </div>
   <div class='ocr_carea' id='block_1_99' title="bbox 1832 4122 3406 4205">
    <p class='ocr_par' dir='ltr' id='par_1_99' title="bbox 1832 4122 3406 4205">
     <span class='ocr_line' id='line_1_99' title="bbox 1832 4122 3406 4205; baseline -0.012 -12"><span class='ocrx_word' id='word_1_731' title='bbox 1832 4137 2146 4204; x_wconf 86' lang='lat' dir='ltr'><strong><em>memoravi,</em></strong></span> <span class='ocrx_word' id='word_1_732' title='bbox 2172 4131 2595 4205; x_wconf 77' lang='lat' dir='ltr'><strong><em>postAlexandri</em></strong></span> <span class='ocrx_word' id='word_1_733' title='bbox 2639 4139 2864 4183; x_wconf 90' lang='lat' dir='ltr'><strong><em>mortem</em></strong></span> <span class='ocrx_word' id='word_1_734' title='bbox 2908 4126 3142 4194; x_wconf 88' lang='lat' dir='ltr'><strong><em>captivos</em></strong></span> <span class='ocrx_word' id='word_1_735' title='bbox 3185 4123 3305 4176; x_wconf 90' lang='lat' dir='ltr'><strong><em>inde</em></strong></span> <span class='ocrx_word' id='word_1_736' title='bbox 3352 4122 3406 4174; x_wconf 92' lang='lat' dir='ltr'><strong><em>in</em></strong></span> 
     </span>
    </p>
   </div>
   <div class='ocr_carea' id='block_1_100' title="bbox 1831 4214 3408 4299">
    <p class='ocr_par' dir='ltr' id='par_1_100' title="bbox 1831 4214 3408 4299">
     <span class='ocr_line' id='line_1_100' title="bbox 1831 4214 3408 4299; baseline -0.012 -16"><span class='ocrx_word' id='word_1_737' title='bbox 1831 4228 2119 4299; x_wconf 62' lang='lat' dir='ltr'><strong><em>Egyptum</em></strong></span> <span class='ocrx_word' id='word_1_738' title='bbox 2151 4225 2434 4289; x_wconf 79' lang='lat' dir='ltr'><strong><em>transtulit,</em></strong></span> <span class='ocrx_word' id='word_1_739' title='bbox 2482 4237 2615 4292; x_wconf 89' lang='lat' dir='ltr'><strong><em>quos</em></strong></span> <span class='ocrx_word' id='word_1_740' title='bbox 2644 4220 2760 4289; x_wconf 89' lang='lat' dir='ltr'><strong><em>ejus</em></strong></span> <span class='ocrx_word' id='word_1_741' title='bbox 2789 4230 3065 4272; x_wconf 87' lang='lat' dir='ltr'><strong><em>successor</em></strong></span> <span class='ocrx_word' id='word_1_742' title='bbox 3087 4214 3408 4267; x_wconf 60' lang='lat' dir='ltr'><strong><em>Ptolemaeus</em></strong></span> 
     </span>
    </p>
   </div>
   <div class='ocr_carea' id='block_1_101' title="bbox 1831 4304 3409 4388">
    <p class='ocr_par' dir='ltr' id='par_1_101' title="bbox 1831 4304 3409 4388">
     <span class='ocr_line' id='line_1_101' title="bbox 1831 4304 3409 4388; baseline -0.015 -12"><span class='ocrx_word' id='word_1_743' title='bbox 1831 4318 2206 4388; x_wconf 76' lang='lat' dir='ltr'><strong><em>Philadelphus</em></strong></span> <span class='ocrx_word' id='word_1_744' title='bbox 2266 4312 2766 4371; x_wconf 87' lang='lat' dir='ltr'><strong><em>benevolentissime</em></strong></span> <span class='ocrx_word' id='word_1_745' title='bbox 2840 4308 2962 4362; x_wconf 90' lang='lat' dir='ltr'><strong><em>inde</em></strong></span> <span class='ocrx_word' id='word_1_746' title='bbox 3018 4304 3265 4359; x_wconf 74' lang='lat' dir='ltr'><strong><em>dimisit:</em></strong></span> <span class='ocrx_word' id='word_1_747' title='bbox 3313 4315 3409 4369; x_wconf 90' lang='lat' dir='ltr'><strong><em>per</em></strong></span> 
     </span>
    </p>
   </div>
   <div class='ocr_carea' id='block_1_102' title="bbox 1831 4392 3407 4482">
    <p class='ocr_par' dir='ltr' id='par_1_102' title="bbox 1831 4392 3407 4482">
     <span class='ocr_line' id='line_1_102' title="bbox 1831 4392 3407 4482; baseline -0.016 -16"><span class='ocrx_word' id='word_1_748' title='bbox 1831 4427 1988 4482; x_wconf 92' lang='lat' dir='ltr'><strong><em>quem</em></strong></span> <span class='ocrx_word' id='word_1_749' title='bbox 2014 4409 2208 4464; x_wconf 89' lang='lat' dir='ltr'><strong><em>factum</em></strong></span> <span class='ocrx_word' id='word_1_750' title='bbox 2230 4416 2330 4469; x_wconf 89' lang='lat' dir='ltr'><strong><em>est,</em></strong></span> <span class='ocrx_word' id='word_1_751' title='bbox 2358 4404 2498 4476; x_wconf 90' lang='lat' dir='ltr'><strong><em>quod</em></strong></span> <span class='ocrx_word' id='word_1_752' title='bbox 2516 4403 2671 4474; x_wconf 90' lang='lat' dir='ltr'><strong><em>paulo</em></strong></span> <span class='ocrx_word' id='word_1_753' title='bbox 2688 4410 2810 4454; x_wconf 88' lang='lat' dir='ltr'><strong><em>ante</em></strong></span> <span class='ocrx_word' id='word_1_754' title='bbox 2853 4395 3083 4458; x_wconf 88' lang='lat' dir='ltr'><strong><em>narravi,</em></strong></span> <span class='ocrx_word' id='word_1_755' title='bbox 3108 4401 3163 4447; x_wconf 90' lang='lat' dir='ltr'><strong><em>ut</em></strong></span> <span class='ocrx_word' id='word_1_756' title='bbox 3182 4392 3407 4460; x_wconf 86' lang='lat' dir='ltr'><strong><em>Septua-</em></strong></span> 
     </span>
    </p>
   </div>
   <div class='ocr_carea' id='block_1_103' title="bbox 1831 4486 3407 4575">
    <p class='ocr_par' dir='ltr' id='par_1_103' title="bbox 1831 4486 3407 4575">
     <span class='ocr_line' id='line_1_103' title="bbox 1831 4486 3407 4575; baseline -0.014 -17"><span class='ocrx_word' id='word_1_757' title='bbox 1831 4506 1975 4575; x_wconf 86' lang='lat' dir='ltr'><strong><em>ginta</em></strong></span> <span class='ocrx_word' id='word_1_758' title='bbox 1993 4504 2340 4573; x_wconf 89' lang='lat' dir='ltr'><strong><em>interpretum</em></strong></span> <span class='ocrx_word' id='word_1_759' title='bbox 2366 4499 2666 4566; x_wconf 90' lang='lat' dir='ltr'><strong><em>Scripturas</em></strong></span> <span class='ocrx_word' id='word_1_760' title='bbox 2693 4494 3027 4547; x_wconf 83' lang='lat' dir='ltr'><strong><em>haberemus.</em></strong></span> <span class='ocrx_word' id='word_1_761' title='bbox 3053 4486 3251 4542; x_wconf 85' lang='lat' dir='ltr'><strong><em>Deinde</em></strong></span> <span class='ocrx_word' id='word_1_762' title='bbox 3277 4500 3407 4538; x_wconf 89' lang='lat' dir='ltr'><strong><em>con-</em></strong></span> 
     </span>
    </p>
   </div>
   <div class='ocr_carea' id='block_1_104' title="bbox 1835 4575 3405 4662">
    <p class='ocr_par' dir='ltr' id='par_1_104' title="bbox 1835 4575 3405 4662">
     <span class='ocr_line' id='line_1_104' title="bbox 1835 4575 3405 4662; baseline -0.016 -10"><span class='ocrx_word' id='word_1_763' title='bbox 1835 4597 1942 4651; x_wconf 91' lang='lat' dir='ltr'><strong><em>triti</em></strong></span> <span class='ocrx_word' id='word_1_764' title='bbox 1966 4605 2091 4650; x_wconf 91' lang='lat' dir='ltr'><strong><em>sunt</em></strong></span> <span class='ocrx_word' id='word_1_765' title='bbox 2114 4594 2290 4661; x_wconf 88' lang='lat' dir='ltr'><strong><em>bellis,</em></strong></span> <span class='ocrx_word' id='word_1_766' title='bbox 2317 4607 2438 4662; x_wconf 61' lang='lat' dir='ltr'><strong><em>quas</em></strong></span> <span class='ocrx_word' id='word_1_767' title='bbox 2489 4591 2542 4644; x_wconf 92' lang='lat' dir='ltr'><strong><em>in</em></strong></span> <span class='ocrx_word' id='word_1_768' title='bbox 2591 4586 3011 4641; x_wconf 73' lang='lat' dir='ltr'><strong><em>Machabzeorum</em></strong></span> <span class='ocrx_word' id='word_1_769' title='bbox 3049 4580 3198 4634; x_wconf 91' lang='lat' dir='ltr'><strong><em>libris</em></strong></span> <span class='ocrx_word' id='word_1_770' title='bbox 3237 4575 3405 4644; x_wconf 86' lang='lat' dir='ltr'><strong><em>expli-</em></strong></span> 
     </span>
    </p>
   </div>
   <div class='ocr_carea' id='block_1_105' title="bbox 1832 4667 3404 4749">
    <p class='ocr_par' dir='ltr' id='par_1_105' title="bbox 1832 4667 3404 4749">
     <span class='ocr_line' id='line_1_105' title="bbox 1832 4667 3404 4749; baseline -0.017 -7"><span class='ocrx_word' id='word_1_771' title='bbox 1832 4696 2041 4742; x_wconf 90' lang='lat' dir='ltr'><strong><em>cantur.</em></strong></span> <span class='ocrx_word' id='word_1_772' title='bbox 2065 4687 2192 4740; x_wconf 89' lang='lat' dir='ltr'><strong><em>Post</em></strong></span> <span class='ocrx_word' id='word_1_773' title='bbox 2221 4685 2334 4737; x_wconf 79' lang='lat' dir='ltr'><strong><em>haec</em></strong></span> <span class='ocrx_word' id='word_1_774' title='bbox 2364 4682 2499 4749; x_wconf 89' lang='lat' dir='ltr'><strong><em>capti</em></strong></span> <span class='ocrx_word' id='word_1_775' title='bbox 2522 4694 2551 4731; x_wconf 89' lang='lat' dir='ltr'><strong><em>a</em></strong></span> <span class='ocrx_word' id='word_1_776' title='bbox 2590 4692 2717 4746; x_wconf 86' lang='lat' dir='ltr'><strong><em>rege</em></strong></span> <span class='ocrx_word' id='word_1_777' title='bbox 2745 4671 3077 4728; x_wconf 71' lang='lat' dir='ltr'><strong><em>Alexandria:</em></strong></span> <span class='ocrx_word' id='word_1_778' title='bbox 3098 4667 3404 4729; x_wconf 82' lang='lat' dir='ltr'><strong><em>Ptolcm:ro,</em></strong></span> 
     </span>
    </p>
   </div>
   <div class='ocr_carea' id='block_1_106' title="bbox 1832 4753 3406 4847">
    <p class='ocr_par' dir='ltr' id='par_1_106' title="bbox 1832 4753 3406 4847">
     <span class='ocr_line' id='line_1_106' title="bbox 1832 4753 3406 4847; baseline -0.014 -16"><span class='ocrx_word' id='word_1_779' title='bbox 1832 4778 1920 4847; x_wconf 90' lang='lat' dir='ltr'><strong><em>qui</em></strong></span> <span class='ocrx_word' id='word_1_780' title='bbox 1947 4785 2028 4830; x_wconf 92' lang='lat' dir='ltr'><strong><em>est</em></strong></span> <span class='ocrx_word' id='word_1_781' title='bbox 2051 4773 2342 4845; x_wconf 88' lang='lat' dir='ltr'><strong><em>appellatus</em></strong></span> <span class='ocrx_word' id='word_1_782' title='bbox 2394 4769 2699 4838; x_wconf 89' lang='lat' dir='ltr'><strong><em>Epiphanes</em></strong></span> <span class='ocrx_word' id='word_1_783' title='bbox 2744 4762 2847 4835; x_wconf 87' lang='lat' dir='ltr'><strong><em>(b);</em></strong></span> <span class='ocrx_word' id='word_1_784' title='bbox 2876 4761 2997 4816; x_wconf 89' lang='lat' dir='ltr'><strong><em>inde</em></strong></span> <span class='ocrx_word' id='word_1_785' title='bbox 3044 4760 3109 4812; x_wconf 89' lang='lat' dir='ltr'><strong><em>ab</em></strong></span> <span class='ocrx_word' id='word_1_786' title='bbox 3146 4753 3406 4811; x_wconf 85' lang='lat' dir='ltr'><strong><em>Antiocho</em></strong></span> 
     </span>
    </p>
   </div>
   <div class='ocr_carea' id='block_1_107' title="bbox 1832 4847 3404 4939">
    <p class='ocr_par' dir='ltr' id='par_1_107' title="bbox 1832 4847 3404 4939">
     <span class='ocr_line' id='line_1_107' title="bbox 1832 4847 3404 4939; baseline -0.017 -16"><span class='ocrx_word' id='word_1_787' title='bbox 1832 4884 1958 4939; x_wconf 88' lang='lat' dir='ltr'><strong><em>rege</em></strong></span> <span class='ocrx_word' id='word_1_788' title='bbox 1986 4866 2154 4937; x_wconf 75' lang='lat' dir='ltr'><strong><em>Syrizn</em></strong></span> <span class='ocrx_word' id='word_1_789' title='bbox 2182 4863 2361 4917; x_wconf 90' lang='lat' dir='ltr'><strong><em>multis</em></strong></span> <span class='ocrx_word' id='word_1_790' title='bbox 2380 4870 2433 4916; x_wconf 87' lang='lat' dir='ltr'><strong><em>et</em></strong></span> <span class='ocrx_word' id='word_1_791' title='bbox 2456 4857 2779 4930; x_wconf 78' lang='lat' dir='ltr'><strong><em>gravissimis</em></strong></span> <span class='ocrx_word' id='word_1_792' title='bbox 2808 4853 2959 4908; x_wconf 90' lang='lat' dir='ltr'><strong><em>malis</em></strong></span> <span class='ocrx_word' id='word_1_793' title='bbox 2976 4851 3041 4905; x_wconf 90' lang='lat' dir='ltr'><strong><em>ad</em></strong></span> <span class='ocrx_word' id='word_1_794' title='bbox 3063 4849 3199 4903; x_wconf 90' lang='lat' dir='ltr'><strong><em>idola</em></strong></span> <span class='ocrx_word' id='word_1_795' title='bbox 3221 4847 3404 4901; x_wconf 88' lang='lat' dir='ltr'><strong><em>colen-</em></strong></span> 
     </span>
    </p>
   </div>
   <div class='ocr_carea' id='block_1_108' title="bbox 1832 4939 3405 5028">
    <p class='ocr_par' dir='ltr' id='par_1_108' title="bbox 1832 4939 3405 5028">
     <span class='ocr_line' id='line_1_108' title="bbox 1832 4939 3405 5028; baseline -0.015 -13"><span class='ocrx_word' id='word_1_796' title='bbox 1832 4962 1899 5015; x_wconf 88' lang='lat' dir='ltr'><strong><em>da</em></strong></span> <span class='ocrx_word' id='word_1_797' title='bbox 1927 4957 2203 5028; x_wconf 90' lang='lat' dir='ltr'><strong><em>compulsi,</em></strong></span> <span class='ocrx_word' id='word_1_798' title='bbox 2230 4955 2591 5025; x_wconf 87' lang='lat' dir='ltr'><strong><em>templumque</em></strong></span> <span class='ocrx_word' id='word_1_799' title='bbox 2617 4952 2785 5019; x_wconf 90' lang='lat' dir='ltr'><strong><em>ipsum</em></strong></span> <span class='ocrx_word' id='word_1_800' title='bbox 2829 4946 3084 5014; x_wconf 87' lang='lat' dir='ltr'><strong><em>repletum</em></strong></span> <span class='ocrx_word' id='word_1_801' title='bbox 3137 4939 3405 5009; x_wconf 85' lang='lat' dir='ltr'><strong><em>sacrilegis</em></strong></span> 
     </span>
    </p>
   </div>
   <div class='ocr_carea' id='block_1_109' title="bbox 1833 5035 3401 5119">
    <p class='ocr_par' dir='ltr' id='par_1_109' title="bbox 1833 5035 3401 5119">
     <span class='ocr_line' id='line_1_109' title="bbox 1833 5035 3401 5119; baseline -0.013 -13"><span class='ocrx_word' id='word_1_802' title='bbox 1833 5048 2299 5119; x_wconf 86' lang='lat' dir='ltr'><strong><em>superstitionibus</em></strong></span> <span class='ocrx_word' id='word_1_803' title='bbox 2340 5045 2596 5117; x_wconf 90' lang='lat' dir='ltr'><strong><em>gentium,</em></strong></span> <span class='ocrx_word' id='word_1_804' title='bbox 2650 5039 2789 5110; x_wconf 90' lang='lat' dir='ltr'><strong><em>quod</em></strong></span> <span class='ocrx_word' id='word_1_805' title='bbox 2837 5048 3010 5091; x_wconf 90' lang='lat' dir='ltr'><strong><em>tamen</em></strong></span> <span class='ocrx_word' id='word_1_806' title='bbox 3060 5035 3166 5089; x_wconf 84' lang='lat' dir='ltr'><strong><em>dux</em></strong></span> <span class='ocrx_word' id='word_1_807' title='bbox 3217 5047 3401 5087; x_wconf 91' lang='lat' dir='ltr'><strong><em>eorum</em></strong></span> 
     </span>
    </p>
   </div>
   <div class='ocr_carea' id='block_1_110' title="bbox 1834 5125 3401 5204">
    <p class='ocr_par' dir='ltr' id='par_1_110' title="bbox 1834 5125 3401 5204">
     <span class='ocr_line' id='line_1_110' title="bbox 1834 5125 3401 5204; baseline -0.015 -8"><span class='ocrx_word' id='word_1_808' title='bbox 1834 5140 2233 5197; x_wconf 88' lang='lat' dir='ltr'><strong><em>strenuissimus</em></strong></span> <span class='ocrx_word' id='word_1_809' title='bbox 2248 5136 2430 5202; x_wconf 76' lang='lat' dir='ltr'><strong><em>ludas,</em></strong></span> <span class='ocrx_word' id='word_1_810' title='bbox 2450 5134 2538 5204; x_wconf 89' lang='lat' dir='ltr'><strong><em>qui</em></strong></span> <span class='ocrx_word' id='word_1_811' title='bbox 2565 5132 2722 5187; x_wconf 90' lang='lat' dir='ltr'><strong><em>etiam</em></strong></span> <span class='ocrx_word' id='word_1_812' title='bbox 2754 5127 3087 5183; x_wconf 83' lang='lat' dir='ltr'><strong><em>Machabaeus</em></strong></span> <span class='ocrx_word' id='word_1_813' title='bbox 3107 5125 3277 5178; x_wconf 88' lang='lat' dir='ltr'><strong><em>dictus</em></strong></span> <span class='ocrx_word' id='word_1_814' title='bbox 3299 5130 3401 5187; x_wconf 89' lang='lat' dir='ltr'><strong><em>est,</em></strong></span> 
     </span>
    </p>
   </div>
   <div class='ocr_carea' id='block_1_111' title="bbox 1835 5213 3405 5296">
    <p class='ocr_par' dir='ltr' id='par_1_111' title="bbox 1835 5213 3405 5296">
     <span class='ocr_line' id='line_1_111' title="bbox 1835 5213 3405 5296; baseline -0.015 -7"><span class='ocrx_word' id='word_1_815' title='bbox 1835 5231 2083 5288; x_wconf 85' lang='lat' dir='ltr'><strong><em>Antiochi</em></strong></span> <span class='ocrx_word' id='word_1_816' title='bbox 2129 5229 2352 5285; x_wconf 92' lang='lat' dir='ltr'><strong><em>ducibus</em></strong></span> <span class='ocrx_word' id='word_1_817' title='bbox 2403 5226 2593 5296; x_wconf 91' lang='lat' dir='ltr'><strong><em>pulsis,</em></strong></span> <span class='ocrx_word' id='word_1_818' title='bbox 2648 5221 2715 5275; x_wconf 89' lang='lat' dir='ltr'><strong><em>ab</em></strong></span> <span class='ocrx_word' id='word_1_819' title='bbox 2760 5219 2905 5275; x_wconf 90' lang='lat' dir='ltr'><strong><em>omni</em></strong></span> <span class='ocrx_word' id='word_1_820' title='bbox 2957 5216 3045 5271; x_wconf 91' lang='lat' dir='ltr'><strong><em>illa</em></strong></span> <span class='ocrx_word' id='word_1_821' title='bbox 3096 5213 3405 5269; x_wconf 71' lang='lat' dir='ltr'><strong><em>idololatriae</em></strong></span> 
     </span>
    </p>
   </div>
   <div class='ocr_carea' id='block_1_112' title="bbox 1833 5318 2681 5391">
    <p class='ocr_par' dir='ltr' id='par_1_112' title="bbox 1833 5318 2681 5391">
     <span class='ocr_line' id='line_1_112' title="bbox 1833 5318 2681 5391; baseline -0.017 -6"><span class='ocrx_word' id='word_1_822' title='bbox 1833 5326 2280 5384; x_wconf 87' lang='lat' dir='ltr'><strong><em>contaminatione</em></strong></span> <span class='ocrx_word' id='word_1_823' title='bbox 2296 5322 2564 5379; x_wconf 84' lang='lat' dir='ltr'><strong><em>mandavit</em></strong></span> <span class='ocrx_word' id='word_1_824' title='bbox 2592 5318 2681 5391; x_wconf 77' lang='grc' dir='ltr'><strong><em>(ο).</em></strong></span> 
     </span>
    </p>
   </div>
   <div class='ocr_carea' id='block_1_113' title="bbox 1904 5405 3405 5482">
    <p class='ocr_par' dir='ltr' id='par_1_113' title="bbox 1904 5405 3405 5482">
     <span class='ocr_line' id='line_1_113' title="bbox 1904 5405 3405 5482; baseline -0.014 -7"><span class='ocrx_word' id='word_1_825' title='bbox 1904 5422 1958 5475; x_wconf 82' lang='grc'><strong><em>5.</em></strong></span> <span class='ocrx_word' id='word_1_826' title='bbox 1988 5418 2099 5474; x_wconf 86' lang='grc' dir='ltr'>Νοη</span> <span class='ocrx_word' id='word_1_827' title='bbox 2125 5426 2302 5471; x_wconf 91' lang='lat' dir='ltr'><strong><em>autem</em></strong></span> <span class='ocrx_word' id='word_1_828' title='bbox 2326 5415 2493 5469; x_wconf 87' lang='lat' dir='ltr'><strong><em>multo</em></strong></span> <span class='ocrx_word' id='word_1_829' title='bbox 2516 5420 2636 5482; x_wconf 88' lang='lat' dir='ltr'><strong><em>post</em></strong></span> <span class='ocrx_word' id='word_1_830' title='bbox 2661 5409 2895 5465; x_wconf 84' lang='lat' dir='ltr'><strong><em>Alcimus</em></strong></span> <span class='ocrx_word' id='word_1_831' title='bbox 2920 5405 3131 5477; x_wconf 88' lang='lat' dir='ltr'><strong><em>quidam</em></strong></span> <span class='ocrx_word' id='word_1_832' title='bbox 3172 5418 3265 5472; x_wconf 88' lang='lat' dir='ltr'><strong><em>per</em></strong></span> <span class='ocrx_word' id='word_1_833' title='bbox 3289 5416 3405 5455; x_wconf 88' lang='lat' dir='ltr'><strong><em>am-</em></strong></span> 
     </span>
    </p>
   </div>
   <div class='ocr_carea' id='block_1_114' title="bbox 1834 5494 3405 5577">
    <p class='ocr_par' dir='ltr' id='par_1_114' title="bbox 1834 5494 3405 5577">
     <span class='ocr_line' id='line_1_114' title="bbox 1834 5494 3405 5577; baseline -0.015 -10"><span class='ocrx_word' id='word_1_834' title='bbox 1834 5512 2110 5577; x_wconf 89' lang='lat' dir='ltr'><strong><em>bitionem,</em></strong></span> <span class='ocrx_word' id='word_1_835' title='bbox 2168 5523 2289 5563; x_wconf 92' lang='lat' dir='ltr'><strong><em>cum</em></strong></span> <span class='ocrx_word' id='word_1_836' title='bbox 2328 5523 2357 5561; x_wconf 90' lang='lat' dir='ltr'><strong><em>a</em></strong></span> <span class='ocrx_word' id='word_1_837' title='bbox 2396 5519 2591 5575; x_wconf 87' lang='lat' dir='ltr'><strong><em>genere</em></strong></span> <span class='ocrx_word' id='word_1_838' title='bbox 2637 5498 2949 5556; x_wconf 90' lang='lat' dir='ltr'><strong><em>sacerdolali</em></strong></span> <span class='ocrx_word' id='word_1_839' title='bbox 2992 5504 3135 5551; x_wconf 87' lang='lat' dir='ltr'><strong><em>esset</em></strong></span> <span class='ocrx_word' id='word_1_840' title='bbox 3182 5494 3405 5558; x_wconf 89' lang='lat' dir='ltr'><strong><em>alienus,</em></strong></span> 
     </span>
    </p>
   </div>
   <div class='ocr_carea' id='block_1_115' title="bbox 1835 5586 3409 5676">
    <p class='ocr_par' dir='ltr' id='par_1_115' title="bbox 1835 5586 3409 5676">
     <span class='ocr_line' id='line_1_115' title="bbox 1835 5586 3409 5676; baseline -0.015 -16"><span class='ocrx_word' id='word_1_841' title='bbox 1835 5604 1976 5676; x_wconf 92' lang='lat' dir='ltr'><strong><em>quod</em></strong></span> <span class='ocrx_word' id='word_1_842' title='bbox 2004 5600 2156 5657; x_wconf 91' lang='lat' dir='ltr'><strong><em>nefas</em></strong></span> <span class='ocrx_word' id='word_1_843' title='bbox 2183 5608 2315 5664; x_wconf 90' lang='lat' dir='ltr'><strong><em>erat,</em></strong></span> <span class='ocrx_word' id='word_1_844' title='bbox 2339 5596 2575 5668; x_wconf 82' lang='lat' dir='ltr'><strong><em>pontifex</em></strong></span> <span class='ocrx_word' id='word_1_845' title='bbox 2598 5594 2764 5649; x_wconf 87' lang='lat' dir='ltr'><strong><em>factus</em></strong></span> <span class='ocrx_word' id='word_1_846' title='bbox 2777 5599 2859 5647; x_wconf 90' lang='lat' dir='ltr'><strong><em>est</em></strong></span> <span class='ocrx_word' id='word_1_847' title='bbox 2884 5590 2984 5663; x_wconf 81' lang='grc' dir='ltr'><strong><em>(ά).</em></strong></span> <span class='ocrx_word' id='word_1_848' title='bbox 3014 5586 3147 5643; x_wconf 85' lang='lat' dir='ltr'><strong><em>Hinc</em></strong></span> <span class='ocrx_word' id='word_1_849' title='bbox 3158 5586 3267 5657; x_wconf 87' lang='lat' dir='ltr'><strong><em>jam</em></strong></span> <span class='ocrx_word' id='word_1_850' title='bbox 3291 5591 3409 5655; x_wconf 86' lang='lat' dir='ltr'><strong><em>post</em></strong></span> 
     </span>
    </p>
   </div>
   <div class='ocr_carea' id='block_1_116' title="bbox 1899 5724 2969 5798">
    <p class='ocr_par' dir='ltr' id='par_1_116' title="bbox 1899 5724 2969 5798">
     <span class='ocr_line' id='line_1_116' title="bbox 1899 5724 2969 5798; baseline -0.014 -10"><span class='ocrx_word' id='word_1_851' title='bbox 1899 5738 1972 5798; x_wconf 87' lang='lat' dir='ltr'><strong><em>(a)</em></strong></span> <span class='ocrx_word' id='word_1_852' title='bbox 2003 5734 2256 5798; x_wconf 70' lang='lat' dir='ltr'><strong><em>Iosephus,</em></strong></span> <span class='ocrx_word' id='word_1_853' title='bbox 2274 5732 2440 5798; x_wconf 28' lang='lat' dir='ltr'><strong><em>libatl</em></strong></span> <span class='ocrx_word' id='word_1_854' title='bbox 2469 5731 2621 5798; x_wconf 66' lang='lat' dir='ltr'><strong><em>Antiq.</em></strong></span> <span class='ocrx_word' id='word_1_855' title='bbox 2642 5728 2765 5798; x_wconf 83' lang='lat' dir='ltr'><strong><em>Jud_.,</em></strong></span> <span class='ocrx_word' id='word_1_856' title='bbox 2790 5739 2895 5789; x_wconf 90' lang='lat' dir='ltr'><strong><em>cap.</em></strong></span> <span class='ocrx_word' id='word_1_857' title='bbox 2920 5724 2969 5774; x_wconf 92' lang='lat'><strong><em>8.</em></strong></span> 
     </span>
    </p>
   </div>
   <div class='ocr_carea' id='block_1_117' title="bbox 1926 5792 2756 5853">
    <p class='ocr_par' dir='ltr' id='par_1_117' title="bbox 1926 5792 2756 5853">
     <span class='ocr_line' id='line_1_117' title="bbox 1926 5792 2756 5853; baseline -0.014 -2"><span class='ocrx_word' id='word_1_858' title='bbox 1926 5792 1975 5853; x_wconf 67' lang='lat' dir='ltr'><strong><em>bi</em></strong></span> <span class='ocrx_word' id='word_1_859' title='bbox 2007 5792 2136 5847; x_wconf 82' lang='lat' dir='ltr'><strong><em>Cout&#39;.</em></strong></span> <span class='ocrx_word' id='word_1_860' title='bbox 2163 5792 2346 5852; x_wconf 78' lang='lat' dir='ltr'><strong><em>eutad...</em></strong></span> <span class='ocrx_word' id='word_1_861' title='bbox 2372 5794 2453 5843; x_wconf 90' lang='lat' dir='ltr'><strong><em>lib.</em></strong></span> <span class='ocrx_word' id='word_1_862' title='bbox 2480 5792 2554 5851; x_wconf 76' lang='lat' dir='ltr'><strong><em>l2,</em></strong></span> <span class='ocrx_word' id='word_1_863' title='bbox 2580 5803 2684 5853; x_wconf 87' lang='lat' dir='ltr'><strong><em>cap.</em></strong></span> <span class='ocrx_word' id='word_1_864' title='bbox 2707 5792 2756 5840; x_wconf 88' lang='grc'><strong><em>’5.</em></strong></span> 
     </span>
    </p>
   </div>
   <div class='ocr_carea' id='block_1_118' title="bbox 1923 5850 3377 5918">
    <p class='ocr_par' dir='ltr' id='par_1_118' title="bbox 1923 5850 3377 5918">
     <span class='ocr_line' id='line_1_118' title="bbox 1923 5850 3377 5918; baseline -0.011 -6"><span class='ocrx_word' id='word_1_865' title='bbox 1923 5850 1970 5918; x_wconf 62' lang='grc' dir='ltr'><strong><em>τῇ</em></strong></span> <span class='ocrx_word' id='word_1_866' title='bbox 2004 5859 2141 5918; x_wconf 86' lang='lat' dir='ltr'><strong><em>lbid.,</em></strong></span> <span class='ocrx_word' id='word_1_867' title='bbox 2167 5857 2253 5906; x_wconf 91' lang='lat' dir='ltr'><strong><em>lib.</em></strong></span> <span class='ocrx_word' id='word_1_868' title='bbox 2278 5850 2361 5909; x_wconf 82' lang='lat' dir='ltr'><strong><em>cit.</em></strong></span> <span class='ocrx_word' id='word_1_869' title='bbox 2385 5868 2523 5917; x_wconf 84' lang='lat' dir='ltr'><strong><em>capp.</em></strong></span> <span class='ocrx_word' id='word_1_870' title='bbox 2547 5850 2988 5918; x_wconf 55' lang='lat' dir='ltr'><strong><em>7,8&#39;et_t_ttachab._</em></strong></span> <span class='ocrx_word' id='word_1_871' title='bbox 3006 5863 3076 5918; x_wconf 67' lang='lat' dir='ltr'><strong><em>Vl.</em></strong></span> <span class='ocrx_word' id='word_1_872' title='bbox 3136 5908 3148 5918; x_wconf 86' lang='lat'>_</span> 
     </span>
    </p>
   </div>
   <div class='ocr_carea' id='block_1_119' title="bbox 1958 5900 3395 5986">
    <p class='ocr_par' dir='ltr' id='par_1_119' title="bbox 1958 5900 3395 5986">
     <span class='ocr_line' id='line_1_119' title="bbox 1958 5900 3395 5986; baseline -0.019 -12"><span class='ocrx_word' id='word_1_873' title='bbox 1958 5900 1979 5986; x_wconf 67' lang='grc' dir='ltr'>δ</span> <span class='ocrx_word' id='word_1_874' title='bbox 2004 5900 2256 5973; x_wconf 59' lang='lat' dir='ltr'><strong><em>Tii&#39;éétiiii.</em></strong></span> <span class='ocrx_word' id='word_1_875' title='bbox 2272 5900 2360 5984; x_wconf 62' lang='lat' dir='ltr'><strong><em>vix:</em></strong></span> <span class='ocrx_word' id='word_1_876' title='bbox 2369 5900 2685 5981; x_wconf 34' lang='lat' dir='ltr'><strong><em>cit—ldsejihus,</em></strong></span> <span class='ocrx_word' id='word_1_877' title='bbox 2700 5900 2797 5965; x_wconf 83' lang='lat' dir='ltr'><strong><em>lib.</em></strong></span> <span class='ocrx_word' id='word_1_878' title='bbox 2816 5913 2874 5963; x_wconf 69' lang='lat'><strong><em>12</em></strong></span> <span class='ocrx_word' id='word_1_879' title='bbox 2889 5913 3041 5975; x_wconf 73' lang='lat' dir='ltr'><strong><em>sutiq.</em></strong></span> <span class='ocrx_word' id='word_1_880' title='bbox 3062 5908 3185 5968; x_wconf 86' lang='lat' dir='ltr'><strong><em>Jud.,</em></strong></span> <span class='ocrx_word' id='word_1_881' title='bbox 3199 5916 3299 5966; x_wconf 82' lang='lat' dir='ltr'><strong><em>cap.</em></strong></span> <span class='ocrx_word' id='word_1_882' title='bbox 3323 5900 3395 5949; x_wconf 78' lang='lat' dir='ltr'><strong><em>tb’.</em></strong></span> 
     </span>
    </p>
   </div>
  </div>
