4004 6584
528 421 630 476 607
1033 493 1040 500 _
1562 423 1650 478 DE
1687 422 2005 480 CIVITATE
2044 423 2098 480 Di

2216 424 2273 482 S.
2314 426 2674 484 AUGUSTINI
2917 381 2926 386 Δ
3636 442 3726 502 608

530 550 697 589 annos
724 535 886 592 ferme
911 537 1302 611 quinquaginta,
1352 540 1406 596 in
1431 542 1621 613 quibus
1665 546 1743 599 eis
1790 553 1965 599 tamen
1988 558 2090 614 pax

532 642 634 679 non
663 625 777 691 fuit,
804 631 1040 696 quamvis
1068 631 1240 700 aliqua
1288 641 1340 686 et
1363 647 1613 701 prospere
1656 633 1932 703 gesserint,
1983 631 2097 703 pri-

531 734 648 773 mus
686 721 820 789 apud
851 737 944 777 eos
993 724 1324 779 Aristobulus
1361 735 1634 794 assumpto
1681 727 1995 793 diademate,
2039 737 2094 783 et

532 826 622 865 res
651 822 702 866 et
729 815 959 882 pontifex
1002 817 1168 871 factus
1195 828 1274 871 est
1300 815 1398 889 (a).
1445 821 1612 874 Antea
1641 819 1853 890 quippe,
1877 834 1941 874 ex
1989 835 2094 890 quo

533 901 598 954 de
627 903 926 974 Babyloniae
973 909 1272 976 captivitate
1301 910 1499 964 reversi
1546 919 1686 975 sunt,
1742 911 2093 980 templumque

531 993 871 1050 instauratum
902 1009 1002 1064 est,
1023 1016 1124 1053 non
1147 1016 1319 1070 reges,
1369 1001 1462 1056 sed
1490 1001 1652 1057 duces
1705 1003 1786 1057 vel
1828 1003 2092 1072 principes

533 1084 826 1141 habuerunt
850 1108 862 1142 :
885 1092 1121 1159 quamvis
1140 1103 1192 1146 et
1214 1093 1300 1163 qui
1320 1109 1409 1148 rex
1429 1102 1529 1158 est,
1549 1096 1712 1163 possit
1727 1096 1828 1149 dici
1855 1095 2096 1164 princeps

531 1191 561 1229 a
587 1179 877 1249 principatu
926 1183 1237 1251 imperandi,
1285 1195 1340 1238 et
1389 1185 1492 1238 dux
1520 1199 1584 1240 eo
1613 1185 1754 1254 quod
1805 1186 1874 1238 sit
1911 1185 2098 1238 ductor

533 1269 794 1322 exercitus
824 1285 843 1323 :
869 1271 960 1324 sed
990 1287 1093 1326 non
1119 1273 1364 1326 continuo
1393 1275 1708 1344 quicumque
1729 1275 1988 1344 principes
2013 1275 2096 1329 vel

530 1357 692 1413 duces
707 1369 848 1425 sunt,
867 1363 1026 1415 etiam
1052 1377 1200 1434 reges
1227 1364 1327 1418 dici
1345 1374 1582 1434 possunt,
1615 1365 1756 1435 quod
1784 1365 1881 1419 iste
1896 1365 2097 1418 Aristo-

531 1448 684 1503 bulus
710 1450 820 1504 fuit.
853 1451 946 1505 Cui
977 1454 1224 1507 successit
1263 1455 1581 1522 Alexander,
1608 1455 1766 1510 etiam
1794 1455 1906 1524 ipse
1925 1469 2016 1508 rex
2042 1462 2097 1510 et

532 1541 790 1608 pontifex,
813 1544 899 1612 qui
924 1544 1204 1599 crudeliter
1224 1544 1276 1598 in
1303 1560 1427 1600 suos
1472 1561 1721 1615 regnasse
1745 1547 1965 1601 traditur
1994 1545 2093 1614 (b).

531 1628 659 1683 Post
699 1631 836 1686 hunc
885 1648 1017 1688 uxor
1068 1634 1182 1703 ejus
1227 1635 1521 1690 Alexandra
1571 1639 1749 1706 regina
1795 1637 2096 1692 Iudaeorum

535 1719 631 1774 fuit
653 1721 743 1793 (c),
773 1740 836 1777 ex
862 1726 1008 1794 cujus
1061 1734 1293 1796 tempore
1327 1737 1380 1782 et
1407 1728 1656 1798 deinceps
1683 1729 1819 1783 mala
1849 1740 1969 1784 sunt
2003 1744 2098 1784 eos

532 1822 709 1866 secuta
735 1816 990 1883 graviora.
1026 1817 1141 1871 Filii
1165 1821 1356 1888 quippe
1388 1820 1542 1889 hujus
1564 1821 1874 1875 Alexandra:
1891 1812 2096 1876 Aristo-

532 1902 685 1957 bulus
706 1913 758 1959 et
778 1905 1051 1976 Hyrcanus
1078 1909 1215 1963 inter
1238 1925 1296 1964 se
1324 1910 1390 1964 de
1419 1909 2095 1982 imperiodimicantes,'vi-

533 2009 622 2048 res
641 1995 890 2051 adversus
920 1997 1256 2054 lsraeliticam
1287 2012 1496 2070 gentem
1525 2017 1880 2072 provocavere
1905 2004 2095 2059 Roma-

534 2105 646 2143 nas.
679 2090 948 2160 Hyrcanus
976 2108 1200 2164 namque
1225 2095 1292 2149 ab
1311 2097 1388 2150 eis
1420 2105 1600 2150 contra
1629 2095 1844 2152 fratrem
1863 2098 2099 2167 poposcit

533 2183 781 2237 uxilium
808 2184 886 2254 (d)
912 2185 1060 2240 Tunc
1099 2186 1206 2254 jam
1231 2187 1396 2242 Roma
1427 2189 1792 2259 subjugaverat
1843 2189 2094 2256 Africam,

532 2275 898 2345 subjugaverat
925 2278 1202 2346 Graeciam,
1235 2281 1441 2350 lateque
1471 2283 1628 2337 etiam
1657 2283 1772 2336 aliis
1800 2281 1942 2336 orbis
1972 2298 2098 2352 par-

534 2365 670 2419 tibus
700 2367 960 2436 imperans
983 2378 1228 2438 tanquam
1277 2385 1334 2425 se
1367 2371 1530 2439 ipsam
1559 2370 1700 2426 ferre
1736 2387 1842 2426 non
1887 2372 2092 2438 valens,

531 2469 624 2508 sua
649 2469 705 2510 se
725 2456 1112 2526 quodammodo
1133 2459 1486 2529 magnitudine
1514 2460 1760 2531 fregerat.
1780 2463 2101 2517 Pervenerat

531 2546 722 2614 quippe
747 2548 810 2600 ad
841 2548 1127 2605 seditiones
1165 2550 1483 2606 domesticas
1529 2567 1734 2622 graves,
1780 2561 1936 2623 atque
1975 2555 2098 2610 inde

530 2635 595 2689 ad
619 2637 750 2690 bella
779 2639 1013 2702 socialia,
1046 2655 1273 2710 moxque
1315 2643 1509 2709 civilia,
1543 2651 1846 2712 tantumque
1872 2659 1930 2699 se
1950 2659 2098 2698 com-

529 2729 794 2784 minuerat
817 2740 977 2801 atque
1002 2733 1296 2800 attriverat,
1319 2745 1377 2788 ut
1425 2735 1473 2789 ei
1497 2735 1778 2790 mutandus
1797 2737 2098 2806 reipublicae

436 2890 449 2898 _
531 2827 716 2884 status,
741 2837 843 2890 quo
866 2832 1134 2891 regeretur
1162 2825 1392 2894 regibus,
1447 2825 1762 2881 immineret.
1814 2826 2098 2896 Pompeius

530 2923 656 2979 ergo
681 2913 852 2981 populi
884 2914 1103 2967 Romani
1128 2916 1556 2984 przcclarissimus
1573 2918 1834 2987 princeps,
1860 2918 2097 2974 Judaeum

531 3014 648 3053 cum
671 3003 902 3057 exercitu
925 3005 1192 3074 ingressus
1228 3007 1494 3062 civitatem
1525 3010 1684 3077 capit,
1727 3011 1982 3080 templum
2009 3026 2096 3064 re—

532 3102 693 3155 serat,
737 3107 840 3146 non
907 3094 1188 3151 devotione
1232 3098 1503 3166 supplicis,
1557 3098 1654 3152 sed
1703 3098 1822 3168 jure
1860 3101 2095 3166 victoris,

530 3191 585 3236 et
612 3182 676 3236 ad
707 3193 884 3239 sancta
912 3195 1234 3253 sanctorum,
1259 3203 1364 3257 quo
1408 3189 1508 3243 nisi
1558 3203 1821 3244 summum
1847 3191 2098 3245 sacerdo-

534 3281 640 3326 tem
664 3289 768 3328 non
788 3277 980 3331 licebat
1004 3279 1216 3343 intrare,
1248 3294 1353 3332 non
1375 3288 1433 3333 ut
1453 3288 1753 3344 venerator,
1775 3281 1867 3336 sed
1895 3290 1951 3353 ut
1972 3297 2097 3350 pro-

533 3360 738 3416 fanator
786 3365 1028 3419 accedit:
1060 3366 1473 3436 eonfirmatoque
1520 3368 1746 3438 Hyrcani
1775 3371 2098 3439 pontificatu,

533 3461 589 3506 et
609 3452 896 3522 subjugatze
919 3455 1060 3524 genti
1104 3457 1351 3526 imposito
1388 3459 1611 3514 custode
1639 3461 1938 3531 Antipatro,
1969 3477 2102 3533 quos

536 3552 660 3598 tunc
686 3556 1052 3614 procuratores
1067 3549 1344 3614 vocabant,
1372 3551 1601 3604 vinctum
1620 3566 1798 3606 secum
1827 3554 2102 3608 Aristobu-

535 3633 644 3688 lum
661 3635 804 3690 ducit
832 3635 923 3708 (e).
953 3637 1030 3691 Ex
1060 3639 1148 3693 illo
1172 3639 1340 3694 Judcei
1390 3641 1548 3695 etiam
1603 3642 1861 3697 tributarii
1907 3643 2103 3697 Roma-

533 3740 722 3781 norum
740 3742 856 3782 esse
880 3738 1173 3798 coeperunt.
1205 3731 1392 3786 Postea
1435 3733 1650 3788 Cassius
1679 3733 1748 3804 (f)
1775 3735 1932 3789 etiam
1965 3745 2100 3790 tem-

531 3816 675 3886 plum
704 3818 1028 3888 exspoliavit.
1083 3820 1283 3876 Deinde
1326 3832 1443 3890 p03t
1469 3837 1666 3891 paucos
1719 3839 1888 3878 annos
1938 3825 2098 3879 etiam

529 3908 792 3965 Herodem
821 3911 1166 3980 alienigenam
1206 3928 1382 3982 regem
1413 3913 1607 3968 habere
1640 3927 1966 3981 meruerunt,
1995 3933 2100 3986 quo

527 4011 779 4071 regnante
813 4011 962 4057 natus
990 4012 1072 4058 est
1116 4003 1356 4060 Christus
1399 4004 1496 4076 (9).
1538 4006 1655 4062 Jam
1701 4008 1842 4062 enim
1886 4018 2101 4064 venerat

616 4134 666 4197 (ι)
688 4133 817 4182 conf.
837 4146 980 4196 supra
1003 4147 1108 4197 cap.
1133 4135 1212 4185 36.

614 4195 661 4262 ὁ)
683 4197 812 4243 Coul'.
837 4195 1113 4262 insumunt,
1138 4198 1221 4244 lib.
1246 4198 1496 4262 l5_Antiq.,
1523 4211 1627 4262 cap.
1656 4199 1729 4249 12.

618 4257 666 4319 c)
701 4256 954 4319 Josephus,
981 4257 1116 4319 ibid.,
1139 4271 1242 4319 cap.
1272 4259 1347 4306 16.

659 4319 676 4377 )
709 4317 956 4382 Josejhus,
983 4317 1064 4364 lib.
1089 4319 1161 4376 14,
1195 4317 1386 4382 capp._5
1409 4326 1459 4382 et
1488 4333 1626 4382 seqq.

615 4379 661 4436 e)
694 4383 880 4442 Factum
903 4378 991 4442 bac
1021 4390 1145 4427 anno
1166 4378 1378 4442 secundo
1398 4378 1675 4442 Olympiadis
1696 4382 1803 4440 179,
1827 4383 2104 4434 oonsulibus

533 4444 684 4504 Marco
705 4438 1103 4504 'ntlliocieerone
1129 4438 1751 4504 etalio,antonioitsepote,
1784 4438 1838 4492 ut
1859 4447 2000 4494 tradit
2027 4453 2104 4495 Jo-

535 4500 734 4560 sepbus,
773 4501 1111 4567 Autiquitatum
1145 4500 1267 4550 libro
1307 4500 1380 4561 14,
1405 4515 1510 4564 cap.
1531 4503 1576 4565 4,
1603 4500 1709 4567 §'3;
1735 4500 1848 4554 ante
1871 4505 2102 4555 Christum

534 4569 696 4608 natum
718 4572 842 4608 anno
865 4561 942 4610 63.
999 4568 1229 4611 Lucum.

596 4624 668 4684 (f)
703 4629 838 4670 Forte
873 4621 1152 4684 legendum,
1193 4635 1391 4674 crassus
1411 4636 1429 4673 :
1453 4639 1560 4674 nam
1603 4627 1644 4675 is
1677 4640 1785 4676 cum
1824 4629 1874 4675 in
1908 4629 2104 4679 Parthos

534 4683 778 4748 tenderet,
791 4683 1007 4745 spoliavit
1019 4685 1250 4748 templum
1266 4687 1387 4736 8000
1408 4686 1615 4746 talentis,
1635 4688 1678 4736 id
1702 4697 1777 4736 est
1793 4687 1870 4745 45,
1888 4688 1994 4745 200,
2012 4692 2103 4740 000

534 4745 670 4811 libris
693 4752 864 4811 nostrae
893 4745 1134 4794 monetaa.’
1150 4751 1308 4796 ttel'ert
1329 4755 1454 4808 Josej
1474 4750 1582 4806 lius,
1604 4745 1941 4811 Autiquitatum
1981 4750 2103 4800 libro

535 4805 612 4862 14,
635 4819 738 4867 cap.
772 4807 818 4852 7.
844 4813 952 4855 Haec
978 4815 1081 4856 acta
1113 4816 1223 4857 sunt
1255 4822 1382 4857 anno
1415 4805 1477 4858 53
1509 4805 1623 4859 ante
1654 4805 1884 4859 Christum
1920 4820 2099 4863 natum.

533 4869 882 4934 Cassiusvero.
909 4877 1091 4934 Cgesare
1116 4871 1288 4934 occiso,
1314 4873 1447 4919 venit
1470 4872 1515 4934 in
1540 4872 1714 4934 Syriam
1736 4879 1788 4934 et
1811 4873 1992 4934 audeam
2015 4875 2101 4922 tri-

534 4929 701 4976 butum
725 4930 975 4989 imperavit
995 4931 1086 4979 700
1107 4931 1409 4986 talentorum,
1438 4933 1484 4980 id
1512 4929 1589 4981 est
1609 4932 1860 4990 3,780,000
1875 4933 2102 4983 librarum

533 4998 710 5058 nostra:
734 4999 978 5058 monetae;
1005 5004 1128 5058 anno
1158 5001 1270 5041 ante
1304 4994 1539 5042 Christum
1560 4993 1639 5042 45.
1664 5001 1824 5043 Narrat
1850 4996 2100 5058 Josephus,

539 5051 712 5101 ibidem
734 5063 836 5112 cap.
861 5050 932 5111 11,
957 5050 980 5114 §
1003 5052 1047 5100 2.
1082 5059 1312 5104 Laneus.

598 5115 670 5178 (g)
702 5114 1345 5178 Herodesobtinetregnum
1369 5114 1546 5163 Judzete
1583 5127 1644 5163 ex
1670 5117 2098 5178 senatusconsulto,

539 5175 661 5224 anno
681 5181 795 5222 ante
825 5175 1058 5223 Christum
1080 5177 1155 5225 40.
1185 5179 1398 5227 Christus
1440 5183 1578 5224 natus
1611 5189 1721 5226 esse
1744 5179 1953 5226 creditur
1975 5175 2101 5229 anno

541 5244 708 5296 quarto
729 5235 1006 5297 Olympiadis
1037 5237 1142 5293 191,
1169 5243 1302 5288 Urbis
1325 5236 1526 5286 condita:
1549 5239 1655 5285 755.
1683 5240 1796 5286 Hinc
1834 5251 1928 5287 acra
1967 5241 2100 5289 Chri-

542 5297 689 5344 stiana
707 5298 876 5360 incipit
893 5309 1017 5346 anno
1040 5302 1264 5360 sequenti
1284 5299 1394 5360 754.
1419 5298 1508 5346 Sed
1528 5311 1699 5346 revera
1724 5308 1862 5348 natus
1885 5308 1960 5349 est
1976 5313 2102 5351 anno

545 5359 750 5422 secundo
786 5359 1064 5422 olynqiadis
1087 5359 1193 5419 193,
1236 5359 1374 5422 paulo
1411 5367 1666 5422 antequam
1691 5361 1986 5410 consulatum
2027 5364 2102 5411 in-

546 5418 667 5480 irent
687 5418 1093 5468 DeuinhrsLmlius
1116 5418 1282 5471 Balbus
1307 5428 1357 5470 et
1379 5421 1514 5469 Caius
1542 5418 1770 5470 'Autistius
1793 5430 1952 5480 \etus,
1977 5435 2101 5473 anno

537 5478 675 5528 Urbis
692 5481 1022 5546 etindittejm,
1063 5483 1107 5530 id
1150 5491 1225 5532 est
1247 5487 1461 5546 quinque
1485 5484 1636 5535 annis,
1661 5478 2102 5546 novem_mensibus

504 5555 506 5557 ·
545 5546 594 5587 et
614 5548 801 5604 septem
821 5543 994 5592 diebus
1013 5552 1127 5594 ante
1150 5543 1294 5594 teram
1323 5545 1589 5604 vulgarem.
1626 5547 1741 5592 Hinc
1773 5543 2102 5596 reformandus

540 5608 706 5650 auctor.
725 5601 832 5651 libri
852 5607 935 5669 cui
951 5605 1118 5669 titulus
1151 5615 1242 5662 est,
1271 5601 1489 5669 timide
1530 5603 1718 5669 rériﬁer
1748 5606 1814 5656 les
1837 5607 1987 5664 dotes,
2023 5609 2100 5656 cui

541 5675 636 5728 non
683 5673 880 5728 cautum
903 5666 1004 5715 fuit
1047 5667 1111 5717 de
1152 5670 1338 5717 ratione
1370 5666 1703 5728 olympiadum.
1730 5677 1888 5717 Annus
1929 5682 2101 5718 secun-

537 5723 927 5791 dusolympiadis
963 5728 1051 5776 193
1085 5731 1264 5791 incepit
1293 5723 1466 5778 mense
1500 5723 1654 5790 junin,
1688 5731 1812 5778 circa
1846 5730 2100 5779 solstitium

540 5787 788 5849 aestivum:
817 5800 936 5849 ergo
975 5802 1064 5837 sex
1101 5787 1296 5841 menses
1330 5792 1470 5839 istius
1503 5787 1704 5839 Secundi
1739 5793 1849 5840 anni
1893 5791 2100 5840 nondum

541 5846 691 5909 elapsi
711 5856 865 5911 erant.
878 5846 1027 5898 'ttoma
1048 5859 1208 5901 autem
1224 5853 1410 5902 condita
1431 5851 1521 5900 fuit
1542 5864 1711 5902 mense
1734 5854 1935 5911 octobri,
1975 5864 2101 5900 anno

541 5911 684 5961 tertio
702 5909 977 5976 olympiadis
999 5919 1171 5977 sextae,
1193 5913 1458 5966 secundum
1480 5909 2098 5977 Tarrutium,quem'sequi-

2197 547 2466 615 plenitudo
2487 545 2739 615 temporis
2763 544 3053 615 significata
3104 544 3410 616 prophetico
3447 549 3629 621 Spiritu
3651 576 3732 627 per

2196 650 2257 690 os
2284 636 2592 705 patriarcha:
2618 635 2800 700 Jacob,
2861 636 2944 689 tibi
2972 636 3043 688 ait
3073 653 3086 688 :
3121 634 3241 688 Non
3291 637 3478 705 deﬁciet
3521 646 3727 719 princeps

2195 741 2258 779 ea:
2279 725 2438 792 Juda,
2462 742 2615 795 neque
2638 725 2742 778 duo:
2763 725 2825 779 de
2849 725 3118 792 feruoribus
3154 727 3282 795 ejus,
3314 727 3464 782 donec
3488 735 3640 789 veniat
3661 741 3733 792 cui

2193 817 2462 885 repositum
2485 826 2576 884 est,
2603 827 2649 871 et
2674 817 2781 885 ipse
2823 818 3121 886 exspectatio
3171 819 3427 890 gentiunt(
3455 821 3573 877 Cen.
3601 843 3733 895 thx,

2197 907 2265 962 10
2286 909 2325 977 ).
2350 907 2464 962 Non
2489 923 2616 978 ergo
2639 907 2803 962 defuit
2829 907 3131 962 Iudaeorum
3177 909 3418 980 princeps
3437 928 3500 967 ex
3535 915 3733 986 Judaeis,

2197 1014 2362 1068 usque
2391 998 2457 1052 ad
2486 999 2643 1053 istum
2676 998 2960 1064 Herodem,
2983 1013 3140 1069 quem
3175 999 3400 1067 primum
3443 1017 3736 1073 acceperunt

2198 1091 2544 1158 alienigenam
2575 1105 2772 1160 regem.
2803 1090 3031 1160 Tempus
3053 1104 3180 1159 ergo
3198 1089 3306 1158 jam
3325 1103 3457 1157 erat,
3481 1103 3533 1158 ut
3549 1097 3738 1153 veniret

2199 1181 2285 1235 ille
2313 1181 2396 1235 cui
2445 1181 2730 1250 repositum
2777 1190 2916 1245 erat,
2945 1179 3084 1250 quod
3134 1193 3271 1232 novo
3319 1182 3622 1249 promissum
3667 1195 3746 1241 est

2197 1269 2553 1336 Testamento,
2586 1279 2644 1324 ut
2669 1271 2782 1339 ipse
2810 1278 2952 1324 esset
2979 1269 3302 1338 exspectatio
3338 1271 3586 1337 gentium.
3613 1273 3737 1330 Fieri

2197 1372 2371 1416 autem
2394 1377 2498 1416 non
2521 1370 2717 1430 posset,
2746 1371 2804 1415 ut
2833 1368 3202 1428 exspectarent
3228 1367 3410 1428 gentes
3429 1375 3544 1413 eum
3566 1372 3737 1416 ventu-

2195 1470 2333 1518 rum,
2361 1456 2496 1510 sicut
2519 1469 2636 1508 eum
2662 1454 2927 1509 cernimus
2965 1451 3279 1521 exspectari,
3311 1460 3368 1505 ut
3397 1452 3571 1507 veniat
3595 1453 3657 1508 ad
3674 1456 3743 1507 fa-

2196 1546 2439 1600 ciendum
2465 1545 2717 1615 judicium
2751 1547 2801 1598 in
2823 1544 3062 1598 claritate
3097 1542 3367 1612 potentiae,
3402 1543 3501 1597 nisi
3531 1544 3668 1611 prius
3693 1546 3739 1599 in

2195 1651 2315 1690 eum
2343 1635 2641 1701 crederent,
2669 1650 2787 1689 cum
2821 1634 2964 1689 venit
3003 1632 3069 1688 ad
3099 1631 3404 1703 patiendum
3439 1632 3679 1701 judiciutu
3695 1636 3743 1690 in

2199 1727 2492 1780 humilitate
2509 1726 2796 1795 patientiae.

2195 1818 2418 1874 CAPUT
2455 1817 2635 1873 XLVI.
2667 1847 2738 1858 ——
2773 1817 2847 1871 De
2887 1825 3003 1871 ortu
3045 1814 3326 1870 Saluatoris
3365 1816 3540 1881 nostri,
3585 1834 3745 1871 secun-

2266 1911 2387 1965 dum
2411 1911 2543 1981 quod
2572 1911 2784 1964 Verbum
2807 1925 2926 1962 caro
2948 1909 3136 1976 factum
3172 1915 3288 1972 est;
3312 1916 3358 1959 et
3380 1907 3442 1959 de
3459 1908 3745 1976 dispersione

2265 2001 2558 2055 Iudaeorum
2584 2017 2672 2072 per
2699 2015 2867 2054 omnes
2886 2009 3077 2070 gentes,
3119 1998 3250 2052 sicut
3296 2001 3459 2068 fuerat
3503 1997 3748 2067 propheta-

2269 2100 2392 2146 tum.

2267 2183 2542 2253 Regnante
2568 2198 2694 2253 ergo
2722 2182 2932 2238 Herode
2961 2183 3015 2236 in
3057 2180 3263 2246 Judrea,
3321 2179 3458 2249 apud
3502 2181 3748 2234 Romanos

2198 2283 2374 2330 autem
2399 2275 2508 2344 jam
2531 2283 2730 2328 mutato
2757 2274 3065 2343 reipublicae
3087 2281 3250 2336 statu,
3281 2273 3569 2340 imperante
3591 2271 3748 2325 Caesa-

2198 2382 2256 2420 re
2281 2366 2536 2433 Augusto,
2551 2374 2604 2419 et
2630 2379 2724 2434 per
2742 2379 2863 2419 eum
2913 2365 3043 2418 orbe
3091 2371 3303 2432 pacato,
3331 2371 3484 2415 natus
3511 2370 3589 2414 est
3609 2359 3748 2413 Chri-

2198 2465 2312 2510 stus
2355 2456 2642 2511 secundum
2687 2455 3072 2525 praecedentem
3124 2453 3459 2522 prophetiam
3498 2450 3748 2524 (suam

2197 2567 2250 2619 v,
2271 2553 2306 2605 ‘2
2339 2553 2356 2622 )
2384 2554 2434 2606 in
2461 2552 2767 2608 Bethlehem
2787 2551 2956 2615 ludas,
2993 2549 3153 2604 homo
3175 2547 3487 2602 manifestus
3507 2561 3567 2598 ex
3591 2545 3746 2598 homi-

2197 2659 2267 2698 ne
2289 2645 2510 2713 virgine,
2539 2645 2682 2699 Deus
2725 2643 2964 2698 occultus
3008 2655 3072 2696 ex
3111 2641 3222 2695 Deo
3275 2639 3464 2694 Patre.
3493 2635 3581 2692 Sic
3623 2636 3746 2689 enim

2198 2734 2451 2804 propheta
2489 2734 2802 2802 pnedixerat
2849 2751 2862 2786 :
2895 2732 3022 2786 Ecce
3067 2731 3204 2802 virgo
3231 2732 3286 2783 in
3345 2739 3484 2782 utero
3525 2727 3746 2795 accipiet,

2196 2835 2243 2877 et
2261 2824 2418 2891 pariet
2442 2824 2626 2892 filium,
2673 2832 2718 2878 et
2762 2821 3003 2877 vocabunt
3055 2837 3238 2875 nomen
3297 2821 3410 2890 ejus
3457 2816 3746 2880 Emmanuel,

2196 2915 2328 2982 quod
2348 2925 2416 2969 est
2437 2915 2837 2984 interpretatum,
2875 2912 3145 2966 Nobiscum
3169 2910 3309 2964 Deus
3343 2909 3361 2980 (
3391 2908 3514 2962 Isai.
3539 2923 3628 2972 Vit,
3654 2908 3744 2970 υς

2198 3006 2383 3060 Matth.
2417 3021 2459 3072 ι,
2485 3006 2555 3060 25
2589 3021 2602 3070 ;
2650 3005 2770 3058 Luc.
2794 3020 2832 3067 ι,
2855 3005 2967 3072 51).
2995 3002 3095 3070 Qui
3115 3010 3172 3055 ut
3199 3001 3256 3054 itt
3282 3016 3342 3054 se
3377 2997 3748 3053 commendaret

2198 3101 2386 3165 Deum,
2419 3098 2673 3152 miracula
2727 3096 2890 3152 multa
2925 3095 3088 3160 fecit;
3136 3109 3201 3150 ex
3255 3092 3450 3161 quibus
3496 3089 3747 3160 quzedam,

2197 3198 2448 3258 quantum
2473 3188 2539 3243 ad
2565 3203 2684 3243 eum
2727 3186 3116 3256 praedicandum
3147 3187 3280 3239 satis
3317 3199 3438 3239 esse
3458 3187 3618 3238 visum
3643 3188 3714 3235 est
3735 3219 3750 3245 ,

2200 3281 2468 3348 Scriptura
2496 3278 2798 3348 evangelica
2849 3277 3101 3332 continet.
3135 3276 3375 3343 Quorum
3404 3275 3622 3344 primum
3663 3277 3750 3333 est,

2199 3370 2338 3440 quod
2365 3379 2470 3424 tam
2494 3369 2803 3424 mirabiliter
2820 3378 2971 3422 natus
2993 3377 3072 3422 est
3097 3387 3111 3422 :
3141 3367 3387 3422 ultimum
3410 3375 3602 3428 autem,
3631 3361 3752 3432 quod

2199 3476 2319 3516 cum
2345 3476 2442 3516 suo
2471 3461 2786 3515 resuscitato
2829 3475 2858 3512 a
2907 3458 3131 3513 mortuis
3178 3473 3412 3526 corpore
3457 3454 3680 3510 ascendit
3704 3452 3750 3505 in

2198 3552 2412 3608 cmlum.
2444 3550 2610 3606 Judmi
2637 3560 2833 3614 autem,
2853 3549 2940 3617 qui
2984 3564 3108 3604 eum
3147 3549 3484 3612 occiderunt,
3502 3553 3554 3600 et
3580 3544 3628 3597 in
3649 3555 3756 3597 eum

2198 3643 2415 3698 credere
2445 3641 2743 3704 noluerunt,
2777 3640 2898 3709 quia
2921 3638 3198 3707 Oportebat
3224 3653 3349 3692 eum
3373 3637 3505 3691 mori
3525 3644 3578 3689 et
3599 3645 3756 3686 resur-

2197 3748 2342 3804 gere,
2372 3732 2558 3786 vastati
2603 3731 2862 3786 infelicius
2881 3745 2910 3783 a
2936 3728 3211 3795 Romanis,
3257 3727 3595 3796 funditusque
3623 3738 3650 3775 a
3673 3735 3757 3777 suo

2199 3839 2384 3894 regno,
2404 3822 2490 3876 ubi
2504 3823 2614 3892 jam
2637 3823 2716 3876 eis
2740 3821 3046 3891 alienigena:
3067 3819 3500 3882 dominabantur,
3528 3811 3756 3872 eradicati

2198 3914 2526 3984 dispersique
2552 3927 2646 3981 per
2667 3921 2833 3966 terras
2856 3909 3307 3981 (quandoquidem
3325 3910 3524 3978 ubique
3544 3920 3644 3960 non
3665 3902 3755 3957 de-

2198 4004 2390 4075 sunt),
2423 4020 2519 4074 per
2569 4005 2868 4073 Scripturas
2898 4017 3019 4056 suas
3042 4004 3061 4034 ί
3091 4003 3402 4057 testimonio
3456 4001 3608 4055 nobis
3650 4000 3757 4050 sunt

2199 4097 2500 4168 prophetias
2527 4111 2624 4150 nos
2644 4111 2747 4149 non
2771 4095 2992 4149 ﬁnxisse
3017 4094 3085 4150 de
3133 4094 3354 4149 Christo
3387 4109 3402 4159 ;
3456 4106 3584 4162 quas
3609 4087 3756 4159 pluri-

2199 4188 2474 4241 micorum
2502 4185 2919 4252 considerantes,
2955 4193 3011 4239 et
3037 4194 3160 4239 ante
3185 4185 3516 4253 passionem,
3546 4190 3596 4236 et
3612 4177 3758 4233 maxi-

2198 4292 2285 4330 me
2314 4286 2433 4345 post
2451 4276 2566 4344 ejus
2601 4278 3042 4331 resurrectionem
3087 4274 3438 4328 crediderunt
3463 4275 3513 4327 in
3542 4286 3674 4330 eum,
3697 4267 3757 4318 de

2199 4367 2388 4437 quibus
2415 4367 2720 4436 praedictum
2738 4375 2836 4429 est,
2861 4367 2922 4422 Si
2949 4368 3097 4435 fuerit
3116 4383 3359 4421 numerus
3381 4367 3601 4435 ﬁliorum
3613 4357 3756 4412 Israel

2199 4458 2327 4510 sicut
2351 4473 2505 4510 arena
2541 4459 2714 4523 maris,
2753 4459 2976 4524 reliquiae
3016 4458 3171 4511 salva:
3191 4458 3315 4525 ﬁent
3343 4459 3364 4524 (
3389 4453 3521 4508 Isai.
3540 4467 3591 4514 Χ,
3632 4447 3696 4502 2‘2
3719 4447 3754 4516 ).

2201 4546 2388 4601 Czeteri
2415 4560 2542 4600 vero
2562 4547 2808 4600 exczecati
2839 4556 2980 4610 sunt,
3019 4547 3086 4601 de
3111 4545 3306 4613 quibus
3335 4543 3638 4614 praadictum
3666 4545 3753 4600 est,

2201 4636 2323 4690 Fiat
2343 4653 2513 4690 mensa
2535 4653 2708 4690 eorum
2731 4653 2900 4690 coram
2925 4635 3048 4705 ipsis
3069 4637 3090 4666 ³
3105 4635 3159 4688 iu
3185 4635 3448 4703 laqueum,
3478 4643 3524 4687 et
3551 4633 3603 4684 in
3619 4626 3752 4682 retri-

2200 4726 2470 4790 butionem,
2493 4737 2538 4781 et
2567 4727 2620 4780 in
2641 4726 2956 4780 scandalum.
3010 4721 3358 4778 Obscurentur
3401 4723 3536 4777 oculi
3578 4730 3751 4778 eorum,

2200 4837 2263 4874 ne
2306 4820 2504 4873 videant
2533 4835 2553 4884 ;
2587 4829 2632 4872 et
2658 4819 2862 4872 dorsum
2882 4818 3083 4870 illorum
3118 4832 3317 4883 semper
3345 4815 3556 4868 incurva
3585 4810 3604 4883 (
3629 4804 3758 4862 Psal.

2201 4927 2357 4967 vam
2378 4952 2393 4977 ,
2421 4910 2492 4964 23
2511 4919 2556 4964 et
2578 4909 2648 4963 24
2675 4909 2712 4977 ).
2733 4906 2960 4962 Proinde
2985 4921 3104 4960 cum
3124 4905 3419 4973 Scripturis
3449 4901 3638 4957 nostris
3664 4910 3756 4951 non

2200 5003 2442 5066 credunt,
2469 5000 2801 5070 complentur
2829 4999 2881 5052 in
2919 4998 2998 5052 eis
3023 5012 3152 5062 suae,
3202 5011 3339 5065 quas
3393 4993 3521 5049 caeci
3550 4994 3718 5059 legunt
3743 5001 3755 5037 :

2201 5093 2303 5148 nisi
2327 5093 2462 5147 forte
2508 5093 2626 5162 quis
2670 5091 2862 5145 dixerit
2910 5089 3029 5144 illas
3077 5087 3389 5156 prophetias
3442 5081 3751 5139 Christianos

2201 5184 2418 5238 finxisse
2445 5182 2513 5236 de
2533 5182 2763 5247 Christo,
2796 5194 2912 5250 quae
2942 5179 3155 5249 Sibyllae
3178 5178 3419 5241 nomine,
3443 5175 3527 5228 vel
3552 5172 3757 5224 aliorum

2200 5275 2558 5346 proferuntur,
2581 5273 2627 5327 si
2643 5288 2762 5342 qua:
2791 5279 2930 5335 sunt,
2960 5285 3078 5339 quae
3105 5284 3210 5322 non
3229 5269 3504 5336 pertinent
3527 5263 3591 5316 ad
3609 5274 3756 5330 popu-

2202 5368 2310 5424 lum
2333 5365 2634 5422 Judzeorum
2671 5363 2765 5433 (a).
2790 5362 2952 5416 Nobis
2977 5359 3192 5430 quidem
3223 5358 3331 5412 illa:
3353 5357 3636 5415 sufficiunt,
3659 5360 3760 5417 qua:

2199 5467 2278 5511 tur
2295 5466 2439 5530 varro
2457 5470 2484 5530 :_
2494 5456 2606 5505 vide
2627 5455 2886 5504 Petavium.
2910 5452 2974 5502 de
2996 5453 3214 5502 Doctrina
3246 5456 3545 5512 temporum,
3585 5444 3699 5494 libro
3715 5437 3757 5496 9,

2200 5535 2302 5583 cap.
2325 5520 2402 5568 54.
2468 5525 2698 5566 Lucana.
3105 5575 3116 5584 .
3635 5579 3644 5586 ρ

2266 5582 2451 5644 ftzttiti,
2471 5577 2716 5644 eradicati
2750 5581 2872 5644 sunt,
2909 5576 3206 5644 dispersique
3240 5585 3331 5644 per
3356 5581 3534 5644 terras.
3559 5561 3758 5644 οᾳωςζίξ

2199 5641 2391 5710 quidem
2430 5632 2599 5704 ubique
2634 5653 2726 5689 non
2761 5632 2955 5710 desunt,
2988 5632 3043 5686 ἐι
3086 5632 3172 5700 per
3210 5632 3489 5699 scripturas
3519 5642 3644 5687 suos,
3675 5632 3754 5673 ett.

2201 5704 2517 5770 Emendantur
2543 5716 2604 5751 ex
2631 5704 3000 5770 manuscriptjsa

2262 5769 2282 5800 ⁸
2313 5767 2556 5823 Omittunt,
2583 5771 2707 5822 Mss.,
2730 5775 2892 5812 coram
2907 5767 3041 5824 ipsa.

2261 5849 2334 5910 (a)
2366 5847 2906 5910 Maleferiatihomines
2928 5846 3055 5910 inter
3092 5844 3268 5905 primos
3309 5842 3599 5893 Christianos
3629 5832 3757 5881 {hue-

2203 5907 2324 5961 runt
2337 5909 2524 5960 oracula
2544 5907 2819 5965 Sibylltu‘um
2840 5907 2904 5957 de
2924 5907 3122 5960 Christo.
3157 5913 3396 5955 Lancnen.

3939 553 3958 592 ll

3939 645 3958 684 Il

3940 722 3957 776 il

3940 825 3958 864 ε(

3942 916 3958 961 t

3943 1099 3958 1134 ε

3943 1187 3958 1222 .‘l

3945 1279 3958 1314 ιι

3946 1458 3957 1492 1
