4004 6516
207 429 288 487 509
1314 392 1514 450 LIBER
1552 382 1845 444 DECIMUS
1880 380 2212 438 OCTAVUS.

206 562 258 616 de
300 561 583 611 nostrorum
634 540 967 600 inimicorum
1016 529 1290 589 codicibus
1355 524 1733 597 proferuntur,

206 665 315 725 quos
336 641 655 716 agnoscimus
680 641 894 706 prepter
924 630 1024 683 hoc
1052 621 1435 686 testimonium,
1477 615 1619 687 quod
1648 629 1743 667 no-

206 710 273 799 bis
295 710 429 794 inviti
478 731 754 804 perhibent
792 723 1006 780 eosdem
1053 717 1265 773 codices
1299 710 1543 766 habendo
1585 717 1743 775 atque

208 828 449 892 servando,
481 840 573 894 per
597 833 781 876 omnes
811 825 994 886 gentes
1018 810 1177 865 etiam
1221 808 1365 875 ipsos
1394 816 1510 857 esse
1531 798 1740 865 disper-

208 936 298 986 sos,
324 888 729 989 quaquaversum
775 904 969 962 Christi
1004 898 1236 955 Ecclesia
1290 894 1560 949 dilatatur.
1614 888 1745 942 Nam

209 980 450 1086 prophetia
480 1007 530 1061 in
558 1001 803 1061 Psalmis,
827 1011 959 1068 quos
1007 994 1164 1048 etiam
1214 989 1413 1057 legunt,
1443 983 1510 1038 de
1552 980 1651 1034 hac
1679 992 1739 1032 re

208 1068 445 1175 praemissa
469 1105 566 1159 est,
592 1093 682 1147 ubi
732 1090 987 1157 scriptum
1013 1092 1091 1138 est
1124 1099 1137 1135 :
1171 1079 1307 1134 Deus
1356 1090 1515 1136 meus,
1542 1068 1744 1124 miseri-

208 1158 353 1247 ;ordia
372 1192 472 1259 ejus
495 1183 755 1257 prwveniet
780 1194 874 1232 me.
899 1177 1035 1232 Deus
1073 1188 1211 1225 meus
1243 1162 1597 1221 demonstravit
1628 1158 1752 1213 mihi

209 1287 251 1338 in
271 1281 461 1336 inimicis
482 1278 602 1331 meis
628 1277 666 1338 ¹,
692 1289 753 1326 ne
772 1268 1012 1324 occideris
1034 1282 1137 1329 eos,
1154 1278 1215 1315 ne
1231 1257 1432 1330 quando
1453 1254 1751 1309 obliviscan-

208 1386 275 1429 tur
311 1376 454 1443 legem
495 1380 673 1422 tuam:
717 1365 946 1431 disperge
996 1374 1080 1411 eos
1127 1357 1181 1408 in
1223 1353 1403 1405 virtute
1454 1342 1749 1417 tua(Psal.

210 1434 590 1529 tvm,Il,12).
639 1449 1024 1509 Demonstravit
1054 1460 1181 1515 ergo
1232 1444 1371 1497 Deus
1416 1437 1667 1493 Ecclesim
1697 1434 1749 1487 in

211 1555 307 1624 ejus
329 1549 545 1607 inimicis
573 1546 768 1602 Judzeis
797 1541 1017 1613 gratiam
1051 1532 1428 1590 misericordia:
1456 1544 1586 1591 sure,
1617 1540 1747 1595 quo-

215 1616 355 1707 niam,
382 1643 511 1696 sicut
539 1638 665 1691 dicit
708 1630 1010 1703 Apostolus,
1061 1626 1311 1681 delictum
1362 1621 1592 1680 illorum,
1614 1616 1757 1670 salus

220 1737 435 1807 gentibus
462 1739 481 1767 ⁸
511 1733 528 1801 (
558 1729 707 1783 Rom.
736 1742 814 1790 ιι,
846 1724 903 1777 Il
934 1721 973 1792 ).
1002 1720 1071 1774 Et
1119 1717 1238 1771 ideo
1276 1728 1383 1768 non
1424 1724 1516 1766 eos
1544 1707 1753 1771 occidit,

213 1798 254 1881 id
273 1835 361 1892 est,
391 1840 491 1879 non
517 1798 572 1876 in
597 1820 678 1875 eis
712 1814 939 1888 perdidit
959 1810 1100 1883 quod
1140 1815 1266 1861 sunt
1300 1803 1490 1865 Judaei,
1518 1798 1759 1871 quamvis

214 1934 240 1971 a
262 1890 491 1971 Romanis
520 1912 715 1967 fuerint
742 1905 933 1962 devicti
980 1911 1034 1957 et
1079 1897 1317 1969 oppressi
1353 1913 1367 1962 ;
1394 1910 1460 1948 ne
1486 1892 1635 1947 obliti
1678 1890 1757 1943 le—

210 2024 310 2078 gem
338 2008 443 2071 Dei,
470 2006 533 2058 ad
564 2004 684 2068 hoc,
715 2000 783 2055 de
822 2012 926 2068 quo
970 1995 1196 2064 agimus,
1245 1986 1603 2045 testimonium
1630 1982 1760 2036 nihil

210 2101 435 2154 valerent.
464 2097 587 2151 Ideo
612 2107 793 2164 parum
823 2089 939 2151 fuit,
962 2096 1024 2141 ut
1043 2085 1263 2147 diceret,
1289 2079 1372 2134 Ne
1390 2076 1627 2132 occideris
1655 2089 1757 2137 eos,

211 2208 263 2244 ne
284 2189 466 2260 quando
494 2185 849 2241 obliviscantur
899 2183 1057 2248 legem
1083 2184 1220 2228 tuam
1243 2189 1262 2227 :
1287 2171 1385 2225 nisi
1413 2169 1571 2223 etiam
1593 2164 1758 2218 adde-

212 2291 297 2344 ret,
318 2282 549 2351 Disperge
588 2293 670 2331 eos
696 2291 715 2328 :
744 2272 992 2343 quoniam
1040 2267 1087 2322 si
1141 2280 1262 2320 cum
1310 2263 1412 2316 isto
1458 2253 1763 2313 testimonio

212 2348 647 2442 Scripturarumin
679 2383 773 2424 sua
813 2357 1178 2421 tantummodo
1226 2367 1388 2419 terra,
1428 2367 1535 2407 non
1571 2348 1765 2417 ubique

212 2474 387 2530 essent,
422 2464 659 2533 profecto
686 2457 924 2515 Ecclesia
966 2468 1083 2524 qua:
1130 2448 1322 2518 ubique
1364 2454 1466 2511 est,
1494 2457 1590 2531 eos
1636 2454 1763 2509 pro-

213 2517 503 2624 phetiaru‘m,
535 2571 655 2625 quae
684 2553 750 2607 de
787 2517 998 2605 Christo
1042 2542 1329 2615 pratmissze
1356 2544 1498 2600 sunt,
1519 2517 1683 2590 testes
1711 2531 1765 2585 in

211 2648 430 2702 omnibus
453 2645 702 2718 gentibus
730 2641 925 2696 habere
944 2652 1051 2692 non
1078 2640 1279 2705 posset.

213 2797 409 2853 CAPUT
440 2796 647 2851 XLVII.
677 2825 747 2835 —
775 2792 855 2846 An
894 2800 1011 2845 ante
1038 2798 1262 2855 tempora
1290 2780 1562 2836 christiana
1600 2774 1765 2845 aliqui

275 2891 448 2960 fuerint
475 2898 619 2942 extra
647 2885 981 2940 Israeliticum
1004 2895 1179 2951 genus,
1206 2876 1291 2946 qui
1317 2873 1382 2927 ad
1410 2870 1620 2925 caelestis
1648 2868 1766 2924 civi-

273 2984 379 3036 tatis
407 2982 716 3035 consortium
747 2977 1070 3045 pertinerent.

272 3114 599 3185 Quapropter
645 3109 883 3182 quisquis
929 3107 1258 3175 alienigena,
1305 3101 1355 3156 id
1392 3108 1502 3166 cst,
1552 3113 1658 3152 non
1703 3112 1769 3151 ex

212 3205 357 3263 Israel
403 3207 747 3278 progenitus,
796 3216 897 3257 nec
940 3200 1007 3254 ab
1050 3199 1141 3252 illo
1182 3196 1374 3266 populo
1419 3194 1471 3246 in
1514 3204 1771 3245 canonem

213 3314 464 3354 sacrarum
493 3300 788 3352 litterarum
813 3301 1081 3361 receptus,
1108 3288 1299 3358 legitur
1323 3282 1519 3352 aliquid
1544 3281 1773 3351 prophe-

213 3400 339 3447 tasse
367 3393 433 3447 de
461 3391 708 3453 Christo,
752 3388 797 3441 si
838 3387 891 3440 in
936 3394 1171 3438 nostram
1205 3380 1444 3434 notitiam
1476 3376 1652 3440 venit,
1684 3383 1775 3429 aut

208 3485 431 3549 venerit,
461 3484 527 3537 ad
555 3480 823 3537 cumulum
851 3492 879 3530 a
913 3476 1069 3530 nobis
1114 3468 1521 3528 commemorari
1555 3474 1729 3536 potest
1756 3483 1770 3519 :

211 3593 305 3631 non
332 3594 436 3649 quo
465 3574 799 3631 necessarius
826 3571 931 3634 sit,
973 3566 1179 3623 etiamsi
1208 3564 1360 3627 desit,
1396 3560 1487 3615 sed
1517 3560 1636 3628 quia
1667 3574 1772 3612 non

212 3668 489 3738 incongrue
511 3665 749 3722 creditur
770 3661 933 3716 fuisse
954 3668 1009 3714 et
1029 3660 1081 3712 in
1103 3656 1220 3710 aliis
1241 3652 1485 3725 gentibus
1508 3650 1771 3714 homines,

214 3760 392 3829 quibus
437 3760 541 3813 hoc
592 3754 901 3827 mysterium
948 3750 1240 3804 revelatum
1291 3752 1393 3810 est,
1439 3751 1493 3796 et
1536 3740 1625 3810 qui
1676 3740 1776 3794 hoc

212 3854 361 3907 etiam
398 3850 692 3921 praedicere
732 3844 942 3914 impulsi
974 3850 1128 3904 sunt,
1158 3838 1269 3893 sive
1312 3834 1593 3906 participes
1630 3832 1774 3901 ejus-

214 3944 323 3997 dem
350 3944 535 4014 gratire
566 3939 779 4000 fuerint,
808 3937 920 3990 sive
949 3940 1218 4001 expertes,
1249 3926 1342 3982 scd
1368 3941 1463 3995 per
1490 3924 1657 3977 malos
1683 3936 1778 3975 an-

209 4034 346 4102 gelos
376 4027 520 4087 docti
567 4038 724 4092 sunt,
758 4040 891 4096 quos
926 4024 1084 4077 etiam
1129 4026 1445 4090 pnesentem
1485 4013 1773 4079 Christum,

212 4141 360 4194 quem
386 4125 559 4181 ,ιιιᾶωὶ
588 4137 695 4176 ιιοη
725 4117 1116 4191 agnoscebant,
1150 4113 1347 4168 scimus
1374 4108 1536 4163 fuisse
1564 4105 1777 4162 confes-

210 4231 310 4271 sos.
356 4217 469 4272 Nec
516 4217 661 4285 ipsos
686 4212 898 4268 Judaaos
926 4207 1177 4263 existimo
1205 4201 1402 4257 audere
1430 4197 1775 4259 contendere,

215 4309 470 4363 neminem
503 4304 824 4377 pertinuisse
852 4301 918 4355 ad
947 4301 1144 4363 Deum,
1176 4303 1370 4364 prmter
1398 4290 1683 4355 lsraelitas,
1713 4302 1779 4342 ex

138 4406 149 4411 ‘
214 4410 314 4464 quo
340 4410 576 4465 prepago
603 4395 759 4451 Israel
791 4408 911 4449 esse
940 4391 1101 4460 cmpit
1120 4429 1134 4454 ,
1165 4386 1451 4456 rcprobato
1476 4383 1590 4452 ejus
1619 4380 1782 4435 fratre

215 4487 433 4553 majore.
465 4485 699 4551 Populus
726 4487 868 4541 enim
898 4497 1103 4546 revera,
1131 4478 1219 4549 qui
1248 4475 1459 4546 proprie
1490 4474 1579 4527 Dei
1612 4486 1780 4542 popu-

214 4577 289 4632 lus
315 4578 606 4638 diceretur,
633 4574 807 4627 nullus
831 4577 964 4625 alius
989 4573 1089 4627 fuit
1112 4589 1124 4623 :
1154 4570 1398 4625 homines
1423 4575 1598 4620 autem
1626 4577 1784 4633 quos-

214 4671 329 4724 dam
379 4685 487 4724 non
541 4676 787 4731 terrena,
833 4663 927 4717 sed
975 4661 1181 4715 caelesti
1224 4661 1477 4716 societate
1522 4657 1589 4711 ad
1633 4670 1784 4711 veros

214 4761 478 4816 lsraelitas
509 4773 755 4825 supernae
783 4755 931 4810 cives
970 4752 1153 4823 patriae
1184 4750 1516 4821 pertinentes
1541 4750 1699 4803 etiam
1730 4748 1784 4801 in

213 4854 327 4908 aliis
368 4853 622 4924 gentibus
664 4850 847 4914 fuisse,
896 4860 1093 4916 negare
1138 4859 1241 4898 non
1287 4850 1510 4910 possunt
1537 4859 1550 4894 :
1582 4841 1702 4909 quia
1739 4841 1782 4894 si

214 4956 427 5016 negant,
464 4944 718 5000 facillime
744 4940 1128 4996 convincuntur
1151 4936 1217 4990 de
1242 4943 1427 4989 sancto
1467 4942 1521 4989 et
1559 4933 1785 4986 mirabili

212 5040 320 5092 viro
354 5039 479 5102 Joh,
523 5035 612 5105 qui
659 5048 757 5087 nec
800 5032 1078 5101 indigena,
1112 5043 1211 5083 nec
1239 5026 1539 5097 proselytus
1560 5065 1575 5087 ,
1620 5024 1671 5077 id
1701 5032 1785 5078 est

210 5130 409 5185 advena
442 5127 623 5198 populi
654 5124 813 5178 Israel
856 5122 987 5179 fuit:
1036 5119 1130 5175 sed
1158 5133 1221 5172 ex
1245 5126 1401 5188 gente
1430 5115 1655 5169 Idumcea
1685 5128 1782 5181 ge-

213 5238 309 5276 nus
336 5222 567 5281 ducens,
597 5216 668 5270 ibi
696 5225 864 5279 ortus,
894 5211 1088 5267 ibidem
1115 5218 1355 5262 mortuus
1383 5215 1463 5260 est
1492 5221 1505 5257 :
1537 5205 1622 5274 qui
1652 5202 1786 5255 divi-

214 5330 279 5367 uo
310 5316 389 5369 sic
428 5311 677 5367 laudatur
706 5305 935 5374 eloquio,
980 5312 1041 5357 ut
1064 5300 1202 5370 quod
1227 5299 1293 5354 ad
1320 5298 1574 5367 justitiam
1616 5296 1783 5364 pieta-

210 5417 419 5476 temque
468 5404 679 5466 attinet,
729 5399 901 5452 nullus
930 5396 979 5450 ei
1028 5395 1187 5447 homo
1224 5404 1439 5447 suorum
1485 5396 1783 5456 temporum

209 5475 518 5570 oo;equetur
545 5493 668 5566 (Job
695 5508 745 5558 1;
774 5488 959 5544 Ezeclt.
982 5503 1093 5553 xxv,
1118 5484 1232 5556 20).
1256 5483 1384 5551 Qua:
1410 5489 1645 5549 tempora
1668 5475 1785 5545 ejus

268 5674 284 5708 ¹
318 5675 461 5728 Editi,
489 5671 552 5722 de
568 5666 773 5720 inimicis
793 5665 928 5717 meis.
956 5671 1011 5713 At
1032 5669 1157 5721 Mss.,
1182 5659 1233 5709 in
1259 5654 1463 5708 inimicis
1479 5651 1627 5713 meis;
1644 5654 1783 5716 juxta

206 5749 417 5798 graecum
427 5733 771 5798 Septuaginta.

266 5776 893 5865 :va'indivim—i‘ir—Jsalits
919 5790 988 5839 est
1022 5785 1071 5837 in
1106 5781 1334 5847 gentibus.
1368 5776 1665 5838 Manuscripti
1688 5787 1781 5825 non

203 5854 401 5921 habent,
427 5864 502 5907 est
524 5855 592 5906 in.

3303 372 3408 427 6I0

1845 495 2087 569 quamvis
2134 509 2236 549 non
2289 490 2621 547 inveniamus
2668 489 2720 542 iu
2762 485 3066 551 Cbronicis,
3116 485 3412 555 colligimus

1845 597 2022 642 tamen
2053 600 2115 640 ex
2146 584 2279 638 libro
2317 583 2430 652 ejus
2450 623 2464 647 ,
2496 595 2650 650 quem
2682 593 2777 647 pro
2818 578 2898 631 sui
2938 577 3129 631 merito
3157 577 3407 631 Israelita:

1848 679 1900 733 in
1931 677 2295 732 auctoritatem
2317 673 2620 729 canonicam
2648 677 2984 738 receperunt,
3014 669 3163 721 tertia
3190 684 3413 737 genera-

1848 772 1993 825 tione
2034 767 2382 837 posteriorem
2428 764 2589 817 fuisse
2631 777 2785 831 quam
2830 760 2987 815 Israel
3021 761 3115 833 (a).
3150 760 3415 815 Divinitus

1849 871 2025 915 autem
2067 859 2335 928 provisum
2381 855 2541 909 fuisse
2582 870 2685 907 non
2724 853 2943 917 dubito,
2971 861 3029 906 ut
3055 868 3118 906 ex
3165 852 3265 905 hoc
3306 864 3413 903 uno

1851 953 2106 1007 sciremus
2149 950 2307 1004 etiam
2353 962 2445 1016 per
2494 945 2623 998 alias
2668 955 2853 1014 gentes
2886 958 3005 997 esse
3047 941 3281 1012 potuisse
3321 940 3412 1009 qui

1853 1044 2147 1101 secundum.
2187 1044 2352 1095 Deum
2394 1039 2640 1092 vixerunt
2679 1039 2832 1106 eique
2878 1037 3204 1105 placuerunt,
3249 1034 3414 1102 perti-

1855 1145 2041 1191 nentes
2066 1134 2130 1188 ad
2160 1131 2486 1203 spiritualem
2508 1129 2798 1183 Jerusalem
2822 1128 2859 1177 ί.
2889 1125 3039 1191 Quod
3067 1126 3261 1179 nemini
3288 1139 3417 1178 con-

1854 1241 2064 1281 cessum
2096 1223 2256 1278 fuisse
2281 1221 2602 1276 credendum
2631 1226 2730 1281 est,
2774 1218 2873 1271 nisi
2916 1217 2998 1270 cui
3040 1216 3288 1269 divinitus
3330 1230 3416 1268 re-

1857 1317 2060 1370 velatus
2104 1324 2185 1370 est
2231 1327 2366 1367 unus
2407 1310 2668 1365 mediator
2710 1308 2802 1362 Dei
2845 1317 2900 1362 et
2946 1307 3213 1360 hominum
3260 1304 3419 1359 homo

1856 1408 2101 1463 Christus
2140 1406 2335 1461 Jesus:
2376 1404 2464 1473 qui
2495 1412 2751 1456 venturus
2795 1400 2847 1452 in
2889 1413 3047 1452 carne
3074 1399 3150 1451 sic
3192 1396 3421 1464 antiquis

1861 1503 2057 1555 sanctis
2083 1496 2553 1569 praenuntiabatur,
2578 1492 3021 1562 quemadmodum
3045 1491 3195 1544 nobis
3214 1490 3423 1543 venisR

1860 1592 2129 1647 nuntiatus
2153 1600 2266 1652 est,
2296 1597 2353 1641 ut
2379 1602 2483 1641 una
2512 1586 2799 1654 eademque
2830 1599 2923 1652 per
2951 1584 3119 1652 ipsum
3149 1580 3277 1634 fides
3305 1595 3422 1633 om-

1863 1700 1958 1739 nes
1988 1684 2039 1737 in
2070 1682 2163 1736 Dei
2191 1681 2476 1739 civitatem,
2503 1678 2594 1731 Dei
2625 1676 2864 1738 domum,
2894 1674 2985 1728 Dei
3013 1670 3264 1739 templum
3295 1684 3427 1739 prte-

1863 1777 2156 1832 destinatos
2184 1773 2435 1843 perducat
2463 1771 2529 1824 ad
2559 1771 2741 1823 Deum.
2785 1766 2890 1822 Sed
2920 1778 3265 1836 quaecumque
3295 1763 3427 1815 alio-

1862 1885 1979 1924 rum
2025 1866 2313 1937 prophetiae
2361 1865 2429 1918 de
2470 1863 2563 1917 Dei
2611 1876 2704 1931 per
2743 1859 3011 1913 Christum
3040 1857 3219 1911 Jesum
3263 1854 3427 1924 gratia

1863 1959 2235 2032 proferuntur,
2270 1964 2491 2026 possunt
2534 1952 2705 2023 putari
2732 1966 2763 2005 a
2788 1949 3102 2005 Christianis
3141 1962 3261 2002 esse
3299 1961 3429 1999 con—

1865 2052 2022 2106 lictm.
2072 2049 2195 2104 Ideo
2237 2047 2365 2101 nihil
2409 2056 2488 2100 est
2517 2044 2716 2099 firmius
2757 2042 2821 2095 ad
2850 2038 3241 2095 convincendos
3268 2051 3431 2107 quos-

1864 2144 1992 2199 libet
2021 2142 2220 2196 alienos
2239 2182 2253 2205 ,
2283 2139 2325 2192 si
2362 2138 2426 2193 de
2457 2139 2553 2191 hac
2595 2151 2654 2191 re
2684 2131 3053 2188 contenderint
3072 2172 3086 2195 ,
3118 2138 3432 2197 nostrosque

1866 2232 2136 2289 faciendos
2162 2234 2183 2263 ²
2210 2272 2223 2295 ,
2252 2230 2293 2283 si
2322 2239 2465 2284 recte
2493 2228 2763 2297 sapuerint
2781 2267 2796 2291 ,
2827 2239 2982 2294 quam
3014 2232 3069 2276 ut
3098 2222 3271 2275 divina
3302 2235 3433 2287 prse-

1865 2328 2003 2382 dicta
2051 2326 2116 2380 de
2154 2325 2367 2379 Christo
2396 2338 2456 2378 ea
2485 2322 2851 2391 proferantur,
2884 2332 3001 2386 quae
3042 2317 3093 2369 in
3129 2313 3432 2368 Judazorum

1866 2419 2060 2485 scripta
2105 2426 2227 2493 sunt
2270 2414 2538 2469 codicibus
2582 2429 2595 2464 :
2644 2410 2835 2479 quibus
2876 2407 3071 2461 avulsis
3108 2405 3175 2460 de
3216 2403 3431 2458 sedibus

1867 2492 2131 2579 propriis,
2173 2515 2227 2561 et
2255 2514 2470 2576 propter
2511 2504 2611 2557 hoc
2641 2500 2999 2556 testimonium
3040 2506 3151 2551 toto
3192 2494 3319 2550 orbe
3347 2492 3431 2547 di-

1869 2601 2066 2668 Spersis
2082 2638 2095 2664 ,
2125 2598 2319 2653 Christi
2346 2609 2718 2665 usquequaque
2742 2592 2909 2647 crevit
2932 2588 3187 2643 Ecclesia.

1868 2714 2093 2773 CAPUT
2122 2711 2349 2767 XLVIII.
2372 2741 2443 2752 ——
2468 2708 2796 2778 PrOphetiam
2824 2704 3014 2775 Aggwi,
3041 2718 3139 2772 qua
3168 2699 3294 2754 dixit
3324 2714 3434 2750 ma-

1930 2809 2097 2878 jorem
2126 2810 2346 2876 futuram
2388 2802 2601 2872 gloriam
2647 2800 2823 2853 domus
2854 2796 2982 2862 Dei,
3031 2809 3180 2859 quam
3218 2791 3436 2861 primum

1943 2899 2136 2969 fuisset,
2168 2912 2266 2947 non
2296 2895 2347 2946 in
2378 2892 2764 2960 rewdiﬁcatione
2794 2888 2986 2957 templi,
3016 2885 3103 2939 sed
3128 2886 3179 2937 in
3210 2880 3437 2935 Ecclesia

1942 2991 2125 3047 Christi
2151 3006 2255 3043 esse
2278 2987 2597 3056 completam.

1942 3108 2066 3161 Haec
2094 3104 2281 3158 domus
2309 3100 2404 3155 Dei
2440 3095 2654 3167 majoris
2699 3102 2781 3149 est
2822 3093 3037 3164 glorize,
3083 3103 3239 3159 quam
3270 3085 3441 3141 fuerat

1876 3201 1962 3256 illa
2004 3197 2171 3268 prima
2216 3192 2370 3261 lignis
2416 3202 2471 3245 et
2508 3187 2802 3257 lapidibus,
2845 3182 3154 3250 ueterisque
3193 3178 3440 3248 pretiosis

1879 3293 2039 3349 rebus
2066 3288 2395 3355 metallisque
2418 3289 2739 3338 constructa.
2770 3278 2885 3332 Non
2917 3278 3093 3345 itaque
3116 3272 3290 3342 Aggaei
3322 3285 3444 3340 pro-

1878 3385 2054 3455 phetia
2097 3384 2149 3435 in
2197 3377 2379 3447 templi
2428 3368 2567 3430 illius
2612 3371 2993 3428 instauratione
3036 3366 3297 3435 completa
3339 3370 3444 3417 est.

1879 3481 1955 3534 Ex
1986 3492 2093 3547 quo
2132 3477 2272 3530 enim
2303 3474 2649 3527 instauratum
2681 3478 2762 3522 est
2785 3507 2801 3531 ,
2842 3478 3108 3533 nunquam
3154 3460 3449 3516 ostenditur

1879 3570 2129 3626 habuisse
2172 3576 2371 3619 tantam
2414 3562 2659 3631 gloriam,
2701 3566 2951 3628 quantam
2992 3553 3173 3608 habuit
3212 3562 3452 3620 tempore

1876 3660 2176 3719 Salomonis
2206 3676 2218 3711 :
2248 3658 2353 3710 imo
2382 3655 2554 3723 potius
2579 3649 2877 3704 ostenditur
2902 3646 3129 3713 primum
3151 3644 3454 3697 cessatione

1879 3752 2169 3826 pr0phelire
2215 3748 2377 3802 fuisse
2420 3744 2608 3798 domus
2656 3741 2796 3794 illius
2841 3737 3062 3807 gloriam
3106 3734 3443 3796 diminutum,

1878 3824 2067 3901 deinde
2095 3842 2257 3911 ipsius
2283 3835 2454 3907 gentis
2477 3833 2716 3888 cladibus
2744 3830 2903 3883 tantis
2926 3839 3092 3895 usque
3116 3824 3181 3877 ad
3204 3824 3445 3876 ultimum

1879 3936 2162 3996 excidium,
2192 3930 2331 4001 quod
2363 3928 2555 3983 factum
2586 3932 2669 3979 est
2697 3937 2727 3976 a
2754 3918 3007 3974 Romanis
3026 3958 3041 3980 ,
3072 3915 3207 3971 sicut
3233 3929 3293 3969 ea
3328 3928 3450 3981 qua:

1879 4044 2038 4101 supra
2080 4035 2203 4082 sunt
2243 4029 2657 4079 commemorata
2704 4024 2964 4072 testantur
2992 4014 3087 4085 (b).
3120 4013 3243 4067 llaec
3271 4020 3448 4064 autem

1880 4100 2068 4179 domus
2093 4118 2157 4173 ad
2187 4131 2381 4172 novum
2418 4112 2697 4184 pertinens
2724 4109 3142 4169 Testamentum,
3171 4111 3316 4156 tanto
3345 4100 3451 4152 uti-

1881 4231 1984 4286 que
2012 4212 2227 4283 majoris
2256 4218 2338 4264 est
2364 4207 2576 4279 glorim.
2603 4214 2801 4273 quanto
2828 4200 3077 4255 meliores
3101 4205 3226 4251 sunt
3253 4192 3453 4263 lapides

1882 4308 2028 4371 vivi,
2073 4304 2264 4375 quibus
2304 4298 2643 4356 credentibus
2687 4291 3065 4358 renovatisque
3108 4287 3451 4341 construitur.

1883 4401 1989 4459 Sed
2020 4373 2138 4454 ideo
2168 4412 2262 4467 per
2302 4389 2741 4448 instaurationem
2784 4382 2966 4452 templi
2996 4380 3136 4435 illius
3164 4373 3455 4447 significata

1882 4504 1985 4561 est,
2018 4495 2137 4563 quia
2168 4465 2278 4559 ipsa
2308 4484 2582 4542 renovatio
2626 4480 2768 4535 illius
2798 4475 3009 4531 aedilicii
3039 4470 3303 4542 signiﬁcat
3339 4465 3455 4519 elo-

1884 4557 2009 4660 quio
2035 4557 2344 4657 prophetico
2369 4580 2593 4633 alterum
2621 4573 3053 4628 Testamentum,
3099 4561 3237 4631 quod
3266 4557 3452 4626 appel-

1886 4659 2024 4735 latur
2051 4690 2268 4731 novum.
2302 4668 2454 4737 Quod
2483 4680 2610 4734 ergo
2648 4663 2786 4717 Deus
2823 4659 2957 4712 dixit
2984 4670 3077 4725 per
3105 4660 3451 4707 memoratum

1888 4770 2217 4843 prophetam,
2244 4762 2309 4816 Et
2332 4760 2459 4814 dabo
2484 4772 2654 4827 pacem
2680 4754 2732 4806 in
2763 4751 2871 4804 loco
2895 4749 2992 4802 ista
3019 4742 3215 4815 (Aggwi
3239 4757 3297 4807 ιι,
3328 4739 3451 4807 10);

1888 4879 1982 4933 per
2010 4859 2388 4929 signiﬁcantem
2418 4852 2613 4911 locum,
2653 4845 2741 4899 ille
2766 4842 2857 4913 qui
2884 4856 2949 4895 eo
2975 4837 3301 4907 significatur
3319 4870 3334 4896 ,
3367 4831 3452 4884 in-

1886 4918 2202 5021 ielligeiidus
2243 4954 2326 4999 est
2357 4959 2370 4996 :
2403 4949 2459 4995 ut
2485 4938 2606 5009 quia
2651 4936 2741 4989 illo
2784 4934 2900 4986 loco
2930 4933 3220 4983 instaurato
3248 4918 3452 4990 signifi-

1887 5014 2102 5102 cata'est
2122 5037 2374 5100 Ecclesia,
2399 5048 2516 5104 qua:
2532 5030 2704 5084 fuerat
2723 5020 3026 5080 aadilicanda
3049 5032 3143 5088 per
3158 5014 3449 5075 Christum,

1888 5139 2019 5194 nihil
2047 5133 2187 5189 aliud
2216 5130 2526 5199 accipiatur,
2552 5121 2691 5193 quod
2723 5120 2921 5174 dictum
2948 5122 3031 5169 est
3052 5153 3069 5180 ,
3112 5107 3255 5163 Dabo

1885 5232 1940 5285 in
1970 5230 2078 5284 loco
2102 5227 2237 5288 isto;
2267 5220 2369 5275 nisi
2387 5260 2403 5287 ,
2432 5216 2577 5272 Dabo
2602 5225 2787 5284 pacem
2815 5210 2867 5263 in
2898 5207 3014 5260 loco
3033 5243 3048 5269 ,
3075 5214 3232 5271 quem
3257 5191 3454 5264 signifi-

1950 5371 1968 5402 ί
2002 5360 2366 5416 NonnuliiMss.,
2395 5347 2570 5416 Ιδτζιξῖο,
2654 5406 2665 5416 ,
2778 5409 2787 5416 ,
2837 5402 2929 5416 μα,
2971 5397 3060 5416 -εη,
3087 5392 3177 5416 mu

1951 5385 1968 5402 ¹
2006 5385 2219 5416 Nonuuui
2242 5385 2366 5413 tuam,
2395 5385 2559 5403 uolut...
3168 5393 3177 5404 .

1948 5434 1969 5464 ’
2005 5428 2139 5483 Editi.
2161 5427 2433 5479 nostrosque
2454 5406 2753 5483 fugiendos;
2764 5392 3306 5483 fallimur,
3324 5385 3455 5452 quod

1885 5456 2603 5544 omnEE'EiiiiJséEi’iii,
2626 5456 2897 5528 nostrosque
2918 5456 3175 5523 faciendos.

1952 5578 2023 5640 (τι)
2058 5573 2172 5621 vide
2196 5566 2366 5616 Euseb.
2391 5561 2478 5609 lib.
2505 5534 2529 5606 ί
2554 5556 2823 5640 Demonstr.
2848 5558 3041 5616 evang,
3066 5552 3202 5612 capp.
3228 5538 3260 5586 5
3283 5542 3335 5586 et
3354 5534 3402 5583 6.

2089 5636 2114 5640 ”
2139 5632 2165 5640 ··
2254 5630 2264 5639 ·
2345 5637 2360 5640 Α
2383 5624 2485 5640 L-u
2509 5630 2625 5640 αλ-Ακ
2647 5621 2760 5640 mem
2786 5616 2940 5640 rnincl
2960 5603 3161 5640 mlnllim
3187 5597 3400 5640 ςρριιηιιιι

1949 5597 2023 5701 lii
2052 5597 2366 5699 sanata?
2509 5597 3455 5701 ἐςὲ.ιξιῖεξὲ,ἰέ,ῐ;ειθ,ξξ,ἱῐξὶῗῖξίὲἱὶῗῗὲἓὲῑὲιῗ

1885 5665 2362 5753 ερὲέἔιιέἰἭὲῒρἰίῖίὶιῖιῗ
2384 5665 2496 5753 ἓξῶ
2511 5665 2626 5753 θίξιίί
2642 5665 3456 5753 βεεέίιῆηῐῖὶδνέηίεέίέ.ξ¹ίέζηξξῖῗὲίῗξᾝ

1919 5721 3025 5818 ῗξὶιιΐιοςἓξὲξίῖᾖῶἵσῖιῖἶρὶίέυιῗι-ωδεέηιίώῐι,
3045 5727 3125 5791 qui
3158 5726 3207 5779 in
3225 5721 3305 5774 illo
3336 5728 3456 5772 tem-

1888 5804 2266 5893 ;Io'ii‘wequenter
2290 5815 2511 5863 versatus
2534 5808 2626 5854 est.
2657 5804 2889 5849 uacuas.
