4004 6536
518 388 615 441 6H

514 512 596 556 cat
628 500 771 554 locus
799 499 916 553 iste.
956 496 1219 565 Quoniam
1248 493 1422 549 omnia
1451 492 1799 563 signiﬁcantia
1830 490 2073 545 videntur

514 591 902 661 quodammodo
937 604 1119 645 earum
1163 602 1360 651 rerum,
1404 600 1533 654 quas
1558 584 1884 653 signiﬁcant,
1913 580 2075 635 susti-

518 700 643 738 nere
682 697 933 751 personas
963 699 976 734 :
1010 682 1143 734 sicut
1170 680 1369 733 dictum
1399 688 1481 732 est
1518 677 1587 731 ab
1614 676 1891 745 Apostolo,
1925 673 2079 727 Petra

516 784 619 825 erat
642 772 867 826 Christus
900 770 917 838 (
940 770 957 822 1
985 769 1099 823 Cor.
1128 785 1162 822 χ
1183 810 1195 831 ,
1223 768 1257 822 4
1282 769 1298 836 )
1323 783 1337 831 ;
1383 767 1626 836 quoniam
1668 775 1812 835 petra
1861 764 1945 817 illa
1966 804 1980 829 ,
2010 762 2077 818 de

516 879 615 930 qua
663 862 762 916 hoc
799 862 993 916 dictum
1037 869 1154 922 est,
1198 858 1528 928 signiﬁcabat
1571 857 1747 926 utique
1783 853 2073 909 Christum.

518 953 682 1021 Major
706 962 787 1006 est
820 954 993 1020 itaque.
1012 949 1178 1019 gloria
1201 948 1390 1001 domus
1410 947 1567 1015 hujus
1590 949 1709 1001 novi
1732 944 2073 1010 Testamenti,

516 1058 671 1111 quam
720 1041 909 1095 domus
958 1040 1148 1109 prioris
1195 1038 1390 1092 veteris
1434 1037 1751 1092 Testamenti
1798 1053 1810 1089 :
1857 1044 1912 1090 et
1956 1045 2079 1089 tunc

516 1132 787 1200 apparebit
829 1130 997 1199 major
1017 1171 1031 1194 ,
1061 1144 1179 1183 cum
1210 1128 1554 1183 dedicabitur.
1586 1127 1731 1180 Tunc
1758 1126 1897 1180 enim
1923 1126 2079 1179 veniet

519 1220 839 1274 Desideratus
864 1219 1052 1272 cunctis
1081 1218 1305 1288 gentibus
1333 1217 1527 1287 (Aggazi
1561 1232 1595 1270 tl
1618 1256 1632 1279 ,
1661 1214 1725 1287 8)
1748 1257 1761 1279 ,
1788 1216 1924 1269 sicut
1952 1214 2081 1283 legi-

522 1320 607 1364 tur
650 1312 700 1364 in
732 1310 974 1363 llebrzeo.
1021 1308 1150 1361 Nam
1202 1307 1346 1377 prius
1393 1308 1507 1375 ejus
1550 1306 1804 1361 adventus
1847 1306 2081 1361 nondum

521 1411 637 1457 erat
664 1402 997 1455 desideratus
1032 1400 1273 1454 onmibns
1299 1400 1561 1469 gentibus.
1603 1398 1716 1453 Non
1756 1400 1894 1453 enim
1924 1413 2081 1468 quem

520 1492 775 1546 deberent
801 1490 1121 1554 desiderare,
1164 1490 1418 1556 sciebant,
1449 1490 1498 1543 in
1529 1506 1682 1560 quem
1710 1506 1812 1543 non
1838 1489 2081 1544 credide-

523 1591 663 1635 rant.
703 1582 850 1635 Tunc
886 1581 1042 1635 etiam
1071 1580 1359 1634 secundum
1388 1580 1727 1649 Septuaginta
1768 1580 2083 1648 interpretes

523 1672 683 1742 (quia
729 1681 782 1725 et
823 1672 931 1739 ipse
976 1673 1309 1740 prepheticus
1352 1686 1538 1726 sensus
1569 1670 1718 1741 est),
1756 1672 1948 1724 venient
1974 1684 2086 1737 quae

523 1765 675 1817 electa
714 1772 827 1816 sunt
875 1762 1077 1815 Domini
1118 1762 1181 1817 de
1227 1763 1417 1816 cunctis
1463 1762 1708 1832 gentibus.
1757 1761 1905 1816 Tunc
1941 1761 2083 1815 enim

524 1870 647 1909 vere
674 1869 775 1906 non
804 1854 1012 1907 venient
1036 1853 1136 1907 nisi
1166 1854 1354 1920 electa,
1384 1853 1449 1907 de
1478 1853 1667 1922 quibus
1694 1850 1829 1906 dicit
1860 1854 2087 1920 Aposto-

526 1946 608 1999 ius
627 1987 641 2009 ,
670 1945 811 2000 Sicut
836 1945 978 2015 elegit
1005 1961 1093 1998 nos
1121 1946 1173 1998 in
1197 1946 1307 2014 ipso
1335 1955 1451 1998 ante
1488 1944 1661 1997 mundi
1690 1945 2087 1997 constitutionem

530 2035 743 2106 (Ep/tes.
772 2053 807 2101 ι,
832 2036 906 2105 4).
940 2035 1054 2105 Ipse
1079 2038 1269 2105 quippe
1291 2036 1630 2097 architectus,
1651 2034 1739 2104 qni
1762 2034 1910 2096 dixit,
1935 2032 2087 2086 Multi

528 2131 718 2195 vocati,
751 2130 895 2197 pauci
937 2139 1100 2182 autem
1139 2130 1275 2183 electi
1310 2129 1519 2199 (Matth.
1548 2144 1653 2181 χχιι
1674 2168 1689 2190 ,
1719 2128 1821 2196 Ην)
1845 2168 1858 2191 ,
1887 2142 1991 2180 non
2019 2125 2088 2181 de

528 2219 611 2273 bis
639 2221 652 2249 ¹
681 2220 766 2289 qui
796 2220 965 2274 vocati
996 2221 1073 2274 sic
1101 2227 1376 2284 venerunt,
1411 2226 1467 2271 ut
1496 2218 1562 2272 de
1587 2219 1829 2271 convivio
1859 2217 2087 2285 projice-

529 2324 728 2375 rentur,
760 2312 853 2367 sed
882 2311 947 2366 de
973 2312 1155 2366 electis
1181 2311 1637 2365 demonstraturus
1665 2318 1744 2363 est
1770 2308 2087 2362 azdiﬁcatam

528 2402 780 2469 domum,
826 2419 941 2473 qua:
984 2404 1183 2456 nullam
1222 2402 1471 2469 deinceps
1517 2399 1819 2454 formidahit
1859 2400 2086 2452 ruinam.

529 2493 677 2547 Nunc
702 2504 875 2547 autem
901 2535 916 2560 ,
955 2493 1167 2563 quando
1207 2502 1261 2547 et
1299 2493 1350 2546 hi
1383 2492 1584 2561 replent
1627 2491 1911 2554 ecclesias.
1957 2504 2090 2559 quos

532 2593 777 2654 tanquam
827 2586 879 2639 in
925 2601 1046 2638 area
1077 2584 1347 2639 ventilatio
1392 2583 1691 2653 separabit,
1740 2599 1842 2637 non
1874 2592 2092 2652 apparet

531 2685 673 2729 tanta
716 2676 882 2745 gloria
922 2677 1109 2730 domus
1155 2676 1348 2746 hujus,
1395 2684 1587 2746 quanta
1631 2686 1753 2729 tunc
1794 2674 2089 2745 apparebit,

532 2770 741 2837 quando
771 2770 1010 2839 quisquis
1037 2770 1110 2823 ibi
1139 2770 1259 2834 erit,
1288 2784 1497 2839 semper
1524 2769 1643 2823 erit.

533 2880 755 2935 CAPUT
796 2881 981 2936 XLIX.
1008 2911 1079 2923 —
1105 2881 1181 2935 De
1209 2882 1477 2935 indiscreta
1502 2883 1522 2913 ²
1548 2879 1962 2950 multiplicatione
1990 2878 2092 2933 Ec-

600 2972 794 3038 clesiae,
839 2989 936 3042 qua
978 2973 1030 3026 in
1073 2972 1165 3026 hoc
1194 2972 1375 3026 steculo
1405 2973 1548 3026 multi
1584 2970 1783 3041 reprobi
1824 2971 2095 3024 miscentur

601 3066 786 3119 electis.

605 3174 662 3229 In
689 3175 788 3230 hoc
825 3190 952 3243 ergo
992 3176 1222 3246 maligno
1261 3176 1488 3241 smculo,
1517 3176 1571 3228 in
1598 3175 1680 3228 his
1708 3175 1893 3229 diebus
1922 3174 2094 3239 malis,

534 3265 620 3319 ubi
663 3283 755 3334 per
803 3265 1149 3320 humilitatem
1192 3276 1510 3335 prmsentcm
1557 3264 1784 3319 futuram
1830 3274 2100 3333 comparat

536 3356 769 3411 Ecclesia
794 3358 1183 3422 celsitudinem,
1211 3365 1266 3411 et
1294 3358 1539 3411 timorum
1570 3357 1827 3422 stimulis,
1854 3355 2098 3409 dolorum

538 3450 813 3501 tormentis
833 3489 848 3514 ,
878 3449 1116 3503 laborum
1144 3449 1401 3502 molestiis
1420 3491 1434 3515 ,
1465 3452 1810 3504 tentationum
1854 3450 2100 3519 periculis

537 3538 791 3602 eruditur,
840 3538 949 3591 sola
990 3555 1083 3608 spe
1112 3538 1366 3608 gaudens,
1412 3539 1619 3608 quando
1662 3554 1844 3593 sanum
1885 3539 2096 3609 gaudet,

539 3628 690 3682 multi
731 3628 940 3697 reprobi
970 3631 1260 3684 miscentur
1302 3630 1488 3694 bonis;
1522 3639 1575 3684 et
1603 3630 1808 3699 utrique
1852 3639 2098 3699 tanquam

540 3724 593 3777 in
620 3738 865 3793 sagenam
895 3724 1249 3793 evangelicam
1290 3723 1608 3792 colliguntur
1646 3721 1770 3791 (ld.
1802 3738 1891 3776 xm
1911 3764 1927 3790 ,
1953 3724 2018 3777 47
2038 3723 2096 3793 );

535 3827 590 3871 et
616 3818 665 3870 in
697 3817 796 3871 hoc
825 3817 1020 3870 mundo
1044 3858 1057 3879 ,
1088 3825 1331 3885 tanquam
1374 3816 1426 3868 in
1472 3814 1639 3878 mari,
1674 3816 1879 3884 utrique
1909 3815 2098 3868 inclusi

536 3907 736 3962 retibus
763 3908 1045 3961 indiscrete
1067 3916 1268 3973 natant,
1292 3905 1461 3960 donec
1484 3906 1815 3975 perveniatur
1838 3905 1904 3959 ad
1928 3905 2096 3970 littus,

537 4000 624 4053 ubi
654 4000 777 4053 mali
818 4008 1160 4068 segregentur
1187 4013 1218 4052 a
1258 3998 1443 4063 bonis,
1489 4007 1541 4052 et
1573 3997 1625 4051 in
1655 3998 1806 4052 bonis
1850 4006 2099 4067 tanquam

539 4091 591 4144 in
622 4092 815 4159 templo
839 4106 956 4155 suo,
986 4091 1053 4144 sit
1075 4091 1212 4145 Deus
1238 4090 1413 4144 omnia
1442 4090 1494 4144 in
1519 4090 1760 4145 omnibus
1784 4090 1802 4161 (
1823 4090 1842 4143 l
1863 4090 1981 4145 Cor.
2004 4106 2094 4156 xv,

533 4180 646 4251 9.8).
680 4180 903 4234 Proinde
929 4194 1110 4234 vocem
1152 4195 1292 4235 nunc
1335 4180 1670 4249 agnoscimus
1712 4179 1827 4248 ejus
1870 4179 2097 4248 impleri,

535 4272 624 4341 qui
654 4272 963 4340 loquebatur
993 4272 1045 4325 in
1076 4272 1305 4337 Psalmo,
1334 4280 1497 4340 atque
1520 4271 1748 4336 dicebat,
1771 4272 2098 4337 Annuntiavi,

536 4370 582 4413 et
612 4361 803 4413 locutus
829 4377 960 4425 sum,
986 4362 1302 4431 multiplicati
1326 4372 1441 4414 sunt
1466 4378 1615 4428 super
1642 4378 1903 4414 numerum
1924 4361 2098 4431 (Psal.

538 4466 720 4514 xxxix,
752 4452 826 4524 6).
859 4453 967 4507 Hoc
997 4456 1053 4506 tit
1082 4468 1239 4518 nunc,
1268 4468 1332 4507 cx
1363 4468 1468 4523 quo
1495 4453 1722 4522 primum
1755 4468 1847 4523 per
1873 4469 1935 4509 os
1964 4470 2100 4523 prat-

538 4544 771 4597 cursoris
796 4545 874 4597 sui
904 4543 1143 4609 Joannis,
1173 4543 1364 4598 deinde
1387 4558 1481 4613 per
1506 4558 1567 4597 os
1592 4545 1861 4613 proprium
1892 4560 2098 4598 annun-

538 4633 705 4697 tiavit,
738 4642 791 4687 et
819 4634 1023 4687 locutus
1048 4643 1160 4701 est,
1192 4634 1372 4689 dicens
1391 4674 1407 4700 ,
1436 4634 1580 4704 Agite
1604 4635 1971 4703 paenitentiam,
1999 4652 2097 4704 ap-

539 4723 888 4793 pr0pinquavit
935 4724 1064 4776 enim
1106 4741 1315 4795 regnum
1361 4726 1599 4778 caelorum
1646 4724 1877 4794 (Matth.
1912 4741 1967 4779 ιιι
1980 4766 1998 4801 ,
2025 4724 2097 4789 2;

538 4828 610 4879 tv,
640 4814 748 4883 17).
777 4815 946 4883 Elegit
977 4814 1288 4883 discipulos,
1316 4830 1448 4885 quos
1472 4824 1526 4868 et
1551 4814 1830 4883 Apostolos
1855 4816 2099 4869 nomina-

536 4906 611 4959 vit
642 4904 791 4976 (Luc.
820 4922 890 4971 vt,
919 4905 1028 4975 15),
1060 4905 1329 4959 humiliter
1371 4915 1543 4967 natos,
1585 4903 1945 4971 inhonoratos,
1979 4906 2102 4960 illit-

539 5008 772 5065 teratos;
821 5007 881 5053 ut
925 4998 1177 5069 quidquid
1229 5013 1477 5068 magnum
1522 5005 1703 5051 essent
1747 5006 1801 5051 et
1845 4998 2097 5063 lacerent,

539 5088 651 5160 ipse
675 5091 725 5144 in
751 5091 829 5144 eis
853 5100 996 5145 esset
1032 5100 1087 5145 et
1130 5088 1353 5144 faceret.
1383 5087 1578 5142 Habuit
1608 5088 1741 5141 inter
1777 5102 1869 5142 eos
1913 5105 2098 5155 unum,

539 5197 642 5252 quo
682 5182 820 5235 malo
848 5190 1002 5235 utens
1045 5181 1214 5247 bene,
1259 5190 1313 5234 et
1353 5195 1463 5235 sua:
1502 5180 1763 5249 passionis
1788 5180 2102 5251 dispositum

539 5274 813 5344 impleret,
855 5282 909 5327 et
954 5272 1205 5326 Ecclesia:
1247 5286 1355 5326 sua:
1401 5271 1794 5325 tolerandorum
1842 5276 2100 5327 malorum

540 5365 796 5434 prmberet
842 5363 1167 5430 exemplum.
1213 5362 1518 5427 Seminato,
1560 5370 1806 5429 quantum
1853 5378 1943 5431 per
1989 5362 2105 5431 ejus

541 5455 815 5522 oportebat
845 5454 1176 5523 pnesentiam
1208 5452 1561 5520 corporalem,
1588 5460 1769 5504 sancto
1798 5452 2101 5523 Evangelio,

543 5559 725 5612 paSsus
750 5554 863 5611 cst,
893 5555 1133 5599 mortuus
1162 5554 1266 5608 est,
1296 5541 1582 5597 resurrexit
1612 5558 1624 5593 :
1655 5542 1897 5611 passione
1921 5553 2104 5598 osten-

544 5635 675 5687 dens
714 5635 837 5703 quid
869 5636 1128 5689 sustinere
1154 5652 1251 5706 pro
1280 5635 1500 5688 veritate
1522 5676 1538 5701 ,
1566 5634 1950 5688 resurrectione
1979 5632 2106 5703 quid

604 5748 622 5780 ι
656 5747 790 5803 illiti,
812 5760 900 5794 non
924 5747 985 5811 de
1008 5745 1080 5796 his
1100 5749 1240 5799 dixit.
1265 5750 1425 5807 Abest,
1451 5746 1596 5811 dixit,
1622 5759 1651 5797 a
1673 5746 2019 5809 manuscriptis.

604 5812 625 5843 ι
657 5814 728 5858 sic
751 5819 853 5859 Mss.
879 5809 992 5858 editi
1015 5820 1192 5872 autem,
1220 5812 1418 5862 incerta.

1591 374 1677 430 DE
1715 371 2035 431 ClViTATE
2070 372 2201 440 DEI,
2241 372 2299 428 S.
2338 373 2697 431 AUGUSTINI

3644 371 3751 425 6t?

2182 502 2395 558 sperare
2434 491 2487 544 in
2529 492 2824 546 aeternitate
2853 489 3180 551 debeamus;
3220 498 3441 560 excepta
3470 487 3754 544 altitudine

2180 582 2497 634 sacramenti
2517 621 2532 642 ,
2558 596 2661 651 qua
2689 583 2901 651 sanguis
2940 582 3052 652 ejus
3078 584 3128 637 in
3161 583 3531 637 remissionem
3559 596 3754 650 pecca-

2184 680 2354 725 torum
2396 671 2544 727 t'nsus
2594 680 2695 727 est.
2745 673 3104 728 Conversatus
3132 674 3294 727 estin
3340 682 3483 727 terra
3524 672 3759 742 quadra-

2181 764 2320 831 ginta
2346 762 2459 817 dies
2487 779 2605 818 cum
2633 763 2903 834 discipulis
2928 765 3067 826 suis,
3096 776 3253 834 atque
3290 766 3418 834 ipsis
3448 764 3759 819 videntibus

2182 852 2420 906 ascendit
2449 853 2501 907 in
2527 854 2743 920 ccelnm,
2772 864 2823 907 et
2856 866 2973 923 post
2996 855 3113 909 dies
3141 856 3323 911 decem
3356 855 3500 910 misit
3526 855 3756 926 promis-

2182 955 2299 995 sum
2327 942 2579 1013 Spiritum
2612 953 2851 999 sanctum
2883 946 2899 975 ¹
2934 962 2947 997 :
2977 946 3127 1015 cujus
3155 946 3414 999 venientis
3444 945 3497 999 in
3535 960 3633 999 eos
3670 944 3761 1013 qui

2185 1035 2555 1101 crediderant,
2598 1047 2721 1091 tunc
2751 1038 2955 1105 signum
2984 1046 3099 1091 erat
3128 1037 3414 1090 maximum
3443 1045 3498 1092 et
3524 1036 3757 1091 maxisne

2184 1129 2542 1182 necessarium
2563 1170 2578 1194 ,
2607 1140 2665 1183 ut
2694 1130 3049 1199 unusquisque
3078 1144 3262 1183 eorum
3302 1129 3494 1200 linguis
3516 1129 3764 1183 omnium

2183 1219 2414 1288 gentium
2457 1219 2800 1289 loqueretur:
2831 1221 2901 1273 ita
2939 1219 3241 1290 signiﬁcans
3284 1221 3543 1276 unitatem
3568 1220 3768 1275 catho-

2187 1308 2301 1361 lica:
2331 1309 2580 1363 Ecclesiae
2607 1325 2700 1379 per
2728 1325 2912 1365 omnes
2936 1321 3122 1381 gentes
3161 1312 3387 1365 futuram
3405 1352 3419 1377 ,
3448 1326 3513 1368 ac
3551 1312 3635 1367 sic
3662 1312 3772 1366 line

2184 1398 2301 1466 guis
2329 1398 2575 1452 omnibus
2604 1399 2919 1453 locnturam.

2185 1488 2406 1544 CAPUT
2458 1491 2616 1543 L.—
2656 1490 2736 1545 De
2786 1492 3138 1561 praedicatione
3182 1491 3477 1561 Evangelii,
3506 1509 3625 1561 qua:
3684 1508 3777 1561 per

2223 1582 2474 1651 passiones
2503 1584 2880 1652 praedicandum
2907 1584 3092 1637 clarior
3114 1592 3159 1637 ct
3186 1585 3431 1653 potentior
3457 1584 3596 1653 facta
3633 1594 3739 1638 est.

2258 1693 2459 1748 Deinde
2505 1693 2794 1749 secundum
2823 1695 2966 1749 illam
2995 1694 3354 1764 pr0phetiam,
3397 1695 3481 1749 Ea:
3511 1695 3647 1752 Sion
3696 1696 3781 1751 tes

2190 1785 2384 1854 prodiet
2407 1826 2422 1850 ,
2451 1794 2496 1838 et
2526 1787 2724 1839 verbum
2755 1785 2956 1840 Domini
2981 1803 3042 1841 ea;
3064 1786 3351 1841 Jerusalem
3378 1787 3529 1856 (Isai.
3560 1804 3598 1842 tt
3616 1828 3635 1853 ,
3685 1788 3779 1857 3):

2188 1886 2243 1931 et
2266 1877 2551 1931 secundum
2581 1879 2743 1948 ipsius
2770 1879 2978 1933 Domini
3002 1878 3197 1934 Christi
3228 1881 3499 1948 pnedicta.
3524 1881 3618 1935 ubi
3656 1890 3785 1951 post

2189 1970 2632 2024 resurrectionem
2675 1970 3007 2039 stupentibus
3052 1986 3173 2025 eum
3205 1971 3478 2040 discipulis
3508 1972 3620 2026 suis
3654 1989 3785 2041 ape-

2189 2061 2289 2112 ruit
2326 2077 2525 2114 sensum
2546 2102 2560 2125 ,
2594 2070 2647 2113 ut
2676 2062 3003 2133 intelligerent
3041 2061 3333 2131 Scripturas
3357 2103 3371 2124 ,
3394 2071 3439 2115 et
3484 2064 3615 2116 dixit
3662 2065 3742 2117 eis
3766 2104 3781 2126 ,

2194 2151 2443 2218 Quoniam
2480 2154 2551 2208 sic
2588 2154 2831 2224 scriptum
2870 2162 2977 2221 est,
3008 2163 3058 2208 et
3105 2156 3177 2209 sic
3222 2157 3485 2223 oportebat
3511 2155 3787 2209 Christum

2191 2246 2298 2315 pati
2321 2287 2335 2309 ,
2359 2254 2405 2298 et
2424 2262 2679 2317 resurgere
2706 2264 2737 2299 a
2763 2248 2970 2301 mortuis
2999 2249 3141 2301 tertio
3169 2248 3279 2312 die,
3308 2258 3355 2301 et
3400 2248 3686 2317 praedicari
3730 2251 3783 2299 in

2192 2336 2391 2388 nomine
2418 2338 2525 2406 ejus
2550 2338 2886 2407 penitentiam
2906 2348 2952 2390 et
2971 2339 3311 2391 remissionem
3338 2348 3671 2406 peccatorum
3697 2351 3786 2403 per

2193 2441 2361 2479 omnes
2389 2436 2557 2496 gentes
2580 2468 2596 2494 ,
2626 2427 2973 2497 incipientibus
3002 2428 3063 2481 ab
3104 2427 3388 2483 Jerusalem
3416 2427 3581 2501 (Luc.
3610 2442 3785 2491 xxnv,

2193 2518 2282 2581 46,
2310 2519 2399 2587 47)
2424 2536 2439 2582 ;
2468 2527 2522 2572 et
2547 2518 2631 2572 ubi
2656 2536 2837 2574 rursus
2862 2520 2939 2575 eis
2966 2519 3033 2575 de
3064 2520 3294 2575 adventu
3336 2520 3452 2589 ejus
3484 2518 3788 2572 novissimo

2193 2609 2580 2677 requirentibus
2609 2610 2917 2678 respondit,
2948 2620 3105 2680 atque
3128 2610 3231 2674 ait,
3262 2609 3383 2663 Non
3429 2619 3505 2663 est
3554 2618 3789 2662 vestrum

2194 2698 2321 2751 scire
2361 2707 2585 2767 tempora
2613 2701 2689 2753 vel
2724 2712 2971 2755 momenta
3000 2704 3051 2765 ',
3074 2718 3186 2771 qua:
3209 2701 3366 2755 Pater
3393 2700 3561 2771 posuit
3590 2702 3647 2752 in
3697 2717 3791 2753 sua

2196 2797 2432 2857 potestate
2462 2806 2481 2843 :
2508 2789 2595 2843 sed
2617 2791 2867 2860 accipietis
2894 2794 3122 2845 virtutem
3152 2792 3375 2861 Spiritus
3403 2792 3570 2844 sancti
3600 2807 3793 2860 super-

2195 2881 2464 2933 venientem
2498 2882 2549 2934 in
2576 2896 2662 2935 vos
2685 2922 2699 2943 ,
2732 2891 2779 2935 et
2800 2882 2933 2935 eritis
2962 2883 3084 2935 mihi
3111 2892 3254 2937 testes
3292 2883 3344 2935 in
3377 2881 3681 2937 Jerusalem
3705 2924 3721 2945 ,
3748 2891 3794 2937 et

2196 2969 2248 3022 in
2279 2979 2380 3023 tota
2402 2969 2586 3025 ludam
2614 2980 2659 3025 et
2690 2971 2925 3026 Samaria
2947 3014 2963 3039 ,
2994 2982 3040 3025 et
3065 2990 3218 3043 usque
3236 2974 3287 3027 in
3308 2974 3434 3041 lines
3464 2982 3619 3027 terra:
3647 2973 3794 3043 (Act.

2200 3077 2239 3125 ι,
2272 3062 2325 3126 7,
2353 3062 2407 3134 8)
2438 3081 2451 3117 :
2486 3063 2712 3132 primum
2748 3080 2806 3119 se
2850 3065 2917 3119 ab
2941 3064 3234 3121 Jerusalem
3269 3065 3477 3121 diffudit
3519 3066 3793 3131 Ecclesia,

2199 3160 2394 3207 etcum
2424 3154 2474 3206 in
2502 3154 2681 3209 Judaca
2703 3163 2859 3224 atque
2885 3156 3122 3211 Samaria
3152 3157 3362 3225 plurimi
3389 3156 3792 3222 credidissent,

2200 3252 2255 3296 et
2281 3243 2331 3296 in
2360 3243 2490 3298 alias
2525 3254 2709 3314 gentes
2734 3245 2863 3299 itum
2894 3255 3012 3314 est,
3036 3248 3113 3301 eis
3141 3247 3586 3302 annuntiantibus
3618 3248 3797 3302 Evan-

2200 3332 2431 3401 gelium,
2480 3348 2612 3402 quos
2664 3336 2809 3403 ipse,
2860 3336 2997 3390 sicut
3049 3336 3363 3403 luminaria,
3409 3345 3466 3392 et
3507 3346 3800 3407 aptaverat

2203 3424 2396 3489 verbo,
2426 3431 2481 3479 et
2527 3425 2840 3480 accenderat
2877 3425 3075 3496 Spiritu
3123 3435 3326 3482 sancto.
3372 3427 3599 3483 Dixerat
3651 3430 3801 3483 enim

2201 3513 2309 3579 eis,
2345 3514 2517 3568 Nolite
2565 3516 2736 3569 timere
2772 3532 2855 3569 eos
2893 3518 2980 3586 qui
3018 3534 3202 3586 corpus
3246 3519 3481 3572 occidunt
3506 3560 3523 3584 ,
3564 3520 3801 3573 animant

2201 3617 2364 3659 autem
2390 3623 2488 3661 non
2514 3619 2719 3677 possunt
2745 3610 2967 3664 occidere
2992 3610 3201 3679 (Matth.
3226 3627 3278 3677 κ,
3306 3611 3426 3677 28).
3454 3611 3561 3679 Qui
3599 3622 3660 3666 ut
3704 3614 3803 3667 fri-

2200 3697 2307 3769 gidi
2329 3699 2517 3754 timore
2541 3714 2647 3754 non
2670 3709 2866 3766 essent,
2886 3701 3003 3771 igne
3023 3701 3296 3758 charitatis
3316 3702 3606 3758 ardebant.
3639 3704 3805 3759 Deni-

2202 3806 2304 3860 que
2335 3806 2429 3861 per
2455 3790 2615 3859 ipsos,
2649 3807 2755 3846 non
2780 3793 2949 3846 solum
2975 3792 3065 3862 qui
3095 3808 3216 3848 eum
3243 3804 3296 3847 et
3321 3803 3447 3848 ante
3474 3795 3800 3864 passionem

2204 3891 2258 3936 et
2285 3890 2405 3952 post
2428 3882 2872 3937 resurrectionem
2904 3883 3145 3938 viderant
3174 3894 3228 3939 et
3249 3884 3571 3949 audierant,
3605 3901 3803 3939 verum

2202 3977 2361 4030 etiam
2398 3988 2515 4045 post
2549 3975 2750 4031 obitum
2779 3991 2962 4031 eorum
2993 3992 3088 4045 per
3120 3986 3365 4048 posteros
3396 3992 3593 4032 eorum
3613 4020 3628 4039 .
3660 3980 3808 4032 inter

2202 4066 2495 4122 horrendas
2518 4068 2909 4136 persecutiones
2933 4076 2988 4122 et
3018 4069 3195 4122 varios
3213 4069 3482 4122 cruciatus
3512 4083 3581 4123 ac
3608 4066 3805 4123 funera

2206 4168 2496 4229 martyrum
2543 4159 2885 4227 praedicatum
2947 4168 3030 4214 est
3077 4168 3188 4214 toto
3231 4159 3362 4214 orbe
3403 4160 3806 4229 Evangelium.

2203 4261 2536 4307 eontestante
2582 4252 2691 4306 Deo
2731 4251 2899 4321 signis
2920 4292 2935 4316 ,
2966 4262 3020 4306 et
3059 4252 3284 4306 ostentis
3304 4291 3319 4317 ,
3351 4261 3405 4306 et
3431 4253 3603 4307 variis
3634 4254 3807 4308 virtu-

2205 4343 2381 4410 tibus,
2408 4351 2460 4397 et
2482 4344 2709 4412 Spiritus
2745 4342 2912 4396 sancti
2954 4342 3302 4397 muneribus:
3337 4348 3398 4395 ut
3425 4337 3610 4413 populi
3661 4353 3807 4408 gen-

2205 4430 2333 4490 tium
2359 4435 2637 4490 credentes
2674 4436 2726 4489 in
2755 4450 2874 4490 eum
2896 4475 2911 4499 ,
2942 4436 3031 4504 qui
3061 4450 3157 4504 pro
3195 4444 3380 4490 eorum
3416 4429 3805 4501 redemptione

2201 4511 2486 4583 cruciﬁius
2512 4536 2592 4581 est
2609 4569 2624 4591 ,
2650 4527 2936 4581 christiano
2958 4541 3139 4581 amore
3166 4532 3558 4577 venerarenlur
3579 4524 3809 4594 sangui-

2204 4632 2327 4672 nem
2369 4608 2659 4687 martyrum
2688 4658 2704 4676 .
2758 4626 2913 4680 quem
2957 4612 3218 4665 diabolico
3264 4610 3445 4666 furore
3496 4611 3805 4678 fuderunt;

2205 4706 2409 4776 ipsique
2443 4718 2595 4774 reges
2617 4743 2633 4769 ,
2663 4716 2887 4772 quorum
2936 4700 3137 4770 legibus
3166 4700 3475 4754 vastabatur
3518 4702 3804 4770 Ecclesia,

2204 4798 2254 4853 ei
2278 4797 2478 4851 nomini
2508 4794 2791 4849 salubriter
2810 4791 3184 4855 subderentur,
3213 4790 3354 4859 quod
3390 4792 3461 4845 de
3499 4800 3651 4846 terra
3682 4809 3811 4846 cru-

2204 4889 2392 4943 deliter
2410 4888 2617 4941 auferre
2641 4884 2812 4940 conati
2845 4891 3004 4948 sunt,
3030 4892 3083 4936 et
3107 4880 3273 4937 falsos
3311 4882 3444 4937 deos
3492 4883 3812 4951 inciperent

2204 4979 2487 5049 persequi,
2516 4991 2741 5047 quorum
2795 4988 2955 5030 causa
3008 4973 3239 5028 cultores
3280 4972 3376 5027 Dei
3415 4975 3534 5028 veri
3584 4974 3815 5029 fuerant

2204 5077 2357 5123 antea
2388 5066 2670 5136 persecuti.

2276 5179 2502 5237 CAPUT
2530 5178 2614 5233 LI.
2641 5208 2713 5219 —
2742 5177 2890 5244 Quod
2915 5177 3065 5230 etiam
3094 5193 3184 5247 per
3209 5177 3570 5232 hwreticorum
3601 5180 3815 5257 dissen-

2540 5271 2704 5323 siones
2732 5268 2856 5336 ﬁdes
2878 5268 3126 5323 catholica
3154 5268 3435 5321 roboretur.

2278 5385 2330 5439 ‘l.
2370 5382 2568 5438 Videns
2590 5388 2763 5434 autem
2783 5378 3021 5433 diabolus
3046 5381 3237 5448 templa
3259 5379 3569 5434 dmmonum
3598 5380 3813 5446 deseri,

2208 5485 2261 5532 et
2287 5477 2341 5529 in
2371 5490 2561 5530 nomen
2594 5474 2863 5528 liberantis
2895 5472 3195 5526 Mediatoris
3221 5487 3440 5527 currere
3478 5489 3659 5542 genus
3705 5475 3815 5527 hu-

2210 5583 2424 5623 manum
2454 5606 2470 5633 ,
2500 5566 2775 5620 litereticos
2803 5565 3008 5631 movit,
3040 5562 3129 5634 qui
3179 5564 3278 5619 sub
3330 5566 3598 5619 vocabulo
3660 5567 3818 5621 chri-

2276 5747 2292 5777 ι
2329 5744 2445 5793 aditi
2467 5743 2661 5802 addunt,
2687 5742 2841 5793 Patris
2862 5720 2939 5790 sui
2962 5756 2975 5792 :
3002 5754 3095 5790 non
3117 5751 3285 5794 autem
3309 5751 3515 5794 veteres
3537 5743 3680 5795 libri.

2276 5809 2311 5873 '_
2329 5813 2379 5856 tu
2401 5815 2504 5857 Mss.
2528 5819 2624 5857 non
2646 5813 2738 5867 est,
2755 5806 2825 5856 vel
2843 5812 3092 5855 momenta.
