  <div class='ocr_page' id='page_1' title='image "/cluster/home/n/w/nwhite01/storage/ocr_20150623/40-41/uc1.31175026811482/101.png"; bbox 0 0 4024 6500; ppageno 0'>
   <div class='ocr_carea' id='block_1_1' title="bbox 538 431 639 488">
    <p class='ocr_par' dir='ltr' id='par_1_1' title="bbox 538 431 639 488">
     <span class='ocr_line' id='line_1_1' title="bbox 538 431 639 488; baseline -0.04 0"><span class='ocrx_word' id='word_1_1' title='bbox 538 431 639 488; x_wconf 73' lang='grc'><strong>187</strong></span> 
     </span>
    </p>
   </div>
   <div class='ocr_carea' id='block_1_2' title="bbox 605 499 2112 603">
    <p class='ocr_par' dir='ltr' id='par_1_2' title="bbox 605 499 2112 603">
     <span class='ocr_line' id='line_1_2' title="bbox 605 499 2112 603; baseline -0.01 -5"><span class='ocrx_word' id='word_1_2' title='bbox 605 542 692 599; x_wconf 88' lang='grc' dir='ltr'><strong>1ο.</strong></span> <span class='ocrx_word' id='word_1_3' title='bbox 724 499 832 597; x_wconf 71' lang='lat' dir='ltr'><strong>Nec</strong></span> <span class='ocrx_word' id='word_1_4' title='bbox 860 538 1012 595; x_wconf 88' lang='lat' dir='ltr'><strong>nobis</strong></span> <span class='ocrx_word' id='word_1_5' title='bbox 1040 536 1201 594; x_wconf 83' lang='lat' dir='ltr'><strong>ﬁdem</strong></span> <span class='ocrx_word' id='word_1_6' title='bbox 1228 535 1383 590; x_wconf 89' lang='lat' dir='ltr'><strong>istam</strong></span> <span class='ocrx_word' id='word_1_7' title='bbox 1413 533 1617 588; x_wconf 87' lang='lat' dir='ltr'><strong>minuat</strong></span> <span class='ocrx_word' id='word_1_8' title='bbox 1639 531 1891 603; x_wconf 71' lang='lat' dir='ltr'><strong>cogitatio</strong></span> <span class='ocrx_word' id='word_1_9' title='bbox 1921 530 2112 584; x_wconf 87' lang='lat' dir='ltr'><strong>mulie-</strong></span> 
     </span>
    </p>
   </div>
   <div class='ocr_carea' id='block_1_3' title="bbox 538 620 2116 698">
    <p class='ocr_par' dir='ltr' id='par_1_3' title="bbox 538 620 2116 698">
     <span class='ocr_line' id='line_1_3' title="bbox 538 620 2116 698; baseline -0.01 -8"><span class='ocrx_word' id='word_1_10' title='bbox 538 637 712 691; x_wconf 81' lang='lat' dir='ltr'><strong>brium</strong></span> <span class='ocrx_word' id='word_1_11' title='bbox 755 634 1051 695; x_wconf 84' lang='lat' dir='ltr'><strong>viscerum,</strong></span> <span class='ocrx_word' id='word_1_12' title='bbox 1104 638 1160 682; x_wconf 92' lang='lat' dir='ltr'><strong>ut</strong></span> <span class='ocrx_word' id='word_1_13' title='bbox 1208 636 1491 698; x_wconf 87' lang='lat' dir='ltr'><strong>prepterea</strong></span> <span class='ocrx_word' id='word_1_14' title='bbox 1531 622 1824 678; x_wconf 89' lang='lat' dir='ltr'><strong>recusanda</strong></span> <span class='ocrx_word' id='word_1_15' title='bbox 1872 620 2116 676; x_wconf 90' lang='lat' dir='ltr'><strong>videatur</strong></span> 
     </span>
    </p>
   </div>
   <div class='ocr_carea' id='block_1_4' title="bbox 539 711 2117 790">
    <p class='ocr_par' dir='ltr' id='par_1_4' title="bbox 539 711 2117 790">
     <span class='ocr_line' id='line_1_4' title="bbox 539 711 2117 790; baseline -0.01 -11"><span class='ocrx_word' id='word_1_16' title='bbox 539 725 656 781; x_wconf 86' lang='lat' dir='ltr'><strong>talis</strong></span> <span class='ocrx_word' id='word_1_17' title='bbox 687 723 896 778; x_wconf 87' lang='lat' dir='ltr'><strong>Domini</strong></span> <span class='ocrx_word' id='word_1_18' title='bbox 926 720 1091 776; x_wconf 91' lang='lat' dir='ltr'><strong>nostri</strong></span> <span class='ocrx_word' id='word_1_19' title='bbox 1117 717 1392 790; x_wconf 92' lang='lat' dir='ltr'><strong>generatio</strong></span> <span class='ocrx_word' id='word_1_20' title='bbox 1411 756 1428 783; x_wconf 96' lang='lat'><strong>,</strong></span> <span class='ocrx_word' id='word_1_21' title='bbox 1464 714 1607 784; x_wconf 88' lang='lat' dir='ltr'><strong>quod</strong></span> <span class='ocrx_word' id='word_1_22' title='bbox 1632 730 1749 769; x_wconf 91' lang='lat' dir='ltr'><strong>eam</strong></span> <span class='ocrx_word' id='word_1_23' title='bbox 1776 711 1977 767; x_wconf 84' lang='lat' dir='ltr'><strong>sordidi</strong></span> <span class='ocrx_word' id='word_1_24' title='bbox 2001 726 2117 765; x_wconf 89' lang='lat' dir='ltr'><strong>sor-</strong></span> 
     </span>
    </p>
   </div>
   <div class='ocr_carea' id='block_1_5' title="bbox 535 804 2112 885">
    <p class='ocr_par' dir='ltr' id='par_1_5' title="bbox 535 804 2112 885">
     <span class='ocr_line' id='line_1_5' title="bbox 535 804 2112 885; baseline -0.01 -14"><span class='ocrx_word' id='word_1_25' title='bbox 535 817 712 871; x_wconf 77' lang='lat' dir='ltr'><strong>didam</strong></span> <span class='ocrx_word' id='word_1_26' title='bbox 736 824 941 885; x_wconf 86' lang='lat' dir='ltr'><strong>putant.</strong></span> <span class='ocrx_word' id='word_1_27' title='bbox 969 811 1101 881; x_wconf 84' lang='lat' dir='ltr'><strong>Quia</strong></span> <span class='ocrx_word' id='word_1_28' title='bbox 1130 821 1184 867; x_wconf 88' lang='lat' dir='ltr'><strong>et</strong></span> <span class='ocrx_word' id='word_1_29' title='bbox 1206 811 1412 865; x_wconf 85' lang='lat' dir='ltr'><strong>stultum</strong></span> <span class='ocrx_word' id='word_1_30' title='bbox 1446 807 1541 862; x_wconf 87' lang='lat' dir='ltr'><strong>Dei</strong></span> <span class='ocrx_word' id='word_1_31' title='bbox 1572 807 1850 875; x_wconf 77' lang='lat' dir='ltr'><strong>sapientius</strong></span> <span class='ocrx_word' id='word_1_32' title='bbox 1880 820 1999 860; x_wconf 89' lang='lat' dir='ltr'><strong>esse</strong></span> <span class='ocrx_word' id='word_1_33' title='bbox 2022 804 2112 856; x_wconf 85' lang='lat' dir='ltr'><strong>ho-</strong></span> 
     </span>
    </p>
   </div>
   <div class='ocr_carea' id='block_1_6' title="bbox 538 897 2114 980">
    <p class='ocr_par' dir='ltr' id='par_1_6' title="bbox 538 897 2114 980">
     <span class='ocr_line' id='line_1_6' title="bbox 538 897 2114 980; baseline -0.008 -18"><span class='ocrx_word' id='word_1_34' title='bbox 538 909 751 962; x_wconf 88' lang='lat' dir='ltr'><strong>minibus</strong></span> <span class='ocrx_word' id='word_1_35' title='bbox 778 907 826 980; x_wconf 91' lang='lat' dir='ltr'><strong>(l</strong></span> <span class='ocrx_word' id='word_1_36' title='bbox 854 905 971 963; x_wconf 89' lang='lat' dir='ltr'><strong>Cor.</strong></span> <span class='ocrx_word' id='word_1_37' title='bbox 1000 922 1051 973; x_wconf 85' lang='lat' dir='ltr'><strong>t,</strong></span> <span class='ocrx_word' id='word_1_38' title='bbox 1080 903 1188 960; x_wconf 75' lang='lat'><strong>25)</strong></span> <span class='ocrx_word' id='word_1_39' title='bbox 1208 945 1223 969; x_wconf 89' lang='lat'><strong>,</strong></span> <span class='ocrx_word' id='word_1_40' title='bbox 1247 910 1301 957; x_wconf 88' lang='lat' dir='ltr'><strong>et</strong></span> <span class='ocrx_word' id='word_1_41' title='bbox 1334 902 1502 955; x_wconf 81' lang='lat' dir='ltr'><strong>omnia</strong></span> <span class='ocrx_word' id='word_1_42' title='bbox 1528 900 1716 954; x_wconf 85' lang='lat' dir='ltr'><strong>munda</strong></span> <span class='ocrx_word' id='word_1_43' title='bbox 1746 898 1946 953; x_wconf 84' lang='lat' dir='ltr'><strong>mundis</strong></span> <span class='ocrx_word' id='word_1_44' title='bbox 1972 897 1992 971; x_wconf 89' lang='lat'><strong>(</strong></span> <span class='ocrx_word' id='word_1_45' title='bbox 2014 898 2114 951; x_wconf 84' lang='lat' dir='ltr'><strong>Tit.</strong></span> 
     </span>
    </p>
   </div>
   <div class='ocr_carea' id='block_1_7' title="bbox 539 991 2117 1069">
    <p class='ocr_par' dir='ltr' id='par_1_7' title="bbox 539 991 2117 1069">
     <span class='ocr_line' id='line_1_7' title="bbox 539 991 2117 1069; baseline -0.008 -14"><span class='ocrx_word' id='word_1_46' title='bbox 539 1016 574 1065; x_wconf 84' lang='grc' dir='ltr'><strong>ι,</strong></span> <span class='ocrx_word' id='word_1_47' title='bbox 607 1000 745 1069; x_wconf 82' lang='grc'><strong>15),</strong></span> <span class='ocrx_word' id='word_1_48' title='bbox 776 998 1052 1054; x_wconf 84' lang='lat' dir='ltr'><strong>verissime</strong></span> <span class='ocrx_word' id='word_1_49' title='bbox 1078 996 1367 1067; x_wconf 78' lang='lat' dir='ltr'><strong>Apostolus</strong></span> <span class='ocrx_word' id='word_1_50' title='bbox 1408 992 1554 1047; x_wconf 91' lang='lat' dir='ltr'><strong>dicit.</strong></span> <span class='ocrx_word' id='word_1_51' title='bbox 1585 992 1789 1045; x_wconf 87' lang='lat' dir='ltr'><strong>Debent</strong></span> <span class='ocrx_word' id='word_1_52' title='bbox 1823 992 1979 1060; x_wconf 81' lang='lat' dir='ltr'><strong>igitur</strong></span> <span class='ocrx_word' id='word_1_53' title='bbox 2032 991 2117 1044; x_wconf 90' lang='lat' dir='ltr'><strong>in-</strong></span> 
     </span>
    </p>
   </div>
   <div class='ocr_carea' id='block_1_8' title="bbox 539 1083 2116 1161">
    <p class='ocr_par' dir='ltr' id='par_1_8' title="bbox 539 1083 2116 1161">
     <span class='ocr_line' id='line_1_8' title="bbox 539 1083 2116 1161; baseline -0.006 -15"><span class='ocrx_word' id='word_1_54' title='bbox 539 1093 677 1147; x_wconf 84' lang='lat' dir='ltr'><strong>tueri</strong></span> <span class='ocrx_word' id='word_1_55' title='bbox 698 1134 711 1155; x_wconf 92' lang='lat'><strong>,</strong></span> <span class='ocrx_word' id='word_1_56' title='bbox 738 1091 826 1161; x_wconf 92' lang='lat' dir='ltr'><strong>qui</strong></span> <span class='ocrx_word' id='word_1_57' title='bbox 850 1091 951 1145; x_wconf 92' lang='lat' dir='ltr'><strong>hoc</strong></span> <span class='ocrx_word' id='word_1_58' title='bbox 978 1098 1191 1160; x_wconf 89' lang='lat' dir='ltr'><strong>putant,</strong></span> <span class='ocrx_word' id='word_1_59' title='bbox 1219 1087 1349 1142; x_wconf 89' lang='lat' dir='ltr'><strong>solis</strong></span> <span class='ocrx_word' id='word_1_60' title='bbox 1368 1085 1525 1152; x_wconf 87' lang='lat' dir='ltr'><strong>hujus</strong></span> <span class='ocrx_word' id='word_1_61' title='bbox 1554 1083 1732 1137; x_wconf 87' lang='lat' dir='ltr'><strong>radios</strong></span> <span class='ocrx_word' id='word_1_62' title='bbox 1751 1125 1763 1145; x_wconf 87' lang='lat'><strong><em>.</em></strong></span> <span class='ocrx_word' id='word_1_63' title='bbox 1788 1098 1943 1152; x_wconf 88' lang='lat' dir='ltr'><strong>quem</strong></span> <span class='ocrx_word' id='word_1_64' title='bbox 1971 1090 2116 1137; x_wconf 92' lang='lat' dir='ltr'><strong>certe</strong></span> 
     </span>
    </p>
   </div>
   <div class='ocr_carea' id='block_1_9' title="bbox 539 1174 2115 1251">
    <p class='ocr_par' dir='ltr' id='par_1_9' title="bbox 539 1174 2115 1251">
     <span class='ocr_line' id='line_1_9' title="bbox 539 1174 2115 1251; baseline -0.008 -13"><span class='ocrx_word' id='word_1_65' title='bbox 539 1200 645 1238; x_wconf 91' lang='lat' dir='ltr'><strong>non</strong></span> <span class='ocrx_word' id='word_1_66' title='bbox 696 1193 945 1251; x_wconf 87' lang='lat' dir='ltr'><strong>tanquam</strong></span> <span class='ocrx_word' id='word_1_67' title='bbox 989 1189 1283 1237; x_wconf 84' lang='lat' dir='ltr'><strong>creaturam</strong></span> <span class='ocrx_word' id='word_1_68' title='bbox 1316 1178 1406 1232; x_wconf 87' lang='lat' dir='ltr'><strong>Dei</strong></span> <span class='ocrx_word' id='word_1_69' title='bbox 1448 1176 1679 1239; x_wconf 90' lang='lat' dir='ltr'><strong>laudant,</strong></span> <span class='ocrx_word' id='word_1_70' title='bbox 1721 1174 1815 1229; x_wconf 91' lang='lat' dir='ltr'><strong>sed</strong></span> <span class='ocrx_word' id='word_1_71' title='bbox 1864 1183 2115 1243; x_wconf 89' lang='lat' dir='ltr'><strong>tanquam</strong></span> 
     </span>
    </p>
   </div>
   <div class='ocr_carea' id='block_1_10' title="bbox 538 1267 2119 1345">
    <p class='ocr_par' dir='ltr' id='par_1_10' title="bbox 538 1267 2119 1345">
     <span class='ocr_line' id='line_1_10' title="bbox 538 1267 2119 1345; baseline -0.006 -16"><span class='ocrx_word' id='word_1_72' title='bbox 538 1276 707 1329; x_wconf 86' lang='lat' dir='ltr'><strong>Deum</strong></span> <span class='ocrx_word' id='word_1_73' title='bbox 724 1274 947 1329; x_wconf 89' lang='lat' dir='ltr'><strong>adorant</strong></span> <span class='ocrx_word' id='word_1_74' title='bbox 966 1274 1063 1345; x_wconf 88' lang='lat' dir='ltr'><strong>(a),</strong></span> <span class='ocrx_word' id='word_1_75' title='bbox 1079 1287 1173 1342; x_wconf 91' lang='lat' dir='ltr'><strong>per</strong></span> <span class='ocrx_word' id='word_1_76' title='bbox 1187 1272 1485 1325; x_wconf 84' lang='lat' dir='ltr'><strong>cloacarum</strong></span> <span class='ocrx_word' id='word_1_77' title='bbox 1504 1267 1698 1323; x_wconf 90' lang='lat' dir='ltr'><strong>fetores</strong></span> <span class='ocrx_word' id='word_1_78' title='bbox 1710 1276 1762 1320; x_wconf 91' lang='lat' dir='ltr'><strong>et</strong></span> <span class='ocrx_word' id='word_1_79' title='bbox 1773 1281 2119 1335; x_wconf 84' lang='lat' dir='ltr'><strong>quaecumque</strong></span> 
     </span>
    </p>
   </div>
   <div class='ocr_carea' id='block_1_11' title="bbox 539 1356 2117 1434">
    <p class='ocr_par' dir='ltr' id='par_1_11' title="bbox 539 1356 2117 1434">
     <span class='ocr_line' id='line_1_11' title="bbox 539 1356 2117 1434; baseline -0.006 -15"><span class='ocrx_word' id='word_1_80' title='bbox 539 1366 813 1420; x_wconf 84' lang='lat' dir='ltr'><strong>horribilia</strong></span> <span class='ocrx_word' id='word_1_81' title='bbox 863 1376 1239 1434; x_wconf 74' lang='lat' dir='ltr'><strong>usquequaque</strong></span> <span class='ocrx_word' id='word_1_82' title='bbox 1278 1359 1539 1427; x_wconf 70' lang='lat' dir='ltr'><strong>diffundi,</strong></span> <span class='ocrx_word' id='word_1_83' title='bbox 1581 1366 1636 1412; x_wconf 92' lang='lat' dir='ltr'><strong>et</strong></span> <span class='ocrx_word' id='word_1_84' title='bbox 1680 1359 1732 1411; x_wconf 90' lang='lat' dir='ltr'><strong>in</strong></span> <span class='ocrx_word' id='word_1_85' title='bbox 1772 1358 1856 1411; x_wconf 91' lang='lat' dir='ltr'><strong>his</strong></span> <span class='ocrx_word' id='word_1_86' title='bbox 1903 1356 2117 1426; x_wconf 81' lang='lat' dir='ltr'><strong>Operari</strong></span> 
     </span>
    </p>
   </div>
   <div class='ocr_carea' id='block_1_12' title="bbox 539 1448 2119 1520">
    <p class='ocr_par' dir='ltr' id='par_1_12' title="bbox 539 1448 2119 1520">
     <span class='ocr_line' id='line_1_12' title="bbox 539 1448 2119 1520; baseline -0.006 -9"><span class='ocrx_word' id='word_1_87' title='bbox 539 1456 830 1512; x_wconf 86' lang='lat' dir='ltr'><strong>secundum</strong></span> <span class='ocrx_word' id='word_1_88' title='bbox 885 1467 1125 1509; x_wconf 91' lang='lat' dir='ltr'><strong>naturam</strong></span> <span class='ocrx_word' id='word_1_89' title='bbox 1166 1468 1314 1508; x_wconf 90' lang='lat' dir='ltr'><strong>suam</strong></span> <span class='ocrx_word' id='word_1_90' title='bbox 1343 1493 1358 1520; x_wconf 93' lang='lat'><strong>,</strong></span> <span class='ocrx_word' id='word_1_91' title='bbox 1409 1466 1507 1507; x_wconf 92' lang='lat' dir='ltr'><strong>nec</strong></span> <span class='ocrx_word' id='word_1_92' title='bbox 1552 1460 1727 1504; x_wconf 90' lang='lat' dir='ltr'><strong>tamen</strong></span> <span class='ocrx_word' id='word_1_93' title='bbox 1772 1448 1894 1503; x_wconf 79' lang='lat' dir='ltr'><strong>inde</strong></span> <span class='ocrx_word' id='word_1_94' title='bbox 1942 1448 2119 1518; x_wconf 90' lang='lat' dir='ltr'><strong>aliqua</strong></span> 
     </span>
    </p>
   </div>
   <div class='ocr_carea' id='block_1_13' title="bbox 536 1539 2121 1611">
    <p class='ocr_par' dir='ltr' id='par_1_13' title="bbox 536 1539 2121 1611">
     <span class='ocr_line' id='line_1_13' title="bbox 536 1539 2121 1611; baseline -0.008 -7"><span class='ocrx_word' id='word_1_95' title='bbox 536 1548 987 1604; x_wconf 89' lang='lat' dir='ltr'><strong>contaminatione</strong></span> <span class='ocrx_word' id='word_1_96' title='bbox 1016 1544 1356 1611; x_wconf 89' lang='lat' dir='ltr'><strong>sordeseere,</strong></span> <span class='ocrx_word' id='word_1_97' title='bbox 1384 1558 1503 1598; x_wconf 92' lang='lat' dir='ltr'><strong>cum</strong></span> <span class='ocrx_word' id='word_1_98' title='bbox 1532 1540 1757 1596; x_wconf 87' lang='lat' dir='ltr'><strong>visibilis</strong></span> <span class='ocrx_word' id='word_1_99' title='bbox 1785 1540 1875 1595; x_wconf 89' lang='lat' dir='ltr'><strong>lux</strong></span> <span class='ocrx_word' id='word_1_100' title='bbox 1902 1539 2121 1594; x_wconf 86' lang='lat' dir='ltr'><strong>visibili-</strong></span> 
     </span>
    </p>
   </div>
   <div class='ocr_carea' id='block_1_14' title="bbox 537 1628 2121 1705">
    <p class='ocr_par' dir='ltr' id='par_1_14' title="bbox 537 1628 2121 1705">
     <span class='ocr_line' id='line_1_14' title="bbox 537 1628 2121 1705; baseline -0.006 -9"><span class='ocrx_word' id='word_1_101' title='bbox 537 1641 640 1696; x_wconf 90' lang='lat' dir='ltr'><strong>bus</strong></span> <span class='ocrx_word' id='word_1_102' title='bbox 679 1640 922 1695; x_wconf 89' lang='lat' dir='ltr'><strong>sordibus</strong></span> <span class='ocrx_word' id='word_1_103' title='bbox 970 1640 1040 1693; x_wconf 93' lang='lat' dir='ltr'><strong>sit</strong></span> <span class='ocrx_word' id='word_1_104' title='bbox 1078 1647 1261 1693; x_wconf 90' lang='lat' dir='ltr'><strong>natura</strong></span> <span class='ocrx_word' id='word_1_105' title='bbox 1303 1635 1677 1705; x_wconf 89' lang='lat' dir='ltr'><strong>conjunctior:</strong></span> <span class='ocrx_word' id='word_1_106' title='bbox 1711 1640 1909 1705; x_wconf 90' lang='lat' dir='ltr'><strong>quanto</strong></span> <span class='ocrx_word' id='word_1_107' title='bbox 1942 1628 2121 1686; x_wconf 87' lang='lat' dir='ltr'><strong>minus</strong></span> 
     </span>
    </p>
   </div>
   <div class='ocr_carea' id='block_1_15' title="bbox 538 1727 2122 1802">
    <p class='ocr_par' dir='ltr' id='par_1_15' title="bbox 538 1727 2122 1802">
     <span class='ocr_line' id='line_1_15' title="bbox 538 1727 2122 1802; baseline -0.006 -16"><span class='ocrx_word' id='word_1_108' title='bbox 538 1732 702 1802; x_wconf 80' lang='lat' dir='ltr'><strong>igitur</strong></span> <span class='ocrx_word' id='word_1_109' title='bbox 726 1738 929 1801; x_wconf 82' lang='lat' dir='ltr'><strong>poterat</strong></span> <span class='ocrx_word' id='word_1_110' title='bbox 950 1729 1113 1800; x_wconf 91' lang='lat' dir='ltr'><strong>pollui</strong></span> <span class='ocrx_word' id='word_1_111' title='bbox 1145 1727 1375 1783; x_wconf 85' lang='lat' dir='ltr'><strong>Verbum</strong></span> <span class='ocrx_word' id='word_1_112' title='bbox 1404 1727 1518 1791; x_wconf 89' lang='lat' dir='ltr'><strong>Dei,</strong></span> <span class='ocrx_word' id='word_1_113' title='bbox 1542 1741 1647 1780; x_wconf 93' lang='lat' dir='ltr'><strong>non</strong></span> <span class='ocrx_word' id='word_1_114' title='bbox 1672 1738 1987 1795; x_wconf 91' lang='lat' dir='ltr'><strong>corporeum</strong></span> <span class='ocrx_word' id='word_1_115' title='bbox 2024 1738 2122 1777; x_wconf 89' lang='lat' dir='ltr'><strong>ne-</strong></span> 
     </span>
    </p>
   </div>
   <div class='ocr_carea' id='block_1_16' title="bbox 536 1815 2115 1893">
    <p class='ocr_par' dir='ltr' id='par_1_16' title="bbox 536 1815 2115 1893">
     <span class='ocr_line' id='line_1_16' title="bbox 536 1815 2115 1893; baseline -0.007 -16"><span class='ocrx_word' id='word_1_116' title='bbox 536 1837 642 1893; x_wconf 89' lang='lat' dir='ltr'><strong>que</strong></span> <span class='ocrx_word' id='word_1_117' title='bbox 686 1821 923 1884; x_wconf 89' lang='lat' dir='ltr'><strong>visibile,</strong></span> <span class='ocrx_word' id='word_1_118' title='bbox 971 1820 1040 1874; x_wconf 92' lang='lat' dir='ltr'><strong>de</strong></span> <span class='ocrx_word' id='word_1_119' title='bbox 1101 1818 1331 1874; x_wconf 86' lang='lat' dir='ltr'><strong>femineo</strong></span> <span class='ocrx_word' id='word_1_120' title='bbox 1376 1830 1635 1888; x_wconf 88' lang='lat' dir='ltr'><strong>corpore,</strong></span> <span class='ocrx_word' id='word_1_121' title='bbox 1689 1816 1777 1870; x_wconf 90' lang='lat' dir='ltr'><strong>ubi</strong></span> <span class='ocrx_word' id='word_1_122' title='bbox 1829 1815 2115 1869; x_wconf 86' lang='lat' dir='ltr'><strong>humanam</strong></span> 
     </span>
    </p>
   </div>
   <div class='ocr_carea' id='block_1_17' title="bbox 535 1906 2119 1980">
    <p class='ocr_par' dir='ltr' id='par_1_17' title="bbox 535 1906 2119 1980">
     <span class='ocr_line' id='line_1_17' title="bbox 535 1906 2119 1980; baseline -0.003 -14"><span class='ocrx_word' id='word_1_123' title='bbox 535 1927 751 1967; x_wconf 87' lang='lat' dir='ltr'><strong>carnem</strong></span> <span class='ocrx_word' id='word_1_124' title='bbox 782 1912 1015 1980; x_wconf 86' lang='lat' dir='ltr'><strong>suscepit</strong></span> <span class='ocrx_word' id='word_1_125' title='bbox 1048 1925 1167 1965; x_wconf 92' lang='lat' dir='ltr'><strong>cum</strong></span> <span class='ocrx_word' id='word_1_126' title='bbox 1192 1909 1367 1963; x_wconf 91' lang='lat' dir='ltr'><strong>anima</strong></span> <span class='ocrx_word' id='word_1_127' title='bbox 1392 1917 1446 1963; x_wconf 90' lang='lat' dir='ltr'><strong>et</strong></span> <span class='ocrx_word' id='word_1_128' title='bbox 1466 1908 1653 1978; x_wconf 87' lang='lat' dir='ltr'><strong>spiritu</strong></span> <span class='ocrx_word' id='word_1_129' title='bbox 1673 1948 1689 1974; x_wconf 94' lang='lat'><strong>,</strong></span> <span class='ocrx_word' id='word_1_130' title='bbox 1720 1907 1913 1976; x_wconf 89' lang='lat' dir='ltr'><strong>quibus</strong></span> <span class='ocrx_word' id='word_1_131' title='bbox 1952 1906 2119 1961; x_wconf 88' lang='lat' dir='ltr'><strong>inter-</strong></span> 
     </span>
    </p>
   </div>
   <div class='ocr_carea' id='block_1_18' title="bbox 536 1997 2114 2071">
    <p class='ocr_par' dir='ltr' id='par_1_18' title="bbox 536 1997 2114 2071">
     <span class='ocr_line' id='line_1_18' title="bbox 536 1997 2114 2071; baseline -0.006 -12"><span class='ocrx_word' id='word_1_132' title='bbox 536 2004 869 2062; x_wconf 89' lang='lat' dir='ltr'><strong>venientibus</strong></span> <span class='ocrx_word' id='word_1_133' title='bbox 895 2004 1096 2059; x_wconf 86' lang='lat' dir='ltr'><strong>habitat</strong></span> <span class='ocrx_word' id='word_1_134' title='bbox 1122 2000 1371 2071; x_wconf 76' lang='lat' dir='ltr'><strong>maiestas</strong></span> <span class='ocrx_word' id='word_1_135' title='bbox 1394 1998 1552 2054; x_wconf 84' lang='lat' dir='ltr'><strong>Verbi</strong></span> <span class='ocrx_word' id='word_1_136' title='bbox 1580 1998 1647 2052; x_wconf 89' lang='lat' dir='ltr'><strong>ab</strong></span> <span class='ocrx_word' id='word_1_137' title='bbox 1676 1997 1892 2051; x_wconf 87' lang='lat' dir='ltr'><strong>humani</strong></span> <span class='ocrx_word' id='word_1_138' title='bbox 1920 2011 2114 2065; x_wconf 87' lang='lat' dir='ltr'><strong>corpo-</strong></span> 
     </span>
    </p>
   </div>
   <div class='ocr_carea' id='block_1_19' title="bbox 537 2087 2121 2163">
    <p class='ocr_par' dir='ltr' id='par_1_19' title="bbox 537 2087 2121 2163">
     <span class='ocr_line' id='line_1_19' title="bbox 537 2087 2121 2163; baseline -0.006 -14"><span class='ocrx_word' id='word_1_139' title='bbox 537 2096 617 2151; x_wconf 88' lang='lat' dir='ltr'><strong>ris</strong></span> <span class='ocrx_word' id='word_1_140' title='bbox 650 2093 926 2163; x_wconf 88' lang='lat' dir='ltr'><strong>fragilitate</strong></span> <span class='ocrx_word' id='word_1_141' title='bbox 957 2094 973 2125; x_wconf 84' lang='grc'>¹</span> <span class='ocrx_word' id='word_1_142' title='bbox 1005 2090 1301 2147; x_wconf 81' lang='lat' dir='ltr'><strong>secretius?</strong></span> <span class='ocrx_word' id='word_1_143' title='bbox 1324 2088 1477 2146; x_wconf 87' lang='lat' dir='ltr'><strong>Unde</strong></span> <span class='ocrx_word' id='word_1_144' title='bbox 1501 2087 1839 2142; x_wconf 76' lang='lat' dir='ltr'><strong>manifestum</strong></span> <span class='ocrx_word' id='word_1_145' title='bbox 1865 2096 1949 2142; x_wconf 90' lang='lat' dir='ltr'><strong>est</strong></span> <span class='ocrx_word' id='word_1_146' title='bbox 1974 2088 2121 2141; x_wconf 89' lang='lat' dir='ltr'><strong>nullo</strong></span> 
     </span>
    </p>
   </div>
   <div class='ocr_carea' id='block_1_20' title="bbox 539 2178 2118 2256">
    <p class='ocr_par' dir='ltr' id='par_1_20' title="bbox 539 2178 2118 2256">
     <span class='ocr_line' id='line_1_20' title="bbox 539 2178 2118 2256; baseline -0.007 -14"><span class='ocrx_word' id='word_1_147' title='bbox 539 2186 702 2242; x_wconf 90' lang='lat' dir='ltr'><strong>modo</strong></span> <span class='ocrx_word' id='word_1_148' title='bbox 733 2186 963 2256; x_wconf 85' lang='lat' dir='ltr'><strong>potuisse</strong></span> <span class='ocrx_word' id='word_1_149' title='bbox 988 2182 1220 2239; x_wconf 83' lang='lat' dir='ltr'><strong>Verbum</strong></span> <span class='ocrx_word' id='word_1_150' title='bbox 1253 2182 1348 2237; x_wconf 87' lang='lat' dir='ltr'><strong>Dei</strong></span> <span class='ocrx_word' id='word_1_151' title='bbox 1375 2180 1630 2235; x_wconf 88' lang='lat' dir='ltr'><strong>maculari</strong></span> <span class='ocrx_word' id='word_1_152' title='bbox 1659 2178 1891 2233; x_wconf 87' lang='lat' dir='ltr'><strong>humano</strong></span> <span class='ocrx_word' id='word_1_153' title='bbox 1925 2193 2118 2247; x_wconf 87' lang='lat' dir='ltr'><strong>corpo-</strong></span> 
     </span>
    </p>
   </div>
   <div class='ocr_carea' id='block_1_21' title="bbox 541 2269 2120 2346">
    <p class='ocr_par' dir='ltr' id='par_1_21' title="bbox 541 2269 2120 2346">
     <span class='ocr_line' id='line_1_21' title="bbox 541 2269 2120 2346; baseline -0.005 -15"><span class='ocrx_word' id='word_1_154' title='bbox 541 2293 619 2341; x_wconf 89' lang='lat' dir='ltr'><strong>re,</strong></span> <span class='ocrx_word' id='word_1_155' title='bbox 649 2291 755 2346; x_wconf 93' lang='lat' dir='ltr'><strong>quo</strong></span> <span class='ocrx_word' id='word_1_156' title='bbox 780 2290 877 2331; x_wconf 89' lang='lat' dir='ltr'><strong>nec</strong></span> <span class='ocrx_word' id='word_1_157' title='bbox 915 2276 1025 2344; x_wconf 90' lang='lat' dir='ltr'><strong>ipsa</strong></span> <span class='ocrx_word' id='word_1_158' title='bbox 1062 2274 1237 2327; x_wconf 92' lang='lat' dir='ltr'><strong>anima</strong></span> <span class='ocrx_word' id='word_1_159' title='bbox 1282 2272 1509 2326; x_wconf 90' lang='lat' dir='ltr'><strong>humana</strong></span> <span class='ocrx_word' id='word_1_160' title='bbox 1554 2271 1811 2325; x_wconf 90' lang='lat' dir='ltr'><strong>maculata</strong></span> <span class='ocrx_word' id='word_1_161' title='bbox 1857 2279 1957 2325; x_wconf 90' lang='lat' dir='ltr'><strong>est.</strong></span> <span class='ocrx_word' id='word_1_162' title='bbox 2004 2269 2120 2324; x_wconf 83' lang='lat' dir='ltr'><strong>Non</strong></span> 
     </span>
    </p>
   </div>
   <div class='ocr_carea' id='block_1_22' title="bbox 537 2362 2122 2437">
    <p class='ocr_par' dir='ltr' id='par_1_22' title="bbox 537 2362 2122 2437">
     <span class='ocr_line' id='line_1_22' title="bbox 537 2362 2122 2437; baseline -0.004 -16"><span class='ocrx_word' id='word_1_163' title='bbox 537 2368 682 2423; x_wconf 90' lang='lat' dir='ltr'><strong>enim</strong></span> <span class='ocrx_word' id='word_1_164' title='bbox 713 2382 833 2421; x_wconf 91' lang='lat' dir='ltr'><strong>cum</strong></span> <span class='ocrx_word' id='word_1_165' title='bbox 864 2367 998 2437; x_wconf 89' lang='lat' dir='ltr'><strong>regit</strong></span> <span class='ocrx_word' id='word_1_166' title='bbox 1035 2380 1228 2434; x_wconf 88' lang='lat' dir='ltr'><strong>corpus</strong></span> <span class='ocrx_word' id='word_1_167' title='bbox 1252 2372 1411 2434; x_wconf 91' lang='lat' dir='ltr'><strong>atque</strong></span> <span class='ocrx_word' id='word_1_168' title='bbox 1437 2362 1696 2429; x_wconf 88' lang='lat' dir='ltr'><strong>viviﬁcat,</strong></span> <span class='ocrx_word' id='word_1_169' title='bbox 1724 2362 1817 2417; x_wconf 90' lang='lat' dir='ltr'><strong>sed</strong></span> <span class='ocrx_word' id='word_1_170' title='bbox 1844 2378 1963 2417; x_wconf 91' lang='lat' dir='ltr'><strong>cum</strong></span> <span class='ocrx_word' id='word_1_171' title='bbox 2005 2363 2122 2429; x_wconf 87' lang='lat' dir='ltr'><strong>ejus</strong></span> 
     </span>
    </p>
   </div>
   <div class='ocr_carea' id='block_1_23' title="bbox 536 2454 2123 2524">
    <p class='ocr_par' dir='ltr' id='par_1_23' title="bbox 536 2454 2123 2524">
     <span class='ocr_line' id='line_1_23' title="bbox 536 2454 2123 2524; baseline -0.004 -10"><span class='ocrx_word' id='word_1_172' title='bbox 536 2459 677 2514; x_wconf 85' lang='lat' dir='ltr'><strong>bona</strong></span> <span class='ocrx_word' id='word_1_173' title='bbox 714 2457 953 2511; x_wconf 82' lang='lat' dir='ltr'><strong>mortalia</strong></span> <span class='ocrx_word' id='word_1_174' title='bbox 982 2455 1340 2524; x_wconf 85' lang='lat' dir='ltr'><strong>concupiscit,</strong></span> <span class='ocrx_word' id='word_1_175' title='bbox 1371 2454 1440 2510; x_wconf 92' lang='lat' dir='ltr'><strong>de</strong></span> <span class='ocrx_word' id='word_1_176' title='bbox 1472 2469 1697 2524; x_wconf 91' lang='lat' dir='ltr'><strong>corpore</strong></span> <span class='ocrx_word' id='word_1_177' title='bbox 1725 2454 1901 2508; x_wconf 88' lang='lat' dir='ltr'><strong>anima</strong></span> <span class='ocrx_word' id='word_1_178' title='bbox 1938 2469 2123 2508; x_wconf 91' lang='lat' dir='ltr'><strong>macu-</strong></span> 
     </span>
    </p>
   </div>
   <div class='ocr_carea' id='block_1_24' title="bbox 537 2543 2125 2615">
    <p class='ocr_par' dir='ltr' id='par_1_24' title="bbox 537 2543 2125 2615">
     <span class='ocr_line' id='line_1_24' title="bbox 537 2543 2125 2615; baseline -0.003 -10"><span class='ocrx_word' id='word_1_179' title='bbox 537 2551 694 2605; x_wconf 90' lang='lat' dir='ltr'><strong>latur.</strong></span> <span class='ocrx_word' id='word_1_180' title='bbox 723 2547 874 2615; x_wconf 87' lang='lat' dir='ltr'><strong>Quod</strong></span> <span class='ocrx_word' id='word_1_181' title='bbox 916 2549 958 2602; x_wconf 90' lang='lat' dir='ltr'><strong>si</strong></span> <span class='ocrx_word' id='word_1_182' title='bbox 986 2547 1176 2601; x_wconf 76' lang='lat' dir='ltr'><strong>anima:</strong></span> <span class='ocrx_word' id='word_1_183' title='bbox 1202 2546 1437 2601; x_wconf 88' lang='lat' dir='ltr'><strong>maculas</strong></span> <span class='ocrx_word' id='word_1_184' title='bbox 1469 2546 1543 2599; x_wconf 92' lang='lat' dir='ltr'><strong>illi</strong></span> <span class='ocrx_word' id='word_1_185' title='bbox 1574 2545 1739 2600; x_wconf 88' lang='lat' dir='ltr'><strong>vitare</strong></span> <span class='ocrx_word' id='word_1_186' title='bbox 1764 2545 1980 2611; x_wconf 86' lang='lat' dir='ltr'><strong>vellent,</strong></span> <span class='ocrx_word' id='word_1_187' title='bbox 2009 2543 2125 2600; x_wconf 66' lang='lat' dir='ltr'><strong>hzec</strong></span> 
     </span>
    </p>
   </div>
   <div class='ocr_carea' id='block_1_25' title="bbox 537 2638 1808 2711">
    <p class='ocr_par' dir='ltr' id='par_1_25' title="bbox 537 2638 1808 2711">
     <span class='ocr_line' id='line_1_25' title="bbox 537 2638 1808 2711; baseline -0.004 -14"><span class='ocrx_word' id='word_1_188' title='bbox 537 2642 812 2697; x_wconf 89' lang='lat' dir='ltr'><strong>mendacia</strong></span> <span class='ocrx_word' id='word_1_189' title='bbox 845 2642 1017 2711; x_wconf 90' lang='lat' dir='ltr'><strong>potius</strong></span> <span class='ocrx_word' id='word_1_190' title='bbox 1048 2649 1102 2696; x_wconf 92' lang='lat' dir='ltr'><strong>et</strong></span> <span class='ocrx_word' id='word_1_191' title='bbox 1127 2638 1399 2709; x_wconf 88' lang='lat' dir='ltr'><strong>sacrilegia</strong></span> <span class='ocrx_word' id='word_1_192' title='bbox 1443 2638 1808 2694; x_wconf 82' lang='lat' dir='ltr'><strong>formidarent.</strong></span> 
     </span>
    </p>
   </div>
   <div class='ocr_carea' id='block_1_26' title="bbox 606 2731 2122 2803">
    <p class='ocr_par' dir='ltr' id='par_1_26' title="bbox 606 2731 2122 2803">
     <span class='ocr_line' id='line_1_26' title="bbox 606 2731 2122 2803; baseline -0.002 -13"><span class='ocrx_word' id='word_1_193' title='bbox 606 2734 833 2791; x_wconf 81' lang='lat' dir='ltr'><strong>CAPUT</strong></span> <span class='ocrx_word' id='word_1_194' title='bbox 871 2733 1131 2789; x_wconf 84' lang='lat' dir='ltr'><strong>V.—H.</strong></span> <span class='ocrx_word' id='word_1_195' title='bbox 1172 2732 1354 2787; x_wconf 88' lang='lat' dir='ltr'><strong>Passio</strong></span> <span class='ocrx_word' id='word_1_196' title='bbox 1397 2731 1584 2786; x_wconf 76' lang='lat' dir='ltr'><strong>Christi</strong></span> <span class='ocrx_word' id='word_1_197' title='bbox 1630 2743 1676 2786; x_wconf 87' lang='lat' dir='ltr'><strong>et</strong></span> <span class='ocrx_word' id='word_1_198' title='bbox 1714 2732 1992 2803; x_wconf 76' lang='lat' dir='ltr'><strong>sepultura.</strong></span> <span class='ocrx_word' id='word_1_199' title='bbox 2026 2734 2122 2787; x_wconf 84' lang='lat' dir='ltr'><strong>Re-</strong></span> 
     </span>
    </p>
   </div>
   <div class='ocr_carea' id='block_1_27' title="bbox 535 2824 2122 2893">
    <p class='ocr_par' dir='ltr' id='par_1_27' title="bbox 535 2824 2122 2893">
     <span class='ocr_line' id='line_1_27' title="bbox 535 2824 2122 2893; baseline -0.001 -12"><span class='ocrx_word' id='word_1_200' title='bbox 535 2827 778 2881; x_wconf 83' lang='lat' dir='ltr'><strong>surrectio</strong></span> <span class='ocrx_word' id='word_1_201' title='bbox 826 2824 1033 2881; x_wconf 80' lang='lat' dir='ltr'><strong>Christi.</strong></span> <span class='ocrx_word' id='word_1_202' title='bbox 1075 2824 1180 2881; x_wconf 88' lang='lat' dir='ltr'><strong>Sed</strong></span> <span class='ocrx_word' id='word_1_203' title='bbox 1220 2839 1378 2893; x_wconf 87' lang='lat' dir='ltr'><strong>parva</strong></span> <span class='ocrx_word' id='word_1_204' title='bbox 1417 2832 1534 2879; x_wconf 90' lang='lat' dir='ltr'><strong>erat</strong></span> <span class='ocrx_word' id='word_1_205' title='bbox 1583 2840 1677 2893; x_wconf 90' lang='lat' dir='ltr'><strong>pro</strong></span> <span class='ocrx_word' id='word_1_206' title='bbox 1720 2824 1875 2880; x_wconf 87' lang='lat' dir='ltr'><strong>nobis</strong></span> <span class='ocrx_word' id='word_1_207' title='bbox 1914 2825 2122 2879; x_wconf 87' lang='lat' dir='ltr'><strong>Domini</strong></span> 
     </span>
    </p>
   </div>
   <div class='ocr_carea' id='block_1_28' title="bbox 536 2915 2125 2974">
    <p class='ocr_par' dir='ltr' id='par_1_28' title="bbox 536 2915 2125 2974">
     <span class='ocr_line' id='line_1_28' title="bbox 536 2915 2125 2974; baseline 0 -2"><span class='ocrx_word' id='word_1_208' title='bbox 536 2919 706 2974; x_wconf 85' lang='lat' dir='ltr'><strong>nostri</strong></span> <span class='ocrx_word' id='word_1_209' title='bbox 738 2918 1005 2972; x_wconf 82' lang='lat' dir='ltr'><strong>humilitas</strong></span> <span class='ocrx_word' id='word_1_210' title='bbox 1042 2917 1093 2971; x_wconf 93' lang='lat' dir='ltr'><strong>in</strong></span> <span class='ocrx_word' id='word_1_211' title='bbox 1131 2915 1399 2970; x_wconf 90' lang='lat' dir='ltr'><strong>nascendo</strong></span> <span class='ocrx_word' id='word_1_212' title='bbox 1428 2916 1689 2970; x_wconf 89' lang='lat' dir='ltr'><strong>:accessit</strong></span> <span class='ocrx_word' id='word_1_213' title='bbox 1714 2917 1871 2971; x_wconf 90' lang='lat' dir='ltr'><strong>etiam</strong></span> <span class='ocrx_word' id='word_1_214' title='bbox 1904 2927 1960 2971; x_wconf 91' lang='lat' dir='ltr'><strong>ut</strong></span> <span class='ocrx_word' id='word_1_215' title='bbox 1989 2917 2125 2972; x_wconf 90' lang='lat' dir='ltr'><strong>mori</strong></span> 
     </span>
    </p>
   </div>
   <div class='ocr_carea' id='block_1_29' title="bbox 538 3004 2125 3081">
    <p class='ocr_par' dir='ltr' id='par_1_29' title="bbox 538 3004 2125 3081">
     <span class='ocr_line' id='line_1_29' title="bbox 538 3004 2125 3081; baseline 0 -18"><span class='ocrx_word' id='word_1_216' title='bbox 538 3025 636 3079; x_wconf 90' lang='lat' dir='ltr'><strong>pro</strong></span> <span class='ocrx_word' id='word_1_217' title='bbox 661 3008 975 3062; x_wconf 90' lang='lat' dir='ltr'><strong>mortalibus</strong></span> <span class='ocrx_word' id='word_1_218' title='bbox 1000 3007 1333 3076; x_wconf 80' lang='lat' dir='ltr'><strong>dignaretur.</strong></span> <span class='ocrx_word' id='word_1_219' title='bbox 1361 3004 1660 3060; x_wconf 83' lang='lat' dir='ltr'><strong>Humiliauit</strong></span> <span class='ocrx_word' id='word_1_220' title='bbox 1683 3007 1823 3062; x_wconf 91' lang='lat' dir='ltr'><strong>enim</strong></span> <span class='ocrx_word' id='word_1_221' title='bbox 1851 3025 1923 3073; x_wconf 87' lang='lat' dir='ltr'><strong>se,</strong></span> <span class='ocrx_word' id='word_1_222' title='bbox 1963 3012 2125 3081; x_wconf 81' lang='lat' dir='ltr'><strong>[actus</strong></span> 
     </span>
    </p>
   </div>
   <div class='ocr_carea' id='block_1_30' title="bbox 539 3098 2145 3174">
    <p class='ocr_par' dir='ltr' id='par_1_30' title="bbox 539 3098 2145 3174">
     <span class='ocr_line' id='line_1_30' title="bbox 539 3098 2145 3174; baseline 0.001 -20"><span class='ocrx_word' id='word_1_223' title='bbox 539 3100 767 3154; x_wconf 82' lang='lat' dir='ltr'><strong>subditus</strong></span> <span class='ocrx_word' id='word_1_224' title='bbox 796 3115 951 3171; x_wconf 86' lang='lat' dir='ltr'><strong>usque</strong></span> <span class='ocrx_word' id='word_1_225' title='bbox 987 3098 1054 3151; x_wconf 85' lang='lat' dir='ltr'><strong>ad</strong></span> <span class='ocrx_word' id='word_1_226' title='bbox 1092 3108 1299 3152; x_wconf 83' lang='lat' dir='ltr'><strong>mortem</strong></span> <span class='ocrx_word' id='word_1_227' title='bbox 1318 3138 1334 3165; x_wconf 95' lang='lat'><strong>,</strong></span> <span class='ocrx_word' id='word_1_228' title='bbox 1361 3107 1572 3151; x_wconf 83' lang='lat' dir='ltr'><strong>mortem</strong></span> <span class='ocrx_word' id='word_1_229' title='bbox 1595 3108 1763 3152; x_wconf 86' lang='lat' dir='ltr'><strong>autem</strong></span> <span class='ocrx_word' id='word_1_230' title='bbox 1795 3100 1956 3155; x_wconf 87' lang='lat' dir='ltr'><strong>crucis</strong></span> <span class='ocrx_word' id='word_1_231' title='bbox 1980 3099 2145 3174; x_wconf 81' lang='lat' dir='ltr'><strong>(Plti-t</strong></span> 
     </span>
    </p>
   </div>
   <div class='ocr_carea' id='block_1_31' title="bbox 540 3188 2121 3261">
    <p class='ocr_par' dir='ltr' id='par_1_31' title="bbox 540 3188 2121 3261">
     <span class='ocr_line' id='line_1_31' title="bbox 540 3188 2121 3261; baseline 0.002 -17"><span class='ocrx_word' id='word_1_232' title='bbox 540 3189 668 3260; x_wconf 82' lang='lat' dir='ltr'><strong>lipp.</strong></span> <span class='ocrx_word' id='word_1_233' title='bbox 712 3204 769 3253; x_wconf 83' lang='lat' dir='ltr'><strong>ll,</strong></span> <span class='ocrx_word' id='word_1_234' title='bbox 802 3188 867 3261; x_wconf 90' lang='grc'><strong>8)</strong></span> <span class='ocrx_word' id='word_1_235' title='bbox 896 3206 910 3251; x_wconf 88' lang='lat'><strong>;</strong></span> <span class='ocrx_word' id='word_1_236' title='bbox 942 3204 1008 3245; x_wconf 91' lang='lat' dir='ltr'><strong>ne</strong></span> <span class='ocrx_word' id='word_1_237' title='bbox 1044 3188 1324 3259; x_wconf 90' lang='lat' dir='ltr'><strong>quisquam</strong></span> <span class='ocrx_word' id='word_1_238' title='bbox 1352 3197 1593 3243; x_wconf 89' lang='lat' dir='ltr'><strong>nostrum</strong></span> <span class='ocrx_word' id='word_1_239' title='bbox 1637 3190 1844 3245; x_wconf 91' lang='lat' dir='ltr'><strong>etiamsi</strong></span> <span class='ocrx_word' id='word_1_240' title='bbox 1894 3201 2121 3247; x_wconf 89' lang='lat' dir='ltr'><strong>mortem</strong></span> 
     </span>
    </p>
   </div>
   <div class='ocr_carea' id='block_1_32' title="bbox 539 3280 2126 3352">
    <p class='ocr_par' dir='ltr' id='par_1_32' title="bbox 539 3280 2126 3352">
     <span class='ocr_line' id='line_1_32' title="bbox 539 3280 2126 3352; baseline 0.001 -13"><span class='ocrx_word' id='word_1_241' title='bbox 539 3290 721 3352; x_wconf 83' lang='lat' dir='ltr'><strong>posset</strong></span> <span class='ocrx_word' id='word_1_242' title='bbox 737 3296 840 3336; x_wconf 92' lang='lat' dir='ltr'><strong>non</strong></span> <span class='ocrx_word' id='word_1_243' title='bbox 865 3281 1067 3343; x_wconf 88' lang='lat' dir='ltr'><strong>timere,</strong></span> <span class='ocrx_word' id='word_1_244' title='bbox 1087 3280 1295 3351; x_wconf 89' lang='lat' dir='ltr'><strong>aliquod</strong></span> <span class='ocrx_word' id='word_1_245' title='bbox 1313 3296 1477 3352; x_wconf 84' lang='lat' dir='ltr'><strong>genus</strong></span> <span class='ocrx_word' id='word_1_246' title='bbox 1496 3283 1702 3349; x_wconf 91' lang='lat' dir='ltr'><strong>mortis,</strong></span> <span class='ocrx_word' id='word_1_247' title='bbox 1724 3282 1865 3352; x_wconf 93' lang='lat' dir='ltr'><strong>quod</strong></span> <span class='ocrx_word' id='word_1_248' title='bbox 1884 3283 2126 3340; x_wconf 86' lang='lat' dir='ltr'><strong>homines</strong></span> 
     </span>
    </p>
   </div>
   <div class='ocr_carea' id='block_1_33' title="bbox 540 3372 2126 3443">
    <p class='ocr_par' dir='ltr' id='par_1_33' title="bbox 540 3372 2126 3443">
     <span class='ocr_line' id='line_1_33' title="bbox 540 3372 2126 3443; baseline 0.003 -16"><span class='ocrx_word' id='word_1_249' title='bbox 540 3372 1099 3443; x_wconf 91' lang='lat' dir='ltr'><strong>ignominiosissimum</strong></span> <span class='ocrx_word' id='word_1_250' title='bbox 1138 3372 1500 3438; x_wconf 84' lang='lat' dir='ltr'><strong>arbitrantur,</strong></span> <span class='ocrx_word' id='word_1_251' title='bbox 1548 3372 1806 3429; x_wconf 84' lang='lat' dir='ltr'><strong>horreret.</strong></span> <span class='ocrx_word' id='word_1_252' title='bbox 1848 3374 2126 3431; x_wconf 86' lang='lat' dir='ltr'><strong>Credimus</strong></span> 
     </span>
    </p>
   </div>
   <div class='ocr_carea' id='block_1_34' title="bbox 540 3463 2122 3535">
    <p class='ocr_par' dir='ltr' id='par_1_34' title="bbox 540 3463 2122 3535">
     <span class='ocr_line' id='line_1_34' title="bbox 540 3463 2122 3535; baseline 0.002 -17"><span class='ocrx_word' id='word_1_253' title='bbox 540 3464 721 3535; x_wconf 90' lang='lat' dir='ltr'><strong>itaque</strong></span> <span class='ocrx_word' id='word_1_254' title='bbox 746 3464 799 3517; x_wconf 93' lang='lat' dir='ltr'><strong>in</strong></span> <span class='ocrx_word' id='word_1_255' title='bbox 837 3478 958 3518; x_wconf 90' lang='lat' dir='ltr'><strong>eum</strong></span> <span class='ocrx_word' id='word_1_256' title='bbox 996 3463 1083 3534; x_wconf 93' lang='lat' dir='ltr'><strong>qui</strong></span> <span class='ocrx_word' id='word_1_257' title='bbox 1110 3464 1209 3519; x_wconf 91' lang='lat' dir='ltr'><strong>sub</strong></span> <span class='ocrx_word' id='word_1_258' title='bbox 1263 3463 1454 3518; x_wconf 91' lang='lat' dir='ltr'><strong>Pontio</strong></span> <span class='ocrx_word' id='word_1_259' title='bbox 1484 3463 1654 3518; x_wconf 83' lang='lat' dir='ltr'><strong>Pilato</strong></span> <span class='ocrx_word' id='word_1_260' title='bbox 1695 3465 1977 3521; x_wconf 82' lang='lat' dir='ltr'><strong>cruciﬁxus</strong></span> <span class='ocrx_word' id='word_1_261' title='bbox 2005 3475 2122 3535; x_wconf 89' lang='lat' dir='ltr'><strong>est,</strong></span> 
     </span>
    </p>
   </div>
   <div class='ocr_carea' id='block_1_35' title="bbox 540 3554 2120 3625">
    <p class='ocr_par' dir='ltr' id='par_1_35' title="bbox 540 3554 2120 3625">
     <span class='ocr_line' id='line_1_35' title="bbox 540 3554 2120 3625; baseline 0 -15"><span class='ocrx_word' id='word_1_262' title='bbox 540 3564 596 3610; x_wconf 92' lang='lat' dir='ltr'><strong>et</strong></span> <span class='ocrx_word' id='word_1_263' title='bbox 646 3554 903 3624; x_wconf 89' lang='lat' dir='ltr'><strong>sepultus.</strong></span> <span class='ocrx_word' id='word_1_264' title='bbox 943 3554 1257 3610; x_wconf 84' lang='lat' dir='ltr'><strong>Addendum</strong></span> <span class='ocrx_word' id='word_1_265' title='bbox 1302 3555 1445 3609; x_wconf 91' lang='lat' dir='ltr'><strong>enim</strong></span> <span class='ocrx_word' id='word_1_266' title='bbox 1483 3562 1597 3609; x_wconf 91' lang='lat' dir='ltr'><strong>erat</strong></span> <span class='ocrx_word' id='word_1_267' title='bbox 1632 3554 1829 3625; x_wconf 89' lang='lat' dir='ltr'><strong>judicis</strong></span> <span class='ocrx_word' id='word_1_268' title='bbox 1890 3573 2120 3624; x_wconf 86' lang='lat' dir='ltr'><strong>nomen,</strong></span> 
     </span>
    </p>
   </div>
   <div class='ocr_carea' id='block_1_36' title="bbox 543 3644 2126 3716">
    <p class='ocr_par' dir='ltr' id='par_1_36' title="bbox 543 3644 2126 3716">
     <span class='ocr_line' id='line_1_36' title="bbox 543 3644 2126 3716; baseline 0.003 -18"><span class='ocrx_word' id='word_1_269' title='bbox 543 3654 762 3715; x_wconf 84' lang='lat' dir='ltr'><strong>propter</strong></span> <span class='ocrx_word' id='word_1_270' title='bbox 807 3655 1100 3716; x_wconf 90' lang='lat' dir='ltr'><strong>temporum</strong></span> <span class='ocrx_word' id='word_1_271' title='bbox 1135 3646 1513 3716; x_wconf 78' lang='lat' dir='ltr'><strong>cognitionem.</strong></span> <span class='ocrx_word' id='word_1_272' title='bbox 1552 3644 1835 3715; x_wconf 91' lang='lat' dir='ltr'><strong>Sepultura</strong></span> <span class='ocrx_word' id='word_1_273' title='bbox 1875 3663 2001 3702; x_wconf 90' lang='lat' dir='ltr'><strong>vero</strong></span> <span class='ocrx_word' id='word_1_274' title='bbox 2041 3649 2126 3703; x_wconf 91' lang='lat' dir='ltr'><strong>illa</strong></span> 
     </span>
    </p>
   </div>
   <div class='ocr_carea' id='block_1_37' title="bbox 540 3736 2125 3809">
    <p class='ocr_par' dir='ltr' id='par_1_37' title="bbox 540 3736 2125 3809">
     <span class='ocr_line' id='line_1_37' title="bbox 540 3736 2125 3809; baseline 0.003 -18"><span class='ocrx_word' id='word_1_275' title='bbox 540 3751 661 3791; x_wconf 89' lang='lat' dir='ltr'><strong>cum</strong></span> <span class='ocrx_word' id='word_1_276' title='bbox 683 3736 915 3791; x_wconf 86' lang='lat' dir='ltr'><strong>creditur</strong></span> <span class='ocrx_word' id='word_1_277' title='bbox 935 3778 949 3803; x_wconf 96' lang='lat'><strong>,</strong></span> <span class='ocrx_word' id='word_1_278' title='bbox 981 3737 1039 3791; x_wconf 89' lang='lat' dir='ltr'><strong>ﬁt</strong></span> <span class='ocrx_word' id='word_1_279' title='bbox 1076 3736 1375 3792; x_wconf 87' lang='lat' dir='ltr'><strong>recordatio</strong></span> <span class='ocrx_word' id='word_1_280' title='bbox 1400 3737 1522 3790; x_wconf 88' lang='lat' dir='ltr'><strong>novi</strong></span> <span class='ocrx_word' id='word_1_281' title='bbox 1551 3738 1885 3793; x_wconf 90' lang='lat' dir='ltr'><strong>monumenti</strong></span> <span class='ocrx_word' id='word_1_282' title='bbox 1910 3741 1951 3803; x_wconf 88' lang='grc'><strong>¹,</strong></span> <span class='ocrx_word' id='word_1_283' title='bbox 1980 3740 2125 3809; x_wconf 90' lang='lat' dir='ltr'><strong>quod</strong></span> 
     </span>
    </p>
   </div>
   <div class='ocr_carea' id='block_1_38' title="bbox 542 3828 2126 3898">
    <p class='ocr_par' dir='ltr' id='par_1_38' title="bbox 542 3828 2126 3898">
     <span class='ocr_line' id='line_1_38' title="bbox 542 3828 2126 3898; baseline 0.003 -18"><span class='ocrx_word' id='word_1_284' title='bbox 542 3838 909 3883; x_wconf 88' lang='lat' dir='ltr'><strong>resurrecturo</strong></span> <span class='ocrx_word' id='word_1_285' title='bbox 959 3828 1025 3883; x_wconf 91' lang='lat' dir='ltr'><strong>ad</strong></span> <span class='ocrx_word' id='word_1_286' title='bbox 1073 3829 1195 3883; x_wconf 62' lang='lat' dir='ltr'><strong>vita;</strong></span> <span class='ocrx_word' id='word_1_287' title='bbox 1240 3829 1527 3883; x_wconf 83' lang='lat' dir='ltr'><strong>novitatem</strong></span> <span class='ocrx_word' id='word_1_288' title='bbox 1569 3830 1835 3898; x_wconf 84' lang='lat' dir='ltr'><strong>praeberet</strong></span> <span class='ocrx_word' id='word_1_289' title='bbox 1874 3832 2126 3885; x_wconf 90' lang='lat' dir='ltr'><strong>testimo-</strong></span> 
     </span>
    </p>
   </div>
   <div class='ocr_carea' id='block_1_39' title="bbox 541 3920 2129 3992">
    <p class='ocr_par' dir='ltr' id='par_1_39' title="bbox 541 3920 2129 3992">
     <span class='ocr_line' id='line_1_39' title="bbox 541 3920 2129 3992; baseline 0.004 -19"><span class='ocrx_word' id='word_1_290' title='bbox 541 3920 717 3987; x_wconf 91' lang='lat' dir='ltr'><strong>nium,</strong></span> <span class='ocrx_word' id='word_1_291' title='bbox 752 3921 889 3976; x_wconf 90' lang='lat' dir='ltr'><strong>sicut</strong></span> <span class='ocrx_word' id='word_1_292' title='bbox 931 3922 1199 3977; x_wconf 90' lang='lat' dir='ltr'><strong>nascituro</strong></span> <span class='ocrx_word' id='word_1_293' title='bbox 1250 3930 1433 3976; x_wconf 87' lang='lat' dir='ltr'><strong>uterus</strong></span> <span class='ocrx_word' id='word_1_294' title='bbox 1484 3922 1774 3992; x_wconf 79' lang='lat' dir='ltr'><strong>virginalis.</strong></span> <span class='ocrx_word' id='word_1_295' title='bbox 1814 3923 1947 3979; x_wconf 87' lang='lat' dir='ltr'><strong>Nam</strong></span> <span class='ocrx_word' id='word_1_296' title='bbox 1988 3926 2129 3981; x_wconf 86' lang='lat' dir='ltr'><strong>sicut</strong></span> 
     </span>
    </p>
   </div>
   <div class='ocr_carea' id='block_1_40' title="bbox 540 4012 2127 4085">
    <p class='ocr_par' dir='ltr' id='par_1_40' title="bbox 540 4012 2127 4085">
     <span class='ocr_line' id='line_1_40' title="bbox 540 4012 2127 4085; baseline 0.003 -17"><span class='ocrx_word' id='word_1_297' title='bbox 540 4014 595 4068; x_wconf 90' lang='lat' dir='ltr'><strong>in</strong></span> <span class='ocrx_word' id='word_1_298' title='bbox 635 4014 723 4069; x_wconf 92' lang='lat' dir='ltr'><strong>illo</strong></span> <span class='ocrx_word' id='word_1_299' title='bbox 749 4023 1094 4069; x_wconf 90' lang='lat' dir='ltr'><strong>monumento</strong></span> <span class='ocrx_word' id='word_1_300' title='bbox 1123 4012 1299 4068; x_wconf 90' lang='lat' dir='ltr'><strong>nullus</strong></span> <span class='ocrx_word' id='word_1_301' title='bbox 1332 4012 1467 4067; x_wconf 91' lang='lat' dir='ltr'><strong>alius</strong></span> <span class='ocrx_word' id='word_1_302' title='bbox 1496 4024 1738 4069; x_wconf 91' lang='lat' dir='ltr'><strong>mortuus</strong></span> <span class='ocrx_word' id='word_1_303' title='bbox 1776 4017 2018 4085; x_wconf 88' lang='lat' dir='ltr'><strong>sepultus</strong></span> <span class='ocrx_word' id='word_1_304' title='bbox 2046 4028 2127 4072; x_wconf 90' lang='lat' dir='ltr'><strong>est</strong></span> 
     </span>
    </p>
   </div>
   <div class='ocr_carea' id='block_1_41' title="bbox 545 4102 2128 4177">
    <p class='ocr_par' dir='ltr' id='par_1_41' title="bbox 545 4102 2128 4177">
     <span class='ocr_line' id='line_1_41' title="bbox 545 4102 2128 4177; baseline 0.002 -19"><span class='ocrx_word' id='word_1_305' title='bbox 545 4104 736 4175; x_wconf 86' lang='lat' dir='ltr'><strong>(Joan.</strong></span> <span class='ocrx_word' id='word_1_306' title='bbox 768 4120 865 4159; x_wconf 80' lang='lat' dir='ltr'><strong>xix</strong></span> <span class='ocrx_word' id='word_1_307' title='bbox 886 4146 901 4170; x_wconf 92' lang='lat'><strong>,</strong></span> <span class='ocrx_word' id='word_1_308' title='bbox 932 4102 1036 4177; x_wconf 72' lang='grc'><strong>41)</strong></span> <span class='ocrx_word' id='word_1_309' title='bbox 1065 4145 1080 4169; x_wconf 86' lang='grc'><em>,</em></span> <span class='ocrx_word' id='word_1_310' title='bbox 1112 4119 1211 4159; x_wconf 92' lang='lat' dir='ltr'><strong>nec</strong></span> <span class='ocrx_word' id='word_1_311' title='bbox 1239 4112 1382 4168; x_wconf 90' lang='lat' dir='ltr'><strong>ante,</strong></span> <span class='ocrx_word' id='word_1_312' title='bbox 1424 4119 1523 4159; x_wconf 91' lang='lat' dir='ltr'><strong>nec</strong></span> <span class='ocrx_word' id='word_1_313' title='bbox 1552 4116 1732 4173; x_wconf 88' lang='lat' dir='ltr'><strong>postea</strong></span> <span class='ocrx_word' id='word_1_314' title='bbox 1770 4122 1784 4171; x_wconf 90' lang='lat'><strong>;</strong></span> <span class='ocrx_word' id='word_1_315' title='bbox 1830 4106 1909 4162; x_wconf 91' lang='lat' dir='ltr'><strong>sic</strong></span> <span class='ocrx_word' id='word_1_316' title='bbox 1954 4108 2006 4161; x_wconf 92' lang='lat' dir='ltr'><strong>in</strong></span> <span class='ocrx_word' id='word_1_317' title='bbox 2038 4107 2128 4161; x_wconf 88' lang='lat' dir='ltr'><strong>illo</strong></span> 
     </span>
    </p>
   </div>
   <div class='ocr_carea' id='block_1_42' title="bbox 542 4196 2130 4267">
    <p class='ocr_par' dir='ltr' id='par_1_42' title="bbox 542 4196 2130 4267">
     <span class='ocr_line' id='line_1_42' title="bbox 542 4196 2130 4267; baseline 0.002 -17"><span class='ocrx_word' id='word_1_318' title='bbox 542 4208 697 4254; x_wconf 86' lang='lat' dir='ltr'><strong>utero</strong></span> <span class='ocrx_word' id='word_1_319' title='bbox 737 4212 835 4253; x_wconf 91' lang='lat' dir='ltr'><strong>nec</strong></span> <span class='ocrx_word' id='word_1_320' title='bbox 863 4206 1019 4265; x_wconf 89' lang='lat' dir='ltr'><strong>ante,</strong></span> <span class='ocrx_word' id='word_1_321' title='bbox 1057 4211 1156 4253; x_wconf 91' lang='lat' dir='ltr'><strong>nec</strong></span> <span class='ocrx_word' id='word_1_322' title='bbox 1183 4204 1390 4266; x_wconf 89' lang='lat' dir='ltr'><strong>postea,</strong></span> <span class='ocrx_word' id='word_1_323' title='bbox 1421 4196 1708 4267; x_wconf 88' lang='lat' dir='ltr'><strong>quidquam</strong></span> <span class='ocrx_word' id='word_1_324' title='bbox 1752 4199 1977 4255; x_wconf 83' lang='lat' dir='ltr'><strong>mortale</strong></span> <span class='ocrx_word' id='word_1_325' title='bbox 2001 4214 2130 4255; x_wconf 86' lang='lat' dir='ltr'><strong>eon-</strong></span> 
     </span>
    </p>
   </div>
   <div class='ocr_carea' id='block_1_43' title="bbox 542 4296 879 4359">
    <p class='ocr_par' dir='ltr' id='par_1_43' title="bbox 542 4296 879 4359">
     <span class='ocr_line' id='line_1_43' title="bbox 542 4296 879 4359; baseline -0.012 -14"><span class='ocrx_word' id='word_1_326' title='bbox 542 4298 753 4359; x_wconf 87' lang='lat' dir='ltr'><strong>ceptum</strong></span> <span class='ocrx_word' id='word_1_327' title='bbox 779 4296 879 4345; x_wconf 90' lang='lat' dir='ltr'><strong>est.</strong></span> 
     </span>
    </p>
   </div>
   <div class='ocr_carea' id='block_1_44' title="bbox 618 4378 2128 4438">
    <p class='ocr_par' dir='ltr' id='par_1_44' title="bbox 618 4378 2128 4438">
     <span class='ocr_line' id='line_1_44' title="bbox 618 4378 2128 4438; baseline 0.001 -3"><span class='ocrx_word' id='word_1_328' title='bbox 618 4381 703 4435; x_wconf 71' lang='grc'><strong>12.</strong></span> <span class='ocrx_word' id='word_1_329' title='bbox 733 4380 1013 4435; x_wconf 81' lang='lat' dir='ltr'><strong>Credimus</strong></span> <span class='ocrx_word' id='word_1_330' title='bbox 1034 4380 1195 4436; x_wconf 89' lang='lat' dir='ltr'><strong>etiam</strong></span> <span class='ocrx_word' id='word_1_331' title='bbox 1236 4379 1383 4434; x_wconf 93' lang='lat' dir='ltr'><strong>illum</strong></span> <span class='ocrx_word' id='word_1_332' title='bbox 1413 4379 1571 4435; x_wconf 92' lang='lat' dir='ltr'><strong>tertio</strong></span> <span class='ocrx_word' id='word_1_333' title='bbox 1597 4378 1683 4435; x_wconf 90' lang='lat' dir='ltr'><strong>die</strong></span> <span class='ocrx_word' id='word_1_334' title='bbox 1707 4383 2070 4437; x_wconf 78' lang='lat' dir='ltr'><strong>resurrexisse</strong></span> <span class='ocrx_word' id='word_1_335' title='bbox 2097 4398 2128 4438; x_wconf 90' lang='lat' dir='ltr'><strong>a</strong></span> 
     </span>
    </p>
   </div>
   <div class='ocr_carea' id='block_1_45' title="bbox 545 4470 2129 4543">
    <p class='ocr_par' dir='ltr' id='par_1_45' title="bbox 545 4470 2129 4543">
     <span class='ocr_line' id='line_1_45' title="bbox 545 4470 2129 4543; baseline 0.001 -18"><span class='ocrx_word' id='word_1_336' title='bbox 545 4471 789 4536; x_wconf 89' lang='lat' dir='ltr'><strong>mortuis,</strong></span> <span class='ocrx_word' id='word_1_337' title='bbox 819 4470 1233 4541; x_wconf 88' lang='lat' dir='ltr'><strong>primogenitum</strong></span> <span class='ocrx_word' id='word_1_338' title='bbox 1272 4470 1641 4525; x_wconf 90' lang='lat' dir='ltr'><strong>consecuturis</strong></span> <span class='ocrx_word' id='word_1_339' title='bbox 1676 4470 1928 4527; x_wconf 81' lang='lat' dir='ltr'><strong>fratribus</strong></span> <span class='ocrx_word' id='word_1_340' title='bbox 1948 4514 1961 4537; x_wconf 88' lang='lat'><strong>,</strong></span> <span class='ocrx_word' id='word_1_341' title='bbox 1994 4488 2129 4543; x_wconf 90' lang='lat' dir='ltr'><strong>quos</strong></span> 
     </span>
    </p>
   </div>
   <div class='ocr_carea' id='block_1_46' title="bbox 546 4562 2125 4635">
    <p class='ocr_par' dir='ltr' id='par_1_46' title="bbox 546 4562 2125 4635">
     <span class='ocr_line' id='line_1_46' title="bbox 546 4562 2125 4635; baseline 0.004 -18"><span class='ocrx_word' id='word_1_342' title='bbox 546 4564 597 4618; x_wconf 93' lang='lat' dir='ltr'><strong>in</strong></span> <span class='ocrx_word' id='word_1_343' title='bbox 643 4562 982 4633; x_wconf 82' lang='lat' dir='ltr'><strong>adoptionem</strong></span> <span class='ocrx_word' id='word_1_344' title='bbox 1034 4562 1263 4618; x_wconf 85' lang='lat' dir='ltr'><strong>filiorum</strong></span> <span class='ocrx_word' id='word_1_345' title='bbox 1309 4562 1401 4617; x_wconf 91' lang='lat' dir='ltr'><strong>Dei</strong></span> <span class='ocrx_word' id='word_1_346' title='bbox 1445 4562 1654 4619; x_wconf 88' lang='lat' dir='ltr'><strong>vocavit</strong></span> <span class='ocrx_word' id='word_1_347' title='bbox 1698 4562 1918 4634; x_wconf 75' lang='lat' dir='ltr'><strong>(Ep/tes.</strong></span> <span class='ocrx_word' id='word_1_348' title='bbox 1952 4580 1989 4631; x_wconf 84' lang='grc' dir='ltr'><strong>ι,</strong></span> <span class='ocrx_word' id='word_1_349' title='bbox 2034 4564 2125 4635; x_wconf 82' lang='lat'><strong>5).</strong></span> 
     </span>
    </p>
   </div>
   <div class='ocr_carea' id='block_1_47' title="bbox 542 4654 2129 4728">
    <p class='ocr_par' dir='ltr' id='par_1_47' title="bbox 542 4654 2129 4728">
     <span class='ocr_line' id='line_1_47' title="bbox 542 4654 2129 4728; baseline 0 -17"><span class='ocrx_word' id='word_1_350' title='bbox 542 4671 679 4728; x_wconf 90' lang='lat' dir='ltr'><strong>quos</strong></span> <span class='ocrx_word' id='word_1_351' title='bbox 706 4655 1113 4727; x_wconf 89' lang='lat' dir='ltr'><strong>comparticipes</strong></span> <span class='ocrx_word' id='word_1_352' title='bbox 1141 4662 1196 4711; x_wconf 90' lang='lat' dir='ltr'><strong>et</strong></span> <span class='ocrx_word' id='word_1_353' title='bbox 1222 4654 1531 4710; x_wconf 72' lang='lat' dir='ltr'><strong>cobmredes</strong></span> <span class='ocrx_word' id='word_1_354' title='bbox 1566 4670 1693 4711; x_wconf 91' lang='lat' dir='ltr'><strong>suos</strong></span> <span class='ocrx_word' id='word_1_355' title='bbox 1732 4670 1853 4711; x_wconf 90' lang='lat' dir='ltr'><strong>esse</strong></span> <span class='ocrx_word' id='word_1_356' title='bbox 1880 4655 2129 4727; x_wconf 89' lang='lat' dir='ltr'><strong>dignatus</strong></span> 
     </span>
    </p>
   </div>
   <div class='ocr_carea' id='block_1_48' title="bbox 541 4757 642 4805">
    <p class='ocr_par' dir='ltr' id='par_1_48' title="bbox 541 4757 642 4805">
     <span class='ocr_line' id='line_1_48' title="bbox 541 4757 642 4805; baseline -0.02 0"><span class='ocrx_word' id='word_1_357' title='bbox 541 4757 642 4805; x_wconf 87' lang='lat' dir='ltr'><strong>est.</strong></span> 
     </span>
    </p>
   </div>
   <div class='ocr_carea' id='block_1_49' title="bbox 611 4838 2129 4899">
    <p class='ocr_par' dir='ltr' id='par_1_49' title="bbox 611 4838 2129 4899">
     <span class='ocr_line' id='line_1_49' title="bbox 611 4838 2129 4899; baseline -0.003 0"><span class='ocrx_word' id='word_1_358' title='bbox 611 4839 839 4899; x_wconf 84' lang='lat' dir='ltr'><strong>CAPUT</strong></span> <span class='ocrx_word' id='word_1_359' title='bbox 886 4838 973 4895; x_wconf 80' lang='lat' dir='ltr'><strong>Vl.</strong></span> <span class='ocrx_word' id='word_1_360' title='bbox 1001 4869 1073 4879; x_wconf 96' lang='lat'>—</span> <span class='ocrx_word' id='word_1_361' title='bbox 1120 4840 1205 4896; x_wconf 78' lang='grc'><strong>15.</strong></span> <span class='ocrx_word' id='word_1_362' title='bbox 1235 4838 1486 4895; x_wconf 77' lang='lat' dir='ltr'><strong>Ascensus</strong></span> <span class='ocrx_word' id='word_1_363' title='bbox 1513 4841 1566 4894; x_wconf 84' lang='lat' dir='ltr'><strong>in</strong></span> <span class='ocrx_word' id='word_1_364' title='bbox 1611 4840 1812 4895; x_wconf 68' lang='lat' dir='ltr'><strong>malum.</strong></span> <span class='ocrx_word' id='word_1_365' title='bbox 1845 4839 2129 4896; x_wconf 86' lang='lat' dir='ltr'><strong>Credimus</strong></span> 
     </span>
    </p>
   </div>
   <div class='ocr_carea' id='block_1_50' title="bbox 542 4930 2127 5001">
    <p class='ocr_par' dir='ltr' id='par_1_50' title="bbox 542 4930 2127 5001">
     <span class='ocr_line' id='line_1_50' title="bbox 542 4930 2127 5001; baseline -0.003 -11"><span class='ocrx_word' id='word_1_366' title='bbox 542 4932 595 4990; x_wconf 88' lang='lat' dir='ltr'><strong>in</strong></span> <span class='ocrx_word' id='word_1_367' title='bbox 621 4933 817 4991; x_wconf 76' lang='lat' dir='ltr'><strong>omium</strong></span> <span class='ocrx_word' id='word_1_368' title='bbox 837 4931 1173 4996; x_wconf 78' lang='lat' dir='ltr'><strong>ascendisse,</strong></span> <span class='ocrx_word' id='word_1_369' title='bbox 1204 4947 1359 5001; x_wconf 86' lang='lat' dir='ltr'><strong>quem</strong></span> <span class='ocrx_word' id='word_1_370' title='bbox 1391 4930 1735 4987; x_wconf 89' lang='lat' dir='ltr'><strong>beatitudinis</strong></span> <span class='ocrx_word' id='word_1_371' title='bbox 1764 4932 1938 4987; x_wconf 89' lang='lat' dir='ltr'><strong>locum</strong></span> <span class='ocrx_word' id='word_1_372' title='bbox 1966 4933 2127 4987; x_wconf 90' lang='lat' dir='ltr'><strong>etiam</strong></span> 
     </span>
    </p>
   </div>
   <div class='ocr_carea' id='block_1_51' title="bbox 544 5022 2130 5097">
    <p class='ocr_par' dir='ltr' id='par_1_51' title="bbox 544 5022 2130 5097">
     <span class='ocr_line' id='line_1_51' title="bbox 544 5022 2130 5097; baseline 0.001 -18"><span class='ocrx_word' id='word_1_373' title='bbox 544 5028 697 5082; x_wconf 87' lang='lat' dir='ltr'><strong>nobis</strong></span> <span class='ocrx_word' id='word_1_374' title='bbox 724 5026 1006 5097; x_wconf 90' lang='lat' dir='ltr'><strong>promisit,</strong></span> <span class='ocrx_word' id='word_1_375' title='bbox 1054 5025 1277 5090; x_wconf 90' lang='lat' dir='ltr'><strong>dicens,</strong></span> <span class='ocrx_word' id='word_1_376' title='bbox 1322 5022 1488 5079; x_wconf 87' lang='lat' dir='ltr'><strong>Erunt</strong></span> <span class='ocrx_word' id='word_1_377' title='bbox 1530 5026 1660 5079; x_wconf 85' lang='lat' dir='ltr'><strong>sicut</strong></span> <span class='ocrx_word' id='word_1_378' title='bbox 1694 5025 1877 5097; x_wconf 83' lang='lat' dir='ltr'><strong>Angeli</strong></span> <span class='ocrx_word' id='word_1_379' title='bbox 1901 5026 1953 5079; x_wconf 88' lang='lat' dir='ltr'><strong>in</strong></span> <span class='ocrx_word' id='word_1_380' title='bbox 1994 5027 2130 5081; x_wconf 65' lang='lat' dir='ltr'><strong>cadis</strong></span> 
     </span>
    </p>
   </div>
   <div class='ocr_carea' id='block_1_52' title="bbox 543 5114 2127 5190">
    <p class='ocr_par' dir='ltr' id='par_1_52' title="bbox 543 5114 2127 5190">
     <span class='ocr_line' id='line_1_52' title="bbox 543 5114 2127 5190; baseline 0.002 -21"><span class='ocrx_word' id='word_1_381' title='bbox 543 5114 755 5188; x_wconf 76' lang='lat' dir='ltr'><strong>(Matth.</strong></span> <span class='ocrx_word' id='word_1_382' title='bbox 774 5132 900 5182; x_wconf 73' lang='grc' dir='ltr'><strong>χχιι,</strong></span> <span class='ocrx_word' id='word_1_383' title='bbox 918 5115 1033 5190; x_wconf 76' lang='grc'><strong>50),</strong></span> <span class='ocrx_word' id='word_1_384' title='bbox 1050 5117 1100 5170; x_wconf 94' lang='lat' dir='ltr'><strong>in</strong></span> <span class='ocrx_word' id='word_1_385' title='bbox 1120 5116 1207 5171; x_wconf 92' lang='lat' dir='ltr'><strong>illa</strong></span> <span class='ocrx_word' id='word_1_386' title='bbox 1225 5116 1456 5181; x_wconf 90' lang='lat' dir='ltr'><strong>civitate,</strong></span> <span class='ocrx_word' id='word_1_387' title='bbox 1476 5132 1594 5186; x_wconf 65' lang='lat' dir='ltr'><strong>qua:</strong></span> <span class='ocrx_word' id='word_1_388' title='bbox 1608 5125 1690 5171; x_wconf 92' lang='lat' dir='ltr'><strong>est</strong></span> <span class='ocrx_word' id='word_1_389' title='bbox 1706 5126 1874 5171; x_wconf 89' lang='lat' dir='ltr'><strong>mater</strong></span> <span class='ocrx_word' id='word_1_390' title='bbox 1893 5119 2127 5172; x_wconf 89' lang='lat' dir='ltr'><strong>omnium</strong></span> 
     </span>
    </p>
   </div>
   <div class='ocr_carea' id='block_1_53' title="bbox 545 5206 2126 5281">
    <p class='ocr_par' dir='ltr' id='par_1_53' title="bbox 545 5206 2126 5281">
     <span class='ocr_line' id='line_1_53' title="bbox 545 5206 2126 5281; baseline 0.002 -22"><span class='ocrx_word' id='word_1_391' title='bbox 545 5215 783 5261; x_wconf 86' lang='lat' dir='ltr'><strong>nostrum</strong></span> <span class='ocrx_word' id='word_1_392' title='bbox 813 5206 1106 5263; x_wconf 81' lang='lat' dir='ltr'><strong>Jerusalem</strong></span> <span class='ocrx_word' id='word_1_393' title='bbox 1138 5219 1336 5264; x_wconf 71' lang='lat' dir='ltr'><strong>mter-na</strong></span> <span class='ocrx_word' id='word_1_394' title='bbox 1378 5208 1430 5262; x_wconf 89' lang='lat' dir='ltr'><strong>in</strong></span> <span class='ocrx_word' id='word_1_395' title='bbox 1479 5208 1630 5265; x_wconf 72' lang='lat' dir='ltr'><strong>cmlis</strong></span> <span class='ocrx_word' id='word_1_396' title='bbox 1677 5206 1873 5280; x_wconf 82' lang='lat' dir='ltr'><strong>(Galat.</strong></span> <span class='ocrx_word' id='word_1_397' title='bbox 1912 5224 1984 5273; x_wconf 86' lang='lat' dir='ltr'><strong>IV,</strong></span> <span class='ocrx_word' id='word_1_398' title='bbox 2009 5209 2126 5281; x_wconf 77' lang='lat'><strong>26).</strong></span> 
     </span>
    </p>
   </div>
   <div class='ocr_carea' id='block_1_54' title="bbox 544 5297 2133 5371">
    <p class='ocr_par' dir='ltr' id='par_1_54' title="bbox 544 5297 2133 5371">
     <span class='ocr_line' id='line_1_54' title="bbox 544 5297 2133 5371; baseline 0.001 -19"><span class='ocrx_word' id='word_1_399' title='bbox 544 5297 686 5352; x_wconf 89' lang='lat' dir='ltr'><strong>Solet</strong></span> <span class='ocrx_word' id='word_1_400' title='bbox 732 5306 907 5353; x_wconf 90' lang='lat' dir='ltr'><strong>autem</strong></span> <span class='ocrx_word' id='word_1_401' title='bbox 945 5299 1203 5370; x_wconf 82' lang='lat' dir='ltr'><strong>quosdam</strong></span> <span class='ocrx_word' id='word_1_402' title='bbox 1242 5299 1514 5355; x_wconf 81' lang='lat' dir='ltr'><strong>oﬁendere</strong></span> <span class='ocrx_word' id='word_1_403' title='bbox 1544 5300 1627 5354; x_wconf 80' lang='lat' dir='ltr'><strong>vel</strong></span> <span class='ocrx_word' id='word_1_404' title='bbox 1673 5299 1864 5370; x_wconf 84' lang='lat' dir='ltr'><strong>impios</strong></span> <span class='ocrx_word' id='word_1_405' title='bbox 1891 5299 2133 5371; x_wconf 83' lang='lat' dir='ltr'><strong>Gentiles</strong></span> 
     </span>
    </p>
   </div>
   <div class='ocr_carea' id='block_1_55' title="bbox 543 5388 2127 5461">
    <p class='ocr_par' dir='ltr' id='par_1_55' title="bbox 543 5388 2127 5461">
     <span class='ocr_line' id='line_1_55' title="bbox 543 5388 2127 5461; baseline 0.002 -18"><span class='ocrx_word' id='word_1_406' title='bbox 543 5390 629 5443; x_wconf 69' lang='lat' dir='ltr'><strong>Vel</strong></span> <span class='ocrx_word' id='word_1_407' title='bbox 658 5388 937 5444; x_wconf 74' lang='lat' dir='ltr'><strong>inereticos</strong></span> <span class='ocrx_word' id='word_1_408' title='bbox 956 5431 971 5456; x_wconf 92' lang='lat'><strong>,</strong></span> <span class='ocrx_word' id='word_1_409' title='bbox 1001 5390 1143 5459; x_wconf 91' lang='lat' dir='ltr'><strong>quod</strong></span> <span class='ocrx_word' id='word_1_410' title='bbox 1164 5390 1442 5445; x_wconf 89' lang='lat' dir='ltr'><strong>credamus</strong></span> <span class='ocrx_word' id='word_1_411' title='bbox 1481 5400 1812 5461; x_wconf 90' lang='lat' dir='ltr'><strong>assumptum</strong></span> <span class='ocrx_word' id='word_1_412' title='bbox 1857 5399 2127 5445; x_wconf 83' lang='lat' dir='ltr'><strong>terrenum</strong></span> 
     </span>
    </p>
   </div>
   <div class='ocr_carea' id='block_1_56' title="bbox 545 5480 2131 5552">
    <p class='ocr_par' dir='ltr' id='par_1_56' title="bbox 545 5480 2131 5552">
     <span class='ocr_line' id='line_1_56' title="bbox 545 5480 2131 5552; baseline 0.001 -17"><span class='ocrx_word' id='word_1_413' title='bbox 545 5494 741 5551; x_wconf 85' lang='lat' dir='ltr'><strong>corpus</strong></span> <span class='ocrx_word' id='word_1_414' title='bbox 768 5481 819 5535; x_wconf 93' lang='lat' dir='ltr'><strong>in</strong></span> <span class='ocrx_word' id='word_1_415' title='bbox 848 5480 1065 5537; x_wconf 65' lang='lat' dir='ltr'><strong>caelum.</strong></span> <span class='ocrx_word' id='word_1_416' title='bbox 1102 5480 1205 5534; x_wconf 85' lang='lat' dir='ltr'><strong>Sed</strong></span> <span class='ocrx_word' id='word_1_417' title='bbox 1240 5480 1480 5536; x_wconf 85' lang='lat' dir='ltr'><strong>Gentiles</strong></span> <span class='ocrx_word' id='word_1_418' title='bbox 1529 5480 1842 5552; x_wconf 89' lang='lat' dir='ltr'><strong>plerumque</strong></span> <span class='ocrx_word' id='word_1_419' title='bbox 1888 5481 2131 5552; x_wconf 88' lang='lat' dir='ltr'><strong>philoso-</strong></span> 
     </span>
    </p>
   </div>
   <div class='ocr_carea' id='block_1_57' title="bbox 545 5564 2127 5639">
    <p class='ocr_par' dir='ltr' id='par_1_57' title="bbox 545 5564 2127 5639">
     <span class='ocr_line' id='line_1_57' title="bbox 545 5564 2127 5639; baseline 0.002 -20"><span class='ocrx_word' id='word_1_420' title='bbox 545 5569 772 5635; x_wconf 87' lang='lat' dir='ltr'><strong>phorum</strong></span> <span class='ocrx_word' id='word_1_421' title='bbox 800 5564 1131 5639; x_wconf 87' lang='lat' dir='ltr'><strong>argumentis</strong></span> <span class='ocrx_word' id='word_1_422' title='bbox 1153 5567 1428 5623; x_wconf 87' lang='lat' dir='ltr'><strong>nobiscum</strong></span> <span class='ocrx_word' id='word_1_423' title='bbox 1476 5582 1633 5636; x_wconf 84' lang='lat' dir='ltr'><strong>agere</strong></span> <span class='ocrx_word' id='word_1_424' title='bbox 1669 5568 1921 5635; x_wconf 87' lang='lat' dir='ltr'><strong>student,</strong></span> <span class='ocrx_word' id='word_1_425' title='bbox 1954 5577 2010 5621; x_wconf 92' lang='lat' dir='ltr'><strong>ut</strong></span> <span class='ocrx_word' id='word_1_426' title='bbox 2040 5567 2127 5622; x_wconf 89' lang='lat' dir='ltr'><strong>di-</strong></span> 
     </span>
    </p>
   </div>
   <div class='ocr_carea' id='block_1_58' title="bbox 612 5674 2133 5752">
    <p class='ocr_par' dir='ltr' id='par_1_58' title="bbox 612 5674 2133 5752">
     <span class='ocr_line' id='line_1_58' title="bbox 612 5674 2133 5752; baseline 0.003 -27"><span class='ocrx_word' id='word_1_427' title='bbox 612 5680 628 5708; x_wconf 80' lang='grc'>⁸</span> <span class='ocrx_word' id='word_1_428' title='bbox 663 5679 738 5748; x_wconf 76' lang='lat' dir='ltr'><strong>sic</strong></span> <span class='ocrx_word' id='word_1_429' title='bbox 752 5684 859 5752; x_wconf 74' lang='lat' dir='ltr'><strong>Lov.</strong></span> <span class='ocrx_word' id='word_1_430' title='bbox 888 5674 1189 5752; x_wconf 60' lang='lat' dir='ltr'><strong>etnonnulli</strong></span> <span class='ocrx_word' id='word_1_431' title='bbox 1224 5685 1328 5728; x_wconf 81' lang='lat' dir='ltr'><strong>Mss.</strong></span> <span class='ocrx_word' id='word_1_432' title='bbox 1356 5675 1445 5725; x_wconf 79' lang='lat' dir='ltr'><strong>Alii</strong></span> <span class='ocrx_word' id='word_1_433' title='bbox 1464 5688 1582 5725; x_wconf 86' lang='lat' dir='ltr'><strong>vero</strong></span> <span class='ocrx_word' id='word_1_434' title='bbox 1600 5690 1709 5727; x_wconf 88' lang='lat' dir='ltr'><strong>cum</strong></span> <span class='ocrx_word' id='word_1_435' title='bbox 1724 5685 1818 5740; x_wconf 60' lang='lat' dir='ltr'><strong>Ern,</strong></span> <span class='ocrx_word' id='word_1_436' title='bbox 1844 5678 1910 5729; x_wconf 89' lang='lat' dir='ltr'><strong>ad</strong></span> <span class='ocrx_word' id='word_1_437' title='bbox 1935 5676 2133 5729; x_wconf 64' lang='lat' dir='ltr'><strong>humari</strong></span> 
     </span>
    </p>
   </div>
   <div class='ocr_carea' id='block_1_59' title="bbox 547 5742 1797 5863">
    <p class='ocr_par' dir='ltr' id='par_1_59' title="bbox 547 5742 1797 5863">
     <span class='ocr_line' id='line_1_59' title="bbox 547 5742 1780 5827; baseline -0.001 -42"><span class='ocrx_word' id='word_1_438' title='bbox 547 5742 1111 5827; x_wconf 51' lang='lat' dir='ltr'><strong>socporisfi‘agilitatem:</strong></span> <span class='ocrx_word' id='word_1_439' title='bbox 1241 5803 1250 5811; x_wconf 28' lang='grc' dir='ltr'><em>υ</em></span> <span class='ocrx_word' id='word_1_440' title='bbox 1770 5801 1780 5811; x_wconf 44' lang='grc'><strong>.</strong></span> 
     </span>
     <span class='ocr_line' id='line_1_60' title="bbox 613 5801 1797 5863; baseline 0.002 -15"><span class='ocrx_word' id='word_1_441' title='bbox 613 5858 624 5863; x_wconf 93' lang='lat'>_</span> <span class='ocrx_word' id='word_1_442' title='bbox 661 5801 774 5863; x_wconf 55' lang='lat' dir='ltr'><strong>fidit:</strong></span> <span class='ocrx_word' id='word_1_443' title='bbox 792 5838 807 5863; x_wconf 90' lang='lat'><strong>,</strong></span> <span class='ocrx_word' id='word_1_444' title='bbox 830 5804 1118 5856; x_wconf 73' lang='lat' dir='ltr'><strong>testamenti.</strong></span> <span class='ocrx_word' id='word_1_445' title='bbox 1148 5805 1313 5852; x_wconf 73' lang='lat' dir='ltr'><strong>Verius</strong></span> <span class='ocrx_word' id='word_1_446' title='bbox 1336 5808 1471 5857; x_wconf 62' lang='lat' dir='ltr'><strong>Mss,</strong></span> <span class='ocrx_word' id='word_1_447' title='bbox 1496 5809 1797 5852; x_wconf 66' lang='lat' dir='ltr'><strong>monumenti.</strong></span> 
     </span>
    </p>
   </div>
   <div class='ocr_carea' id='block_1_60' title="bbox 606 5858 966 5919">
    <p class='ocr_par' dir='ltr' id='par_1_60' title="bbox 606 5858 966 5919">
     <span class='ocr_line' id='line_1_61' title="bbox 606 5858 966 5919; baseline -0.017 -2"><span class='ocrx_word' id='word_1_448' title='bbox 606 5858 679 5919; x_wconf 73' lang='grc' dir='ltr'><strong>(α)</strong></span> <span class='ocrx_word' id='word_1_449' title='bbox 713 5858 966 5919; x_wconf 69' lang='lat' dir='ltr'><strong>Manichmt.</strong></span> 
     </span>
    </p>
   </div>
   <div class='ocr_carea' id='block_1_61' title="bbox 1468 415 2760 485">
    <p class='ocr_par' dir='ltr' id='par_1_61' title="bbox 1468 415 2760 485">
     <span class='ocr_line' id='line_1_62' title="bbox 1468 415 2760 485; baseline -0.004 -9"><span class='ocrx_word' id='word_1_450' title='bbox 1468 420 1557 476; x_wconf 88' lang='lat' dir='ltr'><strong>DE</strong></span> <span class='ocrx_word' id='word_1_451' title='bbox 1596 419 1753 475; x_wconf 85' lang='lat' dir='ltr'><strong>FIDE</strong></span> <span class='ocrx_word' id='word_1_452' title='bbox 1794 420 1880 474; x_wconf 84' lang='lat' dir='ltr'>ET</span> <span class='ocrx_word' id='word_1_453' title='bbox 1917 415 2255 485; x_wconf 81' lang='lat' dir='ltr'><strong>SYMBOLO,</strong></span> <span class='ocrx_word' id='word_1_454' title='bbox 2296 415 2355 472; x_wconf 90' lang='lat' dir='ltr'><strong>S.</strong></span> <span class='ocrx_word' id='word_1_455' title='bbox 2396 417 2760 475; x_wconf 80' lang='lat' dir='ltr'><strong>AUGUSTINI</strong></span> 
     </span>
    </p>
   </div>
   <div class='ocr_carea' id='block_1_62' title="bbox 3710 432 3809 489">
    <p class='ocr_par' dir='ltr' id='par_1_62' title="bbox 3710 432 3809 489">
     <span class='ocr_line' id='line_1_63' title="bbox 3710 432 3809 489; baseline 0.02 -3"><span class='ocrx_word' id='word_1_456' title='bbox 3710 432 3809 489; x_wconf 73' lang='grc'><strong>188</strong></span> 
     </span>
    </p>
   </div>
   <div class='ocr_carea' id='block_1_63' title="bbox 2221 531 3802 608">
    <p class='ocr_par' dir='ltr' id='par_1_63' title="bbox 2221 531 3802 608">
     <span class='ocr_line' id='line_1_64' title="bbox 2221 531 3802 608; baseline 0.003 -25"><span class='ocrx_word' id='word_1_457' title='bbox 2221 537 2344 583; x_wconf 81' lang='lat' dir='ltr'><strong>cant</strong></span> <span class='ocrx_word' id='word_1_458' title='bbox 2369 538 2637 584; x_wconf 89' lang='lat' dir='ltr'><strong>terrenum</strong></span> <span class='ocrx_word' id='word_1_459' title='bbox 2667 531 2867 601; x_wconf 88' lang='lat' dir='ltr'><strong>aliquid</strong></span> <span class='ocrx_word' id='word_1_460' title='bbox 2897 532 2947 584; x_wconf 94' lang='lat' dir='ltr'><strong>in</strong></span> <span class='ocrx_word' id='word_1_461' title='bbox 2995 532 3133 587; x_wconf 66' lang='lat' dir='ltr'><strong>celo</strong></span> <span class='ocrx_word' id='word_1_462' title='bbox 3174 548 3295 589; x_wconf 86' lang='lat' dir='ltr'><strong>esse</strong></span> <span class='ocrx_word' id='word_1_463' title='bbox 3333 550 3437 592; x_wconf 92' lang='lat' dir='ltr'><strong>non</strong></span> <span class='ocrx_word' id='word_1_464' title='bbox 3468 552 3646 608; x_wconf 80' lang='lat' dir='ltr'><strong>posse.</strong></span> <span class='ocrx_word' id='word_1_465' title='bbox 3689 542 3802 601; x_wconf 76' lang='lat' dir='ltr'><strong>No-</strong></span> 
     </span>
    </p>
   </div>
   <div class='ocr_carea' id='block_1_64' title="bbox 2223 620 3807 692">
    <p class='ocr_par' dir='ltr' id='par_1_64' title="bbox 2223 620 3807 692">
     <span class='ocr_line' id='line_1_65' title="bbox 2223 620 3807 692; baseline 0.009 -17"><span class='ocrx_word' id='word_1_466' title='bbox 2223 628 2361 675; x_wconf 87' lang='lat' dir='ltr'><strong>stras</strong></span> <span class='ocrx_word' id='word_1_467' title='bbox 2414 622 2555 676; x_wconf 93' lang='lat' dir='ltr'><strong>enim</strong></span> <span class='ocrx_word' id='word_1_468' title='bbox 2606 620 2907 692; x_wconf 89' lang='lat' dir='ltr'><strong>Scripturas</strong></span> <span class='ocrx_word' id='word_1_469' title='bbox 2964 638 3071 677; x_wconf 90' lang='lat' dir='ltr'><strong>non</strong></span> <span class='ocrx_word' id='word_1_470' title='bbox 3119 636 3415 692; x_wconf 80' lang='lat' dir='ltr'><strong>noverunt,</strong></span> <span class='ocrx_word' id='word_1_471' title='bbox 3468 644 3568 684; x_wconf 91' lang='lat' dir='ltr'><strong>nec</strong></span> <span class='ocrx_word' id='word_1_472' title='bbox 3633 633 3807 689; x_wconf 83' lang='lat' dir='ltr'><strong>sciunt</strong></span> 
     </span>
    </p>
   </div>
   <div class='ocr_carea' id='block_1_65' title="bbox 2222 710 3805 796">
    <p class='ocr_par' dir='ltr' id='par_1_65' title="bbox 2222 710 3805 796">
     <span class='ocr_line' id='line_1_66' title="bbox 2222 710 3805 796; baseline 0.009 -32"><span class='ocrx_word' id='word_1_473' title='bbox 2222 711 2493 781; x_wconf 89' lang='lat' dir='ltr'><strong>quomodo</strong></span> <span class='ocrx_word' id='word_1_474' title='bbox 2516 710 2715 767; x_wconf 92' lang='lat' dir='ltr'><strong>dictum</strong></span> <span class='ocrx_word' id='word_1_475' title='bbox 2742 713 2831 779; x_wconf 90' lang='lat' dir='ltr'><strong>sit,</strong></span> <span class='ocrx_word' id='word_1_476' title='bbox 2862 712 3155 769; x_wconf 82' lang='lat' dir='ltr'><strong>Seminatur</strong></span> <span class='ocrx_word' id='word_1_477' title='bbox 3169 731 3353 785; x_wconf 85' lang='lat' dir='ltr'><strong>corpus</strong></span> <span class='ocrx_word' id='word_1_478' title='bbox 3378 718 3617 787; x_wconf 75' lang='lat' dir='ltr'><strong>animale,</strong></span> <span class='ocrx_word' id='word_1_479' title='bbox 3640 727 3805 796; x_wconf 78' lang='lat' dir='ltr'><strong>surgit</strong></span> 
     </span>
    </p>
   </div>
   <div class='ocr_carea' id='block_1_66' title="bbox 2222 802 3807 883">
    <p class='ocr_par' dir='ltr' id='par_1_66' title="bbox 2222 802 3807 883">
     <span class='ocr_line' id='line_1_67' title="bbox 2222 802 3807 883; baseline 0.009 -28"><span class='ocrx_word' id='word_1_480' title='bbox 2222 818 2407 873; x_wconf 82' lang='lat' dir='ltr'><strong>corpus</strong></span> <span class='ocrx_word' id='word_1_481' title='bbox 2432 803 2710 872; x_wconf 82' lang='lat' dir='ltr'><strong>spirituale.</strong></span> <span class='ocrx_word' id='word_1_482' title='bbox 2753 802 2868 858; x_wconf 86' lang='lat' dir='ltr'><strong>Non</strong></span> <span class='ocrx_word' id='word_1_483' title='bbox 2920 805 3063 860; x_wconf 89' lang='lat' dir='ltr'><strong>enim</strong></span> <span class='ocrx_word' id='word_1_484' title='bbox 3108 805 3179 859; x_wconf 90' lang='lat' dir='ltr'><strong>ita</strong></span> <span class='ocrx_word' id='word_1_485' title='bbox 3232 807 3433 863; x_wconf 88' lang='lat' dir='ltr'><strong>dictum</strong></span> <span class='ocrx_word' id='word_1_486' title='bbox 3482 822 3605 877; x_wconf 88' lang='lat' dir='ltr'><strong>est,</strong></span> <span class='ocrx_word' id='word_1_487' title='bbox 3658 815 3807 883; x_wconf 84' lang='lat' dir='ltr'><strong>quasi</strong></span> 
     </span>
    </p>
   </div>
   <div class='ocr_carea' id='block_1_67' title="bbox 2222 896 3806 974">
    <p class='ocr_par' dir='ltr' id='par_1_67' title="bbox 2222 896 3806 974">
     <span class='ocr_line' id='line_1_68' title="bbox 2222 896 3806 974; baseline 0.008 -24"><span class='ocrx_word' id='word_1_488' title='bbox 2222 909 2417 966; x_wconf 88' lang='lat' dir='ltr'><strong>corpus</strong></span> <span class='ocrx_word' id='word_1_489' title='bbox 2445 903 2683 950; x_wconf 89' lang='lat' dir='ltr'><strong>vertatur</strong></span> <span class='ocrx_word' id='word_1_490' title='bbox 2708 896 2760 950; x_wconf 94' lang='lat' dir='ltr'><strong>in</strong></span> <span class='ocrx_word' id='word_1_491' title='bbox 2786 896 3028 966; x_wconf 89' lang='lat' dir='ltr'><strong>spiritum</strong></span> <span class='ocrx_word' id='word_1_492' title='bbox 3046 939 3059 961; x_wconf 94' lang='lat'><strong>,</strong></span> <span class='ocrx_word' id='word_1_493' title='bbox 3087 906 3141 951; x_wconf 92' lang='lat' dir='ltr'><strong>et</strong></span> <span class='ocrx_word' id='word_1_494' title='bbox 3170 900 3386 968; x_wconf 88' lang='lat' dir='ltr'><strong>spiritus</strong></span> <span class='ocrx_word' id='word_1_495' title='bbox 3408 901 3536 970; x_wconf 83' lang='lat' dir='ltr'><strong>ﬁat;</strong></span> <span class='ocrx_word' id='word_1_496' title='bbox 3580 906 3706 974; x_wconf 90' lang='lat' dir='ltr'><strong>quia</strong></span> <span class='ocrx_word' id='word_1_497' title='bbox 3752 917 3806 962; x_wconf 89' lang='lat' dir='ltr'><strong>et</strong></span> 
     </span>
    </p>
   </div>
   <div class='ocr_carea' id='block_1_68' title="bbox 2222 988 3807 1060">
    <p class='ocr_par' dir='ltr' id='par_1_68' title="bbox 2222 988 3807 1060">
     <span class='ocr_line' id='line_1_69' title="bbox 2222 988 3807 1060; baseline 0.008 -20"><span class='ocrx_word' id='word_1_498' title='bbox 2222 1001 2365 1040; x_wconf 92' lang='lat' dir='ltr'><strong>nunc</strong></span> <span class='ocrx_word' id='word_1_499' title='bbox 2380 1002 2575 1057; x_wconf 92' lang='lat' dir='ltr'><strong>corpus</strong></span> <span class='ocrx_word' id='word_1_500' title='bbox 2608 996 2846 1041; x_wconf 90' lang='lat' dir='ltr'><strong>nostrum</strong></span> <span class='ocrx_word' id='word_1_501' title='bbox 2885 988 3026 1058; x_wconf 91' lang='lat' dir='ltr'><strong>quod</strong></span> <span class='ocrx_word' id='word_1_502' title='bbox 3064 991 3294 1046; x_wconf 90' lang='lat' dir='ltr'><strong>animale</strong></span> <span class='ocrx_word' id='word_1_503' title='bbox 3336 992 3564 1060; x_wconf 88' lang='lat' dir='ltr'><strong>dicitur,</strong></span> <span class='ocrx_word' id='word_1_504' title='bbox 3602 1012 3708 1051; x_wconf 86' lang='lat' dir='ltr'><strong>non</strong></span> <span class='ocrx_word' id='word_1_505' title='bbox 3750 999 3807 1052; x_wconf 92' lang='lat' dir='ltr'><strong>in</strong></span> 
     </span>
    </p>
   </div>
   <div class='ocr_carea' id='block_1_69' title="bbox 2221 1080 3803 1157">
    <p class='ocr_par' dir='ltr' id='par_1_69' title="bbox 2221 1080 3803 1157">
     <span class='ocr_line' id='line_1_70' title="bbox 2221 1080 3803 1157; baseline 0.007 -24"><span class='ocrx_word' id='word_1_506' title='bbox 2221 1080 2451 1134; x_wconf 89' lang='lat' dir='ltr'><strong>animam</strong></span> <span class='ocrx_word' id='word_1_507' title='bbox 2483 1094 2692 1135; x_wconf 90' lang='lat' dir='ltr'><strong>versum</strong></span> <span class='ocrx_word' id='word_1_508' title='bbox 2720 1088 2803 1135; x_wconf 86' lang='lat' dir='ltr'><strong>est</strong></span> <span class='ocrx_word' id='word_1_509' title='bbox 2826 1089 2881 1136; x_wconf 92' lang='lat' dir='ltr'><strong>et</strong></span> <span class='ocrx_word' id='word_1_510' title='bbox 2904 1082 3079 1137; x_wconf 90' lang='lat' dir='ltr'><strong>anima</strong></span> <span class='ocrx_word' id='word_1_511' title='bbox 3110 1083 3328 1138; x_wconf 85' lang='lat' dir='ltr'><strong>factum.</strong></span> <span class='ocrx_word' id='word_1_512' title='bbox 3374 1085 3481 1141; x_wconf 88' lang='lat' dir='ltr'><strong>Sed</strong></span> <span class='ocrx_word' id='word_1_513' title='bbox 3526 1089 3803 1157; x_wconf 88' lang='lat' dir='ltr'><strong>spirituale</strong></span> 
     </span>
    </p>
   </div>
   <div class='ocr_carea' id='block_1_70' title="bbox 2222 1172 3807 1248">
    <p class='ocr_par' dir='ltr' id='par_1_70' title="bbox 2222 1172 3807 1248">
     <span class='ocr_line' id='line_1_71' title="bbox 2222 1172 3807 1248; baseline 0.005 -21"><span class='ocrx_word' id='word_1_514' title='bbox 2222 1187 2415 1242; x_wconf 88' lang='lat' dir='ltr'><strong>corpus</strong></span> <span class='ocrx_word' id='word_1_515' title='bbox 2442 1172 2772 1243; x_wconf 88' lang='lat' dir='ltr'><strong>intelligitur,</strong></span> <span class='ocrx_word' id='word_1_516' title='bbox 2804 1173 2946 1244; x_wconf 91' lang='lat' dir='ltr'><strong>quod</strong></span> <span class='ocrx_word' id='word_1_517' title='bbox 2975 1174 3044 1228; x_wconf 91' lang='lat' dir='ltr'><strong>ita</strong></span> <span class='ocrx_word' id='word_1_518' title='bbox 3088 1173 3295 1245; x_wconf 90' lang='lat' dir='ltr'><strong>spiritui</strong></span> <span class='ocrx_word' id='word_1_519' title='bbox 3340 1178 3609 1234; x_wconf 88' lang='lat' dir='ltr'><strong>subditum</strong></span> <span class='ocrx_word' id='word_1_520' title='bbox 3637 1191 3721 1235; x_wconf 89' lang='lat' dir='ltr'><strong>est</strong></span> <span class='ocrx_word' id='word_1_521' title='bbox 3749 1186 3765 1212; x_wconf 77' lang='grc'><strong><em>³</em></strong></span> <span class='ocrx_word' id='word_1_522' title='bbox 3791 1220 3807 1248; x_wconf 85' lang='grc'><em>,</em></span> 
     </span>
    </p>
   </div>
   <div class='ocr_carea' id='block_1_71' title="bbox 2223 1265 3807 1341">
    <p class='ocr_par' dir='ltr' id='par_1_71' title="bbox 2223 1265 3807 1341">
     <span class='ocr_line' id='line_1_72' title="bbox 2223 1265 3807 1341; baseline 0.006 -22"><span class='ocrx_word' id='word_1_523' title='bbox 2223 1275 2280 1319; x_wconf 92' lang='lat' dir='ltr'><strong>ut</strong></span> <span class='ocrx_word' id='word_1_524' title='bbox 2304 1266 2507 1320; x_wconf 75' lang='lat' dir='ltr'><strong>cmlesti</strong></span> <span class='ocrx_word' id='word_1_525' title='bbox 2538 1265 2853 1320; x_wconf 85' lang='lat' dir='ltr'><strong>habitationi</strong></span> <span class='ocrx_word' id='word_1_526' title='bbox 2898 1266 3219 1334; x_wconf 83' lang='lat' dir='ltr'><strong>conveniat,</strong></span> <span class='ocrx_word' id='word_1_527' title='bbox 3244 1269 3389 1323; x_wconf 91' lang='lat' dir='ltr'><strong>omni</strong></span> <span class='ocrx_word' id='word_1_528' title='bbox 3436 1268 3721 1341; x_wconf 77' lang='lat' dir='ltr'><strong>fragilitate</strong></span> <span class='ocrx_word' id='word_1_529' title='bbox 3749 1288 3807 1329; x_wconf 85' lang='lat' dir='ltr'><strong>ac</strong></span> 
     </span>
    </p>
   </div>
   <div class='ocr_carea' id='block_1_72' title="bbox 2223 1357 3806 1428">
    <p class='ocr_par' dir='ltr' id='par_1_72' title="bbox 2223 1357 3806 1428">
     <span class='ocr_line' id='line_1_73' title="bbox 2223 1357 3806 1428; baseline 0.004 -17"><span class='ocrx_word' id='word_1_530' title='bbox 2223 1357 2339 1413; x_wconf 90' lang='lat' dir='ltr'><strong>labe</strong></span> <span class='ocrx_word' id='word_1_531' title='bbox 2367 1367 2574 1413; x_wconf 90' lang='lat' dir='ltr'><strong>terrena</strong></span> <span class='ocrx_word' id='word_1_532' title='bbox 2609 1358 2661 1412; x_wconf 92' lang='lat' dir='ltr'><strong>in</strong></span> <span class='ocrx_word' id='word_1_533' title='bbox 2707 1358 2981 1413; x_wconf 73' lang='lat' dir='ltr'><strong>cmlestem</strong></span> <span class='ocrx_word' id='word_1_534' title='bbox 3028 1360 3309 1428; x_wconf 90' lang='lat' dir='ltr'><strong>puritatem</strong></span> <span class='ocrx_word' id='word_1_535' title='bbox 3360 1369 3415 1416; x_wconf 91' lang='lat' dir='ltr'><strong>et</strong></span> <span class='ocrx_word' id='word_1_536' title='bbox 3464 1362 3806 1419; x_wconf 72' lang='lat' dir='ltr'><strong>stabilitatem</strong></span> 
     </span>
    </p>
   </div>
   <div class='ocr_carea' id='block_1_73' title="bbox 2223 1450 3804 1527">
    <p class='ocr_par' dir='ltr' id='par_1_73' title="bbox 2223 1450 3804 1527">
     <span class='ocr_line' id='line_1_74' title="bbox 2223 1450 3804 1527; baseline 0.005 -24"><span class='ocrx_word' id='word_1_537' title='bbox 2223 1459 2423 1505; x_wconf 88' lang='lat' dir='ltr'><strong>mutata</strong></span> <span class='ocrx_word' id='word_1_538' title='bbox 2444 1459 2603 1521; x_wconf 89' lang='lat' dir='ltr'><strong>atque</strong></span> <span class='ocrx_word' id='word_1_539' title='bbox 2632 1465 2911 1506; x_wconf 90' lang='lat' dir='ltr'><strong>conversa.</strong></span> <span class='ocrx_word' id='word_1_540' title='bbox 2952 1450 3078 1505; x_wconf 81' lang='lat' dir='ltr'><strong>Haec</strong></span> <span class='ocrx_word' id='word_1_541' title='bbox 3105 1460 3191 1508; x_wconf 92' lang='lat' dir='ltr'><strong>est</strong></span> <span class='ocrx_word' id='word_1_542' title='bbox 3234 1452 3563 1521; x_wconf 87' lang='lat' dir='ltr'><strong>immutatio,</strong></span> <span class='ocrx_word' id='word_1_543' title='bbox 3595 1455 3663 1509; x_wconf 91' lang='lat' dir='ltr'><strong>de</strong></span> <span class='ocrx_word' id='word_1_544' title='bbox 3705 1472 3804 1527; x_wconf 84' lang='lat' dir='ltr'><strong>qua</strong></span> 
     </span>
    </p>
   </div>
   <div class='ocr_carea' id='block_1_74' title="bbox 2223 1539 3811 1615">
    <p class='ocr_par' dir='ltr' id='par_1_74' title="bbox 2223 1539 3811 1615">
     <span class='ocr_line' id='line_1_75' title="bbox 2223 1539 3811 1615; baseline 0.004 -21"><span class='ocrx_word' id='word_1_545' title='bbox 2223 1539 2350 1595; x_wconf 90' lang='lat' dir='ltr'><strong>item</strong></span> <span class='ocrx_word' id='word_1_546' title='bbox 2399 1541 2529 1596; x_wconf 89' lang='lat' dir='ltr'><strong>dicit</strong></span> <span class='ocrx_word' id='word_1_547' title='bbox 2573 1541 2901 1612; x_wconf 83' lang='lat' dir='ltr'><strong>Apostolus:</strong></span> <span class='ocrx_word' id='word_1_548' title='bbox 2933 1540 3120 1597; x_wconf 80' lang='lat' dir='ltr'><strong>Omnes</strong></span> <span class='ocrx_word' id='word_1_549' title='bbox 3169 1559 3527 1615; x_wconf 85' lang='lat' dir='ltr'><strong>resurgcmus,</strong></span> <span class='ocrx_word' id='word_1_550' title='bbox 3579 1547 3671 1599; x_wconf 82' lang='lat' dir='ltr'><strong>sed</strong></span> <span class='ocrx_word' id='word_1_551' title='bbox 3711 1565 3811 1602; x_wconf 84' lang='lat' dir='ltr'><strong>non</strong></span> 
     </span>
    </p>
   </div>
   <div class='ocr_carea' id='block_1_75' title="bbox 2222 1632 3814 1700">
    <p class='ocr_par' dir='ltr' id='par_1_75' title="bbox 2222 1632 3814 1700">
     <span class='ocr_line' id='line_1_76' title="bbox 2222 1632 3814 1700; baseline 0.008 -16"><span class='ocrx_word' id='word_1_552' title='bbox 2222 1646 2392 1685; x_wconf 83' lang='lat' dir='ltr'><strong>omnes</strong></span> <span class='ocrx_word' id='word_1_553' title='bbox 2420 1633 2817 1687; x_wconf 86' lang='lat' dir='ltr'><strong>immutabimur.</strong></span> <span class='ocrx_word' id='word_1_554' title='bbox 2852 1633 3020 1700; x_wconf 87' lang='lat' dir='ltr'><strong>Quam</strong></span> <span class='ocrx_word' id='word_1_555' title='bbox 3050 1632 3471 1691; x_wconf 86' lang='lat' dir='ltr'><strong>immutationem</strong></span> <span class='ocrx_word' id='word_1_556' title='bbox 3500 1653 3605 1691; x_wconf 84' lang='lat' dir='ltr'><strong>non</strong></span> <span class='ocrx_word' id='word_1_557' title='bbox 3634 1638 3688 1693; x_wconf 90' lang='lat' dir='ltr'><strong>in</strong></span> <span class='ocrx_word' id='word_1_558' title='bbox 3719 1640 3814 1695; x_wconf 84' lang='lat' dir='ltr'><strong>de-</strong></span> 
     </span>
    </p>
   </div>
   <div class='ocr_carea' id='block_1_76' title="bbox 2225 1723 3814 1795">
    <p class='ocr_par' dir='ltr' id='par_1_76' title="bbox 2225 1723 3814 1795">
     <span class='ocr_line' id='line_1_77' title="bbox 2225 1723 3814 1795; baseline 0.006 -20"><span class='ocrx_word' id='word_1_559' title='bbox 2225 1723 2421 1789; x_wconf 90' lang='lat' dir='ltr'><strong>terius,</strong></span> <span class='ocrx_word' id='word_1_560' title='bbox 2451 1724 2545 1779; x_wconf 90' lang='lat' dir='ltr'><strong>sed</strong></span> <span class='ocrx_word' id='word_1_561' title='bbox 2569 1725 2620 1779; x_wconf 93' lang='lat' dir='ltr'><strong>in</strong></span> <span class='ocrx_word' id='word_1_562' title='bbox 2650 1725 2840 1780; x_wconf 92' lang='lat' dir='ltr'><strong>melius</strong></span> <span class='ocrx_word' id='word_1_563' title='bbox 2868 1725 2982 1780; x_wconf 86' lang='lat' dir='ltr'><strong>fieri</strong></span> <span class='ocrx_word' id='word_1_564' title='bbox 3007 1725 3163 1781; x_wconf 91' lang='lat' dir='ltr'><strong>docet</strong></span> <span class='ocrx_word' id='word_1_565' title='bbox 3199 1726 3372 1791; x_wconf 92' lang='lat' dir='ltr'><strong>idem,</strong></span> <span class='ocrx_word' id='word_1_566' title='bbox 3415 1744 3535 1782; x_wconf 92' lang='lat' dir='ltr'><strong>eum</strong></span> <span class='ocrx_word' id='word_1_567' title='bbox 3564 1729 3718 1795; x_wconf 90' lang='lat' dir='ltr'><strong>dicit,</strong></span> <span class='ocrx_word' id='word_1_568' title='bbox 3747 1731 3814 1785; x_wconf 88' lang='lat' dir='ltr'><strong>Et</strong></span> 
     </span>
    </p>
   </div>
   <div class='ocr_carea' id='block_1_77' title="bbox 2223 1816 3815 1892">
    <p class='ocr_par' dir='ltr' id='par_1_77' title="bbox 2223 1816 3815 1892">
     <span class='ocr_line' id='line_1_78' title="bbox 2223 1816 3815 1892; baseline 0.004 -22"><span class='ocrx_word' id='word_1_569' title='bbox 2223 1833 2315 1870; x_wconf 85' lang='lat' dir='ltr'><strong>nos</strong></span> <span class='ocrx_word' id='word_1_570' title='bbox 2342 1818 2719 1871; x_wconf 85' lang='lat' dir='ltr'><strong>immutabimur</strong></span> <span class='ocrx_word' id='word_1_571' title='bbox 2746 1817 2788 1887; x_wconf 93' lang='lat' dir='ltr'><strong>(l</strong></span> <span class='ocrx_word' id='word_1_572' title='bbox 2817 1816 2933 1872; x_wconf 88' lang='lat' dir='ltr'><strong>Cor.</strong></span> <span class='ocrx_word' id='word_1_573' title='bbox 2962 1833 3037 1872; x_wconf 81' lang='lat' dir='ltr'><strong>xv</strong></span> <span class='ocrx_word' id='word_1_574' title='bbox 3060 1860 3076 1884; x_wconf 95' lang='lat'><strong>,</strong></span> <span class='ocrx_word' id='word_1_575' title='bbox 3125 1818 3215 1884; x_wconf 67' lang='lat' dir='ltr'><strong>ﬂ,</strong></span> <span class='ocrx_word' id='word_1_576' title='bbox 3247 1820 3337 1887; x_wconf 76' lang='lat' dir='ltr'><strong>5i,</strong></span> <span class='ocrx_word' id='word_1_577' title='bbox 3367 1818 3481 1892; x_wconf 74' lang='lat'><strong>52).</strong></span> <span class='ocrx_word' id='word_1_578' title='bbox 3509 1819 3617 1877; x_wconf 87' lang='lat' dir='ltr'><strong>Sed</strong></span> <span class='ocrx_word' id='word_1_579' title='bbox 3646 1822 3733 1876; x_wconf 90' lang='lat' dir='ltr'><strong>ubi</strong></span> <span class='ocrx_word' id='word_1_580' title='bbox 3760 1833 3815 1877; x_wconf 89' lang='lat' dir='ltr'><strong>et</strong></span> 
     </span>
    </p>
   </div>
   <div class='ocr_carea' id='block_1_78' title="bbox 2222 1908 3809 1978">
    <p class='ocr_par' dir='ltr' id='par_1_78' title="bbox 2222 1908 3809 1978">
     <span class='ocr_line' id='line_1_79' title="bbox 2222 1908 3809 1978; baseline 0.004 -17"><span class='ocrx_word' id='word_1_581' title='bbox 2222 1908 2489 1976; x_wconf 90' lang='lat' dir='ltr'><strong>quomodo</strong></span> <span class='ocrx_word' id='word_1_582' title='bbox 2517 1909 2587 1962; x_wconf 91' lang='lat' dir='ltr'><strong>sit</strong></span> <span class='ocrx_word' id='word_1_583' title='bbox 2615 1910 2665 1962; x_wconf 93' lang='lat' dir='ltr'><strong>in</strong></span> <span class='ocrx_word' id='word_1_584' title='bbox 2694 1908 2832 1964; x_wconf 75' lang='lat' dir='ltr'><strong>etelo</strong></span> <span class='ocrx_word' id='word_1_585' title='bbox 2871 1923 3067 1978; x_wconf 88' lang='lat' dir='ltr'><strong>corpus</strong></span> <span class='ocrx_word' id='word_1_586' title='bbox 3098 1909 3474 1978; x_wconf 85' lang='lat' dir='ltr'><strong>Dominieum,</strong></span> <span class='ocrx_word' id='word_1_587' title='bbox 3504 1912 3809 1967; x_wconf 84' lang='lat' dir='ltr'><strong>curiosissi-</strong></span> 
     </span>
    </p>
   </div>
   <div class='ocr_carea' id='block_1_79' title="bbox 2223 2004 3805 2069">
    <p class='ocr_par' dir='ltr' id='par_1_79' title="bbox 2223 2004 3805 2069">
     <span class='ocr_line' id='line_1_80' title="bbox 2223 2004 3805 2069; baseline 0.004 -18"><span class='ocrx_word' id='word_1_588' title='bbox 2223 2013 2367 2052; x_wconf 91' lang='lat' dir='ltr'><strong>mum</strong></span> <span class='ocrx_word' id='word_1_589' title='bbox 2398 2006 2453 2053; x_wconf 92' lang='lat' dir='ltr'><strong>et</strong></span> <span class='ocrx_word' id='word_1_590' title='bbox 2479 2014 2933 2069; x_wconf 87' lang='lat' dir='ltr'><strong>supervacaneum</strong></span> <span class='ocrx_word' id='word_1_591' title='bbox 2973 2008 3058 2054; x_wconf 92' lang='lat' dir='ltr'><strong>est</strong></span> <span class='ocrx_word' id='word_1_592' title='bbox 3103 2014 3385 2069; x_wconf 63' lang='lat' dir='ltr'><strong>quaarere;</strong></span> <span class='ocrx_word' id='word_1_593' title='bbox 3433 2004 3805 2058; x_wconf 90' lang='lat' dir='ltr'><strong>tantummodo</strong></span> 
     </span>
    </p>
   </div>
   <div class='ocr_carea' id='block_1_80' title="bbox 2224 2089 3814 2164">
    <p class='ocr_par' dir='ltr' id='par_1_80' title="bbox 2224 2089 3814 2164">
     <span class='ocr_line' id='line_1_81' title="bbox 2224 2089 3814 2164; baseline 0.003 -21"><span class='ocrx_word' id='word_1_594' title='bbox 2224 2089 2276 2143; x_wconf 90' lang='lat' dir='ltr'><strong>in</strong></span> <span class='ocrx_word' id='word_1_595' title='bbox 2304 2091 2440 2146; x_wconf 64' lang='lat' dir='ltr'><strong>caelo</strong></span> <span class='ocrx_word' id='word_1_596' title='bbox 2468 2106 2588 2146; x_wconf 88' lang='lat' dir='ltr'><strong>esse</strong></span> <span class='ocrx_word' id='word_1_597' title='bbox 2611 2091 2935 2146; x_wconf 91' lang='lat' dir='ltr'><strong>credendum</strong></span> <span class='ocrx_word' id='word_1_598' title='bbox 2967 2100 3069 2145; x_wconf 90' lang='lat' dir='ltr'><strong>est.</strong></span> <span class='ocrx_word' id='word_1_599' title='bbox 3101 2090 3215 2145; x_wconf 85' lang='lat' dir='ltr'><strong>Non</strong></span> <span class='ocrx_word' id='word_1_600' title='bbox 3243 2091 3386 2146; x_wconf 92' lang='lat' dir='ltr'><strong>enim</strong></span> <span class='ocrx_word' id='word_1_601' title='bbox 3431 2100 3517 2147; x_wconf 91' lang='lat' dir='ltr'><strong>est</strong></span> <span class='ocrx_word' id='word_1_602' title='bbox 3557 2092 3814 2164; x_wconf 79' lang='lat' dir='ltr'><strong>fragilita—</strong></span> 
     </span>
    </p>
   </div>
   <div class='ocr_carea' id='block_1_81' title="bbox 2226 2182 3814 2252">
    <p class='ocr_par' dir='ltr' id='par_1_81' title="bbox 2226 2182 3814 2252">
     <span class='ocr_line' id='line_1_82' title="bbox 2226 2182 3814 2252; baseline 0.003 -15"><span class='ocrx_word' id='word_1_603' title='bbox 2226 2184 2293 2237; x_wconf 87' lang='lat' dir='ltr'><strong>tis</strong></span> <span class='ocrx_word' id='word_1_604' title='bbox 2323 2192 2519 2237; x_wconf 81' lang='lat' dir='ltr'><strong>nostrae</strong></span> <span class='ocrx_word' id='word_1_605' title='bbox 2534 2184 2791 2240; x_wconf 77' lang='lat' dir='ltr'><strong>cmlorum</strong></span> <span class='ocrx_word' id='word_1_606' title='bbox 2818 2192 3020 2238; x_wconf 83' lang='lat' dir='ltr'><strong>secreta</strong></span> <span class='ocrx_word' id='word_1_607' title='bbox 3048 2182 3334 2252; x_wconf 87' lang='lat' dir='ltr'><strong>discutere,</strong></span> <span class='ocrx_word' id='word_1_608' title='bbox 3375 2184 3469 2239; x_wconf 89' lang='lat' dir='ltr'><strong>sed</strong></span> <span class='ocrx_word' id='word_1_609' title='bbox 3503 2195 3584 2239; x_wconf 88' lang='lat' dir='ltr'><strong>est</strong></span> <span class='ocrx_word' id='word_1_610' title='bbox 3613 2195 3814 2242; x_wconf 68' lang='lat' dir='ltr'><strong>nostra:</strong></span> 
     </span>
    </p>
   </div>
   <div class='ocr_carea' id='block_1_82' title="bbox 2225 2274 3809 2345">
    <p class='ocr_par' dir='ltr' id='par_1_82' title="bbox 2225 2274 3809 2345">
     <span class='ocr_line' id='line_1_83' title="bbox 2225 2274 3809 2345; baseline 0.003 -18"><span class='ocrx_word' id='word_1_611' title='bbox 2225 2274 2346 2329; x_wconf 81' lang='lat' dir='ltr'><strong>fidei</strong></span> <span class='ocrx_word' id='word_1_612' title='bbox 2372 2274 2439 2329; x_wconf 92' lang='lat' dir='ltr'><strong>de</strong></span> <span class='ocrx_word' id='word_1_613' title='bbox 2469 2275 2726 2333; x_wconf 90' lang='lat' dir='ltr'><strong>Dominici</strong></span> <span class='ocrx_word' id='word_1_614' title='bbox 2752 2275 2993 2345; x_wconf 87' lang='lat' dir='ltr'><strong>corporis</strong></span> <span class='ocrx_word' id='word_1_615' title='bbox 3014 2274 3272 2344; x_wconf 84' lang='lat' dir='ltr'><strong>dignitate</strong></span> <span class='ocrx_word' id='word_1_616' title='bbox 3313 2276 3563 2331; x_wconf 88' lang='lat' dir='ltr'><strong>sublimia</strong></span> <span class='ocrx_word' id='word_1_617' title='bbox 3605 2287 3661 2332; x_wconf 91' lang='lat' dir='ltr'><strong>et</strong></span> <span class='ocrx_word' id='word_1_618' title='bbox 3707 2278 3809 2333; x_wconf 88' lang='lat' dir='ltr'><strong>ho-</strong></span> 
     </span>
    </p>
   </div>
   <div class='ocr_carea' id='block_1_83' title="bbox 2225 2367 2621 2421">
    <p class='ocr_par' dir='ltr' id='par_1_83' title="bbox 2225 2367 2621 2421">
     <span class='ocr_line' id='line_1_84' title="bbox 2225 2367 2621 2421; baseline 0.003 -1"><span class='ocrx_word' id='word_1_619' title='bbox 2225 2374 2374 2421; x_wconf 90' lang='lat' dir='ltr'><strong>nesta</strong></span> <span class='ocrx_word' id='word_1_620' title='bbox 2402 2367 2621 2421; x_wconf 91' lang='lat' dir='ltr'><strong>sentire.</strong></span> 
     </span>
    </p>
   </div>
   <div class='ocr_carea' id='block_1_84' title="bbox 2297 2453 3819 2514">
    <p class='ocr_par' dir='ltr' id='par_1_84' title="bbox 2297 2453 3819 2514">
     <span class='ocr_line' id='line_1_85' title="bbox 2297 2453 3819 2514; baseline 0.003 -5"><span class='ocrx_word' id='word_1_621' title='bbox 2297 2453 2521 2511; x_wconf 86' lang='lat' dir='ltr'><strong>CAPUT</strong></span> <span class='ocrx_word' id='word_1_622' title='bbox 2552 2454 2738 2511; x_wconf 87' lang='lat' dir='ltr'><strong>Vll.—</strong></span> <span class='ocrx_word' id='word_1_623' title='bbox 2762 2456 2848 2511; x_wconf 75' lang='lat' dir='ltr'><strong>M.</strong></span> <span class='ocrx_word' id='word_1_624' title='bbox 2879 2455 3052 2510; x_wconf 82' lang='lat' dir='ltr'><strong>Sessio</strong></span> <span class='ocrx_word' id='word_1_625' title='bbox 3083 2454 3155 2508; x_wconf 86' lang='lat' dir='ltr'><strong>ad</strong></span> <span class='ocrx_word' id='word_1_626' title='bbox 3174 2453 3434 2510; x_wconf 76' lang='lat' dir='ltr'><strong>dexteram</strong></span> <span class='ocrx_word' id='word_1_627' title='bbox 3462 2454 3655 2511; x_wconf 82' lang='lat' dir='ltr'><strong>Patris.</strong></span> <span class='ocrx_word' id='word_1_628' title='bbox 3688 2458 3819 2514; x_wconf 87' lang='lat' dir='ltr'><strong>Cre-</strong></span> 
     </span>
    </p>
   </div>
   <div class='ocr_carea' id='block_1_85' title="bbox 2226 2544 3820 2618">
    <p class='ocr_par' dir='ltr' id='par_1_85' title="bbox 2226 2544 3820 2618">
     <span class='ocr_line' id='line_1_86' title="bbox 2226 2544 3820 2618; baseline 0.004 -19"><span class='ocrx_word' id='word_1_629' title='bbox 2226 2544 2405 2601; x_wconf 90' lang='lat' dir='ltr'><strong>dimus</strong></span> <span class='ocrx_word' id='word_1_630' title='bbox 2434 2547 2596 2602; x_wconf 90' lang='lat' dir='ltr'><strong>etiam</strong></span> <span class='ocrx_word' id='word_1_631' title='bbox 2641 2547 2782 2618; x_wconf 91' lang='lat' dir='ltr'><strong>quod</strong></span> <span class='ocrx_word' id='word_1_632' title='bbox 2833 2546 2985 2602; x_wconf 92' lang='lat' dir='ltr'><strong>sedet</strong></span> <span class='ocrx_word' id='word_1_633' title='bbox 3028 2546 3097 2601; x_wconf 87' lang='lat' dir='ltr'><strong>ad</strong></span> <span class='ocrx_word' id='word_1_634' title='bbox 3154 2547 3428 2603; x_wconf 80' lang='lat' dir='ltr'><strong>dexteram</strong></span> <span class='ocrx_word' id='word_1_635' title='bbox 3483 2548 3675 2603; x_wconf 86' lang='lat' dir='ltr'><strong>Patris.</strong></span> <span class='ocrx_word' id='word_1_636' title='bbox 3708 2550 3820 2606; x_wconf 84' lang='lat' dir='ltr'><strong>Nec</strong></span> 
     </span>
    </p>
   </div>
   <div class='ocr_carea' id='block_1_86' title="bbox 2227 2634 3821 2709">
    <p class='ocr_par' dir='ltr' id='par_1_86' title="bbox 2227 2634 3821 2709">
     <span class='ocr_line' id='line_1_87' title="bbox 2227 2634 3821 2709; baseline 0.006 -20"><span class='ocrx_word' id='word_1_637' title='bbox 2227 2634 2347 2690; x_wconf 92' lang='lat' dir='ltr'><strong>ideo</strong></span> <span class='ocrx_word' id='word_1_638' title='bbox 2374 2644 2549 2691; x_wconf 88' lang='lat' dir='ltr'><strong>tamen</strong></span> <span class='ocrx_word' id='word_1_639' title='bbox 2575 2638 2724 2707; x_wconf 90' lang='lat' dir='ltr'><strong>quasi</strong></span> <span class='ocrx_word' id='word_1_640' title='bbox 2754 2637 2987 2692; x_wconf 87' lang='lat' dir='ltr'><strong>humana</strong></span> <span class='ocrx_word' id='word_1_641' title='bbox 3012 2636 3182 2692; x_wconf 90' lang='lat' dir='ltr'><strong>forma</strong></span> <span class='ocrx_word' id='word_1_642' title='bbox 3207 2637 3675 2709; x_wconf 89' lang='lat' dir='ltr'><strong>circumscriptum</strong></span> <span class='ocrx_word' id='word_1_643' title='bbox 3696 2656 3821 2698; x_wconf 88' lang='lat' dir='ltr'><strong>esse</strong></span> 
     </span>
    </p>
   </div>
   <div class='ocr_carea' id='block_1_87' title="bbox 2229 2725 3821 2801">
    <p class='ocr_par' dir='ltr' id='par_1_87' title="bbox 2229 2725 3821 2801">
     <span class='ocr_line' id='line_1_88' title="bbox 2229 2725 3821 2801; baseline 0.005 -22"><span class='ocrx_word' id='word_1_644' title='bbox 2229 2725 2393 2781; x_wconf 91' lang='lat' dir='ltr'><strong>Deum</strong></span> <span class='ocrx_word' id='word_1_645' title='bbox 2416 2726 2628 2783; x_wconf 88' lang='lat' dir='ltr'><strong>Patrem</strong></span> <span class='ocrx_word' id='word_1_646' title='bbox 2666 2728 3029 2782; x_wconf 89' lang='lat' dir='ltr'><strong>arbitrandum</strong></span> <span class='ocrx_word' id='word_1_647' title='bbox 3078 2736 3182 2794; x_wconf 88' lang='lat' dir='ltr'><strong>est,</strong></span> <span class='ocrx_word' id='word_1_648' title='bbox 3222 2738 3279 2783; x_wconf 91' lang='lat' dir='ltr'><strong>ut</strong></span> <span class='ocrx_word' id='word_1_649' title='bbox 3307 2729 3376 2785; x_wconf 90' lang='lat' dir='ltr'><strong>de</strong></span> <span class='ocrx_word' id='word_1_650' title='bbox 3406 2730 3497 2786; x_wconf 92' lang='lat' dir='ltr'><strong>illo</strong></span> <span class='ocrx_word' id='word_1_651' title='bbox 3530 2731 3821 2801; x_wconf 83' lang='lat' dir='ltr'><strong>cogitanti-</strong></span> 
     </span>
    </p>
   </div>
   <div class='ocr_carea' id='block_1_88' title="bbox 2228 2816 3818 2888">
    <p class='ocr_par' dir='ltr' id='par_1_88' title="bbox 2228 2816 3818 2888">
     <span class='ocr_line' id='line_1_89' title="bbox 2228 2816 3818 2888; baseline 0.006 -18"><span class='ocrx_word' id='word_1_652' title='bbox 2228 2817 2327 2871; x_wconf 89' lang='lat' dir='ltr'><strong>bus</strong></span> <span class='ocrx_word' id='word_1_653' title='bbox 2364 2816 2608 2872; x_wconf 87' lang='lat' dir='ltr'><strong>dextrum</strong></span> <span class='ocrx_word' id='word_1_654' title='bbox 2636 2827 2726 2873; x_wconf 90' lang='lat' dir='ltr'><strong>aut</strong></span> <span class='ocrx_word' id='word_1_655' title='bbox 2754 2820 3027 2874; x_wconf 88' lang='lat' dir='ltr'><strong>sinistrum</strong></span> <span class='ocrx_word' id='word_1_656' title='bbox 3055 2820 3198 2875; x_wconf 87' lang='lat' dir='ltr'><strong>latus</strong></span> <span class='ocrx_word' id='word_1_657' title='bbox 3213 2822 3395 2875; x_wconf 90' lang='lat' dir='ltr'><strong>animo</strong></span> <span class='ocrx_word' id='word_1_658' title='bbox 3415 2830 3695 2888; x_wconf 88' lang='lat' dir='ltr'><strong>occurrat;</strong></span> <span class='ocrx_word' id='word_1_659' title='bbox 3724 2834 3818 2879; x_wconf 91' lang='lat' dir='ltr'><strong>aut</strong></span> 
     </span>
    </p>
   </div>
   <div class='ocr_carea' id='block_1_89' title="bbox 2231 2908 3822 2983">
    <p class='ocr_par' dir='ltr' id='par_1_89' title="bbox 2231 2908 3822 2983">
     <span class='ocr_line' id='line_1_90' title="bbox 2231 2908 3822 2983; baseline 0.006 -21"><span class='ocrx_word' id='word_1_660' title='bbox 2231 2908 2461 2979; x_wconf 91' lang='lat' dir='ltr'><strong>idipsum</strong></span> <span class='ocrx_word' id='word_1_661' title='bbox 2501 2909 2643 2980; x_wconf 89' lang='lat' dir='ltr'><strong>quod</strong></span> <span class='ocrx_word' id='word_1_662' title='bbox 2673 2910 2861 2966; x_wconf 90' lang='lat' dir='ltr'><strong>sedere</strong></span> <span class='ocrx_word' id='word_1_663' title='bbox 2891 2910 3051 2966; x_wconf 89' lang='lat' dir='ltr'><strong>Pater</strong></span> <span class='ocrx_word' id='word_1_664' title='bbox 3078 2911 3293 2977; x_wconf 88' lang='lat' dir='ltr'><strong>dicitur,</strong></span> <span class='ocrx_word' id='word_1_665' title='bbox 3343 2910 3494 2967; x_wconf 85' lang='lat' dir='ltr'><strong>flexis</strong></span> <span class='ocrx_word' id='word_1_666' title='bbox 3525 2913 3822 2983; x_wconf 87' lang='lat' dir='ltr'><strong>poplitibus</strong></span> 
     </span>
    </p>
   </div>
   <div class='ocr_carea' id='block_1_90' title="bbox 2230 2999 3815 3075">
    <p class='ocr_par' dir='ltr' id='par_1_90' title="bbox 2230 2999 3815 3075">
     <span class='ocr_line' id='line_1_91' title="bbox 2230 2999 3815 3075; baseline 0.004 -23"><span class='ocrx_word' id='word_1_667' title='bbox 2230 2999 2345 3055; x_wconf 87' lang='lat' dir='ltr'><strong>ﬁeri</strong></span> <span class='ocrx_word' id='word_1_668' title='bbox 2367 3000 2653 3070; x_wconf 89' lang='lat' dir='ltr'><strong>putandum</strong></span> <span class='ocrx_word' id='word_1_669' title='bbox 2676 3010 2778 3067; x_wconf 91' lang='lat' dir='ltr'><strong>est,</strong></span> <span class='ocrx_word' id='word_1_670' title='bbox 2808 3016 2877 3056; x_wconf 90' lang='lat' dir='ltr'><strong>ne</strong></span> <span class='ocrx_word' id='word_1_671' title='bbox 2904 3001 2954 3054; x_wconf 90' lang='lat' dir='ltr'><strong>in</strong></span> <span class='ocrx_word' id='word_1_672' title='bbox 2980 3001 3105 3056; x_wconf 86' lang='lat' dir='ltr'><strong>illud</strong></span> <span class='ocrx_word' id='word_1_673' title='bbox 3129 3002 3425 3056; x_wconf 89' lang='lat' dir='ltr'><strong>incidamus</strong></span> <span class='ocrx_word' id='word_1_674' title='bbox 3445 3004 3815 3075; x_wconf 87' lang='lat' dir='ltr'><strong>sacrilegium,</strong></span> 
     </span>
    </p>
   </div>
   <div class='ocr_carea' id='block_1_91' title="bbox 2229 3089 3824 3161">
    <p class='ocr_par' dir='ltr' id='par_1_91' title="bbox 2229 3089 3824 3161">
     <span class='ocr_line' id='line_1_92' title="bbox 2229 3089 3824 3161; baseline 0.006 -18"><span class='ocrx_word' id='word_1_675' title='bbox 2229 3089 2282 3144; x_wconf 87' lang='lat' dir='ltr'><strong>in</strong></span> <span class='ocrx_word' id='word_1_676' title='bbox 2313 3105 2420 3161; x_wconf 91' lang='lat' dir='ltr'><strong>quo</strong></span> <span class='ocrx_word' id='word_1_677' title='bbox 2442 3100 2753 3145; x_wconf 80' lang='lat' dir='ltr'><strong>exsecratur</strong></span> <span class='ocrx_word' id='word_1_678' title='bbox 2790 3092 3079 3160; x_wconf 83' lang='lat' dir='ltr'><strong>Apostolus</strong></span> <span class='ocrx_word' id='word_1_679' title='bbox 3104 3106 3199 3147; x_wconf 87' lang='lat' dir='ltr'><strong>eos</strong></span> <span class='ocrx_word' id='word_1_680' title='bbox 3228 3094 3317 3161; x_wconf 85' lang='lat' dir='ltr'><strong>qui</strong></span> <span class='ocrx_word' id='word_1_681' title='bbox 3346 3103 3824 3152; x_wconf 85' lang='lat' dir='ltr'><strong>commutaverunt</strong></span> 
     </span>
    </p>
   </div>
   <div class='ocr_carea' id='block_1_92' title="bbox 2229 3181 3825 3251">
    <p class='ocr_par' dir='ltr' id='par_1_92' title="bbox 2229 3181 3825 3251">
     <span class='ocr_line' id='line_1_93' title="bbox 2229 3181 3825 3251; baseline 0.006 -19"><span class='ocrx_word' id='word_1_682' title='bbox 2229 3181 2451 3251; x_wconf 81' lang='lat' dir='ltr'><strong>gloriam</strong></span> <span class='ocrx_word' id='word_1_683' title='bbox 2493 3182 2910 3251; x_wconf 89' lang='lat' dir='ltr'><strong>incorruptibilis</strong></span> <span class='ocrx_word' id='word_1_684' title='bbox 2957 3182 3051 3237; x_wconf 92' lang='lat' dir='ltr'><strong>Dei</strong></span> <span class='ocrx_word' id='word_1_685' title='bbox 3101 3183 3153 3237; x_wconf 91' lang='lat' dir='ltr'><strong>in</strong></span> <span class='ocrx_word' id='word_1_686' title='bbox 3196 3183 3602 3239; x_wconf 89' lang='lat' dir='ltr'><strong>similitudinem</strong></span> <span class='ocrx_word' id='word_1_687' title='bbox 3632 3200 3825 3242; x_wconf 81' lang='lat' dir='ltr'><strong>corru-</strong></span> 
     </span>
    </p>
   </div>
   <div class='ocr_carea' id='block_1_93' title="bbox 2230 3272 3821 3346">
    <p class='ocr_par' dir='ltr' id='par_1_93' title="bbox 2230 3272 3821 3346">
     <span class='ocr_line' id='line_1_94' title="bbox 2230 3272 3821 3346; baseline 0.006 -21"><span class='ocrx_word' id='word_1_688' title='bbox 2230 3272 2427 3342; x_wconf 84' lang='lat' dir='ltr'><strong>ptibilis</strong></span> <span class='ocrx_word' id='word_1_689' title='bbox 2454 3272 2686 3327; x_wconf 93' lang='lat' dir='ltr'><strong>hominis</strong></span> <span class='ocrx_word' id='word_1_690' title='bbox 2719 3273 2898 3345; x_wconf 80' lang='lat' dir='ltr'><strong>(Rom.</strong></span> <span class='ocrx_word' id='word_1_691' title='bbox 2928 3290 2964 3339; x_wconf 86' lang='grc' dir='ltr'><strong>ι,</strong></span> <span class='ocrx_word' id='word_1_692' title='bbox 2993 3273 3110 3346; x_wconf 70' lang='grc'>25).</span> <span class='ocrx_word' id='word_1_693' title='bbox 3144 3274 3272 3330; x_wconf 86' lang='lat' dir='ltr'><strong>Tale</strong></span> <span class='ocrx_word' id='word_1_694' title='bbox 3297 3275 3439 3331; x_wconf 91' lang='lat' dir='ltr'><strong>enim</strong></span> <span class='ocrx_word' id='word_1_695' title='bbox 3472 3277 3821 3333; x_wconf 87' lang='lat' dir='ltr'><strong>simulacrum</strong></span> 
     </span>
    </p>
   </div>
   <div class='ocr_carea' id='block_1_94' title="bbox 2234 3366 3827 3437">
    <p class='ocr_par' dir='ltr' id='par_1_94' title="bbox 2234 3366 3827 3437">
     <span class='ocr_line' id='line_1_95' title="bbox 2234 3366 3827 3437; baseline 0.004 -18"><span class='ocrx_word' id='word_1_696' title='bbox 2234 3366 2343 3421; x_wconf 91' lang='lat' dir='ltr'><strong>Deo</strong></span> <span class='ocrx_word' id='word_1_697' title='bbox 2369 3367 2516 3421; x_wconf 87' lang='lat' dir='ltr'><strong>nefas</strong></span> <span class='ocrx_word' id='word_1_698' title='bbox 2543 3378 2625 3421; x_wconf 93' lang='lat' dir='ltr'><strong>est</strong></span> <span class='ocrx_word' id='word_1_699' title='bbox 2654 3366 2946 3421; x_wconf 88' lang='lat' dir='ltr'><strong>christiano</strong></span> <span class='ocrx_word' id='word_1_700' title='bbox 2995 3368 3048 3421; x_wconf 91' lang='lat' dir='ltr'><strong>in</strong></span> <span class='ocrx_word' id='word_1_701' title='bbox 3094 3367 3293 3437; x_wconf 90' lang='lat' dir='ltr'><strong>templo</strong></span> <span class='ocrx_word' id='word_1_702' title='bbox 3317 3369 3617 3435; x_wconf 83' lang='lat' dir='ltr'><strong>collocare;</strong></span> <span class='ocrx_word' id='word_1_703' title='bbox 3650 3372 3827 3427; x_wconf 91' lang='lat' dir='ltr'><strong>multo</strong></span> 
     </span>
    </p>
   </div>
   <div class='ocr_carea' id='block_1_95' title="bbox 2230 3455 3827 3531">
    <p class='ocr_par' dir='ltr' id='par_1_95' title="bbox 2230 3455 3827 3531">
     <span class='ocr_line' id='line_1_96' title="bbox 2230 3455 3827 3531; baseline 0.004 -22"><span class='ocrx_word' id='word_1_704' title='bbox 2230 3456 2398 3526; x_wconf 85' lang='lat' dir='ltr'><strong>magis</strong></span> <span class='ocrx_word' id='word_1_705' title='bbox 2426 3455 2479 3509; x_wconf 89' lang='lat' dir='ltr'><strong>in</strong></span> <span class='ocrx_word' id='word_1_706' title='bbox 2510 3455 2673 3511; x_wconf 89' lang='lat' dir='ltr'><strong>corde</strong></span> <span class='ocrx_word' id='word_1_707' title='bbox 2704 3455 2967 3511; x_wconf 88' lang='lat' dir='ltr'><strong>nefarium</strong></span> <span class='ocrx_word' id='word_1_708' title='bbox 3010 3466 3092 3511; x_wconf 92' lang='lat' dir='ltr'><strong>est</strong></span> <span class='ocrx_word' id='word_1_709' title='bbox 3112 3498 3126 3522; x_wconf 94' lang='lat'><strong>,</strong></span> <span class='ocrx_word' id='word_1_710' title='bbox 3170 3457 3258 3512; x_wconf 89' lang='lat' dir='ltr'><strong>ubi</strong></span> <span class='ocrx_word' id='word_1_711' title='bbox 3287 3472 3414 3513; x_wconf 84' lang='lat' dir='ltr'><strong>vere</strong></span> <span class='ocrx_word' id='word_1_712' title='bbox 3440 3468 3522 3513; x_wconf 88' lang='lat' dir='ltr'><strong>est</strong></span> <span class='ocrx_word' id='word_1_713' title='bbox 3561 3462 3827 3531; x_wconf 90' lang='lat' dir='ltr'><strong>templum</strong></span> 
     </span>
    </p>
   </div>
   <div class='ocr_carea' id='block_1_96' title="bbox 2232 3545 3823 3618">
    <p class='ocr_par' dir='ltr' id='par_1_96' title="bbox 2232 3545 3823 3618">
     <span class='ocr_line' id='line_1_97' title="bbox 2232 3545 3823 3618; baseline 0.004 -19"><span class='ocrx_word' id='word_1_714' title='bbox 2232 3545 2361 3613; x_wconf 91' lang='lat' dir='ltr'><strong>Dei,</strong></span> <span class='ocrx_word' id='word_1_715' title='bbox 2393 3547 2435 3600; x_wconf 92' lang='lat' dir='ltr'><strong>si</strong></span> <span class='ocrx_word' id='word_1_716' title='bbox 2463 3562 2492 3600; x_wconf 91' lang='lat' dir='ltr'><strong>a</strong></span> <span class='ocrx_word' id='word_1_717' title='bbox 2518 3556 2729 3601; x_wconf 90' lang='lat' dir='ltr'><strong>terrena</strong></span> <span class='ocrx_word' id='word_1_718' title='bbox 2771 3545 3063 3616; x_wconf 88' lang='lat' dir='ltr'><strong>cupiditate</strong></span> <span class='ocrx_word' id='word_1_719' title='bbox 3102 3556 3261 3618; x_wconf 88' lang='lat' dir='ltr'><strong>atque</strong></span> <span class='ocrx_word' id='word_1_720' title='bbox 3290 3563 3476 3603; x_wconf 90' lang='lat' dir='ltr'><strong>errore</strong></span> <span class='ocrx_word' id='word_1_721' title='bbox 3506 3550 3823 3607; x_wconf 90' lang='lat' dir='ltr'><strong>mundetur.</strong></span> 
     </span>
    </p>
   </div>
   <div class='ocr_carea' id='block_1_97' title="bbox 2230 3637 3825 3708">
    <p class='ocr_par' dir='ltr' id='par_1_97' title="bbox 2230 3637 3825 3708">
     <span class='ocr_line' id='line_1_98' title="bbox 2230 3637 3825 3708; baseline 0.004 -17"><span class='ocrx_word' id='word_1_722' title='bbox 2230 3638 2310 3691; x_wconf 82' lang='lat' dir='ltr'><strong>Ad</strong></span> <span class='ocrx_word' id='word_1_723' title='bbox 2341 3637 2611 3692; x_wconf 86' lang='lat' dir='ltr'><strong>dexteram</strong></span> <span class='ocrx_word' id='word_1_724' title='bbox 2638 3653 2766 3707; x_wconf 87' lang='lat' dir='ltr'><strong>ergo</strong></span> <span class='ocrx_word' id='word_1_725' title='bbox 2789 3638 3193 3708; x_wconf 80' lang='lat' dir='ltr'><strong>intelligendum</strong></span> <span class='ocrx_word' id='word_1_726' title='bbox 3220 3648 3303 3694; x_wconf 92' lang='lat' dir='ltr'><strong>est</strong></span> <span class='ocrx_word' id='word_1_727' title='bbox 3339 3641 3419 3694; x_wconf 92' lang='lat' dir='ltr'><strong>sic</strong></span> <span class='ocrx_word' id='word_1_728' title='bbox 3446 3640 3646 3696; x_wconf 87' lang='lat' dir='ltr'><strong>dictum</strong></span> <span class='ocrx_word' id='word_1_729' title='bbox 3675 3657 3825 3708; x_wconf 84' lang='lat' dir='ltr'><strong>esse,</strong></span> 
     </span>
    </p>
   </div>
   <div class='ocr_carea' id='block_1_98' title="bbox 2232 3716 3825 3803">
    <p class='ocr_par' dir='ltr' id='par_1_98' title="bbox 2232 3716 3825 3803">
     <span class='ocr_line' id='line_1_99' title="bbox 2232 3716 3825 3803; baseline 0.004 -21"><span class='ocrx_word' id='word_1_730' title='bbox 2232 3729 2283 3782; x_wconf 92' lang='lat' dir='ltr'><strong>in</strong></span> <span class='ocrx_word' id='word_1_731' title='bbox 2314 3716 2521 3783; x_wconf 86' lang='lat' dir='ltr'><strong>summa</strong></span> <span class='ocrx_word' id='word_1_732' title='bbox 2547 3730 2904 3797; x_wconf 90' lang='lat' dir='ltr'><strong>beatitudine,</strong></span> <span class='ocrx_word' id='word_1_733' title='bbox 2934 3731 3021 3784; x_wconf 88' lang='lat' dir='ltr'><strong>ubi</strong></span> <span class='ocrx_word' id='word_1_734' title='bbox 3045 3731 3250 3801; x_wconf 87' lang='lat' dir='ltr'><strong>justitia</strong></span> <span class='ocrx_word' id='word_1_735' title='bbox 3279 3742 3333 3787; x_wconf 90' lang='lat' dir='ltr'><strong>et</strong></span> <span class='ocrx_word' id='word_1_736' title='bbox 3358 3747 3457 3802; x_wconf 80' lang='lat' dir='ltr'><strong>pax</strong></span> <span class='ocrx_word' id='word_1_737' title='bbox 3488 3742 3543 3787; x_wconf 89' lang='lat' dir='ltr'><strong>et</strong></span> <span class='ocrx_word' id='word_1_738' title='bbox 3562 3735 3825 3803; x_wconf 84' lang='lat' dir='ltr'><strong>gaudium</strong></span> 
     </span>
    </p>
   </div>
   <div class='ocr_carea' id='block_1_99' title="bbox 2230 3820 3823 3895">
    <p class='ocr_par' dir='ltr' id='par_1_99' title="bbox 2230 3820 3823 3895">
     <span class='ocr_line' id='line_1_100' title="bbox 2230 3820 3823 3895; baseline 0.003 -20"><span class='ocrx_word' id='word_1_739' title='bbox 2230 3830 2350 3875; x_wconf 79' lang='lat' dir='ltr'><strong>est:</strong></span> <span class='ocrx_word' id='word_1_740' title='bbox 2379 3821 2517 3876; x_wconf 89' lang='lat' dir='ltr'><strong>sicut</strong></span> <span class='ocrx_word' id='word_1_741' title='bbox 2553 3820 2620 3874; x_wconf 91' lang='lat' dir='ltr'><strong>ad</strong></span> <span class='ocrx_word' id='word_1_742' title='bbox 2668 3820 2939 3875; x_wconf 88' lang='lat' dir='ltr'><strong>sinistram</strong></span> <span class='ocrx_word' id='word_1_743' title='bbox 2983 3821 3121 3876; x_wconf 69' lang='lat' dir='ltr'><strong>hatdi</strong></span> <span class='ocrx_word' id='word_1_744' title='bbox 3151 3824 3549 3877; x_wconf 87' lang='lat' dir='ltr'><strong>constituuntur</strong></span> <span class='ocrx_word' id='word_1_745' title='bbox 3592 3824 3823 3895; x_wconf 74' lang='lat' dir='ltr'><strong>(Matth.</strong></span> 
     </span>
    </p>
   </div>
   <div class='ocr_carea' id='block_1_100' title="bbox 2231 3911 3829 3984">
    <p class='ocr_par' dir='ltr' id='par_1_100' title="bbox 2231 3911 3829 3984">
     <span class='ocr_line' id='line_1_101' title="bbox 2231 3911 3829 3984; baseline 0.004 -19"><span class='ocrx_word' id='word_1_746' title='bbox 2231 3926 2362 3975; x_wconf 83' lang='lat' dir='ltr'><strong>xxv,</strong></span> <span class='ocrx_word' id='word_1_747' title='bbox 2396 3911 2520 3981; x_wconf 83' lang='grc'><strong>55),</strong></span> <span class='ocrx_word' id='word_1_748' title='bbox 2552 3911 2601 3966; x_wconf 93' lang='lat' dir='ltr'><strong>id</strong></span> <span class='ocrx_word' id='word_1_749' title='bbox 2628 3919 2710 3966; x_wconf 91' lang='lat' dir='ltr'><strong>est</strong></span> <span class='ocrx_word' id='word_1_750' title='bbox 2740 3912 2791 3966; x_wconf 93' lang='lat' dir='ltr'><strong>in</strong></span> <span class='ocrx_word' id='word_1_751' title='bbox 2823 3912 3070 3977; x_wconf 89' lang='lat' dir='ltr'><strong>miseria,</strong></span> <span class='ocrx_word' id='word_1_752' title='bbox 3100 3924 3318 3983; x_wconf 89' lang='lat' dir='ltr'><strong>propter</strong></span> <span class='ocrx_word' id='word_1_753' title='bbox 3362 3914 3691 3984; x_wconf 89' lang='lat' dir='ltr'><strong>iniquitates,</strong></span> <span class='ocrx_word' id='word_1_754' title='bbox 3742 3917 3829 3971; x_wconf 87' lang='lat' dir='ltr'><strong>la-</strong></span> 
     </span>
    </p>
   </div>
   <div class='ocr_carea' id='block_1_101' title="bbox 2230 4005 3831 4080">
    <p class='ocr_par' dir='ltr' id='par_1_101' title="bbox 2230 4005 3831 4080">
     <span class='ocr_line' id='line_1_102' title="bbox 2230 4005 3831 4080; baseline 0.003 -19"><span class='ocrx_word' id='word_1_755' title='bbox 2230 4005 2389 4062; x_wconf 86' lang='lat' dir='ltr'><strong>bores</strong></span> <span class='ocrx_word' id='word_1_756' title='bbox 2417 4008 2438 4038; x_wconf 81' lang='grc'><strong><em>²</em></strong></span> <span class='ocrx_word' id='word_1_757' title='bbox 2479 4017 2636 4077; x_wconf 89' lang='lat' dir='ltr'><strong>atque</strong></span> <span class='ocrx_word' id='word_1_758' title='bbox 2676 4008 2961 4064; x_wconf 89' lang='lat' dir='ltr'><strong>cruciatus.</strong></span> <span class='ocrx_word' id='word_1_759' title='bbox 3005 4007 3207 4063; x_wconf 89' lang='lat' dir='ltr'><strong>Sedere</strong></span> <span class='ocrx_word' id='word_1_760' title='bbox 3253 4023 3380 4080; x_wconf 90' lang='lat' dir='ltr'><strong>ergo</strong></span> <span class='ocrx_word' id='word_1_761' title='bbox 3433 4009 3576 4079; x_wconf 88' lang='lat' dir='ltr'><strong>quod</strong></span> <span class='ocrx_word' id='word_1_762' title='bbox 3624 4009 3831 4066; x_wconf 88' lang='lat' dir='ltr'><strong>dicitur</strong></span> 
     </span>
    </p>
   </div>
   <div class='ocr_carea' id='block_1_102' title="bbox 2233 4098 3821 4171">
    <p class='ocr_par' dir='ltr' id='par_1_102' title="bbox 2233 4098 3821 4171">
     <span class='ocr_line' id='line_1_103' title="bbox 2233 4098 3821 4171; baseline 0.003 -19"><span class='ocrx_word' id='word_1_763' title='bbox 2233 4098 2393 4161; x_wconf 90' lang='lat' dir='ltr'><strong>Deus,</strong></span> <span class='ocrx_word' id='word_1_764' title='bbox 2424 4113 2530 4152; x_wconf 92' lang='lat' dir='ltr'><strong>non</strong></span> <span class='ocrx_word' id='word_1_765' title='bbox 2562 4100 2923 4154; x_wconf 91' lang='lat' dir='ltr'><strong>membrorum</strong></span> <span class='ocrx_word' id='word_1_766' title='bbox 2972 4100 3320 4169; x_wconf 91' lang='lat' dir='ltr'><strong>positionem,</strong></span> <span class='ocrx_word' id='word_1_767' title='bbox 3352 4099 3447 4155; x_wconf 90' lang='lat' dir='ltr'><strong>sed</strong></span> <span class='ocrx_word' id='word_1_768' title='bbox 3473 4100 3821 4171; x_wconf 89' lang='lat' dir='ltr'><strong>judiciariam</strong></span> 
     </span>
    </p>
   </div>
   <div class='ocr_carea' id='block_1_103' title="bbox 2232 4189 3831 4263">
    <p class='ocr_par' dir='ltr' id='par_1_103' title="bbox 2232 4189 3831 4263">
     <span class='ocr_line' id='line_1_104' title="bbox 2232 4189 3831 4263; baseline 0.004 -19"><span class='ocrx_word' id='word_1_769' title='bbox 2232 4189 2495 4260; x_wconf 85' lang='lat' dir='ltr'><strong>significat</strong></span> <span class='ocrx_word' id='word_1_770' title='bbox 2521 4199 2871 4262; x_wconf 89' lang='lat' dir='ltr'><strong>potestatem,</strong></span> <span class='ocrx_word' id='word_1_771' title='bbox 2900 4207 3000 4261; x_wconf 89' lang='lat' dir='ltr'><strong>qua</strong></span> <span class='ocrx_word' id='word_1_772' title='bbox 3034 4191 3124 4245; x_wconf 91' lang='lat' dir='ltr'><strong>illa</strong></span> <span class='ocrx_word' id='word_1_773' title='bbox 3156 4191 3408 4261; x_wconf 88' lang='lat' dir='ltr'><strong>majestas</strong></span> <span class='ocrx_word' id='word_1_774' title='bbox 3431 4209 3704 4263; x_wconf 90' lang='lat' dir='ltr'><strong>nunquam</strong></span> <span class='ocrx_word' id='word_1_775' title='bbox 3736 4210 3831 4249; x_wconf 82' lang='lat' dir='ltr'><strong>ca-</strong></span> 
     </span>
    </p>
   </div>
   <div class='ocr_carea' id='block_1_104' title="bbox 2232 4281 3829 4353">
    <p class='ocr_par' dir='ltr' id='par_1_104' title="bbox 2232 4281 3829 4353">
     <span class='ocr_line' id='line_1_105' title="bbox 2232 4281 3829 4353; baseline 0.003 -17"><span class='ocrx_word' id='word_1_776' title='bbox 2232 4290 2352 4346; x_wconf 89' lang='lat' dir='ltr'><strong>ret,</strong></span> <span class='ocrx_word' id='word_1_777' title='bbox 2381 4296 2594 4351; x_wconf 89' lang='lat' dir='ltr'><strong>semper</strong></span> <span class='ocrx_word' id='word_1_778' title='bbox 2617 4281 2776 4353; x_wconf 90' lang='lat' dir='ltr'><strong>digna</strong></span> <span class='ocrx_word' id='word_1_779' title='bbox 2814 4282 2989 4352; x_wconf 84' lang='lat' dir='ltr'><strong>dignis</strong></span> <span class='ocrx_word' id='word_1_780' title='bbox 3020 4282 3336 4349; x_wconf 90' lang='lat' dir='ltr'><strong>tribuendo;</strong></span> <span class='ocrx_word' id='word_1_781' title='bbox 3368 4284 3611 4353; x_wconf 90' lang='lat' dir='ltr'><strong>quamvis</strong></span> <span class='ocrx_word' id='word_1_782' title='bbox 3644 4286 3697 4338; x_wconf 92' lang='lat' dir='ltr'><strong>in</strong></span> <span class='ocrx_word' id='word_1_783' title='bbox 3730 4301 3829 4340; x_wconf 84' lang='lat' dir='ltr'><strong>ex-</strong></span> 
     </span>
    </p>
   </div>
   <div class='ocr_carea' id='block_1_105' title="bbox 2234 4373 3829 4443">
    <p class='ocr_par' dir='ltr' id='par_1_105' title="bbox 2234 4373 3829 4443">
     <span class='ocr_line' id='line_1_106' title="bbox 2234 4373 3829 4443; baseline 0.002 -16"><span class='ocrx_word' id='word_1_784' title='bbox 2234 4382 2405 4428; x_wconf 92' lang='lat' dir='ltr'><strong>tremo</strong></span> <span class='ocrx_word' id='word_1_785' title='bbox 2423 4373 2626 4443; x_wconf 85' lang='lat' dir='ltr'><strong>judicio</strong></span> <span class='ocrx_word' id='word_1_786' title='bbox 2652 4374 2822 4429; x_wconf 93' lang='lat' dir='ltr'><strong>multo</strong></span> <span class='ocrx_word' id='word_1_787' title='bbox 2867 4373 3204 4430; x_wconf 90' lang='lat' dir='ltr'><strong>manifestius</strong></span> <span class='ocrx_word' id='word_1_788' title='bbox 3244 4374 3385 4430; x_wconf 90' lang='lat' dir='ltr'><strong>inter</strong></span> <span class='ocrx_word' id='word_1_789' title='bbox 3412 4375 3660 4430; x_wconf 87' lang='lat' dir='ltr'><strong>homines</strong></span> <span class='ocrx_word' id='word_1_790' title='bbox 3698 4377 3829 4430; x_wconf 88' lang='lat' dir='ltr'><strong>uni-</strong></span> 
     </span>
    </p>
   </div>
   <div class='ocr_carea' id='block_1_106' title="bbox 2233 4465 3827 4537">
    <p class='ocr_par' dir='ltr' id='par_1_106' title="bbox 2233 4465 3827 4537">
     <span class='ocr_line' id='line_1_107' title="bbox 2233 4465 3827 4537; baseline 0.001 -18"><span class='ocrx_word' id='word_1_791' title='bbox 2233 4466 2395 4536; x_wconf 82' lang='lat' dir='ltr'><strong>geniti</strong></span> <span class='ocrx_word' id='word_1_792' title='bbox 2423 4466 2542 4520; x_wconf 86' lang='lat' dir='ltr'><strong>Filii</strong></span> <span class='ocrx_word' id='word_1_793' title='bbox 2590 4466 2687 4521; x_wconf 89' lang='lat' dir='ltr'><strong>Dei</strong></span> <span class='ocrx_word' id='word_1_794' title='bbox 2734 4465 2930 4534; x_wconf 90' lang='lat' dir='ltr'><strong>judicis</strong></span> <span class='ocrx_word' id='word_1_795' title='bbox 2983 4466 3226 4521; x_wconf 86' lang='lat' dir='ltr'><strong>vivorum</strong></span> <span class='ocrx_word' id='word_1_796' title='bbox 3266 4476 3427 4537; x_wconf 90' lang='lat' dir='ltr'><strong>atque</strong></span> <span class='ocrx_word' id='word_1_797' title='bbox 3480 4476 3827 4521; x_wconf 89' lang='lat' dir='ltr'><strong>mortuorum</strong></span> 
     </span>
    </p>
   </div>
   <div class='ocr_carea' id='block_1_107' title="bbox 2233 4556 3099 4613">
    <p class='ocr_par' dir='ltr' id='par_1_107' title="bbox 2233 4556 3099 4613">
     <span class='ocr_line' id='line_1_108' title="bbox 2233 4556 3099 4613; baseline -0.002 0"><span class='ocrx_word' id='word_1_798' title='bbox 2233 4558 2447 4613; x_wconf 89' lang='lat' dir='ltr'><strong>claritas</strong></span> <span class='ocrx_word' id='word_1_799' title='bbox 2468 4557 2755 4613; x_wconf 89' lang='lat' dir='ltr'><strong>indubitata</strong></span> <span class='ocrx_word' id='word_1_800' title='bbox 2774 4556 2951 4613; x_wconf 88' lang='lat' dir='ltr'><strong>futura</strong></span> <span class='ocrx_word' id='word_1_801' title='bbox 2971 4558 3040 4613; x_wconf 91' lang='lat' dir='ltr'><strong>sit</strong></span> <span class='ocrx_word' id='word_1_802' title='bbox 3056 4557 3099 4611; x_wconf 84' lang='grc'><strong>⁸.</strong></span> 
     </span>
    </p>
   </div>
   <div class='ocr_carea' id='block_1_108' title="bbox 2305 4666 3834 4740">
    <p class='ocr_par' dir='ltr' id='par_1_108' title="bbox 2305 4666 3834 4740">
     <span class='ocr_line' id='line_1_109' title="bbox 2305 4666 3834 4740; baseline 0 -15"><span class='ocrx_word' id='word_1_803' title='bbox 2305 4668 2529 4725; x_wconf 85' lang='lat' dir='ltr'><strong>CAPUT</strong></span> <span class='ocrx_word' id='word_1_804' title='bbox 2552 4668 2851 4725; x_wconf 56' lang='grc' dir='ltr'><strong>νειμ-45.</strong></span> <span class='ocrx_word' id='word_1_805' title='bbox 2882 4669 3135 4722; x_wconf 79' lang='lat' dir='ltr'><strong>Adventus</strong></span> <span class='ocrx_word' id='word_1_806' title='bbox 3159 4668 3227 4721; x_wconf 84' lang='lat' dir='ltr'><strong>ad</strong></span> <span class='ocrx_word' id='word_1_807' title='bbox 3240 4667 3517 4740; x_wconf 85' lang='lat' dir='ltr'><strong>judicium.</strong></span> <span class='ocrx_word' id='word_1_808' title='bbox 3540 4666 3834 4725; x_wconf 77' lang='lat' dir='ltr'><strong>Credimus</strong></span> 
     </span>
    </p>
   </div>
   <div class='ocr_carea' id='block_1_109' title="bbox 2234 4758 3833 4829">
    <p class='ocr_par' dir='ltr' id='par_1_109' title="bbox 2234 4758 3833 4829">
     <span class='ocr_line' id='line_1_110' title="bbox 2234 4758 3833 4829; baseline 0 -14"><span class='ocrx_word' id='word_1_809' title='bbox 2234 4760 2393 4815; x_wconf 89' lang='lat' dir='ltr'><strong>etiam</strong></span> <span class='ocrx_word' id='word_1_810' title='bbox 2421 4759 2543 4815; x_wconf 90' lang='lat' dir='ltr'><strong>inde</strong></span> <span class='ocrx_word' id='word_1_811' title='bbox 2585 4772 2867 4814; x_wconf 88' lang='lat' dir='ltr'><strong>venturum</strong></span> <span class='ocrx_word' id='word_1_812' title='bbox 2914 4758 3421 4815; x_wconf 80' lang='lat' dir='ltr'><strong>convenientissiino</strong></span> <span class='ocrx_word' id='word_1_813' title='bbox 3460 4766 3742 4829; x_wconf 86' lang='lat' dir='ltr'><strong>tempore,</strong></span> <span class='ocrx_word' id='word_1_814' title='bbox 3775 4772 3833 4817; x_wconf 91' lang='lat' dir='ltr'><strong>et</strong></span> 
     </span>
    </p>
   </div>
   <div class='ocr_carea' id='block_1_110' title="bbox 2230 4851 3832 4924">
    <p class='ocr_par' dir='ltr' id='par_1_110' title="bbox 2230 4851 3832 4924">
     <span class='ocr_line' id='line_1_111' title="bbox 2230 4851 3832 4924; baseline 0.001 -16"><span class='ocrx_word' id='word_1_815' title='bbox 2230 4854 2585 4924; x_wconf 88' lang='lat' dir='ltr'><strong>judicaturum</strong></span> <span class='ocrx_word' id='word_1_816' title='bbox 2625 4853 2779 4908; x_wconf 88' lang='lat' dir='ltr'><strong>vivos</strong></span> <span class='ocrx_word' id='word_1_817' title='bbox 2806 4860 2861 4907; x_wconf 89' lang='lat' dir='ltr'><strong>et</strong></span> <span class='ocrx_word' id='word_1_818' title='bbox 2906 4863 3167 4907; x_wconf 91' lang='lat' dir='ltr'><strong>mortuos.</strong></span> <span class='ocrx_word' id='word_1_819' title='bbox 3198 4851 3324 4908; x_wconf 86' lang='lat' dir='ltr'><strong>Sive</strong></span> <span class='ocrx_word' id='word_1_820' title='bbox 3362 4852 3480 4907; x_wconf 90' lang='lat' dir='ltr'><strong>istis</strong></span> <span class='ocrx_word' id='word_1_821' title='bbox 3520 4854 3832 4909; x_wconf 89' lang='lat' dir='ltr'><strong>nominibus</strong></span> 
     </span>
    </p>
   </div>
   <div class='ocr_carea' id='block_1_111' title="bbox 2229 4943 3836 5015">
    <p class='ocr_par' dir='ltr' id='par_1_111' title="bbox 2229 4943 3836 5015">
     <span class='ocr_line' id='line_1_112' title="bbox 2229 4943 3836 5015; baseline 0.001 -16"><span class='ocrx_word' id='word_1_822' title='bbox 2229 4945 2358 5015; x_wconf 87' lang='lat' dir='ltr'><strong>justi</strong></span> <span class='ocrx_word' id='word_1_823' title='bbox 2384 4952 2439 5000; x_wconf 91' lang='lat' dir='ltr'><strong>et</strong></span> <span class='ocrx_word' id='word_1_824' title='bbox 2466 4953 2771 5014; x_wconf 89' lang='lat' dir='ltr'><strong>peccatores</strong></span> <span class='ocrx_word' id='word_1_825' title='bbox 2791 4944 3191 5015; x_wconf 83' lang='lat' dir='ltr'><strong>signiﬁcentur;</strong></span> <span class='ocrx_word' id='word_1_826' title='bbox 3233 4943 3346 4998; x_wconf 92' lang='lat' dir='ltr'><strong>sive</strong></span> <span class='ocrx_word' id='word_1_827' title='bbox 3373 4958 3506 5014; x_wconf 90' lang='lat' dir='ltr'><strong>quos</strong></span> <span class='ocrx_word' id='word_1_828' title='bbox 3545 4952 3671 4999; x_wconf 92' lang='lat' dir='ltr'><strong>tunc</strong></span> <span class='ocrx_word' id='word_1_829' title='bbox 3700 4956 3836 5001; x_wconf 88' lang='lat' dir='ltr'><strong>ante</strong></span> 
     </span>
    </p>
   </div>
   <div class='ocr_carea' id='block_1_112' title="bbox 2235 5032 3833 5104">
    <p class='ocr_par' dir='ltr' id='par_1_112' title="bbox 2235 5032 3833 5104">
     <span class='ocr_line' id='line_1_113' title="bbox 2235 5032 3833 5104; baseline -0.001 -14"><span class='ocrx_word' id='word_1_830' title='bbox 2235 5044 2461 5091; x_wconf 89' lang='lat' dir='ltr'><strong>mortem</strong></span> <span class='ocrx_word' id='word_1_831' title='bbox 2483 5034 2504 5066; x_wconf 69' lang='grc' dir='ltr'>δ</span> <span class='ocrx_word' id='word_1_832' title='bbox 2531 5036 2585 5089; x_wconf 93' lang='lat' dir='ltr'><strong>in</strong></span> <span class='ocrx_word' id='word_1_833' title='bbox 2628 5036 2783 5091; x_wconf 90' lang='lat' dir='ltr'><strong>terris</strong></span> <span class='ocrx_word' id='word_1_834' title='bbox 2831 5037 3142 5089; x_wconf 86' lang='lat' dir='ltr'><strong>inventurus</strong></span> <span class='ocrx_word' id='word_1_835' title='bbox 3172 5042 3254 5089; x_wconf 91' lang='lat' dir='ltr'><strong>est</strong></span> <span class='ocrx_word' id='word_1_836' title='bbox 3273 5034 3523 5104; x_wconf 89' lang='lat' dir='ltr'><strong>appellati</strong></span> <span class='ocrx_word' id='word_1_837' title='bbox 3551 5032 3661 5089; x_wconf 88' lang='lat' dir='ltr'><strong>sint</strong></span> <span class='ocrx_word' id='word_1_838' title='bbox 3684 5035 3833 5099; x_wconf 89' lang='lat' dir='ltr'><strong>vivi,</strong></span> 
     </span>
    </p>
   </div>
   <div class='ocr_carea' id='block_1_113' title="bbox 2236 5129 3831 5203">
    <p class='ocr_par' dir='ltr' id='par_1_113' title="bbox 2236 5129 3831 5203">
     <span class='ocr_line' id='line_1_114' title="bbox 2236 5129 3831 5203; baseline -0.004 -14"><span class='ocrx_word' id='word_1_839' title='bbox 2236 5134 2431 5189; x_wconf 87' lang='lat' dir='ltr'><strong>mortui</strong></span> <span class='ocrx_word' id='word_1_840' title='bbox 2461 5148 2588 5188; x_wconf 88' lang='lat' dir='ltr'><strong>vero</strong></span> <span class='ocrx_word' id='word_1_841' title='bbox 2615 5133 2702 5203; x_wconf 92' lang='lat' dir='ltr'><strong>qui</strong></span> <span class='ocrx_word' id='word_1_842' title='bbox 2734 5133 2785 5186; x_wconf 93' lang='lat' dir='ltr'><strong>in</strong></span> <span class='ocrx_word' id='word_1_843' title='bbox 2813 5131 2930 5200; x_wconf 85' lang='lat' dir='ltr'><strong>ejus</strong></span> <span class='ocrx_word' id='word_1_844' title='bbox 2972 5130 3203 5185; x_wconf 85' lang='lat' dir='ltr'><strong>adventu</strong></span> <span class='ocrx_word' id='word_1_845' title='bbox 3251 5129 3603 5184; x_wconf 89' lang='lat' dir='ltr'><strong>resurrecturi</strong></span> <span class='ocrx_word' id='word_1_846' title='bbox 3650 5140 3782 5185; x_wconf 91' lang='lat' dir='ltr'><strong>sunt</strong></span> <span class='ocrx_word' id='word_1_847' title='bbox 3816 5148 3831 5183; x_wconf 90' lang='lat'>:</span> 
     </span>
    </p>
   </div>
   <div class='ocr_carea' id='block_1_114' title="bbox 2237 5222 3836 5294">
    <p class='ocr_par' dir='ltr' id='par_1_114' title="bbox 2237 5222 3836 5294">
     <span class='ocr_line' id='line_1_115' title="bbox 2237 5222 3836 5294; baseline -0.003 -13"><span class='ocrx_word' id='word_1_848' title='bbox 2237 5226 2354 5281; x_wconf 68' lang='lat' dir='ltr'><strong>hare</strong></span> <span class='ocrx_word' id='word_1_849' title='bbox 2395 5225 2720 5294; x_wconf 90' lang='lat' dir='ltr'><strong>dispensatio</strong></span> <span class='ocrx_word' id='word_1_850' title='bbox 2752 5224 3094 5294; x_wconf 74' lang='lat' dir='ltr'><strong>temporalis,</strong></span> <span class='ocrx_word' id='word_1_851' title='bbox 3130 5239 3235 5277; x_wconf 92' lang='lat' dir='ltr'><strong>non</strong></span> <span class='ocrx_word' id='word_1_852' title='bbox 3281 5230 3487 5276; x_wconf 90' lang='lat' dir='ltr'><strong>tantum</strong></span> <span class='ocrx_word' id='word_1_853' title='bbox 3531 5230 3643 5287; x_wconf 88' lang='lat' dir='ltr'><strong>est,</strong></span> <span class='ocrx_word' id='word_1_854' title='bbox 3693 5222 3836 5277; x_wconf 90' lang='lat' dir='ltr'><strong>sicut</strong></span> 
     </span>
    </p>
   </div>
   <div class='ocr_carea' id='block_1_115' title="bbox 2236 5311 3832 5387">
    <p class='ocr_par' dir='ltr' id='par_1_115' title="bbox 2236 5311 3832 5387">
     <span class='ocr_line' id='line_1_116' title="bbox 2236 5311 3832 5387; baseline -0.003 -15"><span class='ocrx_word' id='word_1_855' title='bbox 2236 5318 2325 5372; x_wconf 88' lang='lat' dir='ltr'><strong>illa</strong></span> <span class='ocrx_word' id='word_1_856' title='bbox 2351 5317 2623 5387; x_wconf 88' lang='lat' dir='ltr'><strong>generatio</strong></span> <span class='ocrx_word' id='word_1_857' title='bbox 2652 5315 2947 5371; x_wconf 90' lang='lat' dir='ltr'><strong>secundum</strong></span> <span class='ocrx_word' id='word_1_858' title='bbox 2970 5316 3156 5377; x_wconf 87' lang='lat' dir='ltr'><strong>Deum;</strong></span> <span class='ocrx_word' id='word_1_859' title='bbox 3177 5314 3269 5369; x_wconf 87' lang='lat' dir='ltr'><strong>sed</strong></span> <span class='ocrx_word' id='word_1_860' title='bbox 3296 5314 3454 5368; x_wconf 90' lang='lat' dir='ltr'><strong>etiam</strong></span> <span class='ocrx_word' id='word_1_861' title='bbox 3477 5311 3592 5377; x_wconf 88' lang='lat' dir='ltr'><strong>fuit,</strong></span> <span class='ocrx_word' id='word_1_862' title='bbox 3620 5322 3676 5369; x_wconf 91' lang='lat' dir='ltr'><strong>et</strong></span> <span class='ocrx_word' id='word_1_863' title='bbox 3703 5316 3832 5369; x_wconf 87' lang='lat' dir='ltr'><strong>erit.</strong></span> 
     </span>
    </p>
   </div>
   <div class='ocr_carea' id='block_1_116' title="bbox 2239 5406 3833 5467">
    <p class='ocr_par' dir='ltr' id='par_1_116' title="bbox 2239 5406 3833 5467">
     <span class='ocr_line' id='line_1_117' title="bbox 2239 5406 3833 5467; baseline -0.003 -3"><span class='ocrx_word' id='word_1_864' title='bbox 2239 5410 2369 5465; x_wconf 83' lang='lat' dir='ltr'><strong>Nam</strong></span> <span class='ocrx_word' id='word_1_865' title='bbox 2415 5408 2510 5463; x_wconf 80' lang='lat' dir='ltr'><strong>fuit</strong></span> <span class='ocrx_word' id='word_1_866' title='bbox 2534 5409 2792 5464; x_wconf 90' lang='lat' dir='ltr'><strong>Dominus</strong></span> <span class='ocrx_word' id='word_1_867' title='bbox 2835 5418 3017 5463; x_wconf 89' lang='lat' dir='ltr'><strong>noster</strong></span> <span class='ocrx_word' id='word_1_868' title='bbox 3056 5407 3109 5461; x_wconf 87' lang='lat' dir='ltr'><strong>in</strong></span> <span class='ocrx_word' id='word_1_869' title='bbox 3156 5406 3347 5467; x_wconf 88' lang='lat' dir='ltr'><strong>terris.</strong></span> <span class='ocrx_word' id='word_1_870' title='bbox 3383 5414 3438 5461; x_wconf 89' lang='lat' dir='ltr'><strong>et</strong></span> <span class='ocrx_word' id='word_1_871' title='bbox 3483 5420 3625 5461; x_wconf 91' lang='lat' dir='ltr'><strong>nunc</strong></span> <span class='ocrx_word' id='word_1_872' title='bbox 3668 5416 3751 5462; x_wconf 91' lang='lat' dir='ltr'><strong>est</strong></span> <span class='ocrx_word' id='word_1_873' title='bbox 3780 5408 3833 5460; x_wconf 86' lang='lat' dir='ltr'><strong>in</strong></span> 
     </span>
    </p>
   </div>
   <div class='ocr_carea' id='block_1_117' title="bbox 2240 5498 3835 5571">
    <p class='ocr_par' dir='ltr' id='par_1_117' title="bbox 2240 5498 3835 5571">
     <span class='ocr_line' id='line_1_118' title="bbox 2240 5498 3835 5571; baseline -0.003 -14"><span class='ocrx_word' id='word_1_874' title='bbox 2240 5503 2397 5571; x_wconf 66' lang='lat' dir='ltr'><strong>caelo,</strong></span> <span class='ocrx_word' id='word_1_875' title='bbox 2428 5512 2481 5559; x_wconf 93' lang='lat' dir='ltr'><strong>et</strong></span> <span class='ocrx_word' id='word_1_876' title='bbox 2508 5502 2611 5557; x_wconf 90' lang='lat' dir='ltr'><strong>erit</strong></span> <span class='ocrx_word' id='word_1_877' title='bbox 2657 5502 2711 5556; x_wconf 93' lang='lat' dir='ltr'><strong>in</strong></span> <span class='ocrx_word' id='word_1_878' title='bbox 2750 5501 2990 5556; x_wconf 90' lang='lat' dir='ltr'><strong>claritate</strong></span> <span class='ocrx_word' id='word_1_879' title='bbox 3015 5498 3180 5571; x_wconf 84' lang='lat' dir='ltr'><strong>judex</strong></span> <span class='ocrx_word' id='word_1_880' title='bbox 3210 5499 3457 5553; x_wconf 85' lang='lat' dir='ltr'><strong>vivorum</strong></span> <span class='ocrx_word' id='word_1_881' title='bbox 3484 5508 3653 5569; x_wconf 87' lang='lat' dir='ltr'><strong>atque</strong></span> <span class='ocrx_word' id='word_1_882' title='bbox 3688 5514 3835 5553; x_wconf 83' lang='lat' dir='ltr'><strong>mor-</strong></span> 
     </span>
    </p>
   </div>
   <div class='ocr_carea' id='block_1_118' title="bbox 2304 5671 3460 5738">
    <p class='ocr_par' dir='ltr' id='par_1_118' title="bbox 2304 5671 3460 5738">
     <span class='ocr_line' id='line_1_119' title="bbox 2304 5671 3460 5738; baseline -0.006 -12"><span class='ocrx_word' id='word_1_883' title='bbox 2304 5680 2321 5710; x_wconf 83' lang='grc'>¹</span> <span class='ocrx_word' id='word_1_884' title='bbox 2357 5684 2429 5726; x_wconf 79' lang='lat' dir='ltr'><strong>Er.</strong></span> <span class='ocrx_word' id='word_1_885' title='bbox 2454 5684 2505 5726; x_wconf 90' lang='lat' dir='ltr'><strong>et</strong></span> <span class='ocrx_word' id='word_1_886' title='bbox 2528 5684 2633 5726; x_wconf 88' lang='lat' dir='ltr'><strong>tres</strong></span> <span class='ocrx_word' id='word_1_887' title='bbox 2655 5684 2781 5733; x_wconf 55' lang='lat' dir='ltr'><strong>uss,</strong></span> <span class='ocrx_word' id='word_1_888' title='bbox 2806 5671 3351 5738; x_wconf 70' lang='lat' dir='ltr'><strong>quiaitacoqptaudum</strong></span> <span class='ocrx_word' id='word_1_889' title='bbox 3374 5676 3460 5721; x_wconf 81' lang='lat' dir='ltr'><strong>est.</strong></span> 
     </span>
    </p>
   </div>
   <div class='ocr_carea' id='block_1_119' title="bbox 2304 5733 3356 5803">
    <p class='ocr_par' dir='ltr' id='par_1_119' title="bbox 2304 5733 3356 5803">
     <span class='ocr_line' id='line_1_120' title="bbox 2304 5733 3356 5803; baseline -0.005 -15"><span class='ocrx_word' id='word_1_890' title='bbox 2304 5742 2324 5772; x_wconf 75' lang='grc'>³</span> <span class='ocrx_word' id='word_1_891' title='bbox 2358 5748 2478 5803; x_wconf 86' lang='lat' dir='ltr'><strong>Tres</strong></span> <span class='ocrx_word' id='word_1_892' title='bbox 2495 5745 2623 5798; x_wconf 70' lang='lat' dir='ltr'><strong>Mss,</strong></span> <span class='ocrx_word' id='word_1_893' title='bbox 2647 5733 2842 5803; x_wconf 64' lang='lat' dir='ltr'><strong>propter</strong></span> <span class='ocrx_word' id='word_1_894' title='bbox 2864 5733 3130 5803; x_wconf 70' lang='lat' dir='ltr'><strong>iniquitatis</strong></span> <span class='ocrx_word' id='word_1_895' title='bbox 3155 5733 3356 5803; x_wconf 68' lang='lat' dir='ltr'><strong>labores.</strong></span> 
     </span>
    </p>
   </div>
   <div class='ocr_carea' id='block_1_120' title="bbox 2306 5796 3304 5857">
    <p class='ocr_par' dir='ltr' id='par_1_120' title="bbox 2306 5796 3304 5857">
     <span class='ocr_line' id='line_1_121' title="bbox 2306 5796 3304 5857; baseline -0.006 -8"><span class='ocrx_word' id='word_1_896' title='bbox 2306 5804 2327 5834; x_wconf 84' lang='grc'><em>³</em></span> <span class='ocrx_word' id='word_1_897' title='bbox 2361 5808 2423 5849; x_wconf 75' lang='lat' dir='ltr'><strong>Ita</strong></span> <span class='ocrx_word' id='word_1_898' title='bbox 2444 5802 2491 5848; x_wconf 92' lang='lat' dir='ltr'><strong>in</strong></span> <span class='ocrx_word' id='word_1_899' title='bbox 2509 5796 2616 5849; x_wconf 68' lang='lat' dir='ltr'><strong>Mss.</strong></span> <span class='ocrx_word' id='word_1_900' title='bbox 2640 5796 2693 5848; x_wconf 69' lang='lat' dir='ltr'><strong>At</strong></span> <span class='ocrx_word' id='word_1_901' title='bbox 2716 5796 2763 5847; x_wconf 85' lang='lat' dir='ltr'><strong>in</strong></span> <span class='ocrx_word' id='word_1_902' title='bbox 2783 5796 2995 5855; x_wconf 77' lang='lat' dir='ltr'><strong>excusis,</strong></span> <span class='ocrx_word' id='word_1_903' title='bbox 3019 5796 3207 5857; x_wconf 74' lang='lat' dir='ltr'><strong>falsum</strong></span> <span class='ocrx_word' id='word_1_904' title='bbox 3229 5796 3304 5846; x_wconf 84' lang='lat' dir='ltr'><strong>sit.</strong></span> 
     </span>
    </p>
   </div>
   <div class='ocr_carea' id='block_1_121' title="bbox 2307 5859 3558 5920">
    <p class='ocr_par' dir='ltr' id='par_1_121' title="bbox 2307 5859 3558 5920">
     <span class='ocr_line' id='line_1_122' title="bbox 2307 5859 3558 5920; baseline -0.005 -7"><span class='ocrx_word' id='word_1_905' title='bbox 2307 5865 2325 5894; x_wconf 75' lang='grc' dir='ltr'><strong>ἰ</strong></span> <span class='ocrx_word' id='word_1_906' title='bbox 2359 5864 2440 5913; x_wconf 84' lang='lat' dir='ltr'><strong>ilic</strong></span> <span class='ocrx_word' id='word_1_907' title='bbox 2462 5863 2577 5912; x_wconf 84' lang='lat' dir='ltr'><strong>editi</strong></span> <span class='ocrx_word' id='word_1_908' title='bbox 2602 5861 2798 5920; x_wconf 85' lang='lat' dir='ltr'><strong>addunt,</strong></span> <span class='ocrx_word' id='word_1_909' title='bbox 2822 5867 3033 5914; x_wconf 70' lang='lat' dir='ltr'><strong>nostrum</strong></span> <span class='ocrx_word' id='word_1_910' title='bbox 3057 5873 3072 5912; x_wconf 82' lang='lat'><strong>.&#39;</strong></span> <span class='ocrx_word' id='word_1_911' title='bbox 3106 5859 3431 5911; x_wconf 82' lang='lat' dir='ltr'><strong>renitentibus</strong></span> <span class='ocrx_word' id='word_1_912' title='bbox 3453 5866 3558 5907; x_wconf 70' lang='lat' dir='ltr'><strong>Mss.</strong></span> 
     </span>
    </p>
   </div>
  </div>
