4004 6518
217 370 299 427 613

214 489 357 542 stiano
379 476 628 534 doctrinae
655 475 965 531 resisterent
991 470 1310 532 chris‘tianac,
1341 468 1493 538 quasi
1535 473 1750 536 possent

216 573 542 634 indifferenter
565 569 682 623 sine
711 567 816 622 ulla
859 563 1194 633 correptione
1237 559 1419 614 haberi
1449 563 1500 612 iu
1542 557 1754 612 civitate

217 669 324 732 ltei,
372 665 502 717 sicut
543 660 732 714 civitas
788 654 1112 712 confusionis
1163 651 1523 706 indifferenter
1573 647 1756 701 habuit

217 753 523 830 philosophos
563 753 701 804 inter
737 765 795 804 se
847 748 1055 801 diversa
1095 754 1150 798 et
1191 743 1414 797 adversa
1441 739 1752 794 sentientes.

217 849 296 916 Qui
322 861 438 916 ergo
479 844 530 897 in
560 841 798 896 Ecclesia
835 838 1030 892 Christi
1063 835 1357 890 morbidum
1395 831 1590 902 aliquid
1635 843 1758 900 pra-

214 955 413 1010 vumque
464 937 712 1006 sapiunt,
745 936 788 988 si
839 932 1068 1001 correpti
1116 939 1173 985 ut
1215 943 1400 984 sanum
1452 935 1759 994 rectumque

216 1034 411 1103 sapiant,
447 1030 700 1082 resistunt
735 1025 1151 1088 contumaciter,
1178 1036 1376 1091 suaque
1415 1019 1662 1090 pestifera
1705 1025 1760 1070 et

218 1122 457 1179 mortifera
482 1121 730 1190 degmata
770 1117 1058 1174 emendare
1093 1116 1277 1170 nolunt
1300 1155 1314 1176 ,
1346 1113 1442 1168 sed
1483 1111 1761 1166 defensare

218 1214 507 1284 persistunt;
539 1209 769 1265 haeretici
800 1209 947 1274 ﬁunt,
972 1217 1026 1261 et
1047 1207 1187 1261 foras
1216 1216 1472 1260 exeuntes
1502 1203 1764 1258 habentur

219 1308 260 1360 in
285 1304 639 1359 exercentibus
669 1302 913 1356 inimicis.
957 1300 1129 1354 Etiam
1165 1299 1240 1353 sic
1265 1299 1458 1367 quippe
1484 1296 1623 1350 veris
1661 1294 1764 1348 illis

219 1397 465 1452 catholicis
501 1395 756 1449 membris
786 1394 982 1447 Christi
1026 1393 1167 1447 malo
1209 1405 1306 1446 suo
1355 1397 1608 1459 prosunt,
1639 1385 1766 1441 dum

221 1487 342 1542 Deus
369 1487 525 1540 utitur
547 1495 600 1540 et
627 1486 780 1539 malis
812 1485 964 1548 bene,
999 1493 1052 1538 et
1087 1481 1424 1551 diligentibus
1445 1495 1564 1535 eum
1589 1478 1768 1533 omnia

220 1586 546 1647 cooperantur
574 1578 590 1608 ί
623 1578 674 1630 in
710 1577 904 1632 bonum
933 1575 1105 1648 (Rom.
1129 1590 1239 1640 vnt,
1265 1573 1380 1643 28).
1399 1572 1598 1626 Inimici
1627 1571 1769 1625 enim

221 1686 383 1725 omnes
411 1669 680 1736 Ecclesite,
708 1669 945 1739 quolibet
972 1682 1154 1722 errore
1180 1675 1443 1720 cmcenlur
1466 1665 1549 1719 vel
1571 1663 1770 1718 malitia

220 1763 577 1827 depraventur,
625 1762 670 1815 si
719 1761 984 1830 accipiunt
1047 1768 1365 1829 potestatem
1423 1755 1772 1826 corporaliter

221 1859 457 1932 aflligendi
484 1903 498 1928 ,
535 1864 785 1916 exercent
810 1854 926 1923 ejus
955 1853 1259 1924 patientiam
1288 1868 1302 1917 ;
1331 1850 1376 1905 si
1409 1846 1772 1904 tantummodo

223 1954 340 2008 male
361 1953 634 2008 sentiendo
651 1952 1022 2014 adversantur,
1040 1952 1288 1998 exercent
1306 1941 1422 2010 ejus
1441 1939 1770 2010 sapientiam;

225 2053 273 2098 ut
292 2053 450 2100 autem
472 2045 632 2100 etiam
656 2044 853 2098 initnici
882 2043 1188 2112 diligantur,
1208 2040 1456 2094 exercent
1481 2031 1595 2101 eius
1615 2030 1778 2085 bene-

220 2135 480 2190 volentiam
501 2177 516 2200 ,
555 2144 647 2189 aut
672 2136 830 2189 etiam
865 2133 1265 2188 beneﬁcentiam
1291 2173 1306 2197 ,
1336 2124 1447 2184 sive
1475 2122 1723 2214 suadibili
1753 2121 1775 2153 ²

222 2224 439 2280 doctrina
464 2241 586 2281 cum
616 2226 694 2281 eis
714 2235 918 2296 agatur,
958 2225 1071 2279 sive
1111 2223 1334 2279 terribili
1376 2213 1679 2290 disciplina.
1699 2213 1778 2275 Ac

229 2324 312 2379 per
334 2318 427 2374 hoc
454 2319 699 2374 diabolus
741 2319 984 2388 princeps
1022 2318 1110 2385 im;
1131 2317 1195 2371 ire
1231 2315 1456 2370 civitatis
1479 2355 1494 2378 ,
1527 2313 1778 2368 adversus

227 2409 626 2474 peregrinantem
659 2411 710 2464 in
744 2410 842 2464 hoc
867 2408 1065 2463 mundo
1093 2408 1358 2463 civitatem
1391 2405 1485 2459 Dei
1514 2419 1634 2458 vasa
1661 2419 1780 2473 pro-

228 2495 326 2564 pria
349 2502 761 2568 commovendo,
801 2501 932 2556 nihil
982 2501 1029 2555 ei
1074 2514 1268 2554 nocere
1312 2497 1656 2569 permittitur.
1685 2495 1781 2551 Cui

228 2589 390 2656 procul
435 2590 595 2646 dubio
647 2604 702 2649 et
750 2595 909 2650 rebus
940 2593 1206 2664 prosperis
1235 2591 1558 2655 consolatio,
1589 2599 1648 2644 ut
1676 2604 1782 2644 non

227 2677 478 2748 frangatur
506 2681 785 2750 adversis;
809 2695 864 2740 et
889 2685 1048 2739 rebus
1073 2683 1330 2738 adversus
1357 2681 1664 2736 exercitatio
1683 2721 1699 2745 ,
1728 2687 1786 2734 ut

229 2783 320 2823 non
357 2785 725 2843 corrumpatur
753 2777 1021 2847 prosperis
1044 2817 1060 2842 ,
1091 2791 1184 2844 per
1231 2773 1459 2828 divinam
1499 2770 1783 2843 providen-

229 2860 344 2915 tiam
370 2877 681 2932 procuratur
713 2886 725 2921 :
756 2878 916 2937 atque
947 2869 1015 2921 ita
1045 2876 1364 2936 temperatur
1393 2873 1674 2932 utrumque
1720 2860 1787 2914 ab

228 2953 498 3020 alterutro,
536 2968 591 3010 ut
636 2957 685 3010 in
731 2959 938 3012 Psalmo
992 2958 1136 3011 illam
1191 2971 1374 3010 vocem
1428 2970 1535 3008 non
1580 2951 1789 3007 aliunde

228 3059 564 3114 agnoscamus
607 3061 840 3104 exortam
862 3093 876 3117 ,
910 3050 1202 3120 Secundum
1240 3048 1611 3102 multitudinem
1641 3044 1790 3098 dolo-

228 3152 328 3188 rum
357 3155 578 3193 meorum
621 3141 672 3194 in
699 3142 849 3196 corde
886 3159 994 3195 meo
1021 3183 1035 3207 ,
1064 3141 1428 3195 consolationes
1460 3148 1559 3191 tua:
1594 3139 1789 3208 jucun-

227 3229 450 3283 daverunt
479 3234 703 3286 animam
754 3251 913 3287 nteant
943 3235 1112 3304 (Psal.
1147 3248 1293 3297 xcut,
1315 3231 1424 3303 19).
1473 3231 1604 3284 Hinc
1632 3238 1712 3284 est
1738 3237 1793 3283 et

228 3320 344 3375 illttd
392 3324 669 3393 Apostoli,
703 3325 808 3396 Spe
861 3327 1170 3396 gaudentes,
1221 3325 1274 3378 in
1326 3323 1648 3378 tribulatione
1698 3338 1793 3392 pa-

226 3412 388 3468 tientes
409 3415 584 3486 (lieni.
618 3433 706 3481 xtl,
741 3417 847 3488 η).

290 3503 340 3557 2.
377 3505 510 3561 Nam
571 3517 624 3562 et
680 3508 766 3570 id,
815 3509 955 3579 quod
999 3510 1074 3563 ait
1111 3509 1248 3564 idem
1294 3508 1511 3571 doctor,
1561 3506 1799 3572 Quicum-

227 3609 313 3662 que
336 3598 503 3651 volunt
532 3600 584 3650 in
614 3599 808 3653 Christo
837 3601 915 3670 pie
943 3603 1102 3654 vivere
1121 3643 1135 3664 ,
1169 3601 1560 3670 persecutionem
1591 3599 1793 3668 patien-

229 3693 304 3738 tur
335 3688 353 3718 ³
385 3689 449 3758 (ll
481 3689 618 3743 Tim.
661 3692 877 3760 ttt,12),
928 3693 1088 3746 nullis
1135 3691 1423 3760 putandum
1479 3699 1562 3744 est
1610 3689 1798 3743 deesse

229 3790 376 3844 posse
415 3781 758 3850 temporibus.
790 3782 922 3848 Quia
950 3791 1146 3836 etcum
1178 3783 1246 3836 ab
1276 3783 1353 3836 eis
1383 3781 1471 3852 qtti
1512 3781 1641 3834 foris
1672 3788 1800 3833 sunt

229 3882 326 3923 non
352 3873 715 3940 srevieutibus,
743 3873 952 3929 videtur
976 3889 1093 3928 esse
1126 3874 1472 3944 tranquillitas
1491 3915 1506 3941 ,
1534 3885 1587 3929 et
1617 3887 1800 3926 revera

229 3963 389 4031 est",
440 3967 836 4038 plurimumque
885 3967 1266 4023 consolationis
1329 3966 1518 4032 affert,
1573 3966 1802 4020 maxime

229 4054 486 4124 inﬁrmis;
520 4073 627 4112 non
669 4069 846 4113 tamen
873 4059 1104 4125 desunt,
1138 4059 1246 4112 imo
1285 4058 1436 4111 multi
1466 4067 1590 4112 sunt
1620 4059 1762 4110 intus
1785 4097 1800 4121 ,

229 4147 313 4216 qui
342 4149 503 4204 corda
537 4144 621 4218 pie
651 4151 940 4204 viventium
980 4151 1089 4203 suis
1137 4149 1360 4218 perditis
1405 4147 1642 4201 moribus
1679 4163 1803 4201 cru-

229 4238 364 4293 ciaut
389 4257 405 4293 :
429 4241 680 4311 quoniam
717 4257 808 4311 per
832 4256 924 4296 eos
945 4240 1340 4309 blaSphematur
1368 4238 1714 4293 christianum
1754 4246 1808 4291 et

235 4332 546 4388 catholicum
572 4348 767 4388 nomen
802 4350 815 4387 :
855 4333 992 4402 quod
1019 4341 1214 4402 quanto
1243 4339 1324 4385 est
1353 4330 1564 4384 charius
1593 4330 1691 4394 eis,
1716 4331 1806 4398 qui

234 4417 416 4471 volunt
457 4427 541 4488 pia.
584 4425 762 4480 vivere
801 4425 855 4479 in
892 4424 1141 4488 Christo,
1189 4432 1333 4477 tanto
1375 4423 1544 4492 magis
1593 4422 1805 4489 dolent,

236 4511 371 4580 (μιοά
402 4527 500 4581 Per
524 4512 693 4566 “13103
716 4520 855 4575 intus
886 4521 1090 4589 positos
1113 4520 1169 4572 lit
1187 4561 1201 4585 ,
1229 4529 1288 4573 ut
1312 4519 1486 4572 minus
1507 4533 1663 4588 quam
1694 4517 1811 4587 pio-

236 4618 350 4658 rum
376 4614 589 4660 mentes
614 4603 953 4668 desiderant,
987 4612 1252 4676 diligatur.
1286 4613 1386 4681 Ipsi
1411 4626 1620 4680 quoque
1651 4611 1814 4664 ιιίει-θ-

239 4696 322 4750 tici
347 4737 363 4764 ,
394 4713 520 4752 cum
550 4698 848 4766 cogitantur
876 4696 1072 4750 habere
1115 4711 1310 4749 nomen
1339 4703 1360 4734 ⁸
1391 4713 1444 4752 et
1479 4712 1812 4757 sacramenta

238 4787 526 4844 christiana
547 4831 562 4856 ,
591 4799 645 4843 et
669 4789 998 4858 Scripturas,
1031 4800 1084 4843 et
1117 4787 1497 4858 professionem
1517 4832 1533 4857 ,
1567 4809 1812 4864 magnum

237 4877 476 4935 dolorem
505 4881 701 4934 faciunt
738 4880 790 4934 in
822 4880 1078 4934 cordibus
1132 4881 1338 4949 piorum
1371 4898 1384 4932 :
1415 4882 1536 4951 quia
1574 4892 1628 4936 et
1667 4884 1815 4937 mttlti

238 4972 481 5028 volentes
508 4988 628 5028 esse
653 4971 961 5036 Christiani,
995 4981 1214 5041 propter
1244 4987 1429 5025 eorum
1456 4973 1818 5028 dissensiones

219 5063 486 5121 ‘hazsitare
532 5073 822 5136 coguntur,
851 5074 906 5120 et
944 5066 1090 5120 multi
1142 5066 1388 5121 maledici
1433 5065 1594 5121 etiam
1636 5069 1690 5121 in
1735 5068 1818 5123 his

239 5155 515 5213 inveniunt
562 5158 836 5213 materiam
882 5157 1282 5228 blasphemandi
1315 5157 1672 5216 Christianum
1719 5175 1820 5216 no-

299 5334 316 5365 ί
353 5333 528 5382 Plures
552 5339 604 5396 et
627 5333 789 5394 proba:
812 5339 938 5396 notae
961 5340 1088 5392 Mss,
1123 5338 1423 5396 cooperatur.
1464 5331 1639 5384 Alludit
1660 5334 1719 5383 ad
1751 5332 1824 5385 lo-

237 5408 343 5444 cum
369 5393 755 5458 Αῃοεςιοιίνίςοιη.
776 5410 872 5452 vm,
897 5395 974 5454 :28,
997 5398 1082 5444 ubi
1104 5393 1264 5458 grmce
1287 5402 1382 5458 est,
1405 5397 1626 5458 sunergei
1654 5409 1670 5446 :
1694 5399 1824 5458 quod

239 5456 476 5508 utrolibet
513 5456 656 5505 modo
692 5459 813 5506 verti
851 5464 1028 5520 potest,
1068 5456 1330 5506 referendo
1352 5458 1410 5506 ad
1440 5456 1608 5520 nam,
1648 5456 1729 5509 vel
1764 5459 1825 5508 ad

299 5584 320 5613 ³
355 5584 430 5631 sic
452 5587 563 5629 Mss.
598 5579 713 5628 Editi
740 5589 921 5641 autem,
945 5582 1179 5634 sunsibili.

301 5642 325 5711 ξ
361 5643 631 5711 ratiimtur,
651 5643 788 5702 juxta
811 5646 949 5694 codd.
985 5656 1191 5706 nostros,
1219 5651 1428 5711 excepto
1443 5644 1584 5697 2050.
1645 5653 1701 5696 nt.

302 5703 327 5736 δ
358 5713 436 5755 tr‘r.
467 5714 520 5754 et
543 5703 725 5766 aliquot
757 5715 881 5766 Mss.,
914 5713 960 5756 et
983 5721 1149 5757 revera
1171 5703 1285 5757 utile
1303 5703 1389 5756 est.

306 5768 330 5800 ⁸
341 5831 350 5836 _
362 5770 524 5836 eum"
538 5780 650 5816 cum
667 5767 980 5820 christianum
1001 5770 1266 5836 cogitantur
1284 5768 1462 5824 habcre
1483 5783 1668 5824 nomen.
1681 5771 1830 5825 Abest

247 5827 564 5883 christianum
580 5842 610 5880 a
631 5838 737 5881 Mss.

1375 351 1572 408 LIBER
1612 347 1904 404 DECIMUS
1929 346 2260 404 OCTAVUS.

3321 353 3428 410 6M

1859 476 2018 523 men;
2045 463 2164 532 quia
2190 472 2243 517 et
2273 461 2371 532 ipsi
2397 477 2607 534 quoque
2635 464 2792 518 modo
2833 464 3115 521 Christiani
3161 473 3430 538 appellau.

1861 560 1966 606 tur.
2001 552 2094 608 llis
2123 562 2280 622 atque
2302 553 2600 622 bujusmodi
2626 557 2800 626 pravis
2821 559 3056 615 moribus
3081 569 3134 616 et
3161 564 3432 622 erroribus

1861 641 2135 697 hominum
2201 645 2622 714 persecutionem
2675 649 2946 717 patiuntur
2997 652 3088 722 qui
3141 654 3328 710 volunt
3379 657 3433 712 in
3497 721 3500 728 ‘

1861 734 2075 816 Christo
2130 735 2215 804 pie
2267 737 2481 804 vivere,
2528 742 2684 792 etiam
2738 742 2882 795 nullo
2931 743 3214 801 infestante
3261 763 3436 818 neque

1863 838 2089 884 vesante
2118 845 2311 900 corpus
2343 832 2574 886 illorum.
2602 833 2880 889 Patiuntur
2909 839 3102 908 quippe
3141 839 3278 896 hanc
3309 859 3434 912 per-

1865 922 2195 977 secutionem
2222 939 2324 976 non
2353 925 2404 978 in
2431 926 2768 994 corporibus,
2795 928 2887 983 sed
2918 931 2967 984 in
2994 932 3262 987 cordibus.
3285 934 3435 990 Unde

1867 1015 1956 1070 illa
1979 1031 2076 1070 vox
2101 1025 2182 1095 est
2210 1033 2221 1068 :
2248 1017 2539 1072 Secundum
2566 1019 2932 1075 multitudinem
2957 1023 3185 1077 dolorum
3212 1043 3438 1080 meorum

1868 1107 1922 1160 in
1967 1109 2116 1162 corde
2163 1126 2290 1163 meo.
2321 1110 2438 1165 Non
2482 1111 2624 1166 enim
2663 1115 2766 1178 ait,
2801 1113 2856 1168 In
2893 1129 3117 1185 corpore
3159 1133 3299 1172 meo.
3329 1119 3438 1174 Sed

1872 1213 2060 1253 rursus
2105 1200 2355 1269 quoniam
2398 1203 2698 1272 cogitantur
2740 1204 3081 1260 immutabilia
3108 1208 3281 1264 divina
3319 1227 3442 1278 pro-

1873 1292 2031 1348 missa
2055 1331 2071 1354 ,
2104 1301 2156 1344 et
2194 1292 2334 1360 quod
2387 1293 2460 1348 ait
2507 1295 2791 1364 Apostolus
2816 1337 2832 1363 ,
2868 1296 3022 1352 Natit
3066 1297 3309 1354 Dominus
3355 1303 3441 1366 qui

1873 1392 1989 1436 sunt
2019 1385 2126 1454 ejus
2153 1384 2218 1454 (ll
2235 1384 2366 1440 Tim.
2395 1403 2434 1441 tt
2452 1429 2468 1454 ,
2500 1388 2617 1459 l9):
2642 1389 2778 1456 Quos
2801 1392 2929 1444 enim
2949 1395 3208 1460 prazsciuit,
3243 1403 3287 1447 et
3313 1411 3443 1464 prte-

1877 1476 2142 1530 destinavit
2185 1479 2464 1546 conformes
2499 1481 2776 1552 ‘imaginis
2832 1482 2959 1537 Filii
3008 1486 3088 1537 sui
3117 1485 3287 1554 (Rom.
3328 1503 3436 1553 vttt,

1876 1567 1966 1638 29)
1991 1585 2004 1632 ;
2034 1584 2099 1622 ex
2124 1569 2200 1623 eis
2231 1571 2407 1638 perire
2429 1571 2604 1626 nullus
2624 1581 2836 1641 potest;
2863 1574 2983 1629 ideo
3013 1577 3250 1644 sequitur
3274 1576 3325 1629 in
3355 1577 3446 1631 illo

1879 1663 2122 1731 psalmo,
2151 1661 2532 1719 Consolationes
2588 1676 2686 1721 tua:
2748 1667 3158 1737 jucundaverunt
3229 1670 3448 1724 animam

1880 1769 2060 1807 meum.
2095 1754 2255 1808 Dolor
2280 1765 2456 1808 autem
2487 1756 2602 1826 ipse
2625 1799 2638 1820 ,
2667 1759 2753 1827 qui
2785 1757 2842 1811 ﬁt
2866 1759 2916 1812 in
2945 1760 3192 1814 cordibus
3221 1761 3446 1830 piorum,

1881 1859 2014 1914 quos
2060 1857 2454 1916 persequuntur
2496 1865 2672 1904 mores
2728 1849 3148 1905 Christianorum
3193 1853 3450 1907 malorum

1883 1937 1994 1990 sive
2060 1935 2352 2005 falsorum,
2403 1939 2621 2009 prodest
2687 1940 3030 2008 dolentibus;
3063 1942 3312 2012 quoniam
3387 1943 3456 2000 de

1882 2027 2140 2084 charitate
2163 2029 2471 2097 descendit,
2503 2047 2604 2100 qua
2628 2047 2722 2087 eos
2747 2035 2922 2102 perire
2948 2035 3136 2089 nolunt
3157 2077 3172 2102 ,
3205 2050 3304 2090 nec
3349 2035 3454 2089 im-

1886 2119 2067 2188 pedire
2117 2121 2340 2175 aliorunt
2391 2122 2636 2177 salutem.
2675 2123 2911 2194 Denique
2957 2139 3163 2196 magna:
3213 2125 3459 2182 consola-

1886 2211 2058 2267 tiones
2085 2212 2214 2266 ﬁunt
2239 2214 2396 2268 etiam
2425 2213 2493 2270 de
2517 2217 2938 2271 correctionibus
2968 2233 3174 2282 eorum,
3199 2233 3316 2288 quae
3344 2219 3461 2289 pio-

1886 2319 2002 2362 rum
2038 2304 2244 2364 animas
2291 2313 2435 2360 tanta
2478 2305 2810 2374 jucunditate
2859 2307 3213 2377 perfundunt,
3246 2311 3461 2380 quantis

1887 2398 2158 2454 doloribus
2180 2400 2248 2456 de
2271 2417 2364 2456 sua
2400 2397 2705 2472 perditione
2729 2399 3117 2455 cruciaverunt.
3146 2400 3235 2456 Sic
3273 2402 3326 2455 in
3357 2401 3461 2456 hoc

1888 2494 2083 2548 saaculo
2103 2535 2118 2558 ,
2150 2495 2204 2549 in
2246 2494 2327 2550 bis
2352 2495 2539 2552 diebus
2585 2496 2769 2562 malis,
2803 2509 2909 2552 non
2951 2494 3125 2552 solum
3156 2509 3186 2547 a
3217 2503 3459 2568 tempore

1889 2586 2178 2656 corporalis
2222 2588 2519 2657 praisentize
2557 2587 2752 2643 Christi
2800 2599 2854 2643 et
2890 2589 3265 2659 Apostolorum
3308 2591 3460 2657 ejus,

1891 2677 1986 2732 sed
2012 2679 2077 2733 ab
2106 2679 2220 2748 ipso
2249 2679 2402 2746 Abel,
2421 2695 2576 2749 quem
2602 2681 2828 2750 primum
2853 2680 3052 2750 jnsutm
3086 2683 3278 2749 impius
3300 2680 3464 2735 frater

1893 2771 2120 2838 occidit,
2149 2782 2199 2826 et
2229 2773 2479 2842 deinceps
2525 2788 2690 2844 usque
2737 2775 2788 2828 in
2842 2773 2998 2843 hujus
3042 2775 3221 2829 saeculi
3274 2775 3457 2840 ﬁnem,

1896 2863 2034 2918 inter
2054 2865 2456 2933 persecutiones
2482 2865 2665 2920 mundi
2695 2877 2747 2920 et
2773 2867 3164 2921 consolationes
3197 2865 3289 2921 Dei
3314 2881 3468 2936 pere-

1895 2956 2151 3025 grinando
2181 2959 2444 3026 procurrit
2481 2959 2734 3013 Ecclesia.

1897 3068 2122 3124 CAPUT
2152 3069 2260 3124 Lll.
2282 3101 2353 3110 —
2383 3073 2460 3124 An
2490 3072 2792 3126 credendum
2819 3073 2916 3139 sit,
2948 3075 3084 3142 quod
3123 3074 3327 3144 quidam
3374 3089 3470 3142 pu-

1972 3172 2108 3229 tant,
2151 3163 2368 3233 impletis
2403 3166 2569 3218 decem
2613 3167 3033 3233 petsecutionibus
3071 3184 3182 3237 qua:
3231 3171 3468 3238 fuerunt,

1972 3254 2167 3308 nullam
2206 3257 2319 3325 jam
2357 3273 2611 3326 superesse
2661 3267 2841 3328 praeter
2877 3257 3225 3323 undecimam,
3256 3272 3367 3327 qua:
3418 3255 3472 3309 in

1973 3348 2085 3418 ipso
2115 3348 2413 3402 Anter/tristi
2435 3359 2656 3418 tempore
2682 3351 2746 3404 sit
2773 3355 2961 3420 futura.

1975 3461 2029 3514 I.
2073 3459 2300 3516 Proinde
2339 3477 2406 3516 ne
2438 3461 2567 3516 illud
2607 3463 2818 3532 quidem
2858 3473 3057 3520 temere
3098 3473 3225 3533 puto
3249 3480 3366 3520 esse
3395 3464 3476 3519 di-

1904 3549 2128 3604 ccudum
2146 3591 2160 3614 ,
2190 3552 2302 3605 sive
2329 3552 2654 3606 credendum
2679 3595 2694 3619 ,
2727 3555 2864 3623 quod
2891 3556 3156 3610 nonnullis
3179 3557 3347 3610 visum
3375 3566 3477 3620 est,

1904 3639 1992 3694 vel
2018 3639 2248 3704 videtur,
2273 3658 2376 3694 non
2409 3644 2632 3711 amplius
2661 3644 2950 3699 Ecclesium
2979 3662 3250 3715 passuram
3293 3663 3478 3716 perse—

1906 3732 2148 3786 cutiones
2195 3748 2365 3802 usque
2415 3734 2481 3788 ad
2529 3743 2737 3804 tempus
2774 3737 3084 3792 Alllltlll‘lSll
3111 3779 3127 3804 ,
3157 3753 3312 3807 quam
3350 3748 3480 3810 quot

1903 3820 2012 3890 jam
2038 3837 2188 3890 passa
2220 3833 2303 3877 est
2326 3864 2340 3889 ,
2373 3824 2421 3878 id
2450 3834 2532 3879 est
2557 3825 2742 3880 decem
2763 3866 2777 3890 ,
2809 3835 2867 3881 nt
2887 3828 3164 3883 undecima
3187 3831 3480 3898 eademque

1910 3913 2198 3967 novissima
2228 3913 2296 3967 sit
2322 3915 2389 3970 ab
2413 3915 2762 3971 Anticltristo.
2781 3917 3011 3972 Primam
3043 3919 3235 3989 quippe
3260 3937 3482 3991 compu-

1911 4013 2025 4058 tant
2066 4020 2096 4059 a
2136 4005 2345 4062 Nerone
2391 4024 2510 4079 qua:
2555 4007 2693 4064 facta
2722 4019 2806 4065 est
2833 4012 2888 4079 ³,
2921 4014 3210 4066 secundam
3238 4028 3269 4068 a
3297 4013 3484 4070 Domi-

1913 4098 2056 4152 tiano
2077 4138 2092 4163 ,
2134 4113 2164 4152 a
2193 4099 2424 4169 Trajano
2455 4103 2664 4156 tertiam
2691 4145 2704 4168 ,
2732 4115 2975 4173 quartam
3018 4106 3085 4161 ab
3116 4109 3384 4163 Antonino
3407 4149 3422 4174 ,
3451 4123 3483 4163 a

1913 4187 2112 4244 Severo
2137 4190 2374 4260 quintam
2394 4235 2408 4258 ,
2436 4201 2638 4248 sustam
2670 4209 2700 4249 a
2722 4195 3006 4252 Maximino
3025 4240 3040 4264 ,
3070 4213 3098 4250 a
3126 4199 3283 4254 Decio
3320 4201 3486 4270 septi-

1915 4296 2055 4336 mam
2077 4324 2092 4349 ,
2121 4293 2358 4338 octavam
2390 4302 2419 4340 a
2454 4287 2738 4342 Valeriano
2762 4329 2777 4355 ,
2807 4289 2873 4344 ab
2911 4291 3200 4347 Aureliano
3248 4309 3440 4348 nonam
3469 4334 3484 4360 ,

1917 4372 2176 4430 decimam
2230 4391 2261 4430 a
2318 4378 2646 4433 Diocletiano
2697 4389 2752 4435 et
2803 4380 3122 4437 Maximiano
3163 4382 3262 4454 (α).
3307 4385 3493 4454 Plagas

1919 4469 2062 4522 enim
2089 4468 2460 4540 Egyptiorum
2485 4512 2500 4538 ,
2531 4473 2782 4542 quoniam
2827 4474 3014 4529 decem
3055 4475 3298 4540 fuerunt,
3339 4487 3493 4532 ante-

1919 4575 2078 4629 quam
2125 4560 2248 4616 inde
2296 4562 2443 4617 exire
2485 4565 2742 4633 inciperet
2779 4567 3004 4634 pepultts
3037 4567 3169 4631 Dei;
3200 4577 3386 4636 putant
3427 4569 3496 4626 ad

1922 4649 2061 4704 hunc
2089 4652 2412 4706 intellectum
2441 4668 2560 4708 esse
2586 4655 2916 4723 referendas,
2947 4668 3002 4711 ut
3025 4660 3312 4713 novissima
3342 4662 3496 4715 Anti-

1922 4744 2107 4798 christi
2141 4746 2444 4812 persecutio
2468 4787 2482 4812 ,
2504 4745 2693 4801 similis
2717 4747 2959 4803 videatur
2985 4750 3278 4806 undecima:
3307 4751 3492 4823 plagae,

1923 4851 2024 4905 qua
2073 4834 2308 4906 Egyptii
2335 4876 2348 4901 ,
2381 4837 2507 4891 dum
2537 4836 2802 4894 hostiliter
2833 4850 3180 4911 sequerentur
3206 4841 3458 4897 Ilebrteos
3482 4885 3499 4910 ,

1925 4928 1979 4984 in
2010 4931 2141 4984 mari
2168 4929 2347 4986 Rubro
2369 4972 2386 5000 ,
2414 4931 2612 5002 populo
2659 4933 2755 4988 Dei
2805 4949 2901 5004 per
2929 4935 3128 4991 siccum
3154 4943 3461 4990 transeunte
3481 4975 3503 5005 ,

1996 5153 2013 5184 ι
2048 5150 2184 5211 Editi,
2209 5151 2474 5214 conformes
2494 5149 2622 5216 fieri.
2647 5153 2874 5212 verbum,
2898 5151 3025 5216 fieri,
3045 5168 3140 5204 non
3165 5160 3241 5203 est
3265 5153 3315 5201 in
3337 5165 3503 5202 mann-

1996 5214 2118 5262 iutis
2137 5226 2230 5262 nec
2250 5215 2300 5262 in
2316 5227 2476 5262 marco
2494 5223 2635 5262 textu
2655 5215 2875 5262 Anostoli.

1925 5220 2118 5275 scriptis
2137 5226 2230 5262 nec
2250 5220 2300 5262 in
2316 5227 2476 5276 graeco
2494 5223 2635 5264 textu
2655 5220 2875 5276 Apostoli.

1994 5277 2014 5306 ⁸
2051 5275 2182 5325 Vind.
2216 5282 2315 5324 Am.
2355 5284 2408 5326 et
2437 5275 2620 5343 aliquot
2654 5278 2964 5340 manuscripti
2986 5278 3229 5337 omittunt,
3250 5289 3360 5340 quae
3377 5275 3506 5341 facta

1927 5343 2064 5461 mla)
2103 5399 2256 5448 Prima
2290 5400 2567 5461 persecutio
2589 5399 2682 5448 sub
2721 5407 2928 5456 Nerone,
2952 5411 3077 5448 anno
3117 5400 3286 5448 christi
3311 5399 3402 5461 64;
3427 5414 3504 5450 se-

1930 5461 2084 5511 cunda
2107 5461 2200 5508 sub
2221 5461 2502 5524 Domitiano,
2546 5473 2672 5510 anno
2693 5461 2757 5509 95
2776 5475 2790 5520 ;
2811 5463 2969 5524 tertia
3013 5462 3104 5524 sub
3147 5464 3362 5524 'lrajano,
3385 5475 3511 5513 anno

1933 5523 2022 5572 107
2044 5536 2058 5582 ;
2083 5529 2252 5583 quarta
2270 5523 2360 5584 sub
2385 5522 2603 5581 Adriano,
2641 5535 2767 5571 anno
2801 5522 2906 5581 II8,
2955 5521 3035 5570 vel
3059 5521 3351 5584 [otius'sub
3375 5534 3511 5574 Auto-

1932 5585 2064 5656 niuo,
2105 5596 2230 5654 anno
2255 5583 2344 5632 162
2361 5586 2566 5658 ignium
2604 5587 2697 5656 sub
2719 5592 2915 5658 Severo,
2943 5583 3067 5658 anno
3089 5584 3180 5634 202
3199 5595 3377 5658 :Asexta
3422 5589 3511 5634 sub

1933 5646 2200 5708 Maximino,
2225 5657 2351 5694 anno
2371 5644 2492 5704 255;
2516 5648 2722 5708 septima
2745 5646 2836 5695 sub
2877 5649 3036 5708 Decio,
3064 5661 3188 5696 anno
3211 5647 3300 5697 250
3318 5662 3330 5708 ;
3348 5658 3511 5698 octava

1932 5709 2026 5756 sub
2052 5705 2316 5763 Valeriano,
2354 5719 2479 5768 anno
2511 5707 2630 5766 9.57;
2654 5720 2777 5756 nona
2815 5707 2906 5754 sub
2930 5708 3200 5766 Aureliano,
3234 5705 3358 5759 anno
3397 5711 3510 5768 271’;

1932 5769 2118 5817 decima
2160 5769 2253 5819 sub
2295 5767 2590 5821 Diocletiano
2633 5775 2684 5821 et
2720 5769 3014 5836 Itaximiano,
3060 5783 3188 5823 anno
3229 5771 3322 5825 502
3341 5807 3357 5836 ,
3401 5778 3511 5822 Lan-
