4004 6536
548 348 651 401 MS

553 470 822 540 perierunt
855 475 947 539 (a).
975 470 1076 525 Sed
1101 483 1201 539 ego
1238 468 1321 523 illa
1350 480 1407 521 re
1434 475 1578 535 gesta
1606 464 1657 519 in
1689 466 1951 535 Egypto,
1984 465 2107 519 istas

556 563 949 629 persecutiones
980 562 1281 631 prophetice
1307 558 1625 627 significatas
1660 572 1778 612 esse
1825 573 1930 611 non
1973 555 2112 611 arbi-

551 662 696 707 tror:
728 654 963 721 quamvis
989 652 1054 706 ab
1083 654 1163 707 eis
1192 692 1205 715 ,
1238 650 1326 720 qui
1354 650 1454 705 hoc
1497 648 1713 718 putant},
1754 648 2012 717 exquisite
2057 656 2111 702 et

561 745 827 813 ingeniose
853 746 937 798 illa
976 746 1177 813 singula
1208 743 1288 795 his
1313 742 1533 811 singulis
1559 748 1857 809 comparata
1887 739 2102 794 videan-

556 838 658 893 tur,
689 844 794 882 non
824 830 1133 897 prophetico
1171 827 1389 896 Spiritu,
1432 825 1525 879 scd
1568 825 1868 893 conjectura
1918 823 2109 877 mentis

557 918 797 972 humana:
836 960 850 983 ,
900 934 1017 987 quae
1062 916 1345 988 aliquando
1387 915 1457 970 ad
1503 931 1685 970 verum
1714 913 1984 984 pervenit,
2010 913 2101 968 alio

558 1010 771 1079 quando
800 1010 1013 1063 fallitur.

610 1102 665 1155 2.
704 1101 837 1168 Quid
865 1102 1002 1155 enim
1026 1144 1041 1167 ,
1070 1101 1156 1170 qui
1186 1100 1287 1155 hoc
1328 1099 1597 1163 sentiunt,
1645 1096 1835 1151 dicturi
1873 1104 1999 1151 sunt
2039 1095 2108 1150 de

545 1195 925 1265 persecutione,
947 1209 1048 1262 qua
1070 1193 1180 1261 ipse
1195 1192 1443 1245 Dominus
1478 1190 1763 1244 cruciﬁxus
1794 1190 1906 1242 est?
1931 1190 1981 1242 in
2003 1203 2107 1256 quo

544 1302 659 1340 eam
701 1300 922 1338 numero
954 1284 1171 1353 posituri
1198 1284 1221 1336 ’ἶ
1264 1284 1320 1337 Si
1346 1292 1522 1335 autem
1553 1281 1651 1335 hac
1674 1288 1892 1349 excepta
1920 1280 2105 1334 existi-

552 1385 696 1429 mant
722 1375 1127 1443 computandum
1149 1415 1163 1437 ,
1208 1383 1448 1442 tanquam
1471 1372 1571 1426 illa:
1598 1371 1934 1425 numerandce
1962 1370 2091 1437 sint,

556 1482 671 1534 quae
696 1466 761 1518 ad
790 1480 978 1533 corpus
1022 1465 1315 1533 pertinent,
1342 1480 1446 1517 non
1486 1478 1586 1533 qua
1624 1463 1792 1532 ipsum
1837 1471 1992 1532 caput
2021 1470 2104 1517 est

552 1555 837 1622 appetitum
887 1564 940 1607 ct
969 1556 1233 1618 occisum;
1265 1554 1385 1624 quid
1413 1563 1566 1623 agent
1591 1553 1658 1606 de
1690 1553 1797 1617 illa,
1828 1568 1975 1622 quae,
2005 1567 2104 1621 po-

549 1653 766 1712 steaqua
780 1660 828 1696 m
857 1642 1095 1697 Christus
1141 1644 1377 1697 ascendit
1405 1643 1469 1696 ad
1500 1643 1690 1697 coelum
1714 1682 1730 1707 ,
1759 1642 2102 1713 Jcrosolymis

547 1735 679 1789 facta
723 1744 840 1798 est,
887 1735 972 1789 ubi
1022 1735 1206 1789 beatus
1242 1735 1538 1804 Stephanus
1582 1735 1841 1804 lapidatus
1869 1743 1983 1801 est,
2015 1735 2101 1789 ubi

540 1824 765 1879 Jacobus
792 1828 949 1879 frater
972 1826 1189 1881 Joannis
1218 1826 1392 1895 gladio
1416 1826 1704 1880 trucidatus
1730 1835 1830 1892 est,
1858 1826 2100 1896 ubiapo-

541 1919 708 1972 stolus
733 1918 917 1972 Petrus
947 1929 1003 1972 ut
1031 1918 1362 1973 occideretur
1386 1918 1618 1973 inclusus
1642 1927 1698 1973 et
1724 1934 1818 1988 per
1840 1918 2097 1987 Angelum

544 2008 821 2072 liberatus,
862 2008 951 2063 ubi
997 2009 1155 2078 fugati
1204 2019 1361 2077 atque
1389 2008 1611 2077 dispersi
1651 2008 1717 2062 de
1757 2007 2099 2078 Jerosolymis

539 2096 761 2163 fratres,
813 2100 897 2153 ubi
942 2099 1172 2163 Saulus,
1220 2100 1308 2164 qui
1357 2109 1539 2167 postea
1590 2099 1783 2153 Paulus
1829 2098 2098 2168 apostolus

537 2187 707 2246 factus
733 2197 833 2253 est,
864 2188 1105 2243 vastabat
1136 2189 1459 2255 Ecclesium;
1492 2190 1581 2243 ubi
1612 2189 1725 2259 ipse
1754 2205 1963 2259 quoque
1988 2190 2096 2257 jam

538 2278 691 2332 fidem
718 2320 733 2340 ,
779 2295 932 2348 quam
974 2280 1427 2348 persequebatur,
1480 2281 1883 2349 evangelizaus,
1923 2280 2097 2349 qualia

534 2368 790 2435 faciebat,
821 2379 902 2423 est
930 2384 1142 2439 passus,
1172 2370 1282 2423 sive
1309 2384 1401 2438 per
1424 2369 1688 2434 Judzeam,
1717 2371 1827 2424 sive
1852 2385 1943 2438 per
1969 2370 2098 2424 alias

532 2470 751 2528 gentes,
795 2475 1123 2529 quacumque
1152 2460 1413 2515 Christum
1446 2460 1859 2517 ferventissimus
1904 2459 2095 2530 prtrdi-

529 2551 717 2605 cabat?
760 2550 864 2606 Cur
914 2567 1038 2622 ergo
1072 2552 1149 2605 eis
1176 2567 1203 2604 a
1233 2551 1441 2607 Nerone
1488 2552 1695 2607 videtur
1740 2551 2051 2606 ordiendum
2075 2592 2092 2618 ,

533 2654 651 2694 cum
675 2640 741 2695 ad
782 2641 1003 2695 Neronis
1033 2652 1267 2711 tempora
1298 2643 1432 2697 inter
1472 2643 1825 2697 atrocissimas
1849 2658 2096 2711 persecu-

531 2726 700 2784 tiones
727 2772 742 2795 ,
770 2732 836 2785 de
878 2732 1067 2800 quibus
1112 2732 1267 2786 nimis
1295 2733 1506 2802 longum
1549 2742 1632 2787 est
1656 2743 1842 2787 cuncta
1873 2734 2052 2788 dicere
2072 2774 2090 2800 ,

529 2817 763 2874 Ecclesia
793 2821 1083 2876 crescendo
1104 2824 1436 2892 pervenerit?
1473 2823 1621 2891 Quod
1647 2824 1691 2877 si
1716 2838 1744 2876 a
1778 2824 1988 2893 regibus
2018 2826 2094 2878 fa-

524 2922 634 2964 ctas
656 2914 1043 2980 persecutiones
1071 2915 1121 2966 in
1150 2928 1367 2968 numero
1396 2914 1696 2969 existimant
1720 2930 1837 2969 esse
1863 2914 2089 2982 debere;

523 3016 615 3056 rex
656 3002 751 3057 fuit
789 3003 1055 3068 Herodes,
1097 3005 1183 3072 qui
1210 3006 1368 3059 etiam
1414 3016 1533 3074 post
1565 3019 1843 3058 ascensum
1880 3005 2091 3059 Domini

530 3094 890 3161 gravissimam
919 3094 1061 3148 fecit.
1094 3094 1290 3148 Deinde
1334 3094 1458 3163 quid
1486 3094 1809 3163 respondent
1833 3096 1992 3148 etiam
2023 3094 2090 3151 de

524 3184 753 3248 Juliano,
794 3201 949 3254 quem
978 3202 1083 3239 non
1111 3194 1390 3239 numerant
1418 3185 1469 3237 iii
1499 3185 1718 3239 decem?
1741 3187 1818 3238 An
1846 3186 1958 3254 ipse
1984 3200 2089 3240 non

520 3284 602 3327 est
621 3274 905 3327 Ecclesiain
922 3284 1249 3343 persecutus,
1276 3274 1361 3343 qui
1392 3271 1718 3328 Christianos
1744 3274 1985 3329 liberales
2004 3273 2091 3330 lit-

525 3370 665 3416 teras
692 3363 880 3418 docere
908 3380 969 3417 ac
989 3365 1191 3417 discere
1218 3364 1418 3418 vetuit?
1444 3363 1551 3419 Sub
1572 3379 1675 3434 quo
1691 3362 2089 3419 Valentinianus

527 3452 717 3521 major,
750 3455 835 3521 qui
862 3463 980 3523 post
1004 3468 1122 3507 eum
1149 3456 1334 3507 tertius
1360 3454 1645 3523 imperator
1670 3454 1784 3518 fuit,
1813 3454 1932 3509 fidei
1955 3455 2090 3509 chri-

519 3542 704 3597 stiana:
728 3543 998 3598 confessor
1026 3544 1259 3609 exstitit,
1294 3545 1580 3614 militiaque
1620 3546 1852 3614 privatus
1884 3554 1964 3601 est
1987 3546 2081 3621 (b).

526 3632 855 3687 Utomittam
886 3650 1003 3703 qua:
1047 3634 1184 3705 apud
1228 3634 1559 3689 Antiochiam
1601 3634 1776 3690 facere
1810 3648 2080 3705 cmperat,

516 3724 619 3793 pisi
650 3725 801 3779 unius
849 3725 1140 3779 fidelissimi
1172 3734 1225 3780 et
1265 3726 1675 3781 constantissimi
1715 3725 1958 3796 juvenis,
1990 3727 2078 3797 qui

518 3815 699 3869 multis
725 3856 739 3877 ,
790 3823 846 3868 ut
890 3826 1301 3885 torquerentur,
1351 3816 1735 3885 apprehensis,
1781 3831 1875 3886 per
1913 3826 2079 3871 totum

516 3906 655 3960 diem
704 3906 903 3975 primus
940 3916 1021 3960 est
1051 3916 1250 3973 tortus,
1292 3907 1430 3960 inter
1459 3907 1678 3976 ungulas
1711 3908 2079 3977 cruciatusque

515 3997 787 4065 psallentis
815 3998 1110 4052 libertatem
1140 4006 1296 4067 atque
1342 3997 1664 4052 hilaritatem
1709 3998 1930 4052 miratus
1958 3999 2081 4053 hor-

517 4088 713 4142 ruisset
754 4097 809 4142 et
840 4088 891 4141 in
934 4088 1141 4142 caeteris
1188 4087 1477 4142 deformius
1520 4088 1833 4142 erubescere
1875 4088 2079 4142 timuis-

516 4186 599 4232 set
626 4178 723 4247 (c).
754 4177 1033 4232 Postremo
1072 4186 1255 4231 nostra
1293 4179 1544 4234 memoria
1575 4177 1770 4231 Valens
1793 4178 2078 4247 supradicti

573 4306 645 4371 (a)
668 4308 739 4355 sic
761 4314 927 4367 putant
946 4309 1156 4371 Orosius,
1193 4306 1277 4371 lib.
1313 4310 1341 4371 '1
1365 4309 1502 4368 Hist.,
1523 4322 1627 4371 cap.
1652 4308 1732 4369 27,
1764 4322 1953 4360 necnon
1974 4308 2078 4360 Sul-

517 4366 671 4428 picius
690 4366 896 4430 Severus
916 4370 1031 4416 Hist.
1058 4382 1178 4416 sacr.
1204 4368 1289 4417 lib.
1313 4369 1360 4425 2,
1384 4366 1496 4430 cap.
1512 4366 1588 4418 33.

575 4430 642 4498 (li)
666 4429 895 4498 Julianus
940 4436 1155 4498 slzostata
1194 4429 1546 4498 arcebat_ritus
1581 4431 1862 4498 christianos
1898 4431 2077 4498 docere

510 4490 760 4552 magistros
796 4490 1145 4552 rbetoricos_et
1166 4492 1511 4552 grammaticos,
1548 4499 1676 4541 teste
1721 4494 1986 4552 Ammiano,
2024 4492 2079 4540 li-

508 4549 595 4614 bro
611 4550 687 4607 2‘3,
711 4563 814 4612 cap.
844 4553 916 4609 10,
941 4553 1030 4599 sul)
1055 4549 1215 4599 tinctu.
1240 4559 1305 4600 De
1348 4552 1671 4601 \‘alentiuiano
1706 4555 1889 4614 privato
1912 4549 2077 4603 militia

509 4612 617 4659 vide
640 4621 894 4670 Socratem,
920 4615 1130 4661 Historia:
1146 4614 1486 4663 uiclesiasticze
1505 4614 1628 4663 lihro
1647 4612 1833 4673 5,'cap.
1860 4616 1933 4673 l5,
1960 4620 2075 4662 Lui-

507 4686 641 4780 Enen.
665 4672 865 4780 Tfl‘pnl‘.
884 4678 1190 4733 Amniianuin,
1207 4674 1290 4723 lib.
1308 4676 1384 4735 96,
1406 4689 1509 4738 cap.
1531 4677 1604 4737 10,
1641 4676 1732 4725 sub
1772 4672 1853 4725 lin.
1876 4691 1890 4738 ;
1914 4683 2076 4725 Eutro-

541 4746 635 4780 ium
654 4748 681 4780 e
718 4747 744 4780 a
767 4748 850 4780 IOS.

508 4745 642 4861 lMirm)
654 4742 959 4861 (iisi'ssia
980 4795 1426 4861 Julianocliristiani
1452 4797 1727 4859 sepulcrum
1746 4797 1929 4861 Babylm
1948 4810 2073 4847 mar-

507 4858 623 4920 tyris
646 4855 738 4904 alio
773 4855 1051 4916 transferre,
1078 4857 1307 4920 psalmum
1330 4855 1557 4920 audiente
1582 4860 1793 4920 Principe
1816 4855 2067 4920 canerent,

503 4918 638 4977 cujus
656 4926 730 4966 est
752 4920 954 4982 iii‘tium,
984 4928 1037 4967 m
1059 4918 1189 4968 exitu
1220 4918 1367 4969 Israel
1390 4920 1450 4969 de
1476 4926 1670 4982 Aigypto
1693 4918 1843 4982 (gl—’sal.
1865 4935 1997 4978 exui,
2024 4918 2069 4978 ),

502 4979 966 5045 accensusululianus
986 4982 1095 5029 duci
1121 4994 1206 5045 eos
1230 4988 1517 5045 trequentes
1530 4979 1769 5045 postridie
1789 4990 1839 5031 et
1855 4983 2071 5044 torqueri

498 5040 653 5108 jussit.
680 5040 923 5108 Sallustius
939 5050 1042 5108 erat
1085 5040 1358 5108 prtcfectus,
1381 5043 1457 5108 cui
1476 5040 1719 5101 negotium
1742 5040 2067 5108 mandaverat,

503 5104 802 5173 primumque
823 5104 1121 5151 Theodorum
1152 5104 1409 5173 quemdam
1441 5104 1675 5173 juvenem
1708 5106 1945 5173 arripuit:
1992 5106 2071 5173 cui

508 5164 650 5208 variis
668 5169 1009 5225 tormentorum
1032 5164 1299 5225 generibus
1318 5164 1539 5225 admotis,
1557 5164 1751 5224 juvenis
1787 5164 1945 5214 fronte
1969 5164 2069 5212 ala-

502 5225 568 5287 cri
591 5231 736 5287 atque
761 5224 893 5272 hilari
917 5227 977 5287 ab
1001 5224 1133 5273 initio
1158 5226 1276 5273 lucis
1297 5225 1357 5273 ad
1384 5224 1547 5272 horam
1570 5226 1865 5287 undecimam
1890 5227 2068 5287 persti-

503 5283 576 5348 t_i_t,
608 5283 831 5346 hymnum
852 5285 1180 5348 psalinunique
1203 5286 1484 5348 suavisime
1507 5286 1754 5348 cantillans
1775 5283 1922 5348 quem
1962 5287 2060 5348 pri-

500 5343 579 5392 die
619 5343 866 5394 cecinerat
906 5343 1127 5395 Ecclesia".
1170 5346 1302 5403 Quod
1343 5347 1427 5394 ubi
1463 5346 1710 5394 Sallustius
1751 5343 1883 5407 vidit,
1928 5343 2068 5396 reddi

500 5408 725 5455 custodite
763 5408 1029 5468 imperavit,
1074 5415 1126 5456 et
1162 5409 1267 5468 ipse
1302 5408 1361 5454 ad
1398 5409 1661 5468 l’rincipem
1698 5408 2068 5468 admirabundus

503 5470 739 5540 pervenit,
761 5467 1038 5540 dehortans
1053 5482 1117 5540 ne
1140 5467 1373 5540 terquem
1389 5467 1677 5540 Christianos
1694 5467 2068 5540 pergereu‘illis

500 5526 685 5588 gloriae,
720 5532 810 5592 ipsi
844 5531 1041 5591 principi
1065 5526 1338 5592 ignominiaa
1360 5541 1415 5578 ac
1436 5526 1915 5592 dedecoris—plenum
1939 5530 2067 5578 futu-

500 5601 633 5645 runt;
660 5597 711 5638 et
731 5588 897 5639 Ordine
920 5605 975 5639 re
997 5588 1171 5646 audita,
1196 5588 1410 5639 Julianus
1432 5592 1494 5639 ab
1512 5592 1703 5649 incepto
1723 5588 1925 5641 destitit.
1951 5599 2066 5638 Eum

497 5651 797 5698 Theodorum
821 5655 1051 5701 Eusebius
1084 5651 1366 5702 testiﬁcatur
1388 5665 1445 5700 se
1473 5653 1729 5701 Antiochia:
1759 5654 2062 5710 convenisse,

500 5712 833 5777 quaesisseque
864 5725 923 5761 an
961 5715 1009 5761 in
1032 5712 1245 5777 equuleo
1266 5712 1539 5777 doluisset?
1581 5730 1603 5758 ι
1626 5715 1838 5777 Minime“
1859 5727 1978 5763 vero
1993 5746 2010 5770 .
2033 5728 2057 5756 ι

497 5772 651 5836 lnquit
668 5772 788 5824 ille:
822 5790 845 5821 ι
865 5786 974 5824 nam
994 5772 1121 5838 pon'e
1138 5788 1219 5825 me
1234 5775 1488 5826 assistebat
1501 5775 1695 5839 juvenis
1710 5776 1760 5825 in
1782 5774 2057 5836 albaveste,

1628 354 1713 409 DE
1734 350 2049 409 CIVITATE
2087 351 2221 417 DEI,
2259 351 2321 408 S.
2358 351 2717 409 AUGUSTINI

3675 349 3783 404 6H)

2219 467 2567 522 Valentiniani
2611 468 2773 523 frater
2800 468 3059 534 Arianus,
3092 482 3267 523 nonne
3297 480 3484 537 magna
3534 480 3783 535 persecu-

2217 556 2360 612 tione
2410 572 2501 625 per
2528 556 2754 612 Orientis
2784 567 2957 627 partes
2985 557 3299 612 catholicam
3346 555 3582 612 vastavit
3611 556 3786 610 Eccle~

2215 647 2347 701 siam
2382 646 2455 719 (a)
2475 648 2498 701 ?
2518 646 2681 714 Quale
2703 657 2785 702 est
2809 658 2983 703 autem
3005 689 3020 711 ,
3053 663 3156 701 non
3187 647 3549 711 considerare,
3596 646 3786 700 Eccle-

2214 737 2345 791 siam
2376 753 2472 807 per
2513 747 2679 792 totum
2723 738 2975 793 mundum
3019 738 3425 793 fructificantem
3465 748 3628 808 atque
3668 752 3785 793 cre-

2214 838 2445 883 scentem
2462 846 2615 899 posse
2635 831 2685 884 iu
2702 831 2961 900 aliquibus
2978 830 3220 897 gentibus
3233 830 3656 899 persecutionem
3678 829 3785 897 pati

2211 934 2242 973 a
2272 921 2514 989 regibus,
2561 930 2615 976 et
2641 923 2851 990 quando
2878 926 2926 975 in
2953 922 3072 976 aliis
3101 936 3203 976 nou
3232 922 3462 990 patitur?
3491 919 3604 974 Nisi
3644 919 3788 975 forte

2212 1026 2316 1064 non
2338 1020 2417 1065 est
2438 1014 2731 1080 persecutio
2749 1012 3118 1081 computanda,
3137 1011 3348 1082 quando
3373 1027 3463 1066 rex
3480 1011 3787 1067 Gothorum

2211 1102 2262 1156 in
2294 1103 2405 1172 ipsa
2431 1104 2619 1158 Gothia
2664 1112 2971 1172 persecutus
2998 1112 3078 1158 est
3104 1103 3435 1157 Christianos
3463 1102 3789 1157 crudelitate

2210 1188 2456 1255 mirabili,
2500 1208 2619 1247 cum
2651 1192 2720 1246 ibi
2752 1208 2854 1246 non
2903 1201 3080 1247 essent
3106 1193 3204 1247 nisi
3234 1193 3501 1253 catholici.
3550 1206 3787 1261 quorum

2210 1283 2417 1351 plurimi
2454 1285 2707 1355 martyrio
2746 1285 2983 1339 coronati
3023 1292 3183 1339 sunt:
3217 1284 3355 1339 sicut
3379 1299 3409 1337 a
3456 1282 3789 1353 quibusdam

2208 1372 2476 1440 fratribus,
2509 1376 2596 1444 qui
2644 1386 2767 1429 tunc
2790 1376 2898 1430 illic
2940 1376 3087 1444 pueri
3132 1374 3359 1440 fuerant,
3406 1383 3461 1428 et
3487 1389 3546 1429 se
3573 1375 3677 1427 ista
3707 1373 3790 1426 vi-

2206 1462 2349 1518 disse
2390 1464 2754 1519 incunctanter
2798 1464 3251 1529 recordabantur,
3317 1464 3619 1519 audivimus
3666 1464 3789 1535 (b)?

2206 1552 2343 1619 Quid
2384 1555 2541 1608 modo
2582 1556 2633 1609 in
2661 1556 2875 1610 Perside
2907 1556 3018 1628 (c)?
3049 1571 3223 1610 nonne
3265 1555 3334 1609 ita
3364 1556 3414 1609 in
3441 1556 3790 1609 Christianos

2206 1642 2396 1699 ferbuit
2419 1646 2710 1715 persecutio
2735 1644 2811 1718 (si
2838 1657 3008 1701 tamen
3025 1646 3134 1716 jam
3156 1646 3414 1716 quievit),
3439 1656 3493 1699 ut
3513 1646 3791 1715 fugientes

2206 1734 2327 1790 inde
2355 1737 2589 1790 nonnulli
2618 1752 2781 1806 usque
2804 1737 2867 1791 ad
2897 1737 3131 1792 Romana
3161 1737 3353 1806 oppida
3385 1736 3791 1807 pervenerint?

2205 1824 2328 1880 llaec
2376 1836 2531 1895 atque
2584 1826 2880 1895 bujusmodi
2924 1827 3050 1881 mihi
3074 1827 3365 1896 cegitanti,
3411 1842 3519 1880 non
3565 1826 3793 1880 videtur

2203 1930 2321 1970 esse
2363 1916 2695 1971 definiendus
2747 1933 2998 1972 numerus
3043 1919 3515 1987 persecutionum,
3574 1917 3790 1986 quibus

2202 2007 2437 2060 exerceri
2493 2017 2700 2076 oportet
2758 2007 3065 2061 Ecclesiam.
3118 2006 3221 2062 Sed
3260 2022 3445 2061 rursus
3502 2005 3792 2061 affirmare

2201 2096 2403 2166 aliquas
2433 2097 2636 2152 futuras
2662 2114 2691 2152 a
2722 2099 2955 2168 regibus,
2991 2108 3183 2168 praeter
3212 2099 3355 2152 illam
3402 2098 3789 2164 novissimam,

2201 2188 2394 2257 de'qua
2424 2189 2595 2242 nullus
2641 2190 2858 2260 ambigit
2884 2190 3243 2255 Christianus,
3298 2206 3403 2244 non
3440 2191 3675 2245 minoris
3706 2199 3792 2244 est

2203 2278 2526 2331 temeritatis.
2552 2277 2729 2349 Itaque
2754 2280 2851 2334 hoc
2874 2281 2923 2334 iu
2947 2280 3120 2335 medio
3140 2282 3507 2351 relinquimus,
3529 2289 3787 2336 neutrum

2200 2377 2399 2435 partem
2424 2370 2729 2437 quaestionis
2751 2370 2904 2439 hujus
2924 2380 3247 2434 astrueutes,
3272 2371 3389 2427 sive
3408 2373 3784 2432 destruellleso

2198 2459 2292 2513 sed
2321 2461 2681 2516 tantummodo
2709 2462 2775 2517 ab
2801 2461 3100 2517 affirmandi
3128 2463 3405 2534 quodlibet
3451 2459 3651 2514 horum
3683 2473 3788 2511 au-

2197 2550 2312 2605 daci
2338 2553 2750 2622 prtesumptione
2779 2562 3105 2609 revocantes.

2268 2665 2488 2723 CAPUT
2525 2665 2655 2721 Llll.
2700 2665 2777 2721 De
2822 2678 3043 2736 tempore
3087 2667 3371 2723 novissime
3407 2664 3787 2736 persecutionis

2870 2760 3087 2815 occulto.

2266 2869 2318 2923 Ι.
2350 2866 2496 2923 Illam
2522 2884 2651 2924 sane
2697 2870 3035 2925 novissimam
3066 2869 3491 2939 persecutionem
3518 2906 3535 2931 ,
3562 2882 3695 2937 quae
3719 2866 3786 2921 ab

2192 2959 2517 3015 Antichristo
2543 2961 2714 3016 futura
2769 2972 2868 3024 est.
2901 2963 3180 3032 praesentia
3207 2977 3301 3016 sua
3333 2960 3447 3030 ipse
3471 2960 3787 3030 exstinguct

2192 3053 2367 3107 Jesus.
2417 3053 2503 3108 Sic
2550 3055 2691 3108 enim
2738 3055 2993 3123 scriptum
3044 3063 3146 3117 est,
3176 3053 3316 3123 quod
3360 3069 3476 3105 eum
3507 3053 3787 3119 interficiat

2190 3146 2369 3213 spiritu
2394 3148 2493 3198 oris
2517 3146 2610 3209 sui,
2633 3154 2678 3198 et
2699 3147 2949 3199 evacuabit
2974 3147 3341 3200 illuminatione
3363 3146 3653 3214 prwsentia:
3678 3160 3787 3199 sua!

2192 3236 2278 3304 (ll
2315 3234 2490 3288 Thess.
2517 3251 2573 3300 ll,
2605 3234 2679 3306 8).
2708 3236 2803 3290 Hic
2831 3237 2993 3305 quzeri
3025 3237 3177 3299 solet,
3210 3237 3444 3303 Quando
3470 3236 3618 3289 istud
3645 3237 3786 3291 erit?

2192 3326 2493 3395 lmportune
2519 3329 2755 3381 omnino.
2786 3328 2839 3383 Si
2868 3330 3007 3383 enim
3042 3332 3141 3383 hoc
3170 3328 3324 3383 nobis
3357 3344 3521 3383 nosse
3546 3330 3787 3398 prodes-

2188 3426 2289 3480 set,
2318 3432 2348 3471 a
2374 3433 2477 3486 quo
2500 3419 2687 3473 melius
2712 3434 2866 3488 quam
2892 3421 2960 3473 ab
2983 3420 3096 3488 ipso
3129 3420 3235 3474 Deo
3258 3420 3515 3488 magistro
3549 3421 3789 3476 interro-

2185 3508 2427 3576 gantibus
2451 3509 2719 3578 discipulis
2740 3509 3038 3563 diceretur?
3058 3510 3171 3564 Non
3198 3511 3340 3564 enim
3362 3512 3636 3566 siluerunt
3660 3513 3787 3567 inde

2184 3598 2324 3667 apud
2351 3614 2493 3663 eum;
2517 3599 2609 3654 sed
2638 3615 2667 3653 a
2698 3611 2956 3669 prmsente
2983 3601 3339 3670 quaesierunt,
3370 3600 3642 3657 dicentes:
3667 3601 3785 3655 Do-

2184 3691 2337 3756 mine,
2367 3691 2410 3744 si
2448 3691 2541 3744 hoc
2566 3700 2785 3761 tempore
2824 3693 3217 3761 presentaberis,
3250 3701 3297 3744 et
3325 3693 3533 3760 quando
3562 3711 3785 3763 regnum

2182 3780 2348 3835 Israel
2374 3782 2391 3813 ¹
2416 3781 2440 3834 ‘I
2481 3783 2549 3836 At
2577 3782 2693 3837 ille:
2724 3780 2846 3835 Non
2870 3792 2962 3848 est,
3010 3782 3215 3851 inquit,
3245 3791 3464 3836 vestrum
3490 3785 3628 3837 scire
3656 3796 3786 3837 tem-

2181 3891 2325 3945 pora,
2354 3890 2467 3943 quia
2493 3873 2647 3927 Pater
2688 3875 2741 3929 in
2769 3892 2862 3929 sua
2887 3875 3051 3944 posuit
3076 3884 3319 3945 potestate
3360 3876 3503 3944 (Act.
3532 3892 3572 3941 l,
3607 3878 3663 3941 6,
3700 3876 3782 3951 7).

2178 3965 2296 4021 Non
2319 3967 2497 4036 utique
2517 3966 2587 4020 illi
2608 3965 2677 4021 de
2692 3966 2841 4031 hora,
2864 3966 2945 4021 vel
2964 3966 3073 4033 die,
3100 3967 3181 4021 vel
3203 3981 3392 4033 annos,
3418 3969 3517 4022 sed
3543 3969 3616 4024 de
3645 3979 3786 4024 tem-

2179 4073 2310 4128 pore
2336 4058 2808 4127 interrogaverunt,
2840 4056 3050 4127 quando
3081 4057 3217 4112 istud
3246 4073 3509 4127 accepere
3540 4075 3784 4129 respon-

2178 4163 2318 4201 sum.
2346 4148 2561 4201 Frustra
2585 4147 2743 4217 igitur
2767 4162 2957 4211 anuos,
2980 4147 3066 4217 qui
3092 4146 3213 4202 huic
3239 4148 3439 4202 sazculo
3462 4158 3782 4214 remanent,

2177 4246 2487 4309 computare
2511 4253 2575 4294 ac
2600 4238 2823 4294 definire
2861 4253 3121 4294 conamur
3144 4280 3159 4306 ,
3190 4252 3314 4294 cum
3344 4238 3447 4294 hoc
3480 4240 3636 4297 scire
3668 4257 3778 4296 nou

2184 4429 2207 4459 ι
2228 4412 2312 4485 qui
2336 4412 2541 4485 subinde
2563 4410 3256 4485 frigidammibisuﬂ‘undebat,
3286 4418 3339 4460 et
3349 4411 3601 4485 ἐψξτιςςξη

2183 4492 2205 4520 ι
2227 4472 2299 4522 rio
2335 4472 2665 4538 candidissimo
2708 4474 3024 4535 detergebat;
3052 4475 3115 4521 ita
3137 4481 3193 4521 ut
3214 4481 3360 4538 grav}:
3386 4472 3573 4538 potius
3618 4472 3778 4538 fuerit

2184 4552 2206 4579 ι
2228 4549 2335 4583 cum
2352 4534 2479 4583 illinc
2499 4534 2829 4583 dctraberer.»
2848 4526 2994 4583 Slacte
3012 4526 3138 4594 esto,
3152 4526 3247 4594 call}!
3271 4526 3557 4594 admiranda
3584 4534 3776 4581 virtute

2170 4596 2381 4657 juvenis,
2408 4597 2637 4644 memoria
2660 4587 3486 4657 saculoﬂimomnlum(_ligl1lSsiﬂl(’,
3513 4594 3771 4655 nobisque

2176 4646 2408 4719 hmpiuu's
2448 4664 2496 4705 ei
2519 4658 2762 4719 benignus
2797 4646 2954 4719 elliee,
2977 4656 3030 4697 ut
3062 4646 3275 4697 temulaii
3309 4656 3360 4698 te
3378 4658 3431 4699 et
3458 4646 3698 4714 juVenes'
3716 4664 3771 4704 et

2176 4717 2228 4768 et
2243 4717 2389 4767 senes
2412 4719 2716 4768 exoptemus.
2748 4717 2857 4758 ιω.
2886 4718 3037 4758 Vives.

2238 4781 2255 4811 ι
2290 4778 2425 4833 Edili,
2449 4773 2490 4822 si
2510 4769 2599 4821 hoc
2620 4770 2671 4820 in
2693 4778 2901 4833 tempore
2923 4769 3285 4832 reprazsentabis
3318 4784 3524 4832 regnum
3564 4777 3729 4827 Israel
3750 4775 3775 4826 .’

2173 4840 2265 4889 Sed
2282 4837 2588 4897 Augustinus,
2622 4840 2675 4883 ut
2697 4832 2816 4898 alibi
2828 4833 2924 4898 jam
2948 4839 3024 4881 est
3046 4833 3354 4898 observatum
3393 4833 3577 4896 legere
3612 4837 3773 4898 solet.

2171 4900 2215 4951 si
2235 4900 2323 4949 hoc
2344 4893 2549 4957 tempore
2567 4893 2943 4957 prwsentaberis,
2968 4900 3011 4942 et
3036 4894 3228 4953 quando
3242 4893 3639 4957 regnmn'lsrael
3661 4898 3688 4949 ξ)
3720 4893 3775 4951 εἰ

2171 4976 2242 5011 Slc
2264 4960 2410 5009 habet
2431 4954 2520 5006 hoc
2542 4957 2645 5005 loco
2668 4955 2793 5004 liber
2818 4956 3009 5016 optimae
3030 4963 3159 5003 noue
3180 4954 3506 5005 Colbertinus.

2235 5043 2306 5102 (a)
2328 5038 2456 5087 Conf.
2475 5101 2478 5102 ν
2497 5045 2753 5102 seet-atem,
2774 5036 2892 5102 Hist.
2932 5033 3051 5083 eccl.
3070 5034 3176 5102 _lib.
3200 5035 3405 5102 ιιιὲςξέιρ.Δ
3430 5036 3478 5093 2,
3533 5047 3587 5087 et
3624 5049 3767 5096 Oros.

2172 5096 2321 5211 {ibi}
2342 5100 2549 5211 αιρὼϐδδ,
2569 5099 2683 5147 vide
2721 5098 2864 5147 etiam
2886 5098 3200 5159 Augustinum
3244 5096 3349 5147 lib.’
3378 5097 3410 5146 2
3433 5111 3611 5150 contra
3658 5108 3770 5153 Litt.

2205 5178 2232 5211 e
2258 5178 2270 5210 ι
2297 5201 2307 5211 .
2334 5178 2381 5210 n.
2410 5198 2437 5211 ..
2504 5196 2515 5208 .

2172 5165 2307 5214 Petil.
2334 5178 2381 5210 n.
2408 5165 2515 5211 ⁸206.

2232 5225 2303 5291 (b)
2330 5222 2587 5291 athanarici
2611 5221 2750 5291 regis.
2763 5219 3017 5291 Gothorum
3049 5226 3182 5291 notat
3209 5224 3613 5291 persecutionem
3638 5238 3775 5291 anno

2168 5282 2349 5335 Domini
2378 5286 2469 5335 570
2505 5286 2554 5332 in
2590 5282 2873 5347 Christianos
2895 5289 3088 5347 motam,
3111 5282 3175 5329 de
3215 5296 3309 5347 qua
3344 5284 3682 5347 Hieronymus
3722 5290 3774 5335 in

2167 5347 2412 5411 Chronico,
2433 5354 2484 5395 et
2501 5346 2692 5411 Orosius
2715 5342 2795 5390 lib.
2816 5344 2865 5400 7,
2892 5356 2996 5404 cap.
3023 5343 3098 5391 52.
3125 5351 3192 5392 De
3211 5344 3387 5392 eadem
3410 5342 3639 5407 loquitur
3666 5352 3776 5411 ειιὶο

2167 5409 2385 5470 phanius,
2411 5407 2587 5455 Hieresi
2610 5405 2691 5470 70.
2709 5412 2955 5458 Cooumus.

2230 5470 2298 5529 (ε)
2324 5477 2431 5518 Haec
2455 5467 2727 5529 persecutio
2748 5473 2982 5513 commota
3006 5470 3081 5512 est
3103 5466 3229 5529 circa
3246 5478 3426 5529 annum
3442 5467 3629 5517 Christi
3652 5470 3769 5529 49.0,

2166 5526 2257 5579 sub
2277 5526 2519 5592 isdigerde
2541 5541 2663 5589 rege
2688 5536 2951 5592 Persarum,
2980 5535 3033 5592 ut_
3073 5528 3240 5592 scribit
3261 5526 3631 5585 Theodoretus.
3682 5526 3769 5581 tib.

2165 5592 2214 5649 5,
2239 5587 2557 5640 Hist.'eccles.
2581 5587 2683 5650 cap.
2718 5587 2794 5646 38,
2818 5588 2903 5651 vel
2939 5589 3096 5649 potius
3118 5590 3209 5651 sub
3230 5592 3616 5651 \‘araraueiejus
3643 5593 3769 5648 filio,

2166 5660 2221 5701 ut
2250 5660 2485 5709 Socrates,
2509 5651 2592 5699 lib.
2617 5648 2664 5708 7⁷,
2682 5662 2786 5713 mp.
2808 5648 2881 5703 18.
2912 5657 2963 5713 et
2980 5649 3292 5713 Nicephorus,
3315 5648 3400 5713 lib.
3432 5650 3509 5708 14,
3529 5648 3652 5713 ὼν.
3688 5655 3768 5701 19.

2165 5720 2254 5824 πὲβο
2279 5714 2451 5824 Eadem
2480 5712 2819 5777 persecutione
2840 5710 3143 5763 Cassiodorus
3160 5744 3176 5772 ,
3202 5710 3288 5762 lib.
3316 5710 3377 5763 10
3397 5713 3519 5763 Hist.
3555 5710 3751 5777 trium
