3976 6510
90 382 188 438 617

91 513 205 555 esse
235 504 475 550 nostrum
507 510 573 549 ex
601 509 693 549 ore
719 493 973 549 Veritatis
1001 491 1298 547 audiamus.
1328 491 1476 557 Quos
1496 498 1671 543 tamen

90 591 177 645 alii
202 587 617 657 quadringentos
643 626 657 647 ,
705 586 796 639 alii
824 586 1142 655 quingentos
1164 622 1182 649 ,
1211 583 1299 637 alii
1324 583 1483 636 etiam
1531 581 1676 634 mille

90 682 158 736 ab
182 679 497 734 ascensione
528 677 737 731 Domini
768 693 935 747 usque
958 677 1023 731 ad
1054 677 1170 746 ejus
1198 676 1440 729 ultimum
1468 673 1676 727 adven—

100 783 210 826 tum
236 767 494 838 compleri
521 782 680 838 posse
708 768 979 822 dixerunt.
1008 765 1469 835 Quemadmodum
1493 774 1671 819 autem

93 864 318 934 quisque
345 876 533 915 eorum
562 868 771 914 astruat
814 860 1122 929 opinionem
1154 874 1325 922 suam,
1356 858 1571 926 longum
1598 864 1682 909 est

91 957 476 1019 demonstrare,
507 962 564 1008 et
588 968 694 1006 non
722 952 1104 1007 necessarium.
1130 950 1463 1020 Conjecturis
1486 949 1683 1018 quippe

93 1055 313 1102 utuntur
340 1046 613 1109 humanis,
644 1061 749 1099 non
781 1044 849 1098 ab
875 1048 955 1099 eis
984 1053 1187 1099 certum
1215 1043 1412 1113 aliquid
1438 1043 1505 1096 de
1533 1042 1681 1097 Scri-

93 1152 264 1211 ptura:
291 1139 568 1194 canonica:
596 1138 915 1193 auctoritate
952 1137 1242 1207 profertur.
1273 1137 1527 1191 Omnium
1553 1146 1683 1188 vero

93 1234 159 1287 de
190 1234 289 1286 hac
317 1247 375 1286 re
421 1231 795 1286 ealeulantium
826 1230 1022 1300 digitos
1073 1231 1291 1285 resolvit
1318 1230 1391 1299 (a)
1426 1239 1480 1284 et
1526 1228 1678 1298 quieo

93 1340 244 1379 scere
264 1324 417 1393 jubet
462 1324 552 1378 ille
581 1324 670 1391 qui
700 1322 859 1376 dicit:
894 1321 1017 1375 Non
1046 1332 1119 1375 est
1140 1331 1358 1376 vestrum
1407 1324 1535 1374 scire
1563 1329 1687 1372 tem-

93 1432 235 1485 pora,
266 1430 379 1484 qna‘
410 1414 566 1468 Pater
588 1415 641 1467 in
664 1430 756 1467 sua
787 1414 954 1482 posuit
979 1423 1240 1484 potestate.

159 1504 214 1558 2.
256 1504 362 1560 Sed
391 1505 506 1559 inec
535 1505 657 1572 quia
704 1505 1009 1573 evangelica
1040 1506 1304 1558 sententia
1331 1512 1414 1558 est
1439 1546 1453 1569 ,
1484 1504 1679 1557 mirum

97 1609 206 1649 non
254 1604 336 1649 εει
364 1607 470 1647 non
514 1608 574 1647 ea
607 1608 885 1663 repressos
931 1594 1096 1649 fuisse
1138 1594 1360 1648 deorum
1403 1594 1689 1647 multorum

92 1685 456 1754 falsorumque
479 1685 735 1749 cultores,
767 1685 1055 1754 quominus
1081 1685 1342 1754 fingerent
1384 1684 1690 1739 dtemonum

92 1777 403 1845 responsis,
453 1789 591 1845 quos
637 1784 886 1844 tanquam
942 1775 1075 1830 deos
1137 1776 1361 1841 colunt,
1408 1775 1690 1831 definitum

95 1883 215 1923 esse
239 1876 438 1937 quanto
460 1871 701 1936 tempore
727 1882 978 1921 mansura
1000 1877 1144 1923 esset
1166 1868 1355 1938 religio
1379 1867 1687 1923 christiana.

94 1959 225 2013 Cum
256 1958 399 2019 enim
423 1957 686 2024 viderent,
715 1972 814 2012 nec
840 1967 918 2012 tot
941 1958 1208 2027 tantisque
1235 1958 1694 2026 persecutionibus

93 2063 214 2103 eam
261 2048 498 2118 potuisse
543 2048 819 2111 consumi,
850 2047 945 2103 sed
975 2048 1060 2103 his
1108 2048 1287 2117 potius
1326 2048 1463 2101 mira
1517 2048 1698 2101 incre-

96 2151 281 2196 menta
312 2142 627 2211 sumpsisse,
660 2140 1098 2210 excogitaverunt
1122 2140 1305 2195 nescio
1329 2153 1464 2209 quos
1497 2153 1692 2193 versus

95 2246 323 2302 grtecos,
355 2240 606 2301 tanquam
630 2231 933 2286 consulenti
962 2229 1173 2285 cuidam
1193 2272 1208 2295 ,
1254 2230 1437 2284 divino
1467 2229 1688 2283 oraculo

96 2326 330 2389 effusos,
354 2325 444 2379 ubi
475 2324 743 2379 Christum
774 2322 990 2393 quidem
1020 2323 1089 2376 ab
1117 2323 1275 2392 hujus
1316 2331 1568 2392 tanquam
1616 2336 1696 2375 sa-

95 2417 301 2486 crilegii
331 2416 559 2470 crimine
605 2414 806 2469 faciunt
852 2412 1226 2477 innocentem;
1256 2412 1472 2467 Petrum
1518 2421 1698 2465 autem

101 2509 387 2563 maleﬁciis
425 2506 615 2562 fecisse
644 2507 660 2538 ⁸
690 2505 1016 2575 subjungunt
1038 2547 1052 2569 ,
1103 2513 1160 2557 ut
1196 2503 1463 2559 coleretur
1503 2502 1700 2558 Christi

96 2613 292 2653 nomen
313 2614 411 2669 per
434 2604 699 2652 trecentos
720 2598 991 2666 sexaginta
1030 2594 1265 2664 quinque
1290 2608 1480 2653 annos,
1508 2592 1702 2647 deinde

93 2688 367 2759 completo
393 2696 694 2742 memorato
715 2700 942 2741 numero
969 2700 1255 2750 annorum,
1284 2685 1400 2739 sine
1428 2698 1577 2737 mora
1602 2698 1697 2737 su-

96 2790 273 2835 meret
303 2780 461 2834 finem
491 2778 587 2852 (b).
635 2778 679 2833 0
701 2778 979 2832 hominum
1008 2778 1171 2833 corda
1210 2777 1486 2832 doctorum
1513 2778 1525 2829 ε
1553 2792 1587 2830 o
1618 2777 1701 2830 in-

92 2872 249 2943 genia
275 2872 504 2926 litterata
534 2872 555 2901 ’
586 2870 742 2940 digna
788 2868 1009 2924 credere
1054 2867 1151 2922 ista
1196 2867 1265 2923 de
1299 2866 1535 2935 Christo,
1583 2881 1704 2936 qua:

94 2963 322 3018 credere
352 2976 457 3016 non
484 2962 645 3016 vultis
686 2962 741 3015 in
767 2959 1038 3014 Christum
1056 3001 1072 3025 ,
1100 2958 1242 3029 quod
1271 2958 1387 3029 ejus
1409 2958 1704 3028 discipulus

94 3054 288 3109 Petrus
313 3053 380 3108 ab
401 3068 467 3107 eo
493 3052 724 3123 magicas
741 3060 892 3115 ,artes
922 3065 1027 3105 non
1054 3049 1329 3111 didicerit.
1358 3048 1452 3104 sed
1479 3049 1594 3120 ipso
1622 3048 1707 3103 iu-

92 3154 328 3201 nocente
353 3153 528 3199 tamen
555 3143 671 3212 ejus
692 3142 964 3197 maleficus
989 3140 1149 3196 fuerit
1169 3141 1192 3172 ³
1219 3155 1519 3211 nomenque
1542 3141 1702 3208 illius,

92 3252 258 3306 quam
286 3251 464 3302 suum,
489 3235 591 3291 coli
618 3235 867 3289 maluerit
891 3233 1109 3305 magicis
1124 3235 1326 3289 artibus
1343 3234 1473 3297 suis,
1501 3234 1707 3303 magnis

94 3327 373 3382 laboribus
414 3336 470 3382 et
496 3325 746 3394 periculis
770 3326 901 3391 suis,
948 3333 1224 3394 postremo
1248 3325 1410 3379 etiam
1436 3323 1701 3379 effusione

97 3420 382 3490 sanguinis
403 3419 482 3473 sui
508 3420 521 3472 !
554 3417 609 3472 Si
640 3416 829 3471 Petrus
857 3415 1133 3474 maleficus
1159 3415 1320 3478 fecit,
1348 3423 1405 3469 ut
1429 3414 1705 3469 Christum

93 3512 174 3565 sic
190 3512 442 3580 diligeret
467 3509 731 3573 mundus;
756 3508 885 3579 quid
914 3508 1038 3562 fecit
1067 3507 1326 3562 innocens
1347 3506 1587 3561 Christus
1604 3546 1619 3569 ,
1651 3515 1710 3561 ut

92 3619 219 3658 eum
241 3605 323 3659 sic
350 3602 597 3673 diligeret
613 3601 801 3657 Petrus
816 3600 841 3651 Ἰ
864 3597 1247 3668 Respondeant
1269 3598 1429 3669 igitur
1451 3599 1549 3666 ipsi
1581 3597 1704 3662 sibi,

101 3705 160 3749 et
188 3695 237 3749 si
270 3702 497 3763 possunt
518 3735 534 3759 ,
579 3692 878 3763 intelligant
918 3691 1007 3745 illa
1052 3704 1282 3759 superna
1317 3688 1483 3758 gratia
1511 3686 1707 3741 factum

99 3800 262 3850 esse,
311 3794 375 3840 ut
409 3793 633 3856 propter
670 3793 926 3838 aeternam
958 3782 1121 3836 vitam
1153 3779 1428 3836 Christum
1466 3779 1712 3849 diligeret

92 3877 366 3940 mundus,
398 3893 499 3948 qua
552 3876 719 3947 gratia
752 3876 948 3930 factum
998 3882 1111 3936 est,
1140 3882 1199 3927 ut
1224 3881 1283 3927 et
1307 3879 1525 3943 propter
1554 3882 1711 3926 acter-

92 3983 222 4023 nam
273 3968 439 4022 vitam
488 3968 557 4022 ab
586 3968 678 4023 illo
708 3965 1071 4036 accipiendam
1108 3972 1163 4018 et
1203 3978 1371 4033 usque
1408 3963 1475 4017 ad
1501 3971 1711 4033 tempo-

91 4061 300 4116 rariam
353 4070 579 4115 mortem
632 4075 730 4129 pro
779 4059 873 4114 illo
923 4057 1225 4128 patiendam
1265 4055 1584 4111 ‘Christum
1630 4056 1711 4110 di—

93 4155 293 4225 ligeret
345 4153 555 4207 Petrus.
592 4152 791 4208 Deinde
833 4152 919 4206 isti
957 4151 1026 4204 dii
1066 4150 1153 4220 qui
1184 4157 1344 4213 sunt,
1373 4149 1461 4218 qui
1490 4157 1714 4217 possunt

91 4245 197 4299 ista
236 4243 563 4315 prmdicere,
608 4260 707 4299 nec
751 4252 976 4312 possunt
1018 4251 1295 4305 avertere,
1344 4242 1416 4295 ita
1463 4256 1712 4295 succum-

94 4337 294 4392 bcntcs
314 4336 404 4391 uni
426 4335 689 4401 malefico,
730 4344 784 4389 et
819 4334 906 4388 uni
933 4333 1125 4389 sceleri
1157 4333 1385 4403 magico,
1417 4348 1524 4402 quo
1550 4348 1710 4401 puer,

94 4440 155 4486 ut
201 4430 425 4493 dicunt,
462 4429 740 4483 anniculus
790 4426 1031 4492 occisus,
1077 4433 1137 4481 et
1163 4424 1447 4478 dilaniatus
1473 4464 1488 4491 ,
1528 4433 1581 4478 et
1608 4424 1713 4479 ritu

95 4520 314 4577 nefario
356 4522 595 4590 sepultus
656 4528 739 4574 est
796 4519 899 4589 (c),
951 4527 1009 4571 ut
1052 4528 1254 4573 sectam
1307 4516 1405 4570 sibi
1454 4515 1709 4571 adversa-

93 4615 234 4669 riam
261 4623 371 4666 tam
396 4612 600 4680 prolixo
621 4619 862 4680 tempore
884 4609 1279 4671 convalescere,
1315 4616 1391 4661 tot
1419 4616 1714 4662 tantarum-

163 4706 180 4734 ι
215 4704 299 4753 sic
328 4701 512 4764 aliquot
535 4700 863 4764 manuscripti.
891 4706 946 4748 At
969 4699 1105 4757 editi,
1129 4695 1371 4764 maleﬁcia
1388 4696 1574 4759 fecisse.

159 4768 181 4798 ³
222 4757 641 4829 ιιι-δοιίβιιίιὶριιιι
664 4757 795 4829 tum,
820 4760 1169 4829 litteratorum,
1198 4757 1301 4829 pro,
1326 4757 1555 4829 _litterata:

161 4831 183 4860 ³
219 4827 363 4882 Editi,
386 4826 492 4886 ejus
514 4818 788 4887 discipulus
803 4821 1050 4886 maleficus
1084 4818 1249 4884 fuerit.
1290 4822 1456 4880 Abest,
1495 4818 1712 4883 discipu-

91 4889 191 4949 lus,
219 4900 251 4938 a
276 4887 632 4949 manuscriptis.

158 4946 186 4981 ‘
216 4950 386 4998 Codex
412 4946 854 5006 258(capiendam.
941 4951 1000 4993 at.

156 5012 334 5074 (a)rl)e
356 5001 547 5074 ratione
568 5001 733 5074 digitis
749 5003 1525 5074 computandivideHerodotum,
1550 5001 1711 5074 l_ih._6,

89 5066 303 5136 αιρίβό
343 5086 358 5133 ;
384 5072 603 5136 Plinium2
620 5066 1120 5136 'ttistoriafitatu_ralis
1160 5068 1282 5136 libro
1303 5066 1392 5136 δι,
1420 5079 1525 5136 cap.
1550 5067 1712 5136 7;_Ju—

91 5126 356 5193 venalem,
378 5136 527 5183 Satira
554 5133 628 5189 10,
658 5146 789 5181 vers.
814 5130 936 5190 9.18;
963 5128 1286 5179 Alexandrum
1324 5130 1387 5176 ab
1406 5126 1677 5176 Alexandro
1696 5161 1711 5186 ,

93 5198 183 5247 lib.
216 5198 265 5255 1,
292 5210 400 5258 cap.
430 5197 505 5254 H,
527 5208 638 5258 pag.
663 5194 769 5242 114.
794 5200 1029 5258 Lancusn.
1292 5252 1301 5258 _
1344 5253 1353 5258 _
1392 5250 1482 5258 ___
1554 5250 1591 5258 _.

160 5248 503 5321 (b)'Bar'ouius
526 5248 618 5306 hoc;
655 5258 811 5321 refert
854 5257 913 5302 ad
952 5266 1131 5301 annum
1173 5252 1356 5321 Domini
1392 5250 1500 5299 515.
1541 5248 1713 5321 _Sintile

93 5312 258 5369 habes
300 5320 550 5367 oraculum
592 5330 622 5366 τι
666 5317 877 5379 quodam
913 5328 1100 5379 pagano
1138 5313 1391 5379 confictam
1428 5312 1552 5373 apud
1600 5319 1711 5359 Pro-

92 5353 552 5443 ξιῖὲξιῑηιῖδξέίξέξ
578 5353 1095 5443 assesasses,
1136 5353 1241 5443 ap.
1266 5375 1345 5433 δε,
1368 5353 1617 5443 eam.

163 5443 238 5505 (ε)
275 5432 572 5505 Infanticidia
596 5440 905 5505 solitagobjici
926 5432 1441 5505 Christianis-ostendit
1460 5432 1715 5505 Tertullia-

92 5495 190 5554 nus
213 5495 268 5554 in
288 5502 622 5566 Apologetico,
643 5501 786 5566 paulo
810 5495 920 5566 post
942 5500 1154 5557 initium,
1174 5500 1256 5546 ubi
1279 5498 1326 5546 id
1344 5499 1533 5545 crimen
1555 5495 1712 5566 falsis-

92 5569 282 5615 simum
325 5564 474 5627 atque
516 5564 989 5627 impudentissimum
1025 5568 1218 5627 purgat.
1257 5568 1536 5627 Quanquam
1582 5564 1715 5627 cata-

94 5629 325 5691 phrygcs
354 5618 434 5691 _ét
474 5618 725 5691 Pepuziaui
747 5659 767 5691 _,
825 5623 923 5671 duo
969 5618 1217 5691 hominum
1261 5618 1449 5691 gone-fa
1504 5618 1710 5667 hteresis

94 5680 614 5762 cumprimis‘perdi'tte
636 5699 695 5758 ac
728 5680 1024 5762 desperatae,
1048 5684 1243 5732 infantis
1265 5680 1715 5762 tenellun‘tnc‘or‘puns

94 5745 234 5801 soliti
259 5745 512 5812 erantiper
526 5750 686 5799 omnia
697 5745 915 5796 meumra
931 5758 1284 5812 compungece,
1310 5750 1363 5791 ut
1381 5745 1453 5812 sic
1470 5753 1711 5812 expresso

97 5813 356 5870 sanguine
400 5805 553 5861 farina
590 5816 955 5865 maceraretur,
984 5805 1080 5870 qua
1124 5805 1639 5870 conficerent_pancm
1663 5805 1712 5870 in

96 5850 1482 5933 usu'mmvaugdstinus‘narratiiii—librovde
1506 5850 1713 5914 Hzcresié

98 5938 214 5999 bus,
243 5938 371 5985 bzer.
398 5936 459 5984 26
483 5944 534 5984 et
556 5935 633 5983 27.
660 5941 768 5981 Leo.
798 5941 953 5982 Vives.

386 6012 658 6073 PATROL.
704 6006 855 6065 XLI.

1294 374 1497 430 LIBER
1534 370 1827 428 DECIMUS
1865 370 2203 430 OCTAVUS.

3271 374 3376 430 618

1783 504 1887 558 que
1917 489 2340 557 persecutionum
2370 489 2660 545 horrendas
2685 490 3023 547 crudelitates
3044 534 3058 553 ,
3109 507 3216 547 non
3243 492 3377 547 resi«

1787 581 2093 645 stendo,sed
2124 581 2373 650 patiendo
2395 598 2651 650 superare
2676 624 2690 643 .
2728 591 2785 638 et
2807 582 2875 637 ad
2905 600 3123 638 suorum
3151 585 3375 639 simula-

1785 687 2022 736 crorum,
2052 671 2392 740 templorum,
2426 687 2699 727 sacrorum
2724 714 2739 737 ,
2769 666 3107 729 oraculorum
3136 677 3378 732 eversio-

1786 787 1909 826 nem
1936 772 2218 839 pervenire
2242 771 2611 840 permitterent
2630 772 2798 839 ‘IQuis
2824 779 3096 841 postremo
3120 782 3202 828 est
3217 773 3373 835 deus,

1788 877 1894 917 non
1922 873 2104 918 noster
2131 863 2331 932 utique,
2359 864 2450 918 sed
2480 865 2739 934 ipsorum,
2764 866 2854 934 qni
2881 868 2964 921 vel
2993 866 3202 921 illectus
3232 877 3381 923 tanto

1789 954 1993 1007 scelere
2010 954 2092 1008 vel
2117 954 2373 1023 impulsus
2394 963 2475 1007 est
2497 955 2591 1008 ista
2617 956 2896 1023 prmstare?
2916 955 3027 1010 Non
3051 957 3194 1011 enim
3220 956 3382 1010 alicui

1788 1043 2016 1098 dtemoni
2044 1084 2060 1109 ,
2088 1044 2181 1099 sed
2203 1045 2306 1099 deo
2334 1045 2517 1099 dicunt
2543 1045 2619 1101 illi
2646 1062 2829 1101 versus
2869 1048 2984 1102 haec
3020 1049 3239 1103 Petrum
3266 1058 3383 1103 arte

1791 1136 1991 1203 magica
2016 1134 2288 1190 definisse.
2315 1136 2497 1191 Talem
2525 1136 2684 1192 deum
2713 1137 2945 1205 habent,
2990 1140 3078 1209 qui
3108 1140 3380 1195 Christum

1790 1240 1895 1295 non
1927 1224 2141 1280 habent.

1792 1337 2019 1392 CAPUT
2069 1338 2200 1392 LIV.
2256 1369 2327 1378 —-
2379 1339 2456 1394 De
2480 1341 2774 1395 stultissimo
2819 1343 3081 1396 mendacio
3142 1342 3391 1413 Pagano-

1866 1443 1977 1479 rum
2003 1467 2017 1491 ,
2048 1444 2145 1497 quo
2173 1428 2500 1482 christianum
2526 1431 2820 1500 religionem
2848 1448 2948 1485 non
2979 1433 3113 1486 ultra
3140 1441 3384 1486 trecentos

1868 1519 2129 1588 sexaginta
2154 1519 2374 1588 quinque
2397 1537 2559 1573 annos
2582 1537 2875 1574 mansuram
2905 1538 3011 1575 esse
3035 1522 3311 1591 ﬁnxerunt.

1870 1629 1921 1682 l.
1945 1629 2070 1683 ilmc
2095 1638 2253 1697 atque
2285 1630 2591 1699 hujusmodi
2619 1633 2783 1687 multa
2811 1634 3145 1703 colligerem,
3177 1633 3222 1688 si
3254 1648 3388 1688 non-

1797 1721 1921 1777 dum
1950 1738 2120 1777 annus
2149 1724 2262 1792 ipse
2290 1726 2611 1790 transisset,
2642 1741 2801 1796 quem
2830 1725 3091 1783 divinatio
3120 1728 3239 1782 ﬁcta
3266 1744 3389 1798 pro-

1798 1813 1983 1878 misit,
2013 1822 2067 1868 et
2091 1813 2313 1883 decepta
2343 1815 2551 1869 vanitas
2580 1816 2824 1877 credidit.
2858 1816 2990 1871 Cum
3035 1798 3164 1872 vero
3189 1832 3256 1872 ex
3284 1833 3390 1887 quo

1800 1904 2030 1958 nominis
2058 1902 2259 1958 Christi
2309 1905 2483 1959 cultus
2509 1920 2603 1975 per
2631 1906 2747 1974 ejus
2777 1908 2831 1961 in
2859 1923 3021 1963 carne
3044 1909 3390 1978 praesentiam

1799 2007 1853 2051 et
1873 2012 1969 2066 per
2008 1997 2296 2066 Apostolos
2338 1998 2609 2053 institutus
2644 2007 2766 2065 est,
2810 2009 2937 2054 ante
2978 2000 3181 2070 aliquot
3221 2016 3393 2055 annos

1801 2088 1925 2143 anni
1971 2090 2193 2143 trecenti
2248 2090 2521 2159 sexaginta
2594 2090 2830 2159 quinque
2902 2091 3156 2158 completi
3230 2092 3387 2156 sint,

1801 2179 1926 2249 quid
1957 2179 2098 2233 aliud
2127 2180 2438 2249 qumimus,
2466 2179 2607 2234 unde
2632 2181 2729 2233 ista
2758 2180 2958 2234 falsitas
2984 2181 3260 2235 refellatur
3279 2183 3301 2235 ?
3322 2180 3393 2239 Ut

1803 2270 1946 2325 enim
1979 2271 2031 2324 in
2059 2270 2256 2325 Christi
2289 2270 2560 2325 nativitate
2584 2271 2739 2339 hujus
2768 2272 2846 2325 rei
2891 2287 2997 2325 non
3025 2286 3284 2341 ponamus
3313 2274 3397 2326 iu-

1810 2362 1983 2427 itium,
2014 2362 2138 2432 quia
2169 2360 2343 2417 infans
2366 2370 2422 2417 et
2464 2378 2598 2432 puer
2624 2362 2916 2432 discipulos
2962 2381 3067 2418 non
3120 2364 3350 2419 habebat
3372 2405 3391 2431 ,

1805 2461 1983 2508 tamen
2012 2453 2225 2523 quando
2255 2454 2451 2509 habere
2481 2456 2666 2525 coepit,
2698 2456 2883 2526 procul
2914 2455 3076 2511 dubio
3094 2466 3218 2511 tunc
3244 2458 3398 2512 inno-

1806 2547 1908 2600 tuit
1949 2562 2043 2615 per
2097 2547 2213 2616 ejus
2267 2549 2602 2615 corporalem
2655 2550 2995 2618 praesentiam
3052 2549 3293 2604 doctrina
3343 2559 3399 2607 ct

1806 2636 1992 2706 religio
2022 2636 2330 2703 christiana,
2362 2636 2412 2691 id
2444 2646 2525 2692 est
2551 2679 2566 2703 ,
2600 2647 2946 2708 posteaquam
2978 2638 3030 2693 in
3056 2638 3222 2693 fluvio
3274 2639 3398 2693 Jor-

1807 2725 1945 2781 dan‘e
1974 2727 2271 2782 ministerio
2298 2726 2521 2781 Joannis
2549 2737 2632 2782 est
2685 2728 3002 2797 baptizatus.
3031 2728 3258 2797 Propter
3297 2728 3401 2783 hoc

1808 2818 1949 2871 enim
1978 2816 2044 2871 de
2076 2817 2164 2870 illo
2193 2818 2473 2888 prophetia
2504 2817 2592 2871 illa
2620 2827 2975 2887 praecesserat
3000 2859 3015 2882 ,
3045 2817 3400 2872 Dominabitur

1806 2927 1839 2962 a
1866 2909 1994 2962 mari
2024 2925 2180 2979 usque
2207 2909 2275 2962 ad
2300 2926 2439 2964 mare
2466 2952 2482 2975 ,
2514 2918 2561 2964 et
2582 2927 2613 2962 a
2652 2911 2864 2980 ﬂumine
2888 2927 3043 2981 usque
3069 2911 3138 2963 ad
3165 2912 3403 2967 terminos

1810 3001 1944 3055 orbis
1970 3010 2118 3054 terra:
2143 2999 2316 3070 (Psal.
2350 3017 2478 3055 Lxxt
2504 3042 2519 3068 ,
2552 3002 2628 3072 8).
2664 3001 2769 3056 Sed
2815 3002 3066 3071 quoniam
3094 3001 3403 3071 priusquam

1810 3107 2000 3163 passus
2024 3101 2170 3147 esset
2196 3103 2249 3147 et
2276 3093 2658 3148 resurrexisset
2684 3108 2715 3147 a
2746 3092 2971 3146 mortuis
2999 3134 3014 3158 ,
3046 3092 3282 3146 nondum
3334 3093 3401 3145 fi-
3426 3158 3429 3161 Α

1809 3184 1908 3241 des
1936 3185 2181 3239 omnibus
2207 3183 2377 3240 fuerat
2402 3185 2656 3251 definita;
2686 3184 2740 3239 in
2784 3185 3177 3240 resurrectione
3206 3185 3405 3255 quippe

1810 3276 2010 3333 Christi
2035 3275 2252 3331 definita
2281 3284 2362 3332 est
2391 3275 2537 3347 (nam
2571 3277 2650 3331 sic
2679 3278 2953 3345 apostolus
2980 3276 3177 3330 Paulus
3230 3278 3405 3331 Athe-

1813 3368 2087 3425 niensibus
2142 3369 2378 3439 loquitur
2421 3368 2608 3424 dicens
2634 3409 2649 3433 ,
2682 3367 2803 3421 Jam
2831 3384 2965 3421 nunc
2993 3368 3265 3421 annuntiat
3308 3367 3407 3421 Ito-

1808 3459 2071 3524 minibus,
2098 3475 2272 3513 omnes
2316 3458 2496 3528 ubique
2548 3474 2697 3529 agere
2740 3459 3120 3529 paznitentiam,
3160 3474 3221 3512 eo
3270 3457 3408 3526 quod

1812 3552 1988 3604 statuit
2016 3550 2168 3614 diem,
2188 3550 2425 3620 judicare
2453 3549 2623 3603 orbem
2650 3550 2704 3603 in
2724 3551 2975 3618 aequitate,
3000 3550 3054 3602 in
3076 3550 3205 3614 viro,
3232 3550 3285 3602 in
3306 3566 3406 3619 quo

1812 3641 2039 3708 deﬁnivit
2085 3626 2238 3708 ﬁdem
2267 3640 2498 3693 omnibus
2524 3680 2539 3703 ,
2586 3640 2891 3693 resuscitans
2932 3640 3078 3692 illum
3119 3656 3154 3691 a
3198 3640 3408 3691 mortuis

1814 3730 1946 3805 [Act.
1974 3746 2083 3785 xvu
2102 3774 2118 3797 ,
2146 3730 2216 3786 30
2240 3740 2289 3783 et
2318 3729 2433 3801 51])
2462 3748 2475 3784 :
2510 3731 2699 3784 melius
2729 3730 2781 3784 in
2810 3731 2911 3783 hac
2939 3730 3237 3800 qumstione
3284 3731 3405 3785 sol-

1812 3825 1983 3881 venda
2014 3823 2136 3879 inde
2164 3824 2371 3878 initium
2422 3824 2719 3888 sumimus;
2749 3821 3046 3891 praesertim
3090 3825 3214 3893 quia
3276 3832 3402 3876 tunc

1813 3915 1971 3970 datus
1995 3924 2077 3970 est
2100 3914 2260 3970 etiam
2288 3913 2517 3982 Spiritus
2555 3922 2795 3979 sanctus,
2828 3914 2967 3966 sicut
2996 3928 3116 3966 eum
3141 3911 3255 3966 dari
3287 3920 3409 3982 post

1815 4010 2260 4066 resurrectionem
2286 4006 2486 4063 Christi
2527 4006 2811 4076 oportebat
2856 4006 2907 4059 in
2936 4021 2997 4060 ea
3048 4005 3263 4061 civitate
3290 4044 3309 4070 ,
3338 4020 3408 4060 ex

1815 4116 1917 4172 qua
1947 4100 2131 4155 debuit
2156 4100 2389 4168 incipere
2413 4100 2498 4153 lex
2532 4097 2765 4152 secunda
2790 4138 2806 4163 ,
2838 4095 2940 4152 hoc
2970 4105 3057 4152 est
3079 4097 3398 4152 Testamen-

1818 4202 1929 4247 tum
1956 4207 2172 4246 novum.
2192 4190 2366 4244 Prima
2388 4189 2529 4244 enim
2561 4189 2659 4242 fuit
2690 4204 2754 4243 ex
2785 4198 2969 4243 monte
2995 4187 3123 4243 Sina
3145 4187 3406 4259 ρει-Μογ-

1816 4300 1913 4341 sen
1941 4326 1958 4351 ,
2001 4283 2145 4355 quod
2171 4283 2573 4338 Testamentum
2603 4289 2825 4336 vocatur
2850 4291 3023 4334 vetus.
3058 4281 3132 4335 De
3180 4279 3281 4337 hac
3309 4296 3409 4335 au-

1816 4384 1924 4431 tem
1946 4390 2065 4444 quae
2092 4389 2190 4442 per
2215 4372 2486 4427 Christum
2534 4370 2709 4426 danda
2735 4377 2853 4425 erat
2884 4410 2898 4435 ,
2926 4369 3239 4439 praedictum
3285 4380 3365 4425 est
3389 4411 3407 4436 ,

1820 4465 1903 4520 Ea:
1931 4465 2059 4521 Sion
2087 4464 2285 4535 prodiet
2312 4464 2395 4517 lea:
2416 4504 2430 4523 ,
2458 4476 2506 4516 et
2547 4461 2750 4516 verbum
2778 4459 2986 4516 Domini
3015 4476 3080 4513 ea:
3119 4459 3410 4514 Jerusalem

1818 4558 1972 4629 (Isai.
2022 4572 2097 4619 ιι,
2129 4553 2205 4627 '5).
2232 4554 2387 4610 Unde
2436 4563 2490 4608 et
2536 4554 2649 4622 ipse
2676 4567 2774 4622 per
2802 4566 2990 4604 omnes
3041 4552 3230 4620 gentes
3276 4550 3413 4604 dixit

1817 4649 2094 4721 prtedicati
2138 4656 2389 4716 oportere
2419 4646 2472 4699 in
2509 4644 2725 4699 nomine
2753 4657 2852 4697 suo
2890 4642 3281 4711 pmnitentiam,
3313 4642 3409 4697 sed

1818 4752 1996 4797 tamen
2026 4737 2403 4808 incipientibus
2455 4735 2525 4789 ab
2571 4734 2874 4790 Jerusalem
2920 4732 3072 4803 (Luc.
3112 4747 3264 4798 xxrv,
3293 4732 3409 4802 47).
3496 4795 3507 4806 ,

1819 4836 1891 4890 ibi
1919 4848 2046 4903 ergo
2072 4845 2296 4886 exorsus
2322 4839 2406 4884 est
2427 4828 2586 4897 hujus
2615 4828 2846 4881 nominis
2867 4827 3063 4890 cultus,
3092 4833 3150 4878 ut
3179 4825 3230 4878 in
3253 4823 3411 4878 Chri-

1817 4938 1961 4982 stum
1990 4925 2171 4981 Jesum
2202 4964 2217 4986 ,
2241 4922 2330 4991 qui
2358 4920 2642 4974 crucifixus
2697 4917 2870 4972 fuerat
2909 4925 2964 4971 ct
2992 4924 3367 4971 resurretterat
3388 4954 3407 4979 ,

1817 5017 2128 5072 crederetur
2158 5031 2171 5065 :
2205 5014 2273 5067 ibi
2303 5013 2418 5065 haec
2466 5009 2601 5065 ﬁdes
2647 5019 2754 5062 tam
2786 5006 3084 5077 insignibus
3132 5006 3296 5059 initiis
3325 5006 3411 5057 iit-

1817 5107 2149 5171 canduit‘,ut
2172 5105 2375 5173 aliquot
2405 5102 2680 5155 hominum
2709 5099 2873 5153 millia
2903 5098 2953 5151 in
2983 5095 3182 5152 Christi
3206 5110 3406 5150 nomen

1818 5198 2048 5254 mirabili
2097 5195 2377 5251 alacritate
2402 5207 2658 5248 conversa
2679 5232 2695 5257 ,
2725 5190 2955 5245 venditis
3000 5188 3112 5243 suis
3161 5188 3320 5242 rebus
3347 5195 3407 5241 ut

1819 5291 2002 5360 egenis
2028 5287 2471 5342 distribuerentur
2496 5326 2511 5348 ,
2542 5282 2817 5352 pronosito
2846 5291 3033 5335 sancto
3058 5287 3111 5333 ct
3139 5278 3412 5332 ardentis-

1817 5382 1950 5437 sima
1973 5379 2231 5436 charitate
2257 5376 2322 5430 ad
2369 5383 2739 5446 paupertatem
2766 5370 3121 5425 voluntariam
3165 5367 3414 5438 perveni-

1819 5480 1968 5536 rent,
2000 5478 2158 5540 atque
2202 5470 2340 5523 inter
2393 5468 2681 5521 frementes
2708 5471 2765 5519 et
2804 5462 3119 5532 sanguinem
3167 5461 3413 5515 sitientes

1817 5564 2031 5619 Judtcos
2058 5602 2074 5627 ,
2102 5576 2161 5615 se
2192 5573 2360 5629 usque
2396 5556 2463 5611 ad
2494 5562 2720 5610 mortem
2771 5568 2870 5623 pro
2912 5552 3136 5607 veritate
3156 5558 3365 5607 certare
3393 5591 3411 5614 ,

1819 5672 1929 5711 non
2012 5662 2215 5708 armata
2263 5649 2500 5721 potentia
2545 5688 2560 5711 ,
2615 5646 2712 5702 sed
2791 5644 3097 5715 potentiore
3159 5642 3418 5712 patientia
3472 5686 3481 5693 .

1822 5753 2202 5820 prmpararent.
2226 5743 2337 5797 Hoc
2383 5742 2429 5797 si
2480 5738 2642 5793 nullis
2686 5736 2909 5807 magicis
2955 5734 3163 5789 artibus
3215 5731 3413 5786 factum

1885 5860 1899 5889 ¹
1937 5864 2066 5917 Lov.,
2100 5852 2297 5905 incaluit
2328 5865 2344 5902 :
2384 5848 2791 5902 dissentientibus
2825 5846 2971 5896 editis
3006 5844 3114 5895 aliis
3158 5849 3210 5893 et
3248 5851 3419 5889 mauu-

1821 5922 2029 5983 scrijztis.
2675 5970 2972 6051 ﬁrmat.)
