3976 6514
655 380 755 434 619

653 508 735 547 t'st
760 534 772 553 .
794 505 894 546 cur
918 486 1143 545 credere
1171 482 1414 538 dubitant
1438 521 1452 544 ,
1480 478 1667 535 eadem
1695 478 1887 531 virtute
1912 475 2089 528 divina
2144 487 2239 541 per

656 596 823 639 totum
852 580 1107 637 mundum
1135 578 1185 631 id
1214 577 1324 630 ﬁeri
1354 573 1592 645 potuisse
1634 586 1737 641 qua
1760 570 1861 623 hoc
1889 567 2083 621 factum
2112 576 2191 619 est
2215 566 2238 619 ?

654 676 713 732 Si
739 684 915 729 autem
948 680 1005 726 ut
1030 667 1379 735 Jerosolymis
1404 666 1482 720 sic
1510 663 1577 719 ad
1604 662 1802 719 cultum
1832 658 2063 713 nominis
2086 656 2237 710 Chri-

652 768 718 821 sti
747 763 1131 819 accenderetur
1156 767 1298 813 tanta
1331 756 1606 811 hominum
1650 749 1933 807 multitudo
1957 791 1973 814 ,
2004 763 2125 818 qua:
2168 747 2235 800 il-

654 859 762 910 lum
792 857 842 909 in
874 868 1054 917 cruce,
1089 851 1172 905 vel
1200 849 1391 903 ﬁxerat
1414 860 1686 916 prensum,
1717 843 1801 897 vel
1831 842 2025 896 riserat
2052 839 2233 901 ﬁxum,

651 950 757 1017 jam
807 944 1128 1000 maleﬁcium
1181 941 1307 995 illud
1359 939 1559 993 fecerat
1587 937 1812 1000 Petrus,
1841 949 1905 988 ex
1954 933 2068 1001 ipso
2098 944 2238 983 anno

651 1037 997 1107 qumrcndum
1027 1042 1109 1089 est
1137 1075 1151 1096 ,
1180 1031 1394 1101 quando
1422 1029 1651 1084 trecenti
1677 1028 1950 1101 sexaginta
2004 1024 2239 1093 quinque

652 1127 904 1196 completi
932 1127 1055 1178 sint.
1087 1124 1324 1178 Mortuus
1350 1130 1432 1176 est
1476 1133 1604 1189 ergo
1629 1116 1870 1172 Christus
1899 1113 2107 1168 duobus
2131 1111 2237 1166 Ge-

655 1220 815 1274 minis
840 1217 1167 1279 ronsulibus,
1202 1225 1392 1269 octavo
1417 1210 1670 1267 kalendas
1695 1208 1879 1278 aprilis
1902 1207 2001 1277 (a).
2035 1205 2237 1259 Resur-

652 1311 790 1365 rexit
821 1310 973 1364 tertia
996 1308 1082 1362 die
1101 1348 1115 1372 ,
1145 1306 1284 1360 sicut
1310 1303 1551 1374 Apostoli
1600 1301 1709 1356 suis
1737 1300 1755 1331 ί
1791 1299 1954 1355 etiam
1994 1296 2240 1351 sensibus

654 1403 1035 1471 probaverunt.
1070 1397 1268 1452 Deinde
1316 1406 1436 1466 post
1464 1392 1809 1464 quadraginta
1836 1390 1950 1445 dies
2001 1388 2241 1442 ascendit

657 1496 710 1547 in
756 1493 948 1548 caelum
981 1508 993 1543 :
1022 1499 1140 1562 post
1166 1489 1349 1543 decem
1399 1486 1517 1552 dies
1539 1526 1553 1549 ,
1583 1483 1635 1538 id
1679 1491 1763 1538 est
1804 1480 2243 1552 quinquagesimo

654 1594 780 1654 post
805 1599 954 1639 suam
985 1581 1429 1636 resurrectionem
1458 1576 1546 1631 die
1570 1616 1584 1641 ,
1625 1575 1769 1630 misit
1815 1571 2068 1641 Spiritum
2115 1585 2241 1623 san-

655 1676 992 1731 ctum.Tunc
1015 1675 1109 1728 tria
1134 1672 1294 1727 millia
1314 1669 1588 1725 hominum
1615 1665 1885 1737 Apostolis
1910 1678 2031 1719 eum
2056 1660 2243 1731 praedi-

658 1770 902 1825 cantibus
947 1766 1320 1823 crediderunt.
1377 1764 1528 1819 Tunc
1592 1762 1766 1830 itaque
1822 1756 2051 1813 nominis
2106 1755 2244 1809 illius

653 1862 828 1917 cultus
872 1874 1100 1915 exorsus
1150 1868 1261 1923 est,
1307 1856 1445 1912 sicut
1488 1868 1586 1911 nos
1624 1852 1919 1915 credimus,
1960 1859 2015 1904 et
2050 1848 2245 1902 veritas

655 1955 835 2017 habet,
868 1952 1100 2007 efﬁcacia
1122 1951 1353 2020 Spiritus
1378 1948 1582 2011 sancti;
1616 1947 1753 1999 sicut
1772 1952 1948 1997 autem
1976 1940 2125 1994 ﬁnxit
2155 1954 2245 1991 va-

655 2049 793 2099 nitas
825 2045 983 2114 impia
1021 2044 1101 2096 vel
1135 2042 1363 2111 putavit,
1395 2040 1612 2107 magicis
1640 2037 1842 2091 artibus
1885 2034 2049 2089 Petri.
2084 2031 2246 2086 Patth

654 2145 775 2206 post
799 2136 959 2190 etiam
1007 2135 1160 2204 signo
1206 2131 1433 2186 mirabili
1476 2129 1617 2183 facto
1638 2169 1652 2193 ,
1686 2126 1898 2197 quando
1926 2123 1992 2178 ad
2025 2125 2245 2178 verbum

655 2228 819 2297 ipsius
865 2224 1006 2281 Petri
1059 2223 1275 2295 quidam
1314 2220 1591 2276 mendicus
1629 2218 1697 2273 ab
1744 2225 1896 2272 utero
1943 2214 2127 2270 matris
2176 2213 2245 2266 ita

707 2386 734 2416 ‘
771 2384 907 2432 Vind.
935 2391 1034 2431 Am.
1061 2388 1113 2431 et
1129 2379 1297 2444 plures
1330 2385 1458 2440 Mss,
1483 2374 1691 2441 Αροδιοιί
1710 2375 1802 2427 sui.

719 2485 1147 2563 («inuenimus
1166 2476 2241 2563 “99.09%9119339312939;9.1239221:

652 2539 824 2614 inquit,
835 2568 857 2595 α
878 2555 1033 2598 Caesar
1056 2539 1315 2614 imperium
1324 2546 1493 2614 habuit
1506 2543 1645 2614 annis
1665 2539 1837 2614 viginti
1851 2539 2252 2614 duobus,umensi-

658 2633 681 2659 ι
705 2602 798 2662 lius
813 2602 1030 2672 septem,
1048 2602 1438 2672 diebusviginti:
1466 2608 1609 2672 hujus
1619 2602 1788 2672 quinto
1809 2602 2000 2672 decimo
2023 2602 2250 2672 annona-5

657 2692 681 2721 α
705 2676 826 2737 perii
850 2663 1026 2735 passus
1036 2678 1113 2721 est
1131 2663 1363 2737 Christus,
1388 2663 1546 2718 annos
1557 2663 1744 2737 habens
1765 2664 1902 2736 quasi
1928 2663 2252 2737 trigintaycmn

656 2753 686 2785 α
706 2726 972 2798 pateretur.
998 2750 1020 2779 ii
1052 2741 1104 2782 Et
1125 2731 1274 2798 paulo
1291 2726 1399 2798 post
1432 2744 1460 2798 :_
1478 2749 1510 2798 «_
1524 2731 1681 2798 Passio
1703 2726 1846 2787 hujus
1874 2726 2251 2798 e§terntiniii_n:

658 2782 1021 2857 eirateinpora
1054 2782 1365 2857 septuaginta,
1378 2782 1793 2857 hebdomadarum
1816 2786 2032 2857 perfecta
2060 2789 2144 2857 est
2161 2782 2253 2857 sub

658 2850 1140 2915 «'rilierio'CwSare',
1187 2850 1467 2904 consulibus
1504 2850 1719 2901 Rubellio
1755 2850 1954 2915 Gemino
1978 2852 2078 2915 ,“et
2116 2850 2254 2915 Fusio

658 2940 680 2967 α
703 2920 929 2978 Gemino,
952 2907 1138 2966 mense
1172 2917 1360 2980 martio,
1409 2914 1709 2977 temporibus
1746 2907 2062 2980 Pasclize,_die
2085 2913 2256 2980 octavo

654 3001 683 3029 α
706 2967 1024 3031 kalendarum
1063 2979 1305 3041 aprilium.
1329 2967 1359 3022 »⁷
1377 2967 1525 3041 nunc
1547 2981 1765 3041 secutus_
1787 2971 2070 3027 Iactantius,
2116 2968 2198 3041 lib.
2224 2967 2255 3015 4

649 3030 825 3102 lustiL,
849 3041 1053 3103 mp._10,
1073 3030 1301 3088 eumdem
1321 3040 1499 3103 't‘iherii
1515 3035 1796 3103 imperantis
1812 3045 2006 3103 annum,
2034 3030 2257 3099 eosdem-

653 3092 755 3168 que
776 3092 1292 3168 icons'uIeS'assignat,
1318 3114 1411 3149 nec
1450 3102 1499 3147 in
1522 3092 1603 3147 die
1628 3098 1780 3168 variat
1816 3095 1910 3168 nisi
1953 3092 2256 3168 librariorum

654 3156 855 3216 forsitan
892 3165 1026 3224 vitio,
1104 3156 1187 3211 nov
1211 3156 1386 3210 laetum
1411 3169 1490 3211 est
1511 3168 1564 3209 ut
1596 3159 1790 3208 codices
1824 3156 1903 3204 alii
1937 3162 2090 3203 «ante
2125 3156 2254 3201 diem

658 3247 683 3271 ι
712 3229 973 3271 decimum.
999 3241 1022 3269 ii
1053 3177 1133 3271 θίξίί
1166 3242 1188 3269 α
1210 3221 1324 3271 ante
1362 3224 1495 3271 diem
1535 3222 1792 3271 septimum
1815 3234 1837 3262 ii
1869 3217 2117 3271 habeant,
2176 3214 2254 3263 alii

658 3214 691 3275 ξ’
707 3214 973 3284 decimum,
999 3214 1025 3269 ί
1053 3214 1133 3273 alii
1166 3242 1188 3269 α
1210 3221 1324 3272 ante
1362 3224 1495 3271 diem
1535 3222 1792 3284 septimum
1815 3234 1837 3262 ii
1869 3217 2117 3284 habeant,
2176 3214 2256 3284 alii

651 3304 773 3342 vero
794 3277 987 3346 melius,
1022 3304 1045 3333 ιι
1068 3294 1183 3335 ante
1228 3287 1358 3333 diem
1380 3300 1461 3334 viu
1500 3277 1761 3346 kal.'_april.
1788 3296 1809 3324 ii
1840 3278 1967 3346 quod
2010 3277 2258 3346 idem__es_'t

650 3336 803 3414 atque
832 3368 853 3395 α
875 3336 1043 3414 octavo
1065 3354 1178 3414 ante
1201 3348 1332 3414 diem
1368 3346 1463 3395 kal.
1504 3336 1689 3414 ξυιυς»
1713 3336 2258 3414 _que_niadmodum:i_u_lf

652 3402 795 3461 liaiiis
820 3409 1060 3472 exemplis
1092 3408 1311 3472 plurimis
1345 3402 1751 3472 ostendi'potest.
1787 3402 2024 3472 Christum
2063 3410 2257 3472 passum

651 3491 735 3524 vin
761 3473 853 3522 kal.
891 3466 1027 3533 april.
1052 3466 1134 3534 vel
1173 3471 1254 3519 die
1288 3472 1444 3520 martii
1468 3466 1707 3534 vigesimo
1730 3466 1916 3534 quinto,
1939 3466 2137 3534 asserit;
2148 3474 2257 3534 rur-

652 3523 761 3584 suzn
790 3523 1093 3590 Augustinus.
1121 3532 1204 3580 lib.
1230 3533 1293 3581 83
1327 3523 1602 3591 Quaesth.
1629 3528 1708 3587 56,
1736 3523 1787 3577 ét
1812 3523 1909 3575 lib.
1932 3524 1967 3574 4
2000 3523 2068 3574 de
2103 3524 2257 3591 Trini-

655 3608 770 3659 tate,
791 3609 841 3659 ιι.
856 3584 917 3654 ’ὸς
936 3584 1143 3659 eumque
1162 3608 1221 3645 eo
1237 3584 1446 3659 .ioannes
1461 3584 1902 3659 curvsostomus,_in
1925 3599 2149 3657 sermone
2165 3584 2232 3659 de

652 3648 983 3704 nativitates.
1010 3648 1204 3701 Joannis
1246 3654 1492 3713 Baptistm;
1532 3656 1793 3713 Gregorius
1830 3650 2139 3704 'turonensis,
2168 3648 2253 3695 lib.

658 3719 740 3775 10,
766 3716 925 3776 capite
954 3714 1156 3773 ultimo;
1191 3712 1334 3772 Beda,
1363 3714 1447 3762 lib.
1483 3713 1548 3776 de
1586 3712 1780 3763 natione
1820 3718 2125 3776 Temporum,
2147 3720 2254 3776 cap.

652 3770 737 3837 47,
764 3770 925 3825 etalii.
953 3770 1184 3824 Eusebius
1200 3770 1365 3823 autem
1391 3775 1687 3837 inrchronico
1707 3808 1720 3830 ,
1736 3780 1799 3837 iet
1822 3770 2125 3837 Epiphanius,
2143 3770 2256 3837 lia;-

653 3830 754 3887 τιξέὶ
779 3840 858 3895 51,
887 3839 1161 3898 passionem
1182 3837 1365 3884 Domini
1397 3836 1454 3885 ad
1478 3848 1655 3884 annum
1678 3830 2102 3898 Tiberii'o'ctavum
2125 3830 2257 3879 deci-

656 3915 791 3949 mum
816 3896 1057 3948 referunt.
1083 3900 1200 3947 Huic
1232 3899 1445 3958 opinioni
1466 3899 1598 3946 l'avet
1622 3896 1932 3957 Evangelium
1952 3908 1967 3958 γε
1990 3906 2101 3940 nam
2124 3900 2257 3958 Lucae

657 3978 729 4019 Ill,
758 3964 801 4022 l,
825 3961 1059 4022 baptisma
1080 3959 1245 4007 datum
1266 3954 1450 4007 Christo
1468 3972 1496 4008 a
1518 3966 1700 4022 Joanne
1727 3954 1777 4022 et
1810 3957 2063 4006 exordium
2083 3954 2258 4022 praedi-

656 4018 863 4073 cationis
888 4018 996 4083 ejus
1013 4024 1061 4069 in
1084 4021 1326 4069 decimum
1349 4022 1573 4083 quintum
1596 4021 1776 4083 'I'iherii
1807 4031 1985 4066 annum
2018 4018 2252 4076 relertur,

661 4092 714 4134 et
737 4085 895 4146 liquet.
918 4081 1035 4146 tres
1050 4083 1229 4131 abinde
1251 4081 1405 4130 annos
1425 4082 1605 4146 solidos
1618 4081 2152 4146 Christutn,_antequam
2171 4091 2255 4146 pa-

656 4140 865 4205 teretur,
906 4144 1196 4205 praedicasse
1218 4156 1429 4204 regnum
1462 4144 1565 4191 Dei.
1602 4142 1693 4191 Sed
1712 4143 1889 4191 Tiberii
1930 4154 2082 4205 annos
2104 4140 2256 4205 haud-

654 4203 1602 4268 quaquam'morettomano’computatos
1616 4207 1677 4268 ab
1699 4204 1903 4268 Eusebio
1929 4210 1980 4251 et
1998 4203 2258 4262 Epiphanio

653 4264 822 4323 fuisse,
848 4264 1093 4327 contendit
1103 4266 1350 4327 Dionysius
1382 4264 1618 4327 Petavius,
1641 4265 1704 4313 de
1721 4267 1942 4313 Doctrina
1965 4271 2255 4324 temporum,

642 4328 741 4379 Jil).
771 4327 844 4386 12,
868 4339 973 4387 cap.
1001 4324 1095 4387 12:
1129 4343 1151 4371 α
1174 4324 1358 4375 Etenim
1401 4338 1428 4387 ᾳ
1458 4325 1691 4387 populari,
1716 4342 1738 4369 ii
1768 4327 1941 4387 inquit,
1971 4343 1992 4369 α
2013 4328 2257 4373 civitatum

645 4410 690 4435 ινα
713 4401 911 4438 suarum
930 4386 1138 4435 exordio
1180 4393 1346 4435 Patres
1382 4386 1470 4434 illi’
1494 4386 1646 4435 annos
1689 4386 1994 4442 inchoabant,
2033 4388 2257 4433 nimirum

666 4468 689 4497 ci
712 4452 775 4500 ab
817 4456 1050 4499 autumno
1093 4448 1422 4496 antecedente
1462 4456 1685 4497 aestatem
1707 4446 1855 4505 illam,
1900 4460 1996 4509 qua
2020 4455 2258 4509 Angustus

650 4514 898 4570 excessit,
924 4526 946 4554 ii
976 4511 1201 4572 adeoque
1224 4526 1246 4555 ι
1268 4522 1445 4557 annum
1465 4508 1903 4572 Tiberiideeimum
1920 4508 2148 4557 octavum
2172 4523 2259 4570 pu-

659 4582 767 4623 tare
812 4573 1047 4633 incipiunt
1077 4570 1141 4619 ab
1174 4578 1403 4620 autumno
1425 4573 1537 4620 anni
1581 4570 1897 4633 Juliani75.)
1946 4578 2052 4632 Ipse
2092 4572 2257 4633 itaque

650 4637 888 4685 ‘I’etavius
912 4631 970 4683 fin
995 4634 1262 4683 Rationario
1294 4640 1588 4695 temporum,
1615 4640 1753 4694 parte
1789 4632 1837 4690 1,
1860 4631 1985 4680 libro
2007 4633 2053 4692 5,
2091 4631 2260 4695 scribit

662 4706 911 4745 mortuum
929 4696 1167 4743 Christum
1204 4695 1397 4744 'l‘iherio
1430 4697 1650 4757 quintum
1672 4701 1723 4757 et
1745 4696 1916 4757 Sejauo
1958 4694 2255 4753 musulihus,

661 4760 822 4807 martii
858 4760 940 4805 die
974 4757 1212 4818 vigesimo
1237 4757 1400 4818 tertio.
1424 4756 1495 4805 At
1532 4756 1775 4815 Baronius,
1816 4756 2076 4805 Ludovicus
2099 4758 2256 4813 \ives,

649 4819 940 4868 .t.eonardus
961 4817 1193 4877 Coquazus
1216 4824 1268 4866 et
1284 4817 1387 4877 alii,
1404 4818 1682 4867 oonsulibus
1703 4818 1849 4867 (:neio
1869 4819 2086 4876 Domitio,
2119 4826 2257 4867 Aine-

660 4882 815 4929 barbo
840 4888 889 4928 et
911 4880 1106 4927 (‘amillo
1140 4881 1465 4928 Scriboniano.
1507 4880 1604 4928 Alia
1627 4880 1841 4941 denique
1882 4888 2075 4941 estnon
2100 4881 2259 4927 minus

658 4943 862 5003 probata
887 4943 1002 4990 viris
1040 4941 1243 4989 eruditis
1263 4942 1442 5002 opinio,
1487 4940 1952 5003 passionem’clu'isti
1998 4940 2056 4987 ad
2080 4953 2260 5003 annum

663 5002 891 5051 relerens
912 5004 1091 5050 Tiberii
1129 5003 1370 5050 decimum
1408 5002 1587 5052 nonum
1624 5010 1904 5052 currentem
1928 5016 2037 5051 cum
2074 5002 2259 5051 .Iuliauo

656 5062 738 5123 78,
762 5075 972 5127 cultique
996 5076 1058 5127 eo
1079 5064 1155 5112 cui
1179 5063 1391 5127 Phlegon
1408 5099 1422 5124 ,
1445 5064 1770 5127 Olympiadum
1790 5067 2007 5127 scriptor,
2032 5065 2155 5125 apud
2176 5071 2260 5127 ιίιιτ

660 5128 853 5188 sebium
876 5125 1203 5173 defectionem
1229 5125 1346 5188 solis
1368 5125 1596 5188 assignat,
1638 5125 1920 5188 olytmiadis
1942 5126 2032 5188 20.".
2066 5139 2191 5188 anno
2229 5126 2261 5174 4

646 5186 941 5236 .consulibus
964 5194 1145 5235 Severo
1167 5186 1366 5246 Sulpitio
1382 5186 1525 5238 Galba
1550 5194 1601 5238 et
1632 5186 1771 5237 Lucio
1784 5187 2012 5238 Cornelio
2033 5186 2177 5246 Sulla,
2205 5195 2258 5237 et

657 5249 720 5298 ad
743 5249 877 5300 diem
896 5246 1061 5311 aprilis
1081 5250 1295 5299 tertium.

1744 362 1829 415 DE
1866 358 2183 414 Cl\'lT.-\TE
2228 355 2358 424 Dlil,
2398 357 2457 413 S.
2496 356 2860 415 AUGUSTINI
3752 370 3810 421 lxii:

2349 470 2591 538 claudus,
2618 481 2676 526 ut
2700 474 2770 528 ab
2798 473 2917 526 aliis
2941 482 3274 542 portaretur,
3305 482 3360 529 et
3386 473 3451 527 ad
3489 483 3664 543 portam
3686 486 3812 548 templi,

2348 561 2438 615 ubi
2464 563 2655 632 stipem
2682 572 2914 633 peteret,
2947 572 3237 634 poneretur
3259 605 3275 631 ,
3304 565 3359 618 in
3383 565 3587 620 nomine
3607 565 3705 621 Iesu
3722 569 3814 624 Cilli-

2346 654 2415 709 sti
2441 653 2620 709 salvus
2643 655 2879 710 exsilivit
2902 696 2917 721 ,
2940 656 3174 725 quinque
3200 656 3369 710 millia
3397 655 3645 711 hominum
3663 661 3816 713 credidi.

2342 753 2494 798 runt:
2513 759 2577 799 ac
2595 745 2789 801 deinde
2813 746 2930 801 aliis
2951 754 3112 816 atque
3135 747 3259 801 aliis
3273 747 3569 803 accessibus
3590 749 3816 805 credentium

2340 837 2508 891 crevit
2537 837 2799 893 Ecclesia.
2830 838 2908 892 Ac
2934 854 3030 907 per
3057 838 3161 893 hoc
3185 838 3464 909 colligitur
3489 840 3629 893 etiam
3652 841 3737 896 dies
3755 885 3764 905 ,
3782 860 3820 898 ei

2342 943 2447 998 quo
2474 944 2647 984 annus
2681 930 2798 1000 ipse
2818 929 3046 998 sumpsit
3068 930 3303 996 initium,
3331 929 3533 984 scilicet
3553 932 3724 1000 quando
3743 934 3819 988 ms-

2343 1034 2434 1074 sus
2462 1029 2544 1075 est
2571 1020 2802 1091 Spiritus
2825 1031 3060 1088 sanctus,
3092 1022 3144 1076 id
3174 1030 3291 1087 est,
3324 1037 3425 1091 per
3452 1022 3563 1076 idus
3588 1024 3732 1077 maias.
3754 1025 3819 1078 Νι-

2343 1111 2567 1166 meratis
2598 1112 2823 1181 proinde
2853 1113 3163 1167 consulibus
3187 1153 3202 1177 ,
3232 1113 3458 1167 trecenti
3484 1113 3715 1183 sexaginta
3729 1115 3822 1183 quino

2345 1217 2449 1272 que
2474 1200 2598 1257 anni
2629 1203 2968 1272 reperiuntur
2997 1203 3196 1272 impleti
3227 1219 3326 1273 per
3352 1203 3561 1258 easdem
3607 1204 3701 1258 idus
3721 1220 3823 1269 ,0οη-

2344 1294 2519 1346 sulatu
2546 1293 2767 1347 Honorii
2793 1302 2847 1348 et
2894 1293 3230 1364 Eutychiani.
3265 1293 3439 1349 Porro
3462 1295 3677 1364 sequenti
3711 1309 3824 1359 anno,

2344 1384 2566 1440 consule
2593 1384 2769 1439 Mallio
2797 1384 3079 1441 Theodoro
3107 1426 3121 1451 ,
3176 1386 3399 1456 quando
3419 1386 3525 1456 jam
3546 1388 3771 1442 secundum
3791 1390 3826 1439 il-

2346 1473 2437 1529 lud
2490 1476 2764 1530 oraculum
2812 1474 3113 1530 daemonum
3149 1486 3245 1531 aut
3286 1477 3591 1545 ﬁgmentum
3645 1477 3826 1531 hominum

2346 1564 2491 1620 nulla
2515 1579 2637 1621 esse
2661 1565 2846 1621 debuit
2876 1567 3061 1637 religio
3079 1567 3398 1634 christiana,
3415 1568 3537 1637 quid
3554 1583 3637 1636 per
3655 1568 3751 1621 alias
3770 1580 3830 1620 lu-

2348 1671 2525 1712 rarum
2557 1666 2737 1726 partes
2784 1657 3008 1714 forsitan
3053 1658 3252 1713 factum
3276 1660 3387 1723 sit,
3418 1674 3521 1713 non
3570 1659 3653 1713 l'uit
3691 1673 3831 1713 necesse

2346 1747 2679 1818 perquirere.
2714 1748 2929 1803 interim
2958 1749 3099 1819 quod
3126 1750 3332 1804 scimus
3356 1750 3413 1804 in
3436 1750 3633 1803 civitate
3647 1750 3832 1803 notissima

2348 1849 2404 1894 et
2427 1839 2850 1895 eminentissima
2880 1837 3198 1911 Carthagine
3216 1840 3418 1896 Africae
3438 1840 3721 1896 Gaudentius
3734 1838 3833 1893 cllo.

2349 1927 2468 1983 vius
2491 1928 2716 1985 comites
2741 1928 3081 1998 imperatoris
3108 1929 3356 1996 Honorii,
3385 1940 3570 1997 quarto
3602 1929 3761 1983 decimo
3780 1928 3833 1979 h-

2349 2018 2535 2073 lendas
2580 2020 2762 2090 aprilis
2790 2019 3049 2075 falsorum
3080 2020 3309 2075 deorum
3358 2020 3550 2090 templa
3586 2030 3834 2077 everterunt.

2351 2117 2407 2164 et
2429 2110 2713 2165 simulacra
2744 2109 3036 2181 fregerunt.
3074 2110 3155 2165 Ex
3182 2126 3291 2181 quo
3318 2126 3490 2181 usque
3510 2112 3572 2166 ad
3598 2113 3683 2166 hoc
3706 2120 3838 2178 tempus

2352 2216 2451 2271 per
2520 2202 2738 2272 triginta
2764 2202 2932 2258 ferme
2958 2202 3226 2272 annos(a)
3254 2207 3381 2272 quis
3427 2217 3528 2258 non
3554 2203 3702 2257 videat
3737 2216 3838 2270 quan-

2354 2299 2468 2346 tum
2488 2294 2722 2348 creverit
2748 2294 2923 2348 cultus
2950 2293 3180 2349 nominis
3216 2292 3445 2360 Christi,
3480 2294 3732 2363 praesertim
3754 2301 3839 2361 post-

2354 2396 2578 2451 eaquam
2613 2383 2768 2438 multi
2796 2399 2984 2439 eorum
3029 2382 3323 2438 Christiani
3370 2382 3493 2439 facti
3518 2384 3751 2453 sunt,qui
3771 2394 3837 2435 tan-

2357 2490 2517 2544 quam
2542 2491 2667 2531 vera
2688 2477 2775 2531 illa
2805 2476 3131 2533 divinatione
3154 2477 3548 2533 revocabantur
3566 2493 3594 2531 a
3618 2477 3730 2541 ﬁde,
3752 2492 3838 2530 eam

2354 2586 2460 2641 que
2487 2570 2752 2640 completo
2778 2571 2967 2626 eodem
2993 2584 3255 2625 annorum
3284 2586 3514 2626 numero
3538 2571 3717 2625 inanem
3734 2568 3839 2622 riden-

2357 2662 2591 2733 damque
2616 2662 2917 2721 viderunt?
2954 2663 3063 2718 Nos
3088 2677 3216 2733 ergo
3250 2664 3343 2733 qui
3371 2677 3552 2718 sumus
3589 2674 3841 2727 vocatumque

2355 2752 2688 2821 Christiani,
2720 2768 2825 2809 non
2858 2754 2910 2808 iu
2944 2754 3161 2809 Petrum
3200 2754 3513 2820 credimus,
3542 2754 3627 2808 sed
3669 2753 3711 2806 in
3746 2765 3839 2821 quem

2357 2843 2583 2899 credidit
2611 2844 2839 2911 Petrus;
2886 2845 3029 2900 Petri
3056 2844 3124 2900 de
3149 2843 3372 2900 Christo
3401 2844 3633 2900 aediﬁcati
3662 2844 3841 2898 sermoni-

2357 2934 2478 3003 bus,
2512 2949 2619 2990 non
2638 2936 2963 2991 carminibus
2985 2937 3266 3002 venenati;
3287 2951 3391 2992 nec
3414 2936 3613 3006 decepti
3636 2933 3841 2989 maleﬁciis.

2358 3028 2453 3084 sed
2478 3028 2752 3085 beneﬁciis
2780 3029 2896 3099 ejus
2923 3028 3115 3098 adjuti.
3145 3029 3242 3084 llle
3265 3029 3416 3083 Petri
3437 3031 3670 3100 magister
3684 3027 3842 3082 Christus

2360 3118 2414 3173 in
2443 3117 2684 3174 doctrina
2709 3161 2723 3184 ,
2753 3135 2873 3189 qua:
2896 3119 2964 3174 ad
2989 3120 3149 3174 vitam
3195 3118 3350 3174 ducit
3400 3129 3670 3185 aeternam,
3693 3119 3775 3188 ipse
3798 3125 3843 3168 et

2360 3217 2415 3263 et
2439 3211 2692 3280 magister
2717 3221 2918 3265 noster.

2431 3302 2486 3356 2.
2515 3301 2623 3357 Sed
2648 3301 2931 3372 aliquando
2970 3302 3082 3373 jam
3130 3303 3517 3359 concludamus
3541 3302 3663 3358 hunc
3694 3300 3840 3359 librum.

2362 3391 2468 3447 huc
2492 3406 2663 3462 usque
2687 3392 3012 3448 disserentes
3035 3433 3051 3460 ,
3078 3402 3133 3449 et
3174 3403 3438 3463 quantum
3466 3395 3590 3449 satis
3630 3394 3762 3447 visum
3793 3396 3841 3442 est

2360 3482 2794 3540 demonstrantes
2815 3526 2831 3553 ,
2859 3485 3104 3555 quisnam
3135 3487 3202 3540 sit
3234 3486 3468 3542 duarum
3494 3487 3755 3547 civitatum,
3777 3494 3842 3533 ca!-

2363 3572 2513 3629 lestis
2534 3581 2692 3643 atque
2742 3583 2970 3629 terrena:
2993 3615 3009 3640 ,
3035 3574 3104 3628 ab
3147 3575 3300 3629 initio
3330 3592 3501 3647 usque
3537 3578 3585 3630 in
3630 3576 3752 3628 linem
3775 3585 3842 3639 per-

2363 3664 2649 3720 mixtarum
2692 3668 2930 3721 mortalis
2958 3682 3235 3722 excursus.
3266 3669 3505 3735 Quarum
3552 3670 3629 3723 illa
3663 3681 3753 3735 qua:
3782 3674 3842 3713 trt-

2362 3773 2493 3814 rena
2519 3767 2635 3827 est,
2664 3760 2788 3816 fecit
2816 3761 2915 3816 sibi
2938 3776 3075 3831 quos
3096 3761 3281 3827 voluit,
3311 3764 3396 3817 vel
3424 3761 3771 3823 undecomque.
3798 3754 3840 3801 nl

2361 3850 2523 3904 etiam
2553 3865 2620 3906 ex
2669 3851 2973 3907 hominibus
2994 3850 3160 3907 falsos
3186 3851 3322 3907 deos
3342 3894 3357 3917 ,
3387 3853 3574 3923 quibus
3598 3844 3841 3904 sacriﬁcanio

2361 3941 2624 3997 serviret:
2652 3942 2737 3996 illa
2763 3952 2941 3998 autem
2971 3959 3090 4012 qua:
3110 3944 3354 3999 etelestis
3376 3940 3760 4015 peregrinaturin
3781 3946 3841 3988 ter-

2362 4047 2422 4088 ra
2442 4074 2456 4099 ,
2490 4033 2655 4089 falsos
2682 4033 2813 4090 deos
2844 4050 2949 4089 non
2981 4035 3107 4090 facit
3134 4076 3147 4099 ,
3182 4035 3276 4090 sed
3307 4052 3339 4091 a
3385 4052 3514 4091 vero
3542 4036 3637 4089 Deo
3674 4033 3755 4100 ipsa
3786 4026 3840 4076 ﬁt.

2361 4123 2514 4195 cujus
2544 4141 2729 4180 verum
2757 4126 3078 4181 sacriﬁcium
3103 4128 3216 4197 ipsa
3256 4129 3351 4182 sit.
3383 4128 3565 4183 Ambo:
3590 4136 3731 4181 tamen
3760 4129 3839 4171 tan-

2362 4215 2636 4285 poralibus
2661 4216 2745 4271 vel
2776 4217 2933 4273 bonis
2956 4218 3156 4287 pariter
3186 4228 3436 4284 utuntur,
3456 4219 3539 4274 vel
3565 4217 3694 4271 malis
3716 4212 3839 4281 parile!

2361 4305 2689 4378 afﬂiguntur,
2723 4307 2936 4363 diversa
2962 4308 3087 4375 ﬁde,
3115 4309 3333 4365 diversa
3366 4326 3482 4381 spe,
3510 4308 3692 4364 diverso
3713 4313 3836 4355 amo“.

2363 4398 2537 4455 donec
2564 4400 2749 4454 ultimo
2786 4399 2988 4469 judicio
3018 4411 3341 4470 separentur
3369 4443 3384 4465 ,
3413 4411 3469 4457 et
3518 4398 3732 4471 percipiat
3761 4408 3836 4443 mur

2364 4503 2588 4558 qumque
2614 4503 2767 4543 suum
2802 4488 2962 4543 ﬁnem
2989 4530 3005 4557 ,
3038 4489 3190 4559 cujus
3218 4491 3405 4545 nullus
3428 4499 3508 4545 est
3536 4488 3641 4544 ﬁnis
3666 4484 3743 4539 :de
3773 4476 3836 4547 ’ἐπ

2364 4580 2464 4637 bus
2487 4582 2766 4637 ambarum
2798 4582 2992 4639 ﬁnibus
3015 4583 3271 4653 deinceps
3305 4585 3656 4641 disserendum
3681 4588 3752 4633 est.

2431 4756 2503 4820 (α)
2522 4758 2795 4807 Leonardus
2816 4765 3050 4821 Coquaeus
3093 4759 3143 4807 in
3188 4759 3321 4808 hunc
3346 4759 3522 4817 locum,
3552 4777 3572 4805 α
3593 4757 3647 4821 ad
3664 4758 3830 4821 anmalit

2364 4809 2449 4878 an;
2484 4809 2689 4881 iusque
2712 4809 3037 4877 curis-tmen,
3061 4821 3320 4870 Theodosii
3366 4809 3654 4870 Junioris
3686 4809 3833 4881 quoii“

2372 4898 2395 4925 ι
2417 4874 2665 4945 Scribebat
2698 4874 3051 4945 Augustinusﬂ
3082 4883 3260 4945 Eodem
3295 4898 3359 4932 ex
3378 4882 3493 4945 loco
3516 4874 3776 4945 liaronitlfphad
3790 4882 3833 4945 κθ

2364 4955 2483 4990 num
2506 4942 2616 5002 4226,
2636 4956 2689 5005 _n.
2721 4936 2795 5003 l7:
2818 4952 2953 5005 putat
2969 4945 3202 5005 scriptum
3225 4944 3357 4993 hunc
3375 4944 3546 4993 librum
3567 4936 3831 5005 ιιιιιιρέέςθςιίιξῖζ

2366 5006 2495 5052 "iam
2518 5017 2546 5051 ³
2567 4994 2700 5054 “illm
2720 4994 2956 5069 Th'ebdori
2974 4994 3249 5069 Con-subi",
3274 5008 3361 5069 Qui
3388 5008 3435 5055 in
3458 5017 3621 5069 annum
3637 4994 3828 5069 59911ιωέξξ

2366 5074 2704 5129 computantur
2728 5066 2803 5115 hic
2825 5068 2936 5115 anni
2962 5068 3116 5129 l‘ernie
3146 5064 3364 5129 triginta.
3392 5069 3482 5116 Sed
3509 5065 3673 5129 pra'ﬁxa
3692 5064 3829 5129 {nillil}

2367 5124 2520 5187 fernie
2567 5140 2661 5176 non
2696 5129 2903 5191 obscure
2932 5126 3170 5190 signiﬁcat
3207 5124 3520 5191 Eugustinus'
3542 5130 3602 5175 uti
3639 5137 3682 5191 si:
3711 5124 3831 5191 Γαυέῗ

2370 5201 2593 5248 numero,
2626 5191 2818 5238 tametsi
2860 5187 3033 5250 plenus
3065 5203 3159 5238 nou
3195 5187 3354 5249 sitfet
3385 5192 3541 5239 desint
3574 5187 3763 5250 amittit5
3790 5187 3827 5245 ‘3'"

2372 5245 2595 5312 quatuor,
2619 5245 3025 5314 quemadmodum
3050 5245 3343 5315 intelligitur
3369 5252 3504 5313 infra,
3531 5252 3603 5299 lib.
3636 5245 3705 5301 ἐξ,
3725 5250 3818 5297 (πμ-ο

2023 5544 2049 5581 (χ
2092 5566 2093 5569 η
2116 5520 2143 5595 ελ
2348 5523 2495 5611 ,βψ
2516 5528 2541 5597 (Τ,
2618 5548 2743 5607 βα.
