3976 6516
116 379 202 431 Gil
1354 370 1555 425 LIBER
1598 369 1890 424 DECIMUS
1928 369 2170 426 NONUS.

3277 378 3379 431 cera
3430 448 3441 451 Α

806 626 1283 733 LIBER
1357 617 2065 727 DECIMUS
2140 617 2491 724 NOJV'
2502 621 2704 729 US.

113 824 158 863 tu
205 828 301 877 quo
339 814 404 864 de
446 815 618 877 ﬁnibus
649 818 903 877 utriusque
939 814 1146 863 civitatis
1165 848 1202 877 ,Α
1229 819 1441 877 terrenae
1484 819 1539 855 ac
1556 803 1792 877 caelestis,
1824 802 2115 877 disputatur.
2140 807 2471 877 accensentur
2492 803 2556 877 de
2580 805 2815 877 bonorum
2848 815 2900 856 et
2942 807 3386 877 malorumﬁnibus

179 862 429 938 opiniones
446 862 854 938 philosophorum,
867 862 957 937 qui
971 862 1321 938 beatitudinem
1338 873 1389 938 i_n_
1410 870 1505 938 hae
1519 869 1619 938 vita
1637 870 1798 938 facere
1823 862 1913 924 ipsi
1936 864 2026 938 sibi
2050 862 2227 938 frustra
2246 864 2400 938 conati
2416 872 2527 938 sunt
2542 878 2557 938 ξ
2572 868 2651 938 qui
2670 867 2781 936 dum
2797 870 3048 938 operosius
3070 870 3379 938 refelluntur,

173 922 321 998 ipsius
340 922 919 996 atiéiié'éiéiéais',“skﬂ
935 922 1095 999 populi
1112 922 1356 984 christiani
1380 928 1629 980 beatitudo
1651 935 1703 976 et
1730 939 1823 987 pax
1842 922 2067 987 quantum
2090 925 2168 981 sit,
2203 922 2420 985 qualisve
2446 925 2522 973 hic
2546 922 2731 984 haberi,
2773 922 2851 975 vel
2876 930 2922 976 in
2946 928 3159 978 futurum
3194 922 3383 993 sperari

173 1001 337 1060 possit,
372 999 745 1050 demonstratur.

1502 1114 1976 1156 ___OOO__.._

116 1239 339 1296 CAPUT
377 1237 661 1294 PRIMUM.
702 1266 773 1278 —-
822 1235 969 1301 Quod
1018 1235 1071 1287 in
1114 1232 1407 1303 quwstione,
1448 1243 1598 1297 quam
1632 1226 1695 1277 de

186 1318 367 1387 ﬁnibus
395 1318 637 1371 bonorum
675 1315 996 1369 etmalorum
1029 1309 1379 1381 pltilosOphica
1417 1305 1694 1373 disputatio

185 1408 457 1472 ventitavit,
489 1408 730 1461 ducentas
750 1405 1002 1475 octoginta
1025 1412 1072 1456 et
1096 1411 1207 1455 octo
1229 1408 1390 1454 sectas
1416 1412 1523 1451 esse
1552 1410 1697 1465 posse

194 1498 356 1553 Varro
383 1498 709 1568 perspexerit.

188 1592 241 1645 i.
280 1590 538 1657 Quoniam
568 1589 634 1643 de
660 1587 889 1642 civitatis
914 1586 1211 1655 utriusque,
1241 1592 1465 1638 terrena:
1494 1577 1698 1634 scilicet

114 1691 171 1735 et
195 1680 448 1745 caelestis,
477 1679 669 1734 debitis
700 1677 894 1732 ﬁnibus
919 1677 1168 1744 deinceps
1194 1673 1322 1726 mihi
1345 1671 1496 1724 video
1516 1668 1698 1737 dispu-

115 1770 368 1835 tandum;
402 1770 547 1839 prius
566 1768 877 1839 exponenda
905 1775 1046 1832 sunt,
1067 1772 1320 1836 quantum
1342 1760 1522 1830 operis
1543 1758 1698 1827 hujus

113 1860 438 1915 terminandi
462 1860 597 1914 ratio
626 1861 842 1929 patitur,
874 1866 1184 1935 argumenta
1216 1854 1542 1917 mortalium,
1576 1850 1695 1919 qui-

112 1951 216 2005 bus
241 1952 340 2005 sibi
363 1952 463 2019 ipsi
493 1950 875 2006 beatitudinem
907 1948 1079 2002 facere
1106 1947 1159 2000 in
1186 1946 1343 2013 hujus
1370 1943 1490 1997 vitm
1518 1940 1699 1995 infeli-

112 2042 277 2096 citate
305 2041 471 2094 moliti
501 2048 642 2103 sunt,
671 2049 727 2093 ut
760 2040 828 2093 ab
863 2052 1048 2093 eorum
1074 2035 1234 2090 rebus
1270 2033 1421 2087 vanis
1445 2046 1568 2100 spes
1598 2045 1697 2083 no-

111 2145 224 2188 stra
250 2132 375 2203 quid
397 2132 626 2197 differat,
656 2146 815 2201 quam
839 2130 980 2185 Deus
999 2128 1153 2183 nobis
1175 2126 1340 2191 dedit,
1372 2134 1425 2179 et
1448 2139 1535 2177 res
1563 2122 1695 2191 ipsa,

112 2227 219 2279 hoc
264 2235 346 2279 est
379 2239 499 2279 vera
538 2222 809 2279 beatitudo
834 2236 991 2291 quam
1031 2219 1198 2282 dabit,
1239 2232 1345 2271 non
1377 2222 1577 2269 tantum
1607 2226 1700 2265 au-

108 2317 362 2371 ctoritate
399 2316 599 2381 divina,
640 2314 736 2369 sed
774 2313 1009 2368 adhibita
1046 2312 1208 2366 etiam
1237 2308 1461 2371 ratione,
1488 2303 1697 2374 qualem

109 2418 333 2478 propter
373 2408 615 2463 inﬁdeles
651 2420 936 2477 possumus
970 2404 1250 2469 adhibere,
1296 2401 1577 2455 clarescat.
1624 2397 1699 2451 De

106 2500 312 2553 ﬁnibus
332 2499 473 2553 enim
500 2498 762 2553 bonorum
788 2504 842 2551 et
864 2495 1127 2549 malorum
1155 2492 1319 2547 multa
1360 2499 1414 2545 et
1439 2488 1698 2556 multipli-

107 2591 251 2644 citer
275 2590 415 2643 inter
443 2604 501 2643 se
528 2586 830 2658 philosophi
866 2586 1238 2655 disputarunt:
1266 2596 1423 2651 quam
1453 2578 1700 2649 quaestio-

105 2696 239 2735 nem
286 2680 514 2733 maxima
562 2679 853 2733 intentione
895 2684 1191 2739 versantes,
1239 2672 1482 2727 invenire
1524 2668 1698 2723 conati

105 2782 238 2828 sunt
272 2772 400 2841 quid
440 2770 638 2826 efﬁciat
678 2769 949 2823 hominem
985 2767 1220 2821 beatum.
1270 2762 1404 2817 lllud
1443 2761 1585 2816 enim
1620 2769 1703 2814 est

105 2864 238 2918 ﬁnis
253 2863 379 2918 boni
409 2862 599 2928 nostri,
624 2870 841 2931 propter
860 2858 1003 2929 quod
1024 2855 1318 2928 appetenda
1341 2863 1465 2910 sunt
1484 2862 1697 2917 caetera,

103 2955 287 3023 ipsum
332 2961 509 3007 autem
554 2958 773 3021 propter
815 2950 1048 3018 seipsum
1075 2965 1088 3000 :
1115 2955 1170 3002 et
1215 2945 1345 3000 illud
1386 2944 1505 2998 ﬁnis
1550 2943 1698 3009 mali,

51 3096 57 3103 η
104 3054 333 3117 propter
356 3043 496 3114 quod
526 3042 734 3097 vitanda
765 3050 889 3097 sunt
908 3051 1121 3105 extera,
1166 3039 1338 3108 ipsum
1365 3047 1543 3091 autem
1572 3050 1699 3105 pro-

101 3145 234 3206 pter
272 3149 331 3189 se
362 3133 554 3203 ipsum.
591 3132 777 3186 Finem
806 3146 933 3199 ergo
983 3130 1105 3183 boni
1145 3142 1287 3181 nunc
1316 3126 1561 3190 dicimus,
1594 3138 1699 3179 non

100 3243 218 3298 quo
244 3234 611 3288 consumatur,
658 3231 716 3277 ut
746 3237 851 3276 non
889 3222 977 3287 sit,
1020 3220 1112 3275 sed
1153 3233 1258 3288 quo
1290 3216 1615 3286 perﬁciatur,
1645 3223 1704 3268 ut

101 3323 333 3391 plenum
367 3318 436 3371 sit
461 3335 474 3383 ;
506 3325 560 3371 et
586 3316 743 3370 finem
773 3314 917 3378 mali,
952 3328 1057 3366 non
1083 3326 1187 3378 quo
1212 3324 1331 3365 esse
1352 3309 1576 3373 desinat,
1606 3307 1702 3361 sed

97 3428 216 3483 quo
258 3426 429 3479 usque
458 3408 699 3463 nocendo
738 3405 1012 3476 perducat.
1044 3404 1205 3457 Fines
1235 3403 1411 3471 itaque
1439 3400 1525 3455 isti
1554 3407 1699 3464 sunt,

98 3519 382 3559 summum
422 3501 638 3562 bonum,
666 3508 720 3553 et
757 3510 1023 3551 summum
1052 3494 1271 3547 malum.
1302 3492 1377 3545 De
1404 3491 1596 3559 quibus
1623 3490 1700 3542 in-

95 3592 413 3659 veniendis,
438 3601 595 3660 atque
615 3590 667 3643 in
696 3589 795 3642 hac
818 3589 922 3641 vita
944 3598 1155 3639 summo
1174 3582 1316 3637 bono
1335 3579 1697 3648 adipiscendo,

94 3683 332 3739 vitando
370 3689 545 3735 autem
587 3692 797 3734 summo
826 3676 989 3741 malo,
1020 3672 1266 3737 multum,
1294 3670 1432 3724 sicut
1465 3668 1594 3732 dixi,
1625 3668 1701 3720 la-

93 3778 460 3838 boraverunt,
499 3772 589 3841 qni
635 3769 868 3825 studium
913 3765 1185 3836 sapientiae
1230 3762 1284 3817 in
1325 3761 1481 3830 hujus
1517 3759 1699 3814 saeculi

91 3869 349 3922 vanitate
396 3846 615 3933 profesSi
654 3869 779 3916 sunt
805 3878 816 3913 :
847 3873 946 3913 nec
982 3867 1158 3911 tamen
1205 3869 1319 3915 eos,
1346 3851 1587 3921 quamvis
1614 3850 1699 3903 dio

91 3957 287 4013 versis
314 3964 555 4009 errantes
583 3951 757 4006 modis
784 3958 987 4003 natura:
1016 3946 1169 3999 limes
1188 3945 1239 3997 in
1269 3951 1471 3996 tantum
1499 3941 1566 3993 ab
1593 3940 1653 3994 iti
1676 3970 1695 3981 -

90 4065 241 4105 nere
269 4047 512 4112 veritatis
541 4045 756 4099 deviare
786 4039 1047 4110 permisit,
1077 4044 1135 4089 ut
1168 4051 1274 4090 non
1302 4033 1391 4087 alii
1418 4034 1470 4087 in
1497 4032 1693 4094 animo,

89 4142 191 4195 alii
226 4140 286 4192 in
332 4150 578 4205 corpore,
610 4134 698 4187 alii
728 4133 779 4186 in
821 4139 1048 4198 utroque
1077 4128 1209 4181 fines
1243 4125 1504 4179 bonorum
1533 4136 1699 4190 pone-

88 4239 227 4286 rent
256 4237 317 4283 et
344 4226 626 4280 malorum.
658 4223 735 4276 Ex
764 4236 868 4291 qua
912 4218 1173 4287 tripartita
1202 4215 1345 4269 velut
1372 4212 1697 4284 generalium

89 4320 491 4378 distributione
537 4324 822 4378 sectarum,
881 4312 1088 4366 Marcus
1132 4308 1303 4362 Varro
1350 4306 1401 4360 in
1441 4305 1587 4360 libro
1633 4303 1701 4357 de

89 4411 461 4482 Phil050phia
493 4419 598 4464 tam
640 4408 861 4463 multam
897 4406 1206 4473 dogmatum
1252 4399 1563 4454 varietatem
1591 4396 1701 4450 dili-

89 4517 304 4579 genter
329 4513 385 4559 et
408 4502 675 4557 subtiliter
704 4504 969 4553 scrutatus
991 4491 1243 4556 advertit,
1274 4498 1332 4543 ut
1357 4489 1421 4542 ad
1444 4488 1702 4579 ducentas

86 4576 385 4664 octoginta
425 4600 546 4645 octo
575 4597 769 4653 sectas,
805 4600 911 4640 non
936 4598 1054 4653 qua:
1075 4582 1185 4650 jam
1223 4588 1422 4643 essent,
1464 4576 1556 4631 sed
1583 4590 1702 4645 quae

86 4703 226 4742 esse
267 4691 510 4754 possent,
554 4679 814 4734 adhibens
854 4673 1110 4745 quasdam
1156 4670 1501 4731 differentias,
1549 4666 1702 4720 facil-

84 4782 231 4835 lime
265 4774 592 4846 perveniret.
1591 4834 1595 4838 ἢ
1636 4826 1661 4836 ν

166 4871 229 4924 2.
278 4865 436 4933 Quod
464 4873 521 4918 ut
556 4861 791 4917 breviter
822 4857 1123 4920 ostendam,
1171 4853 1293 4907 inde
1331 4857 1540 4919 oportet
1568 4848 1703 4903 inci-

84 4963 280 5033 piam,
316 4953 458 5024 quod
497 4955 612 5022 ipse
655 4950 903 5014 advertit,
948 4956 1003 5001 et
1028 4944 1207 5015 posuit
1245 4942 1297 4996 in
1336 4941 1701 5033 librogmemo-

84 5031 221 5107 rato
254 5066 271 5103 :
299 5054 531 5116 quatuor
556 5057 676 5098 esse
704 5038 968 5111 quaedam,
1011 5051 1131 5105 quae
1169 5033 1413 5087 homines
1442 5031 1557 5084 sine
1585 5044 1700 5082 ma-

84 5143 302 5211 gistro,
339 5135 456 5188 sine
481 5134 589 5187 ullo
608 5132 865 5185 doctrinae
901 5125 1244 5187 adminiculo,
1288 5122 1403 5176 sine
1440 5117 1703 5211 industria

84 5210 183 5286 vel
214 5235 347 5282 arte
372 5223 607 5289 vivendi,
646 5235 765 5291 quae
800 5220 968 5273 virtus
993 5217 1207 5281 dicitur,
1250 5222 1305 5268 et
1331 5212 1513 5283 procul
1542 5210 1704 5264 dubio

84 5321 367 5383 discitur,
392 5317 540 5371 velut
581 5312 894 5368 naturaliter
918 5315 1205 5378 appetunt;
1234 5313 1326 5358 aut
1350 5302 1701 5371 voluptatem,

84 5430 202 5485 qna
227 5407 631 5467 delectabiliter
658 5411 903 5458 movetur
924 5397 1166 5467 corporis
1191 5408 1416 5456 sensus;
1445 5401 1536 5443 aut
1565 5390 1707 5458 quie-

84 5483 235 5569 tem,
278 5517 389 5571 qna
435 5499 495 5553 ﬁt
531 5506 589 5552 nt
633 5496 833 5550 nullam
873 5491 1172 5546 molestiam
1212 5488 1436 5556 quisque
1467 5483 1706 5582 corporis

84 5599 388 5670 patiatur;
436 5598 529 5644 aut
572 5598 871 5653 utramque,
916 5595 1075 5651 quam
1121 5586 1298 5631 tamen
1347 5590 1453 5629 uno
1491 5586 1706 5626 nomine

83 5666 414 5755 voluptatis
439 5681 702 5751 Epicurus
734 5673 1003 5745 appellat;
1030 5679 1121 5725 aut
1140 5666 1507 5723 universaliter
1535 5666 1704 5732 prima

86 5790 352 5841 naturae,
384 5774 436 5829 in
474 5772 664 5842 quibus
705 5775 759 5825 et
785 5766 899 5821 lucc
932 5770 1076 5828 sunt,
1118 5769 1171 5817 et
1207 5759 1327 5826 alia,
1367 5757 1449 5812 vel
1481 5756 1532 5809 in
1583 5768 1703 5808 coro

1807 1237 1954 1291 pore,
1975 1230 2031 1275 ut
2060 1222 2416 1275 membrorum
2446 1221 2740 1291 integritas,
2785 1232 2837 1276 et
2864 1224 3006 1278 salus
3043 1231 3203 1293 atque
3232 1226 3383 1280 inco-

1802 1314 2013 1367 lumitas
2040 1314 2191 1381 ejus;
2221 1313 2301 1367 vel
2324 1315 2375 1365 in
2398 1314 2597 1377 animo,
2630 1323 2685 1367 ut
2711 1326 2835 1369 sunt
2862 1329 2923 1369 ea
2952 1331 3068 1384 quae
3088 1316 3171 1369 vel
3199 1331 3381 1385 parva,

1802 1407 1887 1461 vel
1934 1420 2120 1474 magna
2166 1406 2219 1457 in
2266 1405 2538 1459 hominum
2589 1406 2929 1474 reperiuntur
2973 1406 3219 1476 ingeniis.
3259 1408 3384 1462 llaec

1804 1496 1963 1566 igitur
2002 1504 2251 1564 quatuor,
2304 1494 2355 1548 id
2396 1504 2496 1559 est,
2544 1496 2811 1563 voluptas,
2856 1496 3031 1565 quies,
3076 1504 3384 1565 utrumque,

1804 1588 1976 1655 prima
2007 1594 2234 1650 naturae,
2263 1585 2335 1638 ita
2368 1594 2491 1639 sunt
2529 1586 2582 1639 in
2609 1585 2783 1651 nobis,
2813 1593 2870 1638 ut
2898 1584 2983 1639 vel
3008 1584 3196 1651 virtus,
3227 1601 3386 1655 quam

1804 1687 1989 1748 postea
2020 1677 2262 1731 doctrina
2304 1678 2511 1743 inserit,
2558 1687 2772 1747 propter
2802 1678 2919 1733 haec
2959 1678 3254 1747 appetenda
3294 1678 3385 1742 sit,

1804 1778 1900 1824 aut
1947 1770 2047 1825 ista
2089 1780 2312 1840 propter
2356 1771 2627 1835 virtutem,
2676 1778 2768 1824 aut
2816 1779 3038 1841 utraque
3075 1780 3292 1840 propter
3329 1786 3388 1824 se

1806 1863 1918 1931 ipsa
1950 1881 1963 1915 :
1992 1876 2053 1915 ac
2097 1876 2192 1929 per
2238 1861 2339 1916 hoc
2383 1861 2518 1915 ﬁunt
2558 1862 2683 1919 hinc
2720 1862 3001 1916 duodecim
3047 1871 3206 1916 secta:
3249 1877 3390 1931 :per

1805 1953 1942 2006 hanc
1968 1952 2111 2007 enim
2149 1952 2410 2007 rationem
2450 1953 2671 2021 singulae
2703 1953 3059 2022 triplicantur;
3093 1953 3235 2022 quod
3258 1967 3384 2008 cum

1806 2042 1857 2094 in
1888 2055 1988 2093 una
2019 2041 2483 2108 demonstravero,
2512 2042 2728 2096 difﬁcile
2764 2057 2871 2097 non
2893 2043 2995 2097 erit
3023 2043 3076 2097 id
3104 2044 3157 2097 in
3178 2043 3390 2098 caeteris

1806 2130 2063 2185 invenire.
2105 2131 2235 2186 Cum
2275 2147 2404 2201 ergo
2443 2132 2690 2201 voluptas
2727 2132 2968 2201 corporis
3006 2133 3169 2186 animi
3208 2133 3390 2187 virtuti

1805 2230 1897 2276 aut
1934 2221 2198 2286 subditur,
2228 2232 2317 2277 aut
2360 2222 2660 2293 praefertur,
2704 2234 2796 2277 aut
2824 2224 3084 2292 jungitur,
3128 2223 3388 2293 tripartita

1806 2312 2040 2367 variatur
2074 2312 2382 2367 diversitate
2428 2320 2715 2367 sectarum.
2760 2312 3016 2367 Subditur
3057 2321 3235 2367 autem
3276 2312 3393 2365 vir-

1808 2402 1928 2468 tuti,
1976 2402 2189 2470 quando
2232 2402 2288 2456 in
2345 2418 2497 2457 usum
2540 2403 2753 2457 virtutis
2797 2407 3105 2457 assumitur.
3152 2402 3390 2458 Pertinet

1806 2494 2001 2562 quippe
2029 2492 2095 2546 ad
2118 2492 2327 2546 virtutis
2353 2492 2609 2559 ofﬁcium,
2657 2502 2712 2548 et
2738 2494 2917 2547 vivere
2944 2493 3148 2562 patriae,
3186 2501 3240 2547 et
3268 2507 3392 2564 pro-

1807 2589 1927 2651 pter
1951 2583 2176 2652 patriam
2208 2580 2342 2637 ﬁlios
2384 2598 2667 2652 procreare
2698 2601 2710 2635 :
2739 2598 2967 2653 quorum
2998 2592 3243 2638 neutrum
3273 2582 3392 2638 ﬁeri

1808 2682 1983 2742 potest
2026 2673 2143 2727 sine
2191 2674 2433 2744 corporis
2475 2674 2767 2744 voluptate.
2811 2674 2944 2728 Nam
2989 2677 3105 2730 sine
3145 2674 3235 2729 illa
3289 2688 3392 2729 nec

1807 2764 1960 2819 cibus
1988 2772 2251 2835 potusque
2292 2764 2541 2832 sumitur,
2574 2774 2632 2819 ut
2668 2765 2912 2829 vivatur;
2942 2779 3042 2820 nec
3082 2763 3393 2819 ooncumbi-

1810 2865 1916 2921 tur,
1963 2865 2019 2911 ut
2055 2856 2328 2926 generatio
2372 2865 2712 2926 propagetur.
2759 2857 2890 2911 Cum
2942 2873 3071 2912 vero
3108 2857 3394 2927 praefertur

1808 2946 2010 3012 virtuti,
2038 2947 2153 3015 ipsa
2173 2946 2443 3016 appetitur
2469 2956 2690 3017 propter
2715 2962 2773 3002 se
2801 2948 2991 3017 ipsam,
3019 2948 3187 3001 virtus
3210 2957 3391 3003 autem

1810 3036 2125 3091 assumenda
2162 3038 2398 3092 creditur
2437 3046 2657 3108 propter
2698 3039 2865 3105 illam,
2916 3039 2968 3093 id
3011 3050 3114 3104 est,
3162 3049 3221 3094 ut
3260 3040 3392 3094 nihil

1811 3127 1983 3183 virtus
2013 3136 2152 3197 agat,
2179 3128 2281 3181 nisi
2306 3129 2373 3182 ad
2401 3129 2832 3199 consequendam
2856 3130 2941 3184 vel
2970 3130 3390 3185 conservandam

1810 3218 2049 3287 corporis
2081 3219 2407 3287 voluptatem
2435 3237 2448 3271 :
2477 3235 2596 3289 quae
2632 3220 2739 3275 vita
2768 3220 3022 3277 deformis
3047 3231 3129 3277 est
3154 3222 3390 3292 quidem,

1809 3310 2006 3381 quippe
2036 3311 2124 3365 ubi
2157 3311 2325 3366 virtus
2370 3312 2534 3367 servit
2567 3312 2797 3368 domina:
2825 3315 3120 3384 voluptati;
3151 3317 3395 3385 quamvis

1810 3402 1954 3455 nullo
1979 3402 2140 3456 modo
2170 3402 2284 3457 haec
2311 3402 2539 3458 dicenda
2563 3405 2633 3459 sit
2663 3406 2833 3460 virtus
2862 3424 2875 3459 :
2904 3406 2997 3461 sed
3030 3415 3205 3461 tamen
3232 3408 3394 3461 etiam

1810 3490 1910 3543 ista
1947 3490 2218 3546 horribilis
2249 3493 2523 3563 turpitudo
2548 3496 2807 3564 quosdam
2835 3496 3181 3566 phiIOSOphos
3207 3507 3395 3566 patro-

1810 3596 1908 3635 nos
1927 3592 1981 3637 et
2009 3582 2324 3640 defensores
2350 3600 2477 3640 suos
2504 3586 2706 3641 habuit.
2741 3588 2935 3642 Virtuti
2963 3603 3127 3657 porro
3148 3588 3397 3658 voluptas

1805 3672 2063 3740 jungitur,
2097 3673 2310 3742 quando
2339 3684 2531 3729 neutra
2560 3692 2743 3730 earum
2773 3686 2990 3747 pr0pter
3024 3679 3268 3744 alteram,
3298 3679 3396 3733 sed

1811 3769 2025 3829 propter
2057 3776 2116 3817 se
2143 3764 2285 3832 ipsas
2318 3765 2491 3818 ambm
2520 3775 2858 3833 appetuntur.
2898 3767 3230 3836 Quapropter
3258 3767 3397 3821 sicut

1808 3854 2054 3921 voluptas
2087 3855 2172 3909 vel
2202 3855 2435 3920 subdita,
2467 3858 2551 3910 vel
2583 3858 2822 3925 praelata,
2851 3858 2935 3912 vel
2970 3858 3155 3926 juncta
3186 3858 3390 3922 virtuti,

1809 3952 1916 3996 tres
1954 3954 2129 3998 sectas
2173 3943 2325 4009 facit;
2375 3946 2446 3999 ita
2472 3946 2641 4015 quies,
2673 3946 2744 3999 ita
2784 3956 3084 4016 utrumque,
3116 3949 3187 4000 ita
3220 3948 3391 4016 prima

1806 4043 2011 4087 natura:
2048 4035 2181 4090 alias
2212 4044 2388 4090 ternas
2431 4037 2769 4092 inveniuntur
2811 4038 3048 4094 efﬁcere.
3087 4038 3193 4094 Pro
3213 4038 3392 4092 varie-

1807 4131 1914 4177 tate
1939 4124 2135 4193 quippe
2167 4124 2519 4182 humanarum
2547 4127 2859 4196 opinionum
2898 4128 3077 4182 virtuti
3106 4128 3393 4197 aliquando

1806 4214 2127 4279 subduntur,
2150 4216 2435 4285 aliquando
2461 4217 2833 4286 praeferuntur,
2859 4218 3394 4289 aliquandojungun-

1808 4314 1911 4371 tur,
1942 4320 2003 4360 ac
2028 4307 2105 4360 sic
2144 4307 2211 4361 ad
2249 4307 2630 4363 duodenarium
2672 4318 2937 4365 sectarum
2975 4326 3253 4365 numerum
3281 4326 3394 4380 per-

1806 4398 2034 4452 venitur.
2077 4399 2182 4453 Sed
2224 4399 2325 4453 iste
2353 4415 2565 4469 quoque
2609 4416 2866 4456 numerus
2903 4400 3200 4471 duplicatur
3237 4401 3392 4456 adbi-

1806 4489 1915 4544 bita
1940 4505 2045 4544 una
2068 4489 2387 4556 differentia,
2415 4491 2629 4546 socialis
2663 4492 2909 4548 videlicet
2943 4494 3067 4547 vitae
3098 4511 3110 4547 :
3140 4494 3393 4562 quoniam

1808 4579 2050 4649 quisquis
2065 4590 2300 4634 sectatur
2314 4581 2544 4651 aliquam
2562 4582 2785 4636 istarum
2801 4581 3079 4636 duodecim
3098 4589 3367 4636 sectarum
3378 4624 3391 4641 .

1807 4672 2046 4739 profecto
2087 4680 2178 4726 aut
2217 4682 2434 4741 propter
2474 4687 2533 4726 se
2576 4681 2779 4727 tantum
2822 4672 2876 4727 id
2918 4674 3045 4743 agit,
3095 4681 3188 4727 aut
3233 4673 3395 4728 etiam

1808 4773 2027 4833 propter
2055 4764 2279 4827 socium,
2306 4764 2389 4817 cui
2415 4763 2577 4818 debet
2605 4763 2708 4819 hoc
2746 4764 2880 4819 velle
2908 4764 3049 4833 quod
3091 4765 3211 4819 sibi.
3243 4765 3390 4832 Quo-

1808 4857 1948 4912 circa
1985 4855 2265 4911 duodecim
2303 4864 2427 4910 sunt
2450 4870 2658 4921 eorum,
2705 4857 2795 4926 qui
2838 4865 3052 4926 pr0pter
3086 4870 3145 4911 se
3186 4866 3393 4910 tantum

1808 4961 2238 5017 unamquamque
2279 4946 2560 5001 tenendam
2592 4954 2810 5016 putant;
2862 4956 2916 5001 et
2959 4947 3076 5000 alia:
3113 4946 3393 5001 duodecim
3466 5011 3487 5035 ρ

1810 5055 2016 5107 eorum,
2043 5040 2134 5110 qui
2160 5054 2265 5094 non
2291 5039 2467 5094 solum
2494 5046 2713 5108 propter
2741 5053 2799 5094 se
2829 5040 2906 5092 sic
2934 5038 3016 5093 vel
3051 5039 3130 5093 sic
3159 5038 3395 5109 philoso-

1810 5130 2081 5201 phandum
2129 5145 2251 5185 esse
2291 5128 2607 5192 decernunt,
2651 5127 2745 5183 sed
2785 5128 2943 5183 etiam
2988 5138 3202 5197 propter
3238 5127 3395 5193 alios,

1810 5238 2035 5294 quorum
2070 5224 2265 5278 bonum
2298 5230 2556 5292 appetunt
2593 5223 2729 5275 sicut
2758 5236 2934 5276 suum.
2973 5221 3067 5274 liae
3107 5229 3283 5274 autem
3320 5234 3401 5274 se-

1811 5328 1911 5373 cta:
1951 5318 2133 5387 viginti
2171 5324 2399 5386 quatuor
2442 5316 2633 5369 iterum
2672 5315 3030 5383 geminantur,
3071 5313 3247 5367 addita
3291 5312 3398 5366 dif-

1812 5411 2034 5466 ferentia
2058 5426 2123 5463 ex
2150 5408 2481 5463 Academicis
2509 5407 2660 5461 novis
2686 5405 2783 5477 (α),
2813 5416 2867 5461 et
2889 5407 3022 5459 fiunt
3049 5404 3397 5485 quadraginta

1812 5513 1952 5558 octo.
1985 5501 2199 5557 Illarum
2246 5502 2441 5570 quippe
2480 5498 2667 5568 viginti
2706 5508 2931 5568 quatuor
2974 5510 3400 5566 unamquamque

1812 5606 2076 5653 sectarum
2116 5602 2291 5663 potest
2316 5593 2539 5663 quisque
2574 5593 2653 5648 sic
2696 5600 2880 5650 tenere
2909 5605 2970 5648 ac
3006 5590 3296 5647 defendere
3342 5599 3399 5645 ut

1877 5754 1947 5815 (ιι)
1974 5750 2072 5801 \‘id.
2098 5747 2239 5812 paulo
2260 5745 2409 5809 infra,
2434 5758 2481 5795 n.
2507 5747 2553 5795 3.
