3976 6518
634 384 743 440 623

637 504 858 563 certam,
888 490 1339 565 quemadmodum
1367 487 1721 545 defenderunt
1746 486 1934 553 Stoici,
1956 485 2099 558 quod
2129 485 2230 540 ho-

637 586 799 640 minis
836 585 1058 651 bonum,
1109 596 1215 653 quo
1260 579 1449 636 beatus
1491 586 1653 645 esset,
1697 579 1750 635 in
1797 579 1961 633 animi
2002 586 2231 632 tantum-

636 676 800 731 modo
826 675 1021 730 virtute
1059 675 1379 729 consisteret
1409 689 1423 725 :
1452 680 1627 741 potest
1667 672 1801 726 alius
1852 678 1910 725 ut
1948 669 2228 735 incertam,

636 768 778 821 sicut
801 764 1163 823 defenderunt
1200 763 1503 819 Academici
1544 763 1689 829 novi,
1715 760 1857 833 quod
1888 760 1969 816 eis
1994 761 2096 816 etsi
2123 774 2230 815 non

637 873 870 926 certum,
904 870 1079 915 tamen
1120 859 1415 915 verisimile
1443 859 1741 914 videbatur.
1773 858 1969 928 Viginti
2005 868 2231 928 quatuor

636 967 765 1021 ergo
792 951 926 1005 fiunt
959 966 1056 1020 per
1085 966 1202 1016 eos,
1238 951 1326 1021 qui
1357 964 1449 1005 eas
1478 950 1627 1006 velut
1650 957 1823 1005 certas
1848 958 2069 1020 pr0pter
2092 948 2231 1003 veri-

638 1051 823 1106 tatem,
869 1050 922 1095 et
948 1042 1068 1096 aliae
1109 1041 1292 1111 viginti
1338 1049 1564 1110 quatuor
1591 1055 1690 1109 per
1728 1054 1842 1106 eos,
1886 1041 1975 1108 qui
2013 1040 2226 1094 easdem

628 1134 880 1204 quamvis
909 1133 1139 1190 incertas
1179 1142 1397 1203 propter
1440 1131 1956 1187 verisimilitudinem
2002 1145 2230 1202 sequen-

633 1224 729 1278 das
757 1233 961 1292 putant.
994 1224 1221 1289 Rursus,
1255 1224 1378 1293 quia
1406 1237 1829 1292 unamquamque
1857 1222 2077 1276 istarum
2108 1238 2231 1291 qua-

630 1316 878 1385 draginta
919 1324 1042 1370 octo
1079 1323 1344 1371 sectarum
1380 1323 1559 1384 potest
1583 1313 1805 1383 quisque
1848 1312 1998 1382 sequi
2045 1312 2229 1369 habitu

632 1417 950 1462 caeterorum
992 1405 1453 1476 philosophorum,
1487 1406 1720 1474 itemque
1748 1411 1923 1473 potest
1963 1404 2101 1459 alius
2134 1406 2228 1459 ha-

631 1496 748 1551 bitu
772 1495 1117 1568 Cynicorum,
1144 1513 1209 1552 ex
1235 1495 1336 1551 hac
1362 1495 1521 1551 etiam
1545 1494 1845 1551 differentia
1867 1494 2224 1565 duplicantur,

632 1595 688 1642 et
728 1588 1015 1658 nonaginta
1046 1603 1140 1644 sex
1182 1587 1332 1641 fittnt.
1375 1587 1579 1642 Deinde
1607 1587 1732 1657 quia
1761 1601 1946 1641 earum
1989 1586 2227 1658 singulas

629 1700 871 1756 quasque
912 1689 979 1740 ita
1013 1684 1149 1740 tueri
1186 1685 1428 1740 homines
1454 1691 1677 1755 possunt
1716 1691 1877 1753 atque
1918 1682 2136 1746 sectari,
2171 1691 2227 1736 ut

626 1784 724 1832 aut
758 1777 982 1832 otiosam
1009 1777 1230 1847 diligant
1256 1777 1438 1843 vitam,
1468 1776 1609 1832 sicut
1644 1775 1699 1829 hi
1733 1775 1825 1845 qui
1854 1774 2226 1829 tantummodo

630 1867 822 1922 studiis
857 1868 1115 1922 doctrinae
1159 1881 1347 1921 vacare
1386 1866 1670 1921 voluerunt
1707 1873 1867 1935 atque
1909 1865 2221 1929 valuerunt;

629 1966 724 2011 aut
750 1958 1101 2027 negotiosam,
1144 1957 1283 2012 sicut
1309 1956 1362 2011 hi
1399 1957 1490 2027 qui
1533 1971 1653 2011 cum
1695 1955 2220 2027 philosopharentur,

630 2056 809 2101 tamen
846 2046 1309 2102 administratione
1338 2047 1644 2116 reipublicae
1669 2047 2021 2117 regendisque
2062 2048 2222 2102 rebus

628 2138 875 2191 humanis
912 2138 1304 2208 occupatissimi
1342 2138 1588 2205 fuerunt;
1620 2147 1713 2193 aut
1752 2153 1821 2193 ex
1862 2148 2087 2208 utroque
2128 2152 2223 2206 ge-

628 2242 759 2283 nere
789 2237 1160 2299 temperatam,
1204 2230 1343 2284 sicut
1381 2229 1434 2283 hi
1473 2230 1564 2299 qui
1596 2230 1788 2299 partim
1830 2230 2043 2285 erudito
2085 2230 2218 2297 otio,

624 2323 820 2390 partim
851 2326 1155 2377 necessario
1182 2323 1416 2392 negotio,
1448 2322 1764 2377 alternantia
1794 2322 1915 2377 vitae
1949 2338 2061 2378 suae
2088 2332 2221 2379 tem-

619 2427 755 2482 pora
786 2412 1086 2469 tribuerunt
1113 2431 1126 2467 :
1150 2424 1369 2484 prepter
1392 2413 1486 2468 has
1511 2413 1838 2469 differentias
1860 2424 2035 2483 poteSt
2055 2415 2217 2470 etiam

622 2501 883 2572 triplicari
941 2518 1196 2561 ntuuerus
1244 2505 1347 2559 istc
1389 2512 1677 2569 sectarum,
1732 2512 1786 2559 et
1836 2504 1905 2558 ad
1954 2505 2219 2561 ducentas

614 2594 895 2665 octoginta
922 2603 1045 2650 octo
1074 2594 1311 2664 perduci.

695 2687 752 2742 3.
790 2686 917 2741 llaec
942 2688 1010 2742 de
1040 2686 1290 2741 Varronis
1318 2686 1475 2754 libro,
1501 2697 1757 2757 quantum
1788 2687 1956 2756 pntui,
1985 2687 2219 2745 breviter

620 2791 684 2832 ac
708 2776 940 2833 dilucide
965 2780 1140 2849 posui,
1173 2779 1466 2834 sententias
1494 2778 1611 2849 ejus
1635 2780 1771 2835 meis
1798 2780 2073 2849 explicans
2098 2797 2217 2838 vcr-

612 2868 724 2924 bis.
751 2867 1031 2935 Quomodo
1073 2880 1253 2924 autem
1299 2868 1543 2924 refutatis
1585 2870 1796 2926 caeteris
1829 2886 1989 2925 unam
2033 2873 2212 2944 eligat,

612 2975 781 3029 quam
812 2960 928 3015 vult
956 2975 1077 3017 esse
1105 2961 1546 3017 Academicorum
1572 2974 1838 3029 veterum,
1866 2978 2000 3033 quos
2028 2978 2059 3018 a
2094 2964 2215 3019 Pla-

616 3060 747 3106 tone
789 3052 1058 3107 institutos
1109 3067 1280 3122 usque
1326 3052 1394 3107 ad
1441 3053 1815 3120 Polemonem,
1867 3055 1956 3123 qui
2006 3055 2074 3110 ab
2121 3055 2215 3111 illo

610 3152 840 3213 quartus
879 3142 995 3212 ejus
1030 3143 1269 3198 scholam
1318 3143 1506 3207 tenuit,
1556 3158 1675 3213 quae
1712 3142 2032 3199 Academiaâ€˜
2072 3144 2214 3200 dicta

608 3243 722 3299 est,
767 3234 1021 3291 habuisse
1058 3246 1204 3291 certa
1243 3235 1491 3305 dogmata
1521 3236 1632 3289 vult
1661 3235 1865 3302 videri;
1918 3244 1973 3291 et
2010 3236 2081 3291 ob
2110 3236 2214 3293 hoc

614 3324 897 3394 distinguit
924 3325 994 3379 ab
1031 3326 1369 3380 Academicis
1410 3326 1583 3391 novis,
1622 3326 1813 3396 quibus
1857 3326 2060 3382 incerta
2088 3337 2215 3385 sunt

604 3417 816 3482 omnia,
857 3417 1000 3487 quod
1043 3416 1394 3486 philosophiae
1435 3432 1603 3488 genus
1652 3419 1721 3473 ab
1765 3419 2003 3474 Arcesila
2049 3422 2214 3491 erepit

614 3522 929 3564 successore
951 3509 1255 3564 Polemonis
1275 3509 1383 3581 (a);
1413 3525 1638 3580 eamque
1675 3518 1896 3575 sectam,
1932 3511 1983 3565 id
2011 3521 2094 3567 est
2122 3528 2212 3567 ve-

612 3609 789 3655 terum
838 3599 1316 3668 Academicorum,
1370 3601 1510 3656 sicut
1552 3599 1888 3657 dubitatibne
1943 3603 2014 3657 ita
2064 3603 2209 3657 omni

606 3704 798 3747 errore
835 3706 1020 3747 carere
1057 3690 1369 3759 arbitretur,
1413 3691 1629 3763 longum
1669 3701 1752 3749 est
1779 3708 1878 3764 per
1914 3695 2093 3749 omnia
2123 3696 2212 3750 de-

609 3794 911 3840 monstrare
938 3800 953 3839 :
982 3799 1086 3839 nec
1114 3794 1292 3840 tamen
1330 3784 1477 3840 omni
1503 3800 1572 3841 ex
1616 3794 1767 3856 parte
1794 3800 1882 3841 res
1915 3786 2209 3841 omittenda

608 3882 713 3929 est.
742 3875 1002 3931 Removet
1027 3889 1156 3945 ergo
1176 3875 1324 3945 prius
1351 3875 1468 3930 illas
1496 3890 1684 3931 omnes
1709 3874 2058 3942 differentias,
2087 3892 2207 3946 quae

608 3979 894 4020 numerum
931 3965 1356 4036 multiplicavere
1380 3974 1643 4022 sectarum
1675 3983 1688 4020 :
1718 3982 1851 4037 quas
1874 3966 1997 4023 ideo
2022 3982 2207 4022 remo-

602 4054 807 4110 vendas
836 4064 1006 4125 putat,
1046 4055 1171 4126 quia
1215 4070 1322 4110 non
1365 4056 1420 4111 in
1466 4057 1546 4111 eis
1573 4066 1658 4112 est
1683 4056 1802 4113 finis
1844 4057 1989 4112 boni.
2020 4057 2204 4128 Neque

607 4144 752 4199 enim
776 4146 1047 4200 existimat
1065 4146 1227 4201 ullam
1252 4145 1607 4216 philosophia:
1643 4157 1843 4202 sectam
1870 4163 1991 4205 esse
2019 4149 2206 4204 dicen-
2243 4202 2253 4211 ,

606 4234 754 4300 dam,
780 4249 899 4305 quae
928 4250 1032 4290 non
1062 4251 1128 4291 eo
1156 4236 1318 4291 distet
1343 4251 1373 4290 a
1408 4237 1638 4301 caeteris,
1665 4239 1807 4307 quod
1836 4239 2079 4295 diversos
2108 4241 2203 4295 ha-

605 4323 729 4379 beat
753 4324 886 4379 fines
915 4325 1175 4379 bonorum
1201 4335 1257 4380 et
1283 4326 1564 4381 malorum.
1587 4327 2026 4398 Quandoquidem
2058 4332 2201 4386 nulla

608 4425 693 4471 est
722 4416 925 4469 homini
962 4431 1121 4470 causa
1153 4416 1588 4487 philosophandi,
1618 4419 1721 4473 nisi
1749 4428 1809 4472 ut
1849 4419 2038 4474 beatus
2082 4422 2151 4474 sit
2182 4440 2196 4475 :

610 4505 754 4575 quod
792 4513 971 4561 autem
1003 4507 1220 4561 beatum
1248 4506 1394 4574 facit,
1428 4507 1543 4578 ipse
1583 4516 1666 4562 est
1706 4508 1826 4562 finis
1851 4508 1973 4563 boni
2006 4528 2019 4564 :
2053 4513 2197 4566 nulla

603 4609 687 4654 est
716 4598 874 4669 igitur
892 4613 1053 4654 causa
1081 4598 1510 4669 phiIOSOphandi,
1541 4598 1644 4654 nisi
1669 4598 1790 4653 fluis
1812 4599 1939 4655 boni
1968 4617 1981 4652 :
2012 4616 2199 4671 quam-

603 4689 795 4744 obrem
835 4706 955 4759 quae
981 4690 1184 4744 nttllum
1214 4690 1339 4745 boni
1379 4690 1539 4745 finem
1569 4699 1824 4751 sectatur.
1855 4692 1993 4746 nulla
2023 4692 2199 4762 philo-

601 4780 807 4851 sophiae
845 4790 991 4836 secta
1019 4780 1245 4837 dicenda
1280 4788 1383 4836 est.
1415 4780 1549 4837 Cum
1578 4796 1706 4853 ergo
1730 4782 1988 4852 quaeritur
2010 4782 2079 4838 de
2116 4797 2198 4838 so-

600 4873 725 4928 ciali
752 4875 881 4941 vita,
927 4885 1104 4928 utrum
1152 4873 1223 4929 sit
1270 4873 1499 4929 tenenda
1548 4875 1796 4944 sapienti,
1828 4882 1888 4929 ut
1927 4891 2195 4930 summum

596 4965 818 5031 bonum,
850 4982 957 5037 quo
982 4966 1042 5021 fit
1070 4966 1231 5023 homo
1260 4967 1467 5035 beatus,
1496 4967 1571 5022 ita
1607 4968 1740 5024 velit
1776 4976 1831 5023 et
1858 4978 2009 5025 curet
2035 4972 2193 5026 amici

594 5057 703 5123 sui,
734 5056 1179 5125 quemadmodum
1226 5072 1405 5125 suum,
1445 5073 1514 5113 an
1542 5073 1652 5113 suae
1678 5060 2047 5116 tantummodo
2079 5061 2195 5117 bea-

562 5145 845 5222 dtitudinis
885 5161 1045 5202 causa
1093 5146 1253 5203 faciat
1298 5148 1557 5218 quidquid
1600 5148 1758 5215 facit;
1811 5164 1917 5205 non
1963 5150 2031 5205 de
2079 5152 2193 5221 ipso

532 5214 577 5253 â€™Î¸â€™
596 5252 813 5292 summo
842 5237 985 5293 bono
1009 5239 1235 5309 quaestio
1255 5247 1355 5304 est,
1390 5239 1485 5295 sed
1513 5238 1584 5295 de
1616 5240 1942 5296 assumenda
1974 5243 2057 5297 vel
2087 5259 2192 5297 non

596 5331 921 5387 assumendo
953 5332 1103 5387 socio
1129 5330 1196 5386 ad
1224 5330 1382 5403 hujus
1414 5332 1872 5403 participationem
1902 5334 2049 5400 boni,
2084 5350 2189 5390 non

598 5430 822 5489 propter
859 5437 917 5477 se
947 5424 1142 5494 ipsum,
1183 5423 1278 5478 sed
1318 5432 1538 5494 propter
1573 5425 1822 5481 eumdem
1867 5426 2091 5492 socium,
2136 5436 2192 5481 ut

594 5513 717 5581 ejus
743 5514 884 5570 bono
923 5517 996 5571 ita
1037 5516 1286 5586 gaudeat,
1329 5518 1469 5573 sicut
1501 5517 1699 5588 gaudet
1743 5532 1861 5574 suo.
1902 5517 2033 5575 Item
2066 5535 2189 5574 cum

596 5601 853 5669 quaeritur
894 5605 962 5660 de
991 5606 1324 5664 Academicis
1362 5608 1540 5677 novis,
1581 5608 1774 5679 quibus
1819 5611 2021 5668 incerta
2065 5619 2190 5668 sunt

663 5736 679 5793 Î¾
718 5732 886 5780 Plures
907 5742 1032 5793 Mss,
1056 5740 1354 5791 Academico.

646 5792 735 5857 (Ï„Î¹)
757 5793 886 5842 conf.
910 5792 1057 5845 Cicer.
1086 5800 1167 5847 lib.
1193 5802 1223 5848 3
1254 5803 1317 5853 de
1335 5809 1483 5865 Orat.,
1508 5814 1611 5865 cap.
1640 5804 1717 5853 18.

1710 374 1798 429 DE
1838 371 2159 429 CIVITATE
2201 370 2333 439 DEI,
2374 371 2433 428 S.
2475 374 2837 435 AUGUS'I'INI
3747 400 3802 453 agi

2341 489 2540 554 omnia,
2582 498 2761 545 utrum
2788 492 2859 547 ita
2899 494 3007 549 sint
3045 509 3134 551 res
3166 497 3451 563 habendae,
3496 499 3544 553 in
3578 503 3721 572 quibus
3737 509 3805 576 pm.

2339 578 2729 650 losophandum
2770 592 2873 651 est,
2901 598 2992 651 an,
3039 586 3174 641 sicut
3213 588 3333 643 aliis
3367 588 3667 659 philosophis
3690 599 3805 665 phum

2344 682 2518 727 certas
2562 688 2654 729 eas
2684 675 2883 731 habere
2924 676 3249 745 debeamus;
3283 696 3391 735 non
3436 684 3805 757 quarunt-milia

2338 760 2466 817 boni
2496 762 2600 820 fine
2633 766 2945 822 sectandum
2976 769 3066 834 sit,
3098 771 3193 825 sed
3234 771 3304 827 de
3342 772 3508 843 ipsius
3528 774 3634 831 boni
3652 783 3806 845 veritate,

2336 854 2478 923 quod
2506 857 2818 911 sectandum
2856 860 3084 928 videtur,
3118 872 3296 916 utrum
3334 865 3428 930 sit,
3466 881 3633 931 necne,
3659 869 3809 927 dubitan-

2336 944 2501 999 dum:
2538 946 2637 1002 hoc
2662 957 2764 1015 est,
2811 951 2946 1005 ntid
2979 952 3185 1021 planius
3226 955 3473 1025 eloquar,
3514 968 3664 1013 utrum
3698 962 3745 1016 ita
3763 980 3812 1018 se-

2334 1037 2586 1093 ctandum
2626 1041 2717 1108 sit,
2757 1050 2813 1096 ut
2857 1044 2946 1113 qui
2982 1054 3236 1111 sectatur,
3263 1047 3414 1102 dicat
3449 1064 3560 1103 esse
3594 1067 3812 1114 verumm

2337 1126 2428 1193 ita,
2462 1141 2517 1184 ut
2545 1132 2634 1201 qui
2671 1142 2924 1201 sectatur,
2954 1136 3095 1193 dicat
3120 1155 3309 1195 verum
3347 1142 3447 1197 sibi
3486 1144 3652 1210 videri,
3683 1156 3811 1203 etiamsi

2334 1217 2472 1276 forte
2497 1221 2567 1276 sit
2598 1222 2822 1290 falsum;
2852 1234 3029 1283 tamen
3053 1237 3279 1300 uterque
3306 1241 3539 1287 sectetur
3565 1250 3698 1289 unum
3720 1248 3815 1308 atque

2334 1311 2476 1367 idem
2516 1314 2735 1371 bonum.
2764 1316 2820 1373 In
2852 1319 2938 1374 illa
2965 1321 3123 1376 etiam
3161 1322 3470 1379 differentia
3496 1341 3603 1396 quae
3626 1328 3814 1383 adhibetur

2331 1417 2397 1457 ex
2423 1402 2604 1460 habitu
2647 1416 2701 1462 et
2738 1410 3122 1468 consuetudine
3145 1411 3496 1484 Cynicorum,
3535 1433 3627 1472 non
3648 1422 3816 1488 quaeritnt

2331 1495 2576 1565 quisnam
2619 1498 2691 1553 sit
2732 1498 2854 1555 finis
2881 1502 3028 1569 boni,
3066 1504 3161 1559 sed
3203 1518 3388 1561 utrum
3431 1508 3483 1563 in
3524 1509 3606 1563 illo
3630 1509 3761 1565 habitu
3787 1524 3815 1566 et

2331 1588 2717 1645 consuetudine
2762 1592 2834 1647 sit
2878 1593 3159 1650 vivendum
3202 1598 3273 1663 ei,
3315 1599 3411 1668 qui
3462 1615 3629 1655 verum
3664 1613 3816 1656 sectatur

2330 1676 2550 1746 bonum,
2580 1681 2853 1749 quodlibet
2878 1684 2928 1739 ei
2957 1700 3142 1741 verum
3176 1687 3427 1744 videatur
3467 1704 3580 1746 esse
3614 1702 3736 1761 atque
3764 1708 3817 1747 se-

2328 1767 2601 1823 ctandum.
2632 1771 2871 1843 Denique
2900 1772 3135 1843 fuerunt,
3179 1779 3267 1847 qui
3314 1794 3441 1834 cum
3478 1780 3663 1835 diversa
3692 1798 3818 1850 sequic-

2329 1866 2516 1914 rentur
2560 1861 2698 1917 bona
2738 1863 2938 1934 finalia,
2987 1868 3074 1923 alii
3119 1869 3396 1935 virtutem,
3438 1870 3525 1926 alii
3564 1872 3818 1943 voluptatem,

2327 1950 2573 2007 eumdem
2603 1964 2778 2010 tamen
2818 1957 3055 2013 habitum
3081 1970 3134 2015 et
3171 1963 3604 2018 consuetudinem
3631 1967 3819 2027 tenebam,

2327 2056 2392 2096 ex
2423 2059 2526 2114 qua
2548 2045 2565 2077 á½·
2593 2045 2779 2116 Cynici
2809 2050 3233 2119 appellabantur.
3260 2053 3337 2109 Ita
3368 2053 3498 2109 illud
3526 2055 3735 2125 quidquid
3756 2066 3819 2117 est,

2326 2135 2469 2190 unde
2515 2136 2814 2209 philosophi
2854 2140 3039 2212 Cynici
3077 2142 3460 2200 discernuntur
3499 2161 3526 2199 a
3565 2146 3748 2206 caeteris.
3781 2147 3819 2198 ad

2324 2224 2632 2296 eligendum
2680 2244 2745 2283 ac
2792 2231 3082 2287 tenendum
3125 2233 3345 2298 bonum,
3382 2251 3491 2305 quo
3520 2236 3645 2291 beati
3676 2235 3818 2299 ï¬erent,

2324 2317 2509 2387 utique
2544 2320 2619 2375 nil
2644 2320 2874 2376 valebat.
2905 2322 3039 2378 Nam
3071 2324 3115 2379 si
3152 2325 3357 2395 aliquid
3384 2326 3451 2381 ad
3478 2327 3572 2382 hoc
3601 2328 3820 2389 interesset,

2322 2409 2565 2479 profecto
2590 2411 2730 2467 idem
2772 2413 2985 2469 habitus
3018 2416 3264 2472 eumdem
3293 2416 3459 2473 finem
3498 2420 3636 2489 sequi
3658 2432 3818 2489 cogeret.

2322 2508 2377 2555 et
2402 2500 2649 2558 diversus
2674 2503 2887 2559 habitus
2909 2506 3155 2562 eumdem
3185 2509 3337 2579 sequi
3363 2508 3521 2563 finem
3550 2524 3643 2563 non
3668 2510 3818 2562 sineret

2322 2613 2548 2671 CAPUT
2586 2615 2651 2671 Il.
2679 2649 2749 2657 â€”
2781 2619 3064 2687 Quomodo,
3094 2622 3299 2675 remotis
3329 2623 3557 2677 omnibus
3583 2620 3819 2689 dilawtiis,

2391 2726 2505 2777 qua:
2542 2727 2643 2764 non
2676 2722 2841 2778 sectae,
2874 2714 2961 2767 sed
2986 2714 3282 2784 quaestiones
3312 2723 3453 2781 sunt,
3495 2715 3559 2768 ad
3596 2715 3819 2782 tripertitam

2392 2802 2576 2854 summi
2615 2800 2732 2856 boni
2773 2803 3113 2871 deï¬nitionem
3170 2803 3334 2859 Varro
3374 2807 3636 2876 percutiat,
3671 2819 3819 2875 qam

2393 2902 2558 2947 tamen
2582 2910 2685 2947 una
2710 2894 2775 2948 sit
2808 2895 3057 2967 eligenda.

2392 3003 2449 3058 lu
2481 3004 2652 3060 tribus
2678 3021 2890 3077 quoque
2933 3008 3041 3063 illis
3085 3009 3207 3064 vitae
3228 3011 3535 3081 generibus,
3566 3026 3660 3066 uno
3679 3010 3817 3065 scilicet

2319 3108 2424 3149 non
2446 3096 2701 3165 segniter,
2748 3097 2844 3154 sed
2882 3098 2935 3153 in
2965 3101 3418 3170 contemplatione
3446 3102 3527 3157 vel
3560 3102 3818 3172 inquisitione

2318 3186 2560 3241 veritatis
2586 3188 2781 3256 otioso,
2810 3189 2980 3245 altero
3008 3191 3060 3245 in
3081 3191 3332 3261 gerendis
3356 3193 3518 3249 rebus
3538 3192 3743 3249 humanis
3760 3208 3817 3245 ne-

2315 3276 2548 3346 gotioso,
2597 3281 2759 3333 tertio
2802 3293 2869 3334 ex
2910 3289 3136 3351 utroque
3171 3297 3373 3351 genere
3418 3293 3704 3353 temperato,
3738 3296 3815 3335 cum

2317 3366 2575 3436 quaeritur
2603 3368 2730 3438 quid
2754 3367 2948 3425 horum
2984 3371 3054 3425 sit
3092 3372 3268 3441 potius
3295 3374 3609 3444 eligendum,
3633 3388 3719 3427 non
3740 3372 3816 3425 finis

2316 3457 2442 3513 boni
2467 3459 2624 3514 habet
2645 3461 3101 3528 controversiam;
3130 3462 3226 3517 sed
3252 3464 3378 3534 quid
3401 3463 3582 3519 horum
3609 3464 3735 3518 trium
3752 3460 3817 3515 dif-

2318 3549 2610 3606 ficultatem
2660 3552 2746 3607 vel
2790 3551 3094 3609 facilitatem
3136 3554 3325 3611 aï¬‚â€˜erat
3362 3556 3432 3611 ad
3467 3555 3814 3627 consequendum

2314 3643 2401 3699 vel
2433 3643 2771 3699 retinendum
2794 3642 2953 3700 finem
2982 3646 3127 3714 boni,
3160 3646 3213 3701 id
3254 3647 3307 3701 in
3334 3648 3436 3703 ista
3460 3650 3717 3719 quaestione
3735 3660 3813 3699 vet-

2314 3740 2484 3786 satur.
2515 3731 2663 3788 Finis
2686 3734 2831 3788 enim
2869 3732 3019 3800 boni,
3047 3750 3168 3789 cum
3204 3735 3272 3791 ad
3307 3751 3431 3791 eum
3460 3738 3663 3807 quisque
3682 3748 3812 3805 pem-

2313 3822 2472 3888 nerit,
2500 3823 2743 3892 protinus
2781 3824 2995 3879 beatum
3025 3824 3169 3879 facit.
3207 3825 3262 3880 ln
3290 3827 3403 3882 otio
3427 3836 3596 3883 autem
3629 3827 3812 3885 litterato.

2312 3915 2395 3970 vel
2426 3916 2479 3969 in
2520 3915 2733 3986 negotio
2758 3915 2990 3986 publico,
3018 3917 3102 3972 vel
3124 3917 3340 3988 quando
3379 3929 3643 3989 utrumque
3672 3914 3813 3971 vicibus

2310 4007 2507 4078 agitur,
2532 4022 2640 4063 non
2665 4009 2919 4065 continuo
2937 4009 3165 4080 quisque
3191 4010 3383 4066 beatus
3409 4020 3509 4066 est.
3532 4010 3659 4064 Multi
3678 4007 3811 4077 quippe

2311 4096 2366 4152 in
2397 4097 2636 4167 quolibet
2661 4098 2852 4154 horum
2890 4100 3049 4155 trium
3079 4110 3303 4170 possunt
3342 4102 3538 4166 vivere,
3564 4092 3613 4157 et
3633 4100 3677 4154 in
3698 4109 3809 4167 appe-

2311 4189 2472 4244 tendo
2500 4189 2628 4245 boni
2651 4189 2757 4246 fine
2774 4205 2880 4261 quo
2906 4191 2966 4245 fit
3002 4189 3164 4246 homo
3191 4190 3402 4259 beatus,
3442 4207 3628 4248 errare.
3654 4190 3740 4244 Alia
3758 4194 3809 4241 est

2309 4280 2469 4350 igitur
2496 4282 2721 4351 quaestio
2744 4282 2815 4337 de
2855 4280 3055 4338 finibus
3080 4283 3344 4339 bonorum
3388 4294 3444 4340 et
3470 4284 3711 4346 malorum,
3730 4292 3807 4349 qua

2307 4388 2738 4443 unamquamque
2768 4373 3210 4444 philosophorum
3251 4385 3454 4431 sectam
3483 4375 3633 4430 facit:
3660 4381 3703 4428 et
3730 4370 3805 4423 alie

2310 4474 2439 4519 sunt
2465 4465 2793 4535 quaestiones
2820 4466 2887 4521 de
2916 4466 3100 4520 sociali
3125 4468 3255 4532 vita,
3297 4468 3369 4523 de
3396 4468 3698 4523 cunctatione
3717 4463 3805 4515 Aca-

2306 4558 2660 4623 demicorum,
2689 4558 2757 4614 de
2785 4559 2978 4614 vestitu
3015 4569 3071 4614 et
3094 4561 3233 4614 victu
3261 4559 3595 4630 Cynicorum,
3618 4558 3671 4612 de
3695 4554 3803 4608 tribus

2306 4652 2433 4706 vitae
2456 4652 2763 4720 generibus,
2792 4651 2987 4719 otioso,
3019 4661 3259 4717 actuoso,
3293 4664 3350 4709 et
3378 4670 3446 4708 ex
3471 4662 3671 4721 utroque
3687 4646 3801 4701 modi-

2306 4744 2498 4809 ï¬cato;
2525 4760 2747 4814 quarum
2776 4745 2921 4798 nulla
2951 4756 3053 4811 est,
3088 4745 3139 4800 in
3179 4761 3283 4815 qua
3310 4747 3379 4802 de
3408 4748 3647 4802 bonorum
3666 4750 3708 4796 et
3727 4752 3800 4793 ma-

2306 4836 2481 4890 lorum
2530 4835 2722 4890 finibus
2761 4835 3083 4905 disputatur.
3134 4836 3362 4893 Proinde
3408 4837 3638 4908 quoniam
3660 4832 3799 4886 larens

2306 4926 2475 4981 Varro
2504 4926 2601 4980 has
2649 4937 2876 4995 quatuor
2899 4927 3161 4983 adhibens
3200 4928 3546 4993 differentias,
3572 4927 3618 4981 id
3650 4931 3725 4985 est.
3758 4933 3798 4970 ï¬‚

2304 5018 2409 5072 vita
2436 5018 2639 5083 sociali,
2680 5033 2748 5072 ex
2774 5018 3108 5075 Academicis
3134 5020 3306 5085 novis,
3337 5036 3407 5075 ex
3434 5020 3641 5091 Cynicis,
3666 5030 3714 5068 ex
3734 5012 3799 5063 i510

2303 5109 2425 5162 vitae
2470 5121 2668 5177 genere
2700 5108 2965 5177 tripartito
3008 5108 3075 5163 ad
3118 5120 3296 5164 sectas
3318 5110 3568 5166 ducentas
3606 5101 3795 5170 oculei"ul

2301 5212 2424 5257 octo
2444 5202 2711 5270 pervenit,
2740 5209 2799 5257 et
2822 5201 2867 5255 si
2897 5216 3015 5271 quae
3041 5202 3163 5256 aliae
3188 5212 3415 5271 possunt
3439 5200 3657 5257 similiter
3674 5190 3792 5258 adiiâ€œ;

2299 5288 2521 5352 remotis
2556 5295 2635 5349 eis
2670 5293 2940 5360 omnibus,
2981 5294 3236 5364 quoniam
3274 5293 3343 5349 de
3380 5291 3619 5350 sectando
3651 5291 3793 5341 ÎµÏ…Î·Î¹Î·Î¹Î¿

2298 5389 2441 5444 bono
2466 5390 2669 5443 nullam
2699 5390 2931 5445 inferunt
2953 5389 3327 5459 quaestionem,
3358 5398 3413 5444 et
3441 5387 3554 5443 ideo
3576 5390 3701 5439 secta:
3730 5386 3791 5426 Ï€Î¿á½·

2298 5490 2445 5547 sunt,
2474 5496 2574 5536 nec
2597 5481 2849 5536 vocanda:
2878 5489 3019 5546 sunt,
3050 5482 3117 5534 ad
3140 5481 3259 5536 illas
3284 5480 3577 5543 duodecim,
3599 5476 3641 5529 in
3662 5467 3789 5539 quibâ€œ!

2297 5573 2555 5642 quaeritur
2582 5572 2708 5642 quid
2749 5572 2819 5627 sit
2857 5572 3054 5626 bonum
3098 5571 3353 5636 hominis,
3381 5586 3486 5642 quo
3528 5569 3721 5622 assecnw
3754 5554 3787 5604 á¼·Î¹á½·

2297 5667 2506 5729 beatus,
2539 5675 2598 5720 ut
2623 5681 2689 5721 ex
2715 5665 2794 5721 eis
2822 5679 2984 5720 unam
3026 5679 3228 5731 veram,
3261 5672 3482 5722 caeteras
3507 5660 3643 5718 falsas
3663 5658 3784 5707 (Î´á½·ÎµÏ€â€™

2359 5802 2377 5833 Î¹
2413 5801 2484 5851 ste
2505 5804 2611 5849 Mss.
2635 5796 2753 5848 editi
2777 5804 2959 5859 autem,
2982 5808 3047 5849 ex
3071 5806 3179 5860 quo.
