  <div class='ocr_page' id='page_1' title='image "/cluster/home/n/w/nwhite01/storage/ocr_20150623/40-41/uc1.31175026811482/1016.png"; bbox 0 0 3976 6534; ppageno 0'>
   <div class='ocr_carea' id='block_1_1' title="bbox 212 371 322 428">
    <p class='ocr_par' dir='ltr' id='par_1_1' title="bbox 212 371 322 428">
     <span class='ocr_line' id='line_1_1' title="bbox 212 371 322 428; baseline -0.018 0"><span class='ocrx_word' id='word_1_1' title='bbox 212 371 322 428; x_wconf 68' lang='lat'><strong>825</strong></span> 
     </span>
    </p>
   </div>
   <div class='ocr_carea' id='block_1_2' title="bbox 218 477 1797 557">
    <p class='ocr_par' dir='ltr' id='par_1_2' title="bbox 218 477 1797 557">
     <span class='ocr_line' id='line_1_2' title="bbox 218 477 1797 557; baseline 0.006 -23"><span class='ocrx_word' id='word_1_2' title='bbox 218 480 310 534; x_wconf 88' lang='lat' dir='ltr'><strong>dat</strong></span> <span class='ocrx_word' id='word_1_3' title='bbox 334 493 475 545; x_wconf 89' lang='lat' dir='ltr'><strong>esse,</strong></span> <span class='ocrx_word' id='word_1_4' title='bbox 524 477 830 538; x_wconf 71' lang='lat' dir='ltr'><strong>revertitur.</strong></span> <span class='ocrx_word' id='word_1_5' title='bbox 862 481 998 540; x_wconf 80' lang='lat' dir='ltr'><strong>Nam</strong></span> <span class='ocrx_word' id='word_1_6' title='bbox 1026 496 1233 544; x_wconf 88' lang='lat' dir='ltr'><strong>remoto</strong></span> <span class='ocrx_word' id='word_1_7' title='bbox 1259 487 1353 542; x_wconf 86' lang='lat' dir='ltr'><strong>illo</strong></span> <span class='ocrx_word' id='word_1_8' title='bbox 1406 488 1673 557; x_wconf 71' lang='lat' dir='ltr'><strong>tripartito</strong></span> <span class='ocrx_word' id='word_1_9' title='bbox 1699 502 1797 557; x_wconf 87' lang='lat' dir='ltr'><strong>ge-</strong></span> 
     </span>
    </p>
   </div>
   <div class='ocr_carea' id='block_1_3' title="bbox 219 574 1805 647">
    <p class='ocr_par' dir='ltr' id='par_1_3' title="bbox 219 574 1805 647">
     <span class='ocr_line' id='line_1_3' title="bbox 219 574 1805 647; baseline 0.006 -21"><span class='ocrx_word' id='word_1_10' title='bbox 219 574 525 641; x_wconf 69' lang='lat' dir='ltr'><strong>nere-vitze,</strong></span> <span class='ocrx_word' id='word_1_11' title='bbox 569 574 689 631; x_wconf 72' lang='lat' dir='ltr'><strong>dna:</strong></span> <span class='ocrx_word' id='word_1_12' title='bbox 714 586 891 645; x_wconf 90' lang='lat' dir='ltr'><strong>partes</strong></span> <span class='ocrx_word' id='word_1_13' title='bbox 917 577 1075 647; x_wconf 77' lang='lat' dir='ltr'><strong>hujus</strong></span> <span class='ocrx_word' id='word_1_14' title='bbox 1097 582 1302 635; x_wconf 91' lang='lat' dir='ltr'><strong>numeri</strong></span> <span class='ocrx_word' id='word_1_15' title='bbox 1339 580 1715 645; x_wconf 87' lang='lat' dir='ltr'><strong>detrahuntur.</strong></span> <span class='ocrx_word' id='word_1_16' title='bbox 1748 589 1805 636; x_wconf 89' lang='lat' dir='ltr'><strong>et</strong></span> 
     </span>
    </p>
   </div>
   <div class='ocr_carea' id='block_1_4' title="bbox 217 666 1805 734">
    <p class='ocr_par' dir='ltr' id='par_1_4' title="bbox 217 666 1805 734">
     <span class='ocr_line' id='line_1_4' title="bbox 217 666 1805 734; baseline 0.006 -16"><span class='ocrx_word' id='word_1_17' title='bbox 217 672 381 719; x_wconf 73' lang='lat' dir='ltr'><strong>secta:</strong></span> <span class='ocrx_word' id='word_1_18' title='bbox 406 666 691 734; x_wconf 87' lang='lat' dir='ltr'><strong>nonaginta</strong></span> <span class='ocrx_word' id='word_1_19' title='bbox 718 682 813 722; x_wconf 87' lang='lat' dir='ltr'><strong>sex</strong></span> <span class='ocrx_word' id='word_1_20' title='bbox 839 678 1133 724; x_wconf 87' lang='lat' dir='ltr'><strong>remanent.</strong></span> <span class='ocrx_word' id='word_1_21' title='bbox 1157 669 1380 725; x_wconf 82' lang='lat' dir='ltr'><strong>Remota</strong></span> <span class='ocrx_word' id='word_1_22' title='bbox 1410 685 1538 725; x_wconf 90' lang='lat' dir='ltr'><strong>vero</strong></span> <span class='ocrx_word' id='word_1_23' title='bbox 1554 670 1805 727; x_wconf 76' lang='lat' dir='ltr'><strong>dill&#39;eren-</strong></span> 
     </span>
    </p>
   </div>
   <div class='ocr_carea' id='block_1_5' title="bbox 219 756 1807 836">
    <p class='ocr_par' dir='ltr' id='par_1_5' title="bbox 219 756 1807 836">
     <span class='ocr_line' id='line_1_5' title="bbox 219 756 1807 836; baseline 0.008 -27"><span class='ocrx_word' id='word_1_24' title='bbox 219 756 293 809; x_wconf 90' lang='lat' dir='ltr'><strong>tia</strong></span> <span class='ocrx_word' id='word_1_25' title='bbox 335 770 403 810; x_wconf 86' lang='lat' dir='ltr'><strong>ex</strong></span> <span class='ocrx_word' id='word_1_26' title='bbox 448 756 662 827; x_wconf 82' lang='lat' dir='ltr'><strong>Cynicis</strong></span> <span class='ocrx_word' id='word_1_27' title='bbox 697 759 898 825; x_wconf 91' lang='lat' dir='ltr'><strong>addita,</strong></span> <span class='ocrx_word' id='word_1_28' title='bbox 949 762 1017 816; x_wconf 92' lang='lat' dir='ltr'><strong>ad</strong></span> <span class='ocrx_word' id='word_1_29' title='bbox 1054 762 1328 817; x_wconf 90' lang='lat' dir='ltr'><strong>dimidium</strong></span> <span class='ocrx_word' id='word_1_30' title='bbox 1375 764 1705 836; x_wconf 82' lang='lat' dir='ltr'><strong>rediguntur,</strong></span> <span class='ocrx_word' id='word_1_31' title='bbox 1750 774 1807 822; x_wconf 89' lang='lat' dir='ltr'><strong>et</strong></span> 
     </span>
    </p>
   </div>
   <div class='ocr_carea' id='block_1_6' title="bbox 216 846 1803 925">
    <p class='ocr_par' dir='ltr' id='par_1_6' title="bbox 216 846 1803 925">
     <span class='ocr_line' id='line_1_6' title="bbox 216 846 1803 925; baseline 0.01 -29"><span class='ocrx_word' id='word_1_32' title='bbox 216 846 573 915; x_wconf 74' lang='lat' dir='ltr'><strong>quadraginta</strong></span> <span class='ocrx_word' id='word_1_33' title='bbox 621 857 745 905; x_wconf 90' lang='lat' dir='ltr'><strong>octo</strong></span> <span class='ocrx_word' id='word_1_34' title='bbox 786 852 937 906; x_wconf 84' lang='lat' dir='ltr'><strong>fiunt.</strong></span> <span class='ocrx_word' id='word_1_35' title='bbox 987 852 1306 909; x_wconf 83' lang='lat' dir='ltr'><strong>Auferamus</strong></span> <span class='ocrx_word' id='word_1_36' title='bbox 1347 855 1507 910; x_wconf 79' lang='lat' dir='ltr'><strong>etiam</strong></span> <span class='ocrx_word' id='word_1_37' title='bbox 1550 857 1692 925; x_wconf 92' lang='lat' dir='ltr'><strong>quod</strong></span> <span class='ocrx_word' id='word_1_38' title='bbox 1735 871 1803 911; x_wconf 86' lang='lat' dir='ltr'><strong>ex</strong></span> 
     </span>
    </p>
   </div>
   <div class='ocr_carea' id='block_1_7' title="bbox 217 937 1805 1017">
    <p class='ocr_par' dir='ltr' id='par_1_7' title="bbox 217 937 1805 1017">
     <span class='ocr_line' id='line_1_7' title="bbox 217 937 1805 1017; baseline 0.009 -28"><span class='ocrx_word' id='word_1_39' title='bbox 217 937 555 994; x_wconf 80' lang='lat' dir='ltr'><strong>Academicis</strong></span> <span class='ocrx_word' id='word_1_40' title='bbox 583 942 738 996; x_wconf 92' lang='lat' dir='ltr'><strong>novis</strong></span> <span class='ocrx_word' id='word_1_41' title='bbox 764 943 1063 998; x_wconf 86' lang='lat' dir='ltr'><strong>adhibitum</strong></span> <span class='ocrx_word' id='word_1_42' title='bbox 1092 954 1196 1011; x_wconf 91' lang='lat' dir='ltr'><strong>est,</strong></span> <span class='ocrx_word' id='word_1_43' title='bbox 1226 960 1410 1002; x_wconf 82' lang='lat' dir='ltr'><strong>rursus</strong></span> <span class='ocrx_word' id='word_1_44' title='bbox 1433 946 1653 1002; x_wconf 88' lang='lat' dir='ltr'><strong>dimidia</strong></span> <span class='ocrx_word' id='word_1_45' title='bbox 1683 964 1805 1017; x_wconf 87' lang='lat' dir='ltr'><strong>pars</strong></span> 
     </span>
    </p>
   </div>
   <div class='ocr_carea' id='block_1_8' title="bbox 217 1033 1804 1109">
    <p class='ocr_par' dir='ltr' id='par_1_8' title="bbox 217 1033 1804 1109">
     <span class='ocr_line' id='line_1_8' title="bbox 217 1033 1804 1109; baseline 0.009 -28"><span class='ocrx_word' id='word_1_46' title='bbox 217 1040 483 1097; x_wconf 88' lang='lat' dir='ltr'><strong>remanet,</strong></span> <span class='ocrx_word' id='word_1_47' title='bbox 535 1033 587 1087; x_wconf 89' lang='lat' dir='ltr'><strong>id</strong></span> <span class='ocrx_word' id='word_1_48' title='bbox 638 1044 722 1089; x_wconf 90' lang='lat' dir='ltr'><strong>est</strong></span> <span class='ocrx_word' id='word_1_49' title='bbox 752 1034 935 1104; x_wconf 79' lang='lat' dir='ltr'><strong>viginti</strong></span> <span class='ocrx_word' id='word_1_50' title='bbox 978 1046 1226 1106; x_wconf 84' lang='lat' dir='ltr'><strong>quatuor.</strong></span> <span class='ocrx_word' id='word_1_51' title='bbox 1266 1038 1342 1092; x_wconf 89' lang='lat' dir='ltr'><strong>De</strong></span> <span class='ocrx_word' id='word_1_52' title='bbox 1366 1039 1547 1094; x_wconf 84' lang='lat' dir='ltr'><strong>sociali</strong></span> <span class='ocrx_word' id='word_1_53' title='bbox 1592 1054 1804 1109; x_wconf 85' lang='lat' dir='ltr'><strong>quoque</strong></span> 
     </span>
    </p>
   </div>
   <div class='ocr_carea' id='block_1_9' title="bbox 215 1122 1803 1194">
    <p class='ocr_par' dir='ltr' id='par_1_9' title="bbox 215 1122 1803 1194">
     <span class='ocr_line' id='line_1_9' title="bbox 215 1122 1803 1194; baseline 0.007 -19"><span class='ocrx_word' id='word_1_54' title='bbox 215 1122 325 1177; x_wconf 79' lang='lat' dir='ltr'><strong>vita</strong></span> <span class='ocrx_word' id='word_1_55' title='bbox 371 1124 515 1192; x_wconf 89' lang='lat' dir='ltr'><strong>quod</strong></span> <span class='ocrx_word' id='word_1_56' title='bbox 565 1136 885 1194; x_wconf 89' lang='lat' dir='ltr'><strong>accesserat,</strong></span> <span class='ocrx_word' id='word_1_57' title='bbox 908 1128 1156 1184; x_wconf 88' lang='lat' dir='ltr'><strong>similiter</strong></span> <span class='ocrx_word' id='word_1_58' title='bbox 1180 1128 1468 1193; x_wconf 88' lang='lat' dir='ltr'><strong>auferatur.</strong></span> <span class='ocrx_word' id='word_1_59' title='bbox 1518 1129 1803 1187; x_wconf 87' lang='lat' dir='ltr'><strong>duodecim</strong></span> 
     </span>
    </p>
   </div>
   <div class='ocr_carea' id='block_1_10' title="bbox 213 1216 1803 1291">
    <p class='ocr_par' dir='ltr' id='par_1_10' title="bbox 213 1216 1803 1291">
     <span class='ocr_line' id='line_1_10' title="bbox 213 1216 1803 1291; baseline 0.006 -23"><span class='ocrx_word' id='word_1_60' title='bbox 213 1224 343 1269; x_wconf 90' lang='lat' dir='ltr'><strong>sunt</strong></span> <span class='ocrx_word' id='word_1_61' title='bbox 366 1216 607 1286; x_wconf 69' lang='lat' dir='ltr'><strong>reliquae,</strong></span> <span class='ocrx_word' id='word_1_62' title='bbox 628 1232 759 1287; x_wconf 89' lang='lat' dir='ltr'><strong>quas</strong></span> <span class='ocrx_word' id='word_1_63' title='bbox 785 1218 884 1272; x_wconf 89' lang='lat' dir='ltr'><strong>ista</strong></span> <span class='ocrx_word' id='word_1_64' title='bbox 924 1219 1243 1287; x_wconf 71' lang='lat' dir='ltr'><strong>differentia,</strong></span> <span class='ocrx_word' id='word_1_65' title='bbox 1275 1230 1335 1275; x_wconf 91' lang='lat' dir='ltr'><strong>ut</strong></span> <span class='ocrx_word' id='word_1_66' title='bbox 1359 1222 1545 1291; x_wconf 91' lang='lat' dir='ltr'><strong>viginti</strong></span> <span class='ocrx_word' id='word_1_67' title='bbox 1574 1231 1803 1288; x_wconf 80' lang='lat' dir='ltr'><strong>quatuor</strong></span> 
     </span>
    </p>
   </div>
   <div class='ocr_carea' id='block_1_11' title="bbox 215 1303 1803 1379">
    <p class='ocr_par' dir='ltr' id='par_1_11' title="bbox 215 1303 1803 1379">
     <span class='ocr_line' id='line_1_11' title="bbox 215 1303 1803 1379; baseline 0.006 -21"><span class='ocrx_word' id='word_1_68' title='bbox 215 1303 432 1371; x_wconf 77' lang='lat' dir='ltr'><strong>tierent,</strong></span> <span class='ocrx_word' id='word_1_69' title='bbox 462 1307 851 1376; x_wconf 80' lang='lat' dir='ltr'><strong>duplicaverat.</strong></span> <span class='ocrx_word' id='word_1_70' title='bbox 883 1310 957 1364; x_wconf 91' lang='lat' dir='ltr'><strong>De</strong></span> <span class='ocrx_word' id='word_1_71' title='bbox 983 1310 1067 1363; x_wconf 88' lang='lat' dir='ltr'><strong>his</strong></span> <span class='ocrx_word' id='word_1_72' title='bbox 1088 1323 1216 1379; x_wconf 88' lang='lat' dir='ltr'><strong>ergo</strong></span> <span class='ocrx_word' id='word_1_73' title='bbox 1235 1310 1515 1365; x_wconf 85' lang='lat' dir='ltr'><strong>duodecim</strong></span> <span class='ocrx_word' id='word_1_74' title='bbox 1547 1312 1678 1366; x_wconf 87' lang='lat' dir='ltr'><strong>nihil</strong></span> <span class='ocrx_word' id='word_1_75' title='bbox 1698 1312 1803 1367; x_wconf 90' lang='lat' dir='ltr'><strong>dici</strong></span> 
     </span>
    </p>
   </div>
   <div class='ocr_carea' id='block_1_12' title="bbox 215 1399 1805 1471">
    <p class='ocr_par' dir='ltr' id='par_1_12' title="bbox 215 1399 1805 1471">
     <span class='ocr_line' id='line_1_12' title="bbox 215 1399 1805 1471; baseline 0.006 -22"><span class='ocrx_word' id='word_1_76' title='bbox 215 1404 414 1463; x_wconf 89' lang='lat' dir='ltr'><strong>potest,</strong></span> <span class='ocrx_word' id='word_1_77' title='bbox 456 1412 554 1452; x_wconf 89' lang='lat' dir='ltr'><strong>cur</strong></span> <span class='ocrx_word' id='word_1_78' title='bbox 600 1408 763 1453; x_wconf 63' lang='lat' dir='ltr'><strong>sectae</strong></span> <span class='ocrx_word' id='word_1_79' title='bbox 808 1414 912 1454; x_wconf 91' lang='lat' dir='ltr'><strong>non</strong></span> <span class='ocrx_word' id='word_1_80' title='bbox 957 1400 1067 1454; x_wconf 86' lang='lat' dir='ltr'><strong>sint</strong></span> <span class='ocrx_word' id='word_1_81' title='bbox 1115 1399 1395 1456; x_wconf 68' lang='lat' dir='ltr'><strong>habendae.</strong></span> <span class='ocrx_word' id='word_1_82' title='bbox 1442 1400 1583 1456; x_wconf 87' lang='lat' dir='ltr'><strong>Nihil</strong></span> <span class='ocrx_word' id='word_1_83' title='bbox 1607 1403 1805 1471; x_wconf 88' lang='lat' dir='ltr'><strong>quippe</strong></span> 
     </span>
    </p>
   </div>
   <div class='ocr_carea' id='block_1_13' title="bbox 212 1486 1805 1560">
    <p class='ocr_par' dir='ltr' id='par_1_13' title="bbox 212 1486 1805 1560">
     <span class='ocr_line' id='line_1_13' title="bbox 212 1486 1805 1560; baseline 0.006 -21"><span class='ocrx_word' id='word_1_84' title='bbox 212 1486 360 1540; x_wconf 87' lang='lat' dir='ltr'><strong>aliud</strong></span> <span class='ocrx_word' id='word_1_85' title='bbox 390 1487 443 1541; x_wconf 90' lang='lat' dir='ltr'><strong>in</strong></span> <span class='ocrx_word' id='word_1_86' title='bbox 473 1489 553 1543; x_wconf 90' lang='lat' dir='ltr'><strong>eis</strong></span> <span class='ocrx_word' id='word_1_87' title='bbox 581 1490 859 1557; x_wconf 72' lang='lat' dir='ltr'><strong>qumritur,</strong></span> <span class='ocrx_word' id='word_1_88' title='bbox 904 1506 1062 1560; x_wconf 91' lang='lat' dir='ltr'><strong>quam</strong></span> <span class='ocrx_word' id='word_1_89' title='bbox 1091 1491 1225 1547; x_wconf 77' lang='lat' dir='ltr'><strong>fines</strong></span> <span class='ocrx_word' id='word_1_90' title='bbox 1252 1492 1512 1548; x_wconf 89' lang='lat' dir='ltr'><strong>bonorum</strong></span> <span class='ocrx_word' id='word_1_91' title='bbox 1553 1502 1608 1549; x_wconf 92' lang='lat' dir='ltr'><strong>et</strong></span> <span class='ocrx_word' id='word_1_92' title='bbox 1635 1495 1805 1549; x_wconf 87' lang='lat' dir='ltr'><strong>malo-</strong></span> 
     </span>
    </p>
   </div>
   <div class='ocr_carea' id='block_1_14' title="bbox 213 1579 1805 1653">
    <p class='ocr_par' dir='ltr' id='par_1_14' title="bbox 213 1579 1805 1653">
     <span class='ocr_line' id='line_1_14' title="bbox 213 1579 1805 1653; baseline 0.006 -22"><span class='ocrx_word' id='word_1_93' title='bbox 213 1593 355 1631; x_wconf 87' lang='lat' dir='ltr'><strong>rum.</strong></span> <span class='ocrx_word' id='word_1_94' title='bbox 384 1579 619 1635; x_wconf 87' lang='lat' dir='ltr'><strong>lnveutis</strong></span> <span class='ocrx_word' id='word_1_95' title='bbox 633 1592 812 1636; x_wconf 86' lang='lat' dir='ltr'><strong>autem</strong></span> <span class='ocrx_word' id='word_1_96' title='bbox 833 1582 1094 1637; x_wconf 90' lang='lat' dir='ltr'><strong>bonorum</strong></span> <span class='ocrx_word' id='word_1_97' title='bbox 1122 1582 1333 1649; x_wconf 85' lang='lat' dir='ltr'><strong>finibus,</strong></span> <span class='ocrx_word' id='word_1_98' title='bbox 1358 1585 1594 1653; x_wconf 92' lang='lat' dir='ltr'><strong>profecto</strong></span> <span class='ocrx_word' id='word_1_99' title='bbox 1617 1601 1650 1641; x_wconf 90' lang='lat' dir='ltr'><strong>e</strong></span> <span class='ocrx_word' id='word_1_100' title='bbox 1674 1602 1805 1640; x_wconf 59' lang='lat' dir='ltr'><strong>con.</strong></span> 
     </span>
    </p>
   </div>
   <div class='ocr_carea' id='block_1_15' title="bbox 214 1669 1803 1731">
    <p class='ocr_par' dir='ltr' id='par_1_15' title="bbox 214 1669 1803 1731">
     <span class='ocr_line' id='line_1_15' title="bbox 214 1669 1803 1731; baseline 0.004 -8"><span class='ocrx_word' id='word_1_101' title='bbox 214 1669 380 1724; x_wconf 84' lang='lat' dir='ltr'><strong>trario</strong></span> <span class='ocrx_word' id='word_1_102' title='bbox 405 1678 533 1726; x_wconf 83' lang='lat' dir='ltr'><strong>sunt</strong></span> <span class='ocrx_word' id='word_1_103' title='bbox 579 1672 861 1726; x_wconf 89' lang='lat' dir='ltr'><strong>malorum.</strong></span> <span class='ocrx_word' id='word_1_104' title='bbox 890 1672 985 1727; x_wconf 67' lang='lat' dir='ltr'><strong>Hae</strong></span> <span class='ocrx_word' id='word_1_105' title='bbox 1033 1682 1209 1728; x_wconf 88' lang='lat' dir='ltr'><strong>autem</strong></span> <span class='ocrx_word' id='word_1_106' title='bbox 1254 1683 1312 1728; x_wconf 92' lang='lat' dir='ltr'><strong>ut</strong></span> <span class='ocrx_word' id='word_1_107' title='bbox 1353 1675 1483 1729; x_wconf 81' lang='lat' dir='ltr'><strong>(iant</strong></span> <span class='ocrx_word' id='word_1_108' title='bbox 1520 1674 1803 1731; x_wconf 86' lang='lat' dir='ltr'><strong>duodecim</strong></span> 
     </span>
    </p>
   </div>
   <div class='ocr_carea' id='block_1_16' title="bbox 212 1758 1795 1834">
    <p class='ocr_par' dir='ltr' id='par_1_16' title="bbox 212 1758 1795 1834">
     <span class='ocr_line' id='line_1_16' title="bbox 212 1758 1795 1834; baseline 0.005 -22"><span class='ocrx_word' id='word_1_109' title='bbox 212 1766 416 1825; x_wconf 68' lang='lat' dir='ltr'><strong>sectae,</strong></span> <span class='ocrx_word' id='word_1_110' title='bbox 469 1758 556 1813; x_wconf 78' lang='lat' dir='ltr'><strong>illa</strong></span> <span class='ocrx_word' id='word_1_111' title='bbox 598 1770 829 1830; x_wconf 84' lang='lat' dir='ltr'><strong>quatuor</strong></span> <span class='ocrx_word' id='word_1_112' title='bbox 875 1762 1246 1832; x_wconf 88' lang='lat' dir='ltr'><strong>triplicantur,</strong></span> <span class='ocrx_word' id='word_1_113' title='bbox 1300 1763 1568 1833; x_wconf 83' lang='lat' dir='ltr'><strong>voluptas,</strong></span> <span class='ocrx_word' id='word_1_114' title='bbox 1623 1766 1795 1834; x_wconf 90' lang='lat' dir='ltr'><strong>quies,</strong></span> 
     </span>
    </p>
   </div>
   <div class='ocr_carea' id='block_1_17' title="bbox 212 1853 1801 1926">
    <p class='ocr_par' dir='ltr' id='par_1_17' title="bbox 212 1853 1801 1926">
     <span class='ocr_line' id='line_1_17' title="bbox 212 1853 1801 1926; baseline 0.006 -24"><span class='ocrx_word' id='word_1_115' title='bbox 212 1857 520 1920; x_wconf 90' lang='lat' dir='ltr'><strong>utrumque,</strong></span> <span class='ocrx_word' id='word_1_116' title='bbox 546 1862 604 1906; x_wconf 91' lang='lat' dir='ltr'><strong>et</strong></span> <span class='ocrx_word' id='word_1_117' title='bbox 651 1853 825 1922; x_wconf 85' lang='lat' dir='ltr'><strong>prima</strong></span> <span class='ocrx_word' id='word_1_118' title='bbox 862 1863 1088 1921; x_wconf 69' lang='lat' dir='ltr'><strong>naturae,</strong></span> <span class='ocrx_word' id='word_1_119' title='bbox 1132 1870 1252 1925; x_wconf 83' lang='lat' dir='ltr'><strong>quae</strong></span> <span class='ocrx_word' id='word_1_120' title='bbox 1279 1855 1592 1926; x_wconf 89' lang='lat' dir='ltr'><strong>primigenia</strong></span> <span class='ocrx_word' id='word_1_121' title='bbox 1633 1858 1801 1913; x_wconf 83' lang='lat' dir='ltr'><strong>Varro</strong></span> 
     </span>
    </p>
   </div>
   <div class='ocr_carea' id='block_1_18' title="bbox 216 1940 1799 2017">
    <p class='ocr_par' dir='ltr' id='par_1_18' title="bbox 216 1940 1799 2017">
     <span class='ocr_line' id='line_1_18' title="bbox 216 1940 1799 2017; baseline 0.006 -25"><span class='ocrx_word' id='word_1_122' title='bbox 216 1949 373 1994; x_wconf 88' lang='lat' dir='ltr'><strong>vocat</strong></span> <span class='ocrx_word' id='word_1_123' title='bbox 401 1940 501 2011; x_wconf 80' lang='grc' dir='ltr'><strong>(α).</strong></span> <span class='ocrx_word' id='word_1_124' title='bbox 530 1941 657 1997; x_wconf 75' lang='lat' dir='ltr'><strong>Iitec</strong></span> <span class='ocrx_word' id='word_1_125' title='bbox 684 1944 882 2013; x_wconf 86' lang='lat' dir='ltr'><strong>quippe</strong></span> <span class='ocrx_word' id='word_1_126' title='bbox 909 1954 1139 2015; x_wconf 87' lang='lat' dir='ltr'><strong>quatuor</strong></span> <span class='ocrx_word' id='word_1_127' title='bbox 1163 1944 1289 2000; x_wconf 86' lang='lat' dir='ltr'><strong>dum</strong></span> <span class='ocrx_word' id='word_1_128' title='bbox 1339 1946 1646 2017; x_wconf 73' lang='lat' dir='ltr'><strong>singillatim</strong></span> <span class='ocrx_word' id='word_1_129' title='bbox 1690 1947 1799 2002; x_wconf 82' lang='lat' dir='ltr'><strong>vir-</strong></span> 
     </span>
    </p>
   </div>
   <div class='ocr_carea' id='block_1_19' title="bbox 212 2031 1799 2108">
    <p class='ocr_par' dir='ltr' id='par_1_19' title="bbox 212 2031 1799 2108">
     <span class='ocr_line' id='line_1_19' title="bbox 212 2031 1799 2108; baseline 0.008 -25"><span class='ocrx_word' id='word_1_130' title='bbox 212 2031 311 2084; x_wconf 87' lang='lat' dir='ltr'><strong>tuti</strong></span> <span class='ocrx_word' id='word_1_131' title='bbox 332 2032 620 2101; x_wconf 88' lang='lat' dir='ltr'><strong>aliquando</strong></span> <span class='ocrx_word' id='word_1_132' title='bbox 647 2034 972 2102; x_wconf 90' lang='lat' dir='ltr'><strong>subduntur,</strong></span> <span class='ocrx_word' id='word_1_133' title='bbox 1000 2045 1061 2091; x_wconf 92' lang='lat' dir='ltr'><strong>ut</strong></span> <span class='ocrx_word' id='word_1_134' title='bbox 1082 2050 1186 2090; x_wconf 91' lang='lat' dir='ltr'><strong>non</strong></span> <span class='ocrx_word' id='word_1_135' title='bbox 1216 2046 1435 2106; x_wconf 86' lang='lat' dir='ltr'><strong>propter</strong></span> <span class='ocrx_word' id='word_1_136' title='bbox 1461 2052 1523 2094; x_wconf 87' lang='lat' dir='ltr'><strong>se</strong></span> <span class='ocrx_word' id='word_1_137' title='bbox 1546 2039 1681 2108; x_wconf 84' lang='lat' dir='ltr'><strong>ipsa,</strong></span> <span class='ocrx_word' id='word_1_138' title='bbox 1701 2038 1799 2095; x_wconf 83' lang='lat' dir='ltr'><strong>sed</strong></span> 
     </span>
    </p>
   </div>
   <div class='ocr_carea' id='block_1_20' title="bbox 210 2124 1797 2197">
    <p class='ocr_par' dir='ltr' id='par_1_20' title="bbox 210 2124 1797 2197">
     <span class='ocr_line' id='line_1_20' title="bbox 210 2124 1797 2197; baseline 0.006 -21"><span class='ocrx_word' id='word_1_139' title='bbox 210 2133 434 2191; x_wconf 81' lang='lat' dir='ltr'><strong>propter</strong></span> <span class='ocrx_word' id='word_1_140' title='bbox 476 2124 717 2180; x_wconf 82' lang='lat' dir='ltr'><strong>officium</strong></span> <span class='ocrx_word' id='word_1_141' title='bbox 761 2127 973 2182; x_wconf 90' lang='lat' dir='ltr'><strong>virtutis</strong></span> <span class='ocrx_word' id='word_1_142' title='bbox 1006 2129 1305 2196; x_wconf 86' lang='lat' dir='ltr'><strong>appetenda</strong></span> <span class='ocrx_word' id='word_1_143' title='bbox 1355 2130 1653 2197; x_wconf 87' lang='lat' dir='ltr'><strong>videantur,</strong></span> <span class='ocrx_word' id='word_1_144' title='bbox 1694 2131 1797 2186; x_wconf 64' lang='lat' dir='ltr'><strong>alio</strong></span> 
     </span>
    </p>
   </div>
   <div class='ocr_carea' id='block_1_21' title="bbox 211 2211 1798 2291">
    <p class='ocr_par' dir='ltr' id='par_1_21' title="bbox 211 2211 1798 2291">
     <span class='ocr_line' id='line_1_21' title="bbox 211 2211 1798 2291; baseline 0.009 -26"><span class='ocrx_word' id='word_1_145' title='bbox 211 2211 425 2280; x_wconf 78' lang='lat' dir='ltr'><strong>quando</strong></span> <span class='ocrx_word' id='word_1_146' title='bbox 476 2214 849 2283; x_wconf 70' lang='lat' dir='ltr'><strong>praeferuntur,</strong></span> <span class='ocrx_word' id='word_1_147' title='bbox 904 2226 963 2272; x_wconf 92' lang='lat' dir='ltr'><strong>ut</strong></span> <span class='ocrx_word' id='word_1_148' title='bbox 1012 2234 1120 2272; x_wconf 89' lang='lat' dir='ltr'><strong>non</strong></span> <span class='ocrx_word' id='word_1_149' title='bbox 1168 2227 1387 2288; x_wconf 87' lang='lat' dir='ltr'><strong>propter</strong></span> <span class='ocrx_word' id='word_1_150' title='bbox 1433 2234 1493 2277; x_wconf 83' lang='lat' dir='ltr'><strong>se</strong></span> <span class='ocrx_word' id='word_1_151' title='bbox 1537 2222 1672 2291; x_wconf 88' lang='lat' dir='ltr'><strong>ipsa,</strong></span> <span class='ocrx_word' id='word_1_152' title='bbox 1700 2222 1798 2278; x_wconf 88' lang='lat' dir='ltr'><strong>sed</strong></span> 
     </span>
    </p>
   </div>
   <div class='ocr_carea' id='block_1_22' title="bbox 208 2306 1796 2377">
    <p class='ocr_par' dir='ltr' id='par_1_22' title="bbox 208 2306 1796 2377">
     <span class='ocr_line' id='line_1_22' title="bbox 208 2306 1796 2377; baseline 0.009 -21"><span class='ocrx_word' id='word_1_153' title='bbox 208 2312 431 2373; x_wconf 80' lang='lat' dir='ltr'><strong>propter</strong></span> <span class='ocrx_word' id='word_1_154' title='bbox 456 2306 571 2361; x_wconf 76' lang='lat' dir='ltr'><strong>inec</strong></span> <span class='ocrx_word' id='word_1_155' title='bbox 598 2307 942 2377; x_wconf 86' lang='lat' dir='ltr'><strong>adipiscenda</strong></span> <span class='ocrx_word' id='word_1_156' title='bbox 972 2311 1055 2365; x_wconf 86' lang='lat' dir='ltr'><strong>vel</strong></span> <span class='ocrx_word' id='word_1_157' title='bbox 1097 2312 1463 2367; x_wconf 87' lang='lat' dir='ltr'><strong>conservanda</strong></span> <span class='ocrx_word' id='word_1_158' title='bbox 1492 2315 1796 2371; x_wconf 83' lang='lat' dir='ltr'><strong>necessaria</strong></span> 
     </span>
    </p>
   </div>
   <div class='ocr_carea' id='block_1_23' title="bbox 218 2395 1797 2476">
    <p class='ocr_par' dir='ltr' id='par_1_23' title="bbox 218 2395 1797 2476">
     <span class='ocr_line' id='line_1_23' title="bbox 218 2395 1797 2476; baseline 0.009 -29"><span class='ocrx_word' id='word_1_159' title='bbox 218 2395 387 2450; x_wconf 88' lang='lat' dir='ltr'><strong>virtus</strong></span> <span class='ocrx_word' id='word_1_160' title='bbox 413 2406 647 2464; x_wconf 89' lang='lat' dir='ltr'><strong>putetur,</strong></span> <span class='ocrx_word' id='word_1_161' title='bbox 671 2399 957 2469; x_wconf 87' lang='lat' dir='ltr'><strong>aliquando</strong></span> <span class='ocrx_word' id='word_1_162' title='bbox 991 2400 1252 2472; x_wconf 75' lang='lat' dir='ltr'><strong>jungitur,</strong></span> <span class='ocrx_word' id='word_1_163' title='bbox 1283 2411 1341 2457; x_wconf 92' lang='lat' dir='ltr'><strong>ut</strong></span> <span class='ocrx_word' id='word_1_164' title='bbox 1367 2413 1584 2474; x_wconf 88' lang='lat' dir='ltr'><strong>propter</strong></span> <span class='ocrx_word' id='word_1_165' title='bbox 1602 2419 1662 2461; x_wconf 91' lang='lat' dir='ltr'><strong>se</strong></span> <span class='ocrx_word' id='word_1_166' title='bbox 1684 2406 1797 2476; x_wconf 90' lang='lat' dir='ltr'><strong>ipsa</strong></span> 
     </span>
    </p>
   </div>
   <div class='ocr_carea' id='block_1_24' title="bbox 206 2487 1799 2563">
    <p class='ocr_par' dir='ltr' id='par_1_24' title="bbox 206 2487 1799 2563">
     <span class='ocr_line' id='line_1_24' title="bbox 206 2487 1799 2563; baseline 0.008 -23"><span class='ocrx_word' id='word_1_167' title='bbox 206 2494 264 2540; x_wconf 88' lang='lat' dir='ltr'><strong>et</strong></span> <span class='ocrx_word' id='word_1_168' title='bbox 292 2487 480 2555; x_wconf 88' lang='lat' dir='ltr'><strong>virtus,</strong></span> <span class='ocrx_word' id='word_1_169' title='bbox 507 2499 563 2543; x_wconf 93' lang='lat' dir='ltr'><strong>et</strong></span> <span class='ocrx_word' id='word_1_170' title='bbox 591 2490 693 2545; x_wconf 89' lang='lat' dir='ltr'><strong>ista</strong></span> <span class='ocrx_word' id='word_1_171' title='bbox 721 2492 1019 2562; x_wconf 89' lang='lat' dir='ltr'><strong>appetenda</strong></span> <span class='ocrx_word' id='word_1_172' title='bbox 1048 2492 1369 2559; x_wconf 84' lang='lat' dir='ltr'><strong>credantur;</strong></span> <span class='ocrx_word' id='word_1_173' title='bbox 1396 2497 1799 2563; x_wconf 84' lang='lat' dir='ltr'><strong>quaternarium</strong></span> 
     </span>
    </p>
   </div>
   <div class='ocr_carea' id='block_1_25' title="bbox 208 2583 1800 2652">
    <p class='ocr_par' dir='ltr' id='par_1_25' title="bbox 208 2583 1800 2652">
     <span class='ocr_line' id='line_1_25' title="bbox 208 2583 1800 2652; baseline 0.009 -21"><span class='ocrx_word' id='word_1_174' title='bbox 208 2593 492 2635; x_wconf 84' lang='lat' dir='ltr'><strong>numerum</strong></span> <span class='ocrx_word' id='word_1_175' title='bbox 526 2583 741 2652; x_wconf 86' lang='lat' dir='ltr'><strong>triplum</strong></span> <span class='ocrx_word' id='word_1_176' title='bbox 784 2584 1049 2652; x_wconf 90' lang='lat' dir='ltr'><strong>reddunt,</strong></span> <span class='ocrx_word' id='word_1_177' title='bbox 1102 2594 1158 2641; x_wconf 90' lang='lat' dir='ltr'><strong>et</strong></span> <span class='ocrx_word' id='word_1_178' title='bbox 1199 2586 1267 2641; x_wconf 88' lang='lat' dir='ltr'><strong>ad</strong></span> <span class='ocrx_word' id='word_1_179' title='bbox 1307 2586 1590 2643; x_wconf 86' lang='lat' dir='ltr'><strong>duodecim</strong></span> <span class='ocrx_word' id='word_1_180' title='bbox 1624 2597 1800 2647; x_wconf 85' lang='lat' dir='ltr'><strong>sectas</strong></span> 
     </span>
    </p>
   </div>
   <div class='ocr_carea' id='block_1_26' title="bbox 207 2671 1797 2747">
    <p class='ocr_par' dir='ltr' id='par_1_26' title="bbox 207 2671 1797 2747">
     <span class='ocr_line' id='line_1_26' title="bbox 207 2671 1797 2747; baseline 0.011 -25"><span class='ocrx_word' id='word_1_181' title='bbox 207 2671 546 2738; x_wconf 89' lang='lat' dir='ltr'><strong>perveniunt.</strong></span> <span class='ocrx_word' id='word_1_182' title='bbox 580 2673 661 2728; x_wconf 87' lang='lat' dir='ltr'><strong>Ex</strong></span> <span class='ocrx_word' id='word_1_183' title='bbox 691 2676 795 2731; x_wconf 85' lang='lat' dir='ltr'><strong>illis</strong></span> <span class='ocrx_word' id='word_1_184' title='bbox 823 2684 1000 2731; x_wconf 87' lang='lat' dir='ltr'><strong>autem</strong></span> <span class='ocrx_word' id='word_1_185' title='bbox 1029 2688 1257 2747; x_wconf 86' lang='lat' dir='ltr'><strong>quatuor</strong></span> <span class='ocrx_word' id='word_1_186' title='bbox 1294 2680 1455 2735; x_wconf 84' lang='lat' dir='ltr'><strong>rebus</strong></span> <span class='ocrx_word' id='word_1_187' title='bbox 1484 2679 1656 2737; x_wconf 83' lang='lat' dir='ltr'><strong>Varro</strong></span> <span class='ocrx_word' id='word_1_188' title='bbox 1685 2690 1797 2739; x_wconf 86' lang='lat' dir='ltr'><strong>tres</strong></span> 
     </span>
    </p>
   </div>
   <div class='ocr_carea' id='block_1_27' title="bbox 208 2762 1793 2842">
    <p class='ocr_par' dir='ltr' id='par_1_27' title="bbox 208 2762 1793 2842">
     <span class='ocr_line' id='line_1_27' title="bbox 208 2762 1793 2842; baseline 0.008 -28"><span class='ocrx_word' id='word_1_189' title='bbox 208 2762 367 2827; x_wconf 88' lang='lat' dir='ltr'><strong>tollit,</strong></span> <span class='ocrx_word' id='word_1_190' title='bbox 399 2763 723 2833; x_wconf 88' lang='lat' dir='ltr'><strong>voluptatem</strong></span> <span class='ocrx_word' id='word_1_191' title='bbox 754 2766 979 2833; x_wconf 90' lang='lat' dir='ltr'><strong>scilicet,</strong></span> <span class='ocrx_word' id='word_1_192' title='bbox 1023 2777 1080 2823; x_wconf 89' lang='lat' dir='ltr'><strong>et</strong></span> <span class='ocrx_word' id='word_1_193' title='bbox 1106 2769 1359 2838; x_wconf 87' lang='lat' dir='ltr'><strong>quietem,</strong></span> <span class='ocrx_word' id='word_1_194' title='bbox 1388 2778 1443 2825; x_wconf 90' lang='lat' dir='ltr'><strong>et</strong></span> <span class='ocrx_word' id='word_1_195' title='bbox 1472 2779 1793 2842; x_wconf 85' lang='lat' dir='ltr'><strong>utrumque:</strong></span> 
     </span>
    </p>
   </div>
   <div class='ocr_carea' id='block_1_28' title="bbox 206 2851 1794 2929">
    <p class='ocr_par' dir='ltr' id='par_1_28' title="bbox 206 2851 1794 2929">
     <span class='ocr_line' id='line_1_28' title="bbox 206 2851 1794 2929; baseline 0.009 -27"><span class='ocrx_word' id='word_1_196' title='bbox 206 2863 317 2903; x_wconf 91' lang='lat' dir='ltr'><strong>non</strong></span> <span class='ocrx_word' id='word_1_197' title='bbox 347 2851 487 2920; x_wconf 90' lang='lat' dir='ltr'><strong>quod</strong></span> <span class='ocrx_word' id='word_1_198' title='bbox 510 2867 604 2907; x_wconf 88' lang='lat' dir='ltr'><strong>eas</strong></span> <span class='ocrx_word' id='word_1_199' title='bbox 632 2854 919 2923; x_wconf 87' lang='lat' dir='ltr'><strong>improbet,</strong></span> <span class='ocrx_word' id='word_1_200' title='bbox 947 2856 1043 2911; x_wconf 91' lang='lat' dir='ltr'><strong>sed</strong></span> <span class='ocrx_word' id='word_1_201' title='bbox 1070 2858 1212 2928; x_wconf 92' lang='lat' dir='ltr'><strong>quod</strong></span> <span class='ocrx_word' id='word_1_202' title='bbox 1240 2859 1554 2929; x_wconf 90' lang='lat' dir='ltr'><strong>primigenia</strong></span> <span class='ocrx_word' id='word_1_203' title='bbox 1582 2861 1670 2916; x_wconf 84' lang='lat' dir='ltr'><strong>illa</strong></span> <span class='ocrx_word' id='word_1_204' title='bbox 1694 2875 1794 2916; x_wconf 89' lang='lat' dir='ltr'><strong>na-</strong></span> 
     </span>
    </p>
   </div>
   <div class='ocr_carea' id='block_1_29' title="bbox 207 2944 1795 3021">
    <p class='ocr_par' dir='ltr' id='par_1_29' title="bbox 207 2944 1795 3021">
     <span class='ocr_line' id='line_1_29' title="bbox 207 2944 1795 3021; baseline 0.01 -28"><span class='ocrx_word' id='word_1_205' title='bbox 207 2950 345 2995; x_wconf 74' lang='lat' dir='ltr'><strong>turze</strong></span> <span class='ocrx_word' id='word_1_206' title='bbox 365 2951 419 2996; x_wconf 92' lang='lat' dir='ltr'><strong>et</strong></span> <span class='ocrx_word' id='word_1_207' title='bbox 448 2944 774 3014; x_wconf 89' lang='lat' dir='ltr'><strong>voluptatem</strong></span> <span class='ocrx_word' id='word_1_208' title='bbox 803 2946 857 3000; x_wconf 88' lang='lat' dir='ltr'><strong>in</strong></span> <span class='ocrx_word' id='word_1_209' title='bbox 885 2962 947 3003; x_wconf 89' lang='lat' dir='ltr'><strong>se</strong></span> <span class='ocrx_word' id='word_1_210' title='bbox 992 2947 1243 3015; x_wconf 84' lang='lat' dir='ltr'><strong>habeant,</strong></span> <span class='ocrx_word' id='word_1_211' title='bbox 1275 2958 1331 3005; x_wconf 90' lang='lat' dir='ltr'><strong>et</strong></span> <span class='ocrx_word' id='word_1_212' title='bbox 1356 2951 1611 3020; x_wconf 89' lang='lat' dir='ltr'><strong>quietem.</strong></span> <span class='ocrx_word' id='word_1_213' title='bbox 1658 2953 1795 3021; x_wconf 86' lang='lat' dir='ltr'><strong>Quid</strong></span> 
     </span>
    </p>
   </div>
   <div class='ocr_carea' id='block_1_30' title="bbox 200 3036 1796 3113">
    <p class='ocr_par' dir='ltr' id='par_1_30' title="bbox 200 3036 1796 3113">
     <span class='ocr_line' id='line_1_30' title="bbox 200 3036 1796 3113; baseline 0.012 -29"><span class='ocrx_word' id='word_1_214' title='bbox 200 3047 337 3102; x_wconf 82' lang='lat' dir='ltr'><strong>ergo</strong></span> <span class='ocrx_word' id='word_1_215' title='bbox 356 3048 492 3103; x_wconf 89' lang='lat' dir='ltr'><strong>opus</strong></span> <span class='ocrx_word' id='word_1_216' title='bbox 516 3046 600 3091; x_wconf 91' lang='lat' dir='ltr'><strong>est</strong></span> <span class='ocrx_word' id='word_1_217' title='bbox 618 3052 683 3092; x_wconf 84' lang='lat' dir='ltr'><strong>ex</strong></span> <span class='ocrx_word' id='word_1_218' title='bbox 714 3036 800 3091; x_wconf 90' lang='lat' dir='ltr'><strong>his</strong></span> <span class='ocrx_word' id='word_1_219' title='bbox 827 3038 1035 3095; x_wconf 85' lang='lat' dir='ltr'><strong>duabus</strong></span> <span class='ocrx_word' id='word_1_220' title='bbox 1061 3041 1160 3095; x_wconf 87' lang='lat' dir='ltr'><strong>tria</strong></span> <span class='ocrx_word' id='word_1_221' title='bbox 1191 3043 1435 3112; x_wconf 55' lang='lat' dir='ltr'><strong>quaedam</strong></span> <span class='ocrx_word' id='word_1_222' title='bbox 1461 3044 1664 3113; x_wconf 85' lang='lat' dir='ltr'><strong>facere,</strong></span> <span class='ocrx_word' id='word_1_223' title='bbox 1690 3046 1796 3103; x_wconf 87' lang='lat' dir='ltr'><strong>duo</strong></span> 
     </span>
    </p>
   </div>
   <div class='ocr_carea' id='block_1_31' title="bbox 198 3125 1798 3207">
    <p class='ocr_par' dir='ltr' id='par_1_31' title="bbox 198 3125 1798 3207">
     <span class='ocr_line' id='line_1_31' title="bbox 198 3125 1798 3207; baseline 0.01 -30"><span class='ocrx_word' id='word_1_224' title='bbox 198 3125 455 3193; x_wconf 74' lang='lat' dir='ltr'><strong>scilicet,</strong></span> <span class='ocrx_word' id='word_1_225' title='bbox 508 3126 637 3182; x_wconf 90' lang='lat' dir='ltr'><strong>dum</strong></span> <span class='ocrx_word' id='word_1_226' title='bbox 685 3128 995 3200; x_wconf 89' lang='lat' dir='ltr'><strong>singillatim</strong></span> <span class='ocrx_word' id='word_1_227' title='bbox 1042 3142 1369 3203; x_wconf 85' lang='lat' dir='ltr'><strong>appetuntur</strong></span> <span class='ocrx_word' id='word_1_228' title='bbox 1411 3136 1657 3207; x_wconf 87' lang='lat' dir='ltr'><strong>voluptas</strong></span> <span class='ocrx_word' id='word_1_229' title='bbox 1703 3147 1798 3193; x_wconf 87' lang='lat' dir='ltr'><strong>aut</strong></span> 
     </span>
    </p>
   </div>
   <div class='ocr_carea' id='block_1_32' title="bbox 196 3216 1795 3300">
    <p class='ocr_par' dir='ltr' id='par_1_32' title="bbox 196 3216 1795 3300">
     <span class='ocr_line' id='line_1_32' title="bbox 196 3216 1795 3300; baseline 0.014 -34"><span class='ocrx_word' id='word_1_230' title='bbox 196 3216 378 3283; x_wconf 82' lang='lat' dir='ltr'><strong>quies,</strong></span> <span class='ocrx_word' id='word_1_231' title='bbox 423 3226 477 3272; x_wconf 91' lang='lat' dir='ltr'><strong>et</strong></span> <span class='ocrx_word' id='word_1_232' title='bbox 505 3219 739 3285; x_wconf 87' lang='lat' dir='ltr'><strong>tertium,</strong></span> <span class='ocrx_word' id='word_1_233' title='bbox 785 3236 906 3276; x_wconf 93' lang='lat' dir='ltr'><strong>cum</strong></span> <span class='ocrx_word' id='word_1_234' title='bbox 933 3223 1104 3279; x_wconf 64' lang='lat' dir='ltr'><strong>amba:</strong></span> <span class='ocrx_word' id='word_1_235' title='bbox 1130 3226 1324 3293; x_wconf 89' lang='lat' dir='ltr'><strong>simul;</strong></span> <span class='ocrx_word' id='word_1_236' title='bbox 1364 3229 1795 3300; x_wconf 86' lang='lat' dir='ltr'><strong>quandoquidem</strong></span> 
     </span>
    </p>
   </div>
   <div class='ocr_carea' id='block_1_33' title="bbox 200 3309 1794 3388">
    <p class='ocr_par' dir='ltr' id='par_1_33' title="bbox 200 3309 1794 3388">
     <span class='ocr_line' id='line_1_33' title="bbox 200 3309 1794 3388; baseline 0.013 -28"><span class='ocrx_word' id='word_1_237' title='bbox 200 3309 374 3376; x_wconf 80' lang='lat' dir='ltr'><strong>prima</strong></span> <span class='ocrx_word' id='word_1_238' title='bbox 421 3320 626 3366; x_wconf 81' lang='lat' dir='ltr'><strong>naturae</strong></span> <span class='ocrx_word' id='word_1_239' title='bbox 672 3324 726 3367; x_wconf 91' lang='lat' dir='ltr'><strong>et</strong></span> <span class='ocrx_word' id='word_1_240' title='bbox 754 3313 921 3383; x_wconf 87' lang='lat' dir='ltr'><strong>ipsas,</strong></span> <span class='ocrx_word' id='word_1_241' title='bbox 970 3324 1025 3371; x_wconf 92' lang='lat' dir='ltr'><strong>et</strong></span> <span class='ocrx_word' id='word_1_242' title='bbox 1068 3326 1265 3386; x_wconf 74' lang='lat' dir='ltr'><strong>prmter</strong></span> <span class='ocrx_word' id='word_1_243' title='bbox 1294 3320 1437 3388; x_wconf 85' lang='lat' dir='ltr'><strong>ipsas</strong></span> <span class='ocrx_word' id='word_1_244' title='bbox 1476 3322 1581 3377; x_wconf 91' lang='lat' dir='ltr'><strong>alia</strong></span> <span class='ocrx_word' id='word_1_245' title='bbox 1625 3324 1794 3380; x_wconf 85' lang='lat' dir='ltr'><strong>multa</strong></span> 
     </span>
    </p>
   </div>
   <div class='ocr_carea' id='block_1_34' title="bbox 201 3400 1795 3486">
    <p class='ocr_par' dir='ltr' id='par_1_34' title="bbox 201 3400 1795 3486">
     <span class='ocr_line' id='line_1_34' title="bbox 201 3400 1795 3486; baseline 0.013 -34"><span class='ocrx_word' id='word_1_246' title='bbox 201 3400 552 3455; x_wconf 86' lang='lat' dir='ltr'><strong>contineant?</strong></span> <span class='ocrx_word' id='word_1_247' title='bbox 580 3403 656 3459; x_wconf 90' lang='lat' dir='ltr'><strong>De</strong></span> <span class='ocrx_word' id='word_1_248' title='bbox 685 3405 858 3459; x_wconf 90' lang='lat' dir='ltr'><strong>tribus</strong></span> <span class='ocrx_word' id='word_1_249' title='bbox 887 3420 1017 3476; x_wconf 86' lang='lat' dir='ltr'><strong>ergo</strong></span> <span class='ocrx_word' id='word_1_250' title='bbox 1045 3409 1211 3462; x_wconf 86' lang='lat' dir='ltr'><strong>sectis</strong></span> <span class='ocrx_word' id='word_1_251' title='bbox 1236 3410 1285 3464; x_wconf 87' lang='lat' dir='ltr'><strong>ei</strong></span> <span class='ocrx_word' id='word_1_252' title='bbox 1312 3413 1487 3480; x_wconf 88' lang='lat' dir='ltr'><strong>placet</strong></span> <span class='ocrx_word' id='word_1_253' title='bbox 1510 3414 1795 3486; x_wconf 90' lang='lat' dir='ltr'><strong>diligenter</strong></span> 
     </span>
    </p>
   </div>
   <div class='ocr_carea' id='block_1_35' title="bbox 196 3493 1792 3573">
    <p class='ocr_par' dir='ltr' id='par_1_35' title="bbox 196 3493 1792 3573">
     <span class='ocr_line' id='line_1_35' title="bbox 196 3493 1792 3573; baseline 0.012 -30"><span class='ocrx_word' id='word_1_254' title='bbox 196 3504 327 3544; x_wconf 81' lang='lat' dir='ltr'><strong>esse</strong></span> <span class='ocrx_word' id='word_1_255' title='bbox 352 3493 707 3561; x_wconf 89' lang='lat' dir='ltr'><strong>tractandum,</strong></span> <span class='ocrx_word' id='word_1_256' title='bbox 754 3510 1000 3566; x_wconf 65' lang='lat' dir='ltr'><strong>quaenam</strong></span> <span class='ocrx_word' id='word_1_257' title='bbox 1046 3497 1117 3551; x_wconf 87' lang='lat' dir='ltr'><strong>sit</strong></span> <span class='ocrx_word' id='word_1_258' title='bbox 1158 3500 1333 3568; x_wconf 88' lang='lat' dir='ltr'><strong>potius</strong></span> <span class='ocrx_word' id='word_1_259' title='bbox 1362 3502 1627 3573; x_wconf 88' lang='lat' dir='ltr'><strong>eligenda.</strong></span> <span class='ocrx_word' id='word_1_260' title='bbox 1672 3506 1792 3562; x_wconf 85' lang='lat' dir='ltr'><strong>Non</strong></span> 
     </span>
    </p>
   </div>
   <div class='ocr_carea' id='block_1_36' title="bbox 194 3580 1792 3663">
    <p class='ocr_par' dir='ltr' id='par_1_36' title="bbox 194 3580 1792 3663">
     <span class='ocr_line' id='line_1_36' title="bbox 194 3580 1792 3663; baseline 0.011 -30"><span class='ocrx_word' id='word_1_261' title='bbox 194 3580 347 3634; x_wconf 83' lang='lat' dir='ltr'><strong>enim</strong></span> <span class='ocrx_word' id='word_1_262' title='bbox 379 3597 559 3637; x_wconf 88' lang='lat' dir='ltr'><strong>veram</strong></span> <span class='ocrx_word' id='word_1_263' title='bbox 590 3584 705 3653; x_wconf 90' lang='lat' dir='ltr'><strong>plus</strong></span> <span class='ocrx_word' id='word_1_264' title='bbox 726 3600 885 3655; x_wconf 91' lang='lat' dir='ltr'><strong>quam</strong></span> <span class='ocrx_word' id='word_1_265' title='bbox 916 3601 1077 3641; x_wconf 88' lang='lat' dir='ltr'><strong>unam</strong></span> <span class='ocrx_word' id='word_1_266' title='bbox 1103 3603 1228 3642; x_wconf 88' lang='lat' dir='ltr'><strong>vera</strong></span> <span class='ocrx_word' id='word_1_267' title='bbox 1256 3592 1393 3645; x_wconf 90' lang='lat' dir='ltr'><strong>ratio</strong></span> <span class='ocrx_word' id='word_1_268' title='bbox 1420 3606 1541 3648; x_wconf 89' lang='lat' dir='ltr'><strong>esse</strong></span> <span class='ocrx_word' id='word_1_269' title='bbox 1575 3597 1792 3663; x_wconf 88' lang='lat' dir='ltr'><strong>permit-</strong></span> 
     </span>
    </p>
   </div>
   <div class='ocr_carea' id='block_1_37' title="bbox 202 3671 1791 3753">
    <p class='ocr_par' dir='ltr' id='par_1_37' title="bbox 202 3671 1791 3753">
     <span class='ocr_line' id='line_1_37' title="bbox 202 3671 1791 3753; baseline 0.011 -30"><span class='ocrx_word' id='word_1_270' title='bbox 202 3671 288 3733; x_wconf 91' lang='lat' dir='ltr'><strong>tit,</strong></span> <span class='ocrx_word' id='word_1_271' title='bbox 315 3671 427 3725; x_wconf 87' lang='lat' dir='ltr'><strong>sive</strong></span> <span class='ocrx_word' id='word_1_272' title='bbox 456 3672 509 3726; x_wconf 92' lang='lat' dir='ltr'><strong>in</strong></span> <span class='ocrx_word' id='word_1_273' title='bbox 538 3672 620 3728; x_wconf 91' lang='lat' dir='ltr'><strong>his</strong></span> <span class='ocrx_word' id='word_1_274' title='bbox 648 3674 821 3729; x_wconf 90' lang='lat' dir='ltr'><strong>tribus</strong></span> <span class='ocrx_word' id='word_1_275' title='bbox 849 3676 939 3740; x_wconf 89' lang='lat' dir='ltr'><strong>sit,</strong></span> <span class='ocrx_word' id='word_1_276' title='bbox 966 3678 1079 3731; x_wconf 89' lang='lat' dir='ltr'><strong>sive</strong></span> <span class='ocrx_word' id='word_1_277' title='bbox 1106 3678 1303 3733; x_wconf 87' lang='lat' dir='ltr'><strong>alicubi</strong></span> <span class='ocrx_word' id='word_1_278' title='bbox 1329 3680 1477 3748; x_wconf 91' lang='lat' dir='ltr'><strong>alibi,</strong></span> <span class='ocrx_word' id='word_1_279' title='bbox 1505 3683 1645 3751; x_wconf 90' lang='lat' dir='ltr'><strong>quod</strong></span> <span class='ocrx_word' id='word_1_280' title='bbox 1670 3694 1791 3753; x_wconf 90' lang='lat' dir='ltr'><strong>post</strong></span> 
     </span>
    </p>
   </div>
   <div class='ocr_carea' id='block_1_38' title="bbox 199 3763 1789 3840">
    <p class='ocr_par' dir='ltr' id='par_1_38' title="bbox 199 3763 1789 3840">
     <span class='ocr_line' id='line_1_38' title="bbox 199 3763 1789 3840; baseline 0.01 -25"><span class='ocrx_word' id='word_1_281' title='bbox 199 3763 522 3820; x_wconf 81' lang='lat' dir='ltr'><strong>videbimus.</strong></span> <span class='ocrx_word' id='word_1_282' title='bbox 547 3767 764 3821; x_wconf 88' lang='lat' dir='ltr'><strong>interim</strong></span> <span class='ocrx_word' id='word_1_283' title='bbox 782 3767 849 3823; x_wconf 91' lang='lat' dir='ltr'><strong>de</strong></span> <span class='ocrx_word' id='word_1_284' title='bbox 866 3768 948 3822; x_wconf 91' lang='lat' dir='ltr'><strong>his</strong></span> <span class='ocrx_word' id='word_1_285' title='bbox 966 3770 1134 3823; x_wconf 88' lang='lat' dir='ltr'><strong>tribus</strong></span> <span class='ocrx_word' id='word_1_286' title='bbox 1152 3772 1421 3840; x_wconf 88' lang='lat' dir='ltr'><strong>quomodo</strong></span> <span class='ocrx_word' id='word_1_287' title='bbox 1441 3788 1599 3827; x_wconf 89' lang='lat' dir='ltr'><strong>unam</strong></span> <span class='ocrx_word' id='word_1_288' title='bbox 1617 3775 1789 3832; x_wconf 80' lang='lat' dir='ltr'><strong>Vario</strong></span> 
     </span>
    </p>
   </div>
   <div class='ocr_carea' id='block_1_39' title="bbox 197 3855 1786 3931">
    <p class='ocr_par' dir='ltr' id='par_1_39' title="bbox 197 3855 1786 3931">
     <span class='ocr_line' id='line_1_39' title="bbox 197 3855 1786 3931; baseline 0.008 -23"><span class='ocrx_word' id='word_1_289' title='bbox 197 3855 380 3923; x_wconf 88' lang='lat' dir='ltr'><strong>eligat,</strong></span> <span class='ocrx_word' id='word_1_290' title='bbox 405 3865 661 3925; x_wconf 89' lang='lat' dir='ltr'><strong>quantum</strong></span> <span class='ocrx_word' id='word_1_291' title='bbox 688 3858 922 3913; x_wconf 89' lang='lat' dir='ltr'><strong>breviter</strong></span> <span class='ocrx_word' id='word_1_292' title='bbox 946 3869 1237 3930; x_wconf 89' lang='lat' dir='ltr'><strong>aperteque</strong></span> <span class='ocrx_word' id='word_1_293' title='bbox 1273 3875 1577 3931; x_wconf 88' lang='lat' dir='ltr'><strong>possumus,</strong></span> <span class='ocrx_word' id='word_1_294' title='bbox 1611 3864 1786 3920; x_wconf 81' lang='lat' dir='ltr'><strong>disse-</strong></span> 
     </span>
    </p>
   </div>
   <div class='ocr_carea' id='block_1_40' title="bbox 198 3947 1786 4023">
    <p class='ocr_par' dir='ltr' id='par_1_40' title="bbox 198 3947 1786 4023">
     <span class='ocr_line' id='line_1_40' title="bbox 198 3947 1786 4023; baseline 0.006 -24"><span class='ocrx_word' id='word_1_295' title='bbox 198 3960 403 4000; x_wconf 87' lang='lat' dir='ltr'><strong>ramus.</strong></span> <span class='ocrx_word' id='word_1_296' title='bbox 428 3947 549 4001; x_wconf 68' lang='lat' dir='ltr'><strong>ista:</strong></span> <span class='ocrx_word' id='word_1_297' title='bbox 577 3963 770 4019; x_wconf 90' lang='lat' dir='ltr'><strong>nempe</strong></span> <span class='ocrx_word' id='word_1_298' title='bbox 797 3957 909 4004; x_wconf 86' lang='lat' dir='ltr'><strong>tres</strong></span> <span class='ocrx_word' id='word_1_299' title='bbox 932 3959 1093 4005; x_wconf 61' lang='lat' dir='ltr'><strong>secta</strong></span> <span class='ocrx_word' id='word_1_300' title='bbox 1117 3952 1188 4005; x_wconf 86' lang='lat' dir='ltr'><strong>ita</strong></span> <span class='ocrx_word' id='word_1_301' title='bbox 1218 3952 1372 4017; x_wconf 81' lang='lat' dir='ltr'><strong>fiunt,</strong></span> <span class='ocrx_word' id='word_1_302' title='bbox 1399 3966 1523 4007; x_wconf 90' lang='lat' dir='ltr'><strong>eum</strong></span> <span class='ocrx_word' id='word_1_303' title='bbox 1565 3954 1649 4008; x_wconf 91' lang='lat' dir='ltr'><strong>vel</strong></span> <span class='ocrx_word' id='word_1_304' title='bbox 1675 3956 1786 4023; x_wconf 79' lang='lat' dir='ltr'><strong>pri-</strong></span> 
     </span>
    </p>
   </div>
   <div class='ocr_carea' id='block_1_41' title="bbox 196 4040 1786 4115">
    <p class='ocr_par' dir='ltr' id='par_1_41' title="bbox 196 4040 1786 4115">
     <span class='ocr_line' id='line_1_41' title="bbox 196 4040 1786 4115; baseline 0.007 -27"><span class='ocrx_word' id='word_1_305' title='bbox 196 4050 287 4089; x_wconf 88' lang='lat' dir='ltr'><strong>ma</strong></span> <span class='ocrx_word' id='word_1_306' title='bbox 317 4046 519 4092; x_wconf 79' lang='lat' dir='ltr'><strong>natura:</strong></span> <span class='ocrx_word' id='word_1_307' title='bbox 539 4048 760 4108; x_wconf 88' lang='lat' dir='ltr'><strong>propter</strong></span> <span class='ocrx_word' id='word_1_308' title='bbox 785 4040 1161 4110; x_wconf 86' lang='lat' dir='ltr'><strong>virtutem,vel</strong></span> <span class='ocrx_word' id='word_1_309' title='bbox 1183 4042 1352 4097; x_wconf 89' lang='lat' dir='ltr'><strong>virtus</strong></span> <span class='ocrx_word' id='word_1_310' title='bbox 1378 4053 1597 4114; x_wconf 86' lang='lat' dir='ltr'><strong>prepter</strong></span> <span class='ocrx_word' id='word_1_311' title='bbox 1615 4046 1786 4115; x_wconf 90' lang='lat' dir='ltr'><strong>prima</strong></span> 
     </span>
    </p>
   </div>
   <div class='ocr_carea' id='block_1_42' title="bbox 192 4130 1837 4216">
    <p class='ocr_par' dir='ltr' id='par_1_42' title="bbox 192 4130 1837 4216">
     <span class='ocr_line' id='line_1_42' title="bbox 192 4130 1837 4216; baseline 0.006 -35"><span class='ocrx_word' id='word_1_312' title='bbox 192 4136 426 4194; x_wconf 61' lang='lat' dir='ltr'><strong>natura,</strong></span> <span class='ocrx_word' id='word_1_313' title='bbox 451 4130 533 4184; x_wconf 87' lang='lat' dir='ltr'><strong>vel</strong></span> <span class='ocrx_word' id='word_1_314' title='bbox 551 4140 796 4199; x_wconf 90' lang='lat' dir='ltr'><strong>utraque,</strong></span> <span class='ocrx_word' id='word_1_315' title='bbox 821 4131 873 4185; x_wconf 88' lang='lat' dir='ltr'><strong>id</strong></span> <span class='ocrx_word' id='word_1_316' title='bbox 899 4141 1003 4198; x_wconf 85' lang='lat' dir='ltr'><strong>est,</strong></span> <span class='ocrx_word' id='word_1_317' title='bbox 1030 4141 1085 4186; x_wconf 90' lang='lat' dir='ltr'><strong>et</strong></span> <span class='ocrx_word' id='word_1_318' title='bbox 1098 4133 1267 4187; x_wconf 86' lang='lat' dir='ltr'><strong>virtus</strong></span> <span class='ocrx_word' id='word_1_319' title='bbox 1292 4135 1535 4205; x_wconf 89' lang='lat' dir='ltr'><strong>etprima</strong></span> <span class='ocrx_word' id='word_1_320' title='bbox 1556 4144 1782 4203; x_wconf 66' lang='lat' dir='ltr'><strong>naturae,</strong></span> <span class='ocrx_word' id='word_1_321' title='bbox 1828 4206 1837 4216; x_wconf 81' lang='lat'><em>_</em></span> 
     </span>
    </p>
   </div>
   <div class='ocr_carea' id='block_1_43' title="bbox 193 4221 1141 4292">
    <p class='ocr_par' dir='ltr' id='par_1_43' title="bbox 193 4221 1141 4292">
     <span class='ocr_line' id='line_1_43' title="bbox 193 4221 1141 4292; baseline 0.007 -21"><span class='ocrx_word' id='word_1_322' title='bbox 193 4228 418 4288; x_wconf 90' lang='lat' dir='ltr'><strong>propter</strong></span> <span class='ocrx_word' id='word_1_323' title='bbox 446 4234 506 4276; x_wconf 90' lang='lat' dir='ltr'><strong>se</strong></span> <span class='ocrx_word' id='word_1_324' title='bbox 532 4221 645 4292; x_wconf 88' lang='lat' dir='ltr'><strong>ipsa</strong></span> <span class='ocrx_word' id='word_1_325' title='bbox 674 4232 799 4277; x_wconf 92' lang='lat' dir='ltr'><strong>sunt</strong></span> <span class='ocrx_word' id='word_1_326' title='bbox 823 4223 1141 4292; x_wconf 85' lang='lat' dir='ltr'><strong>expetenda.</strong></span> 
     </span>
    </p>
   </div>
   <div class='ocr_carea' id='block_1_44' title="bbox 189 4328 1782 4395">
    <p class='ocr_par' dir='ltr' id='par_1_44' title="bbox 189 4328 1782 4395">
     <span class='ocr_line' id='line_1_44' title="bbox 189 4328 1782 4395; baseline 0.008 -12"><span class='ocrx_word' id='word_1_327' title='bbox 189 4328 424 4387; x_wconf 76' lang='lat' dir='ltr'><strong>CAPUT</strong></span> <span class='ocrx_word' id='word_1_328' title='bbox 463 4331 549 4386; x_wconf 90' lang='lat' dir='ltr'><strong>lll.</strong></span> <span class='ocrx_word' id='word_1_329' title='bbox 578 4362 649 4373; x_wconf 93' lang='grc'><strong>--</strong></span> <span class='ocrx_word' id='word_1_330' title='bbox 690 4332 766 4388; x_wconf 90' lang='lat' dir='ltr'><strong>De</strong></span> <span class='ocrx_word' id='word_1_331' title='bbox 792 4335 949 4389; x_wconf 77' lang='lat' dir='ltr'><strong>tribus</strong></span> <span class='ocrx_word' id='word_1_332' title='bbox 986 4337 1132 4390; x_wconf 80' lang='lat' dir='ltr'><strong>sectis</strong></span> <span class='ocrx_word' id='word_1_333' title='bbox 1158 4352 1409 4391; x_wconf 79' lang='lat' dir='ltr'><strong>summum</strong></span> <span class='ocrx_word' id='word_1_334' title='bbox 1444 4340 1663 4394; x_wconf 80' lang='lat' dir='ltr'><strong>hominis</strong></span> <span class='ocrx_word' id='word_1_335' title='bbox 1689 4342 1782 4395; x_wconf 85' lang='lat' dir='ltr'><strong>bo-</strong></span> 
     </span>
    </p>
   </div>
   <div class='ocr_carea' id='block_1_45' title="bbox 269 4426 1780 4503">
    <p class='ocr_par' dir='ltr' id='par_1_45' title="bbox 269 4426 1780 4503">
     <span class='ocr_line' id='line_1_45' title="bbox 269 4426 1780 4503; baseline 0.008 -28"><span class='ocrx_word' id='word_1_336' title='bbox 269 4426 389 4476; x_wconf 76' lang='lat' dir='ltr'><strong>num</strong></span> <span class='ocrx_word' id='word_1_337' title='bbox 428 4426 784 4491; x_wconf 77' lang='lat' dir='ltr'><strong>qua’rentibtts,</strong></span> <span class='ocrx_word' id='word_1_338' title='bbox 825 4442 977 4495; x_wconf 88' lang='lat' dir='ltr'><strong>quam</strong></span> <span class='ocrx_word' id='word_1_339' title='bbox 1004 4427 1291 4499; x_wconf 78' lang='lat' dir='ltr'><strong>eligendam</strong></span> <span class='ocrx_word' id='word_1_340' title='bbox 1344 4428 1504 4484; x_wconf 85' lang='lat' dir='ltr'><strong>Varro</strong></span> <span class='ocrx_word' id='word_1_341' title='bbox 1548 4431 1780 4503; x_wconf 85' lang='lat' dir='ltr'><strong>deﬁniat,</strong></span> 
     </span>
    </p>
   </div>
   <div class='ocr_carea' id='block_1_46' title="bbox 266 4519 1783 4588">
    <p class='ocr_par' dir='ltr' id='par_1_46' title="bbox 266 4519 1783 4588">
     <span class='ocr_line' id='line_1_46' title="bbox 266 4519 1783 4588; baseline 0.007 -20"><span class='ocrx_word' id='word_1_342' title='bbox 266 4533 478 4586; x_wconf 73' lang='lat' dir='ltr'><strong>sequens</strong></span> <span class='ocrx_word' id='word_1_343' title='bbox 505 4520 685 4573; x_wconf 75' lang='lat' dir='ltr'><strong>veteris</strong></span> <span class='ocrx_word' id='word_1_344' title='bbox 714 4519 1026 4585; x_wconf 69' lang='lat' dir='ltr'><strong>Academiaz,</strong></span> <span class='ocrx_word' id='word_1_345' title='bbox 1054 4522 1303 4576; x_wconf 72' lang='lat' dir='ltr'><strong>Antiocho</strong></span> <span class='ocrx_word' id='word_1_346' title='bbox 1331 4534 1555 4588; x_wconf 82' lang='lat' dir='ltr'><strong>auctore,</strong></span> <span class='ocrx_word' id='word_1_347' title='bbox 1584 4534 1783 4579; x_wconf 81' lang='lat' dir='ltr'><strong>senten-</strong></span> 
     </span>
    </p>
   </div>
   <div class='ocr_carea' id='block_1_47' title="bbox 269 4616 411 4659">
    <p class='ocr_par' dir='ltr' id='par_1_47' title="bbox 269 4616 411 4659">
     <span class='ocr_line' id='line_1_47' title="bbox 269 4616 411 4659; baseline 0 0"><span class='ocrx_word' id='word_1_348' title='bbox 269 4616 411 4659; x_wconf 77' lang='grc' dir='ltr'><strong>ιιαηι.</strong></span> 
     </span>
    </p>
   </div>
   <div class='ocr_carea' id='block_1_48' title="bbox 271 4718 1780 4796">
    <p class='ocr_par' dir='ltr' id='par_1_48' title="bbox 271 4718 1780 4796">
     <span class='ocr_line' id='line_1_48' title="bbox 271 4718 1780 4796; baseline 0.009 -26"><span class='ocrx_word' id='word_1_349' title='bbox 271 4719 321 4770; x_wconf 83' lang='lat' dir='ltr'><strong>l.</strong></span> <span class='ocrx_word' id='word_1_350' title='bbox 363 4718 499 4785; x_wconf 87' lang='lat' dir='ltr'><strong>Quid</strong></span> <span class='ocrx_word' id='word_1_351' title='bbox 542 4735 669 4791; x_wconf 84' lang='lat' dir='ltr'><strong>ergo</strong></span> <span class='ocrx_word' id='word_1_352' title='bbox 710 4720 931 4776; x_wconf 87' lang='lat' dir='ltr'><strong>istorum</strong></span> <span class='ocrx_word' id='word_1_353' title='bbox 965 4724 1121 4776; x_wconf 91' lang='lat' dir='ltr'><strong>trium</strong></span> <span class='ocrx_word' id='word_1_354' title='bbox 1165 4723 1234 4777; x_wconf 86' lang='lat' dir='ltr'><strong>sit</strong></span> <span class='ocrx_word' id='word_1_355' title='bbox 1262 4739 1445 4779; x_wconf 91' lang='lat' dir='ltr'><strong>verum</strong></span> <span class='ocrx_word' id='word_1_356' title='bbox 1484 4735 1644 4796; x_wconf 76' lang='lat' dir='ltr'><strong>atque</strong></span> <span class='ocrx_word' id='word_1_357' title='bbox 1690 4744 1780 4783; x_wconf 91' lang='lat' dir='ltr'><strong>sc-</strong></span> 
     </span>
    </p>
   </div>
   <div class='ocr_carea' id='block_1_49' title="bbox 189 4809 1776 4889">
    <p class='ocr_par' dir='ltr' id='par_1_49' title="bbox 189 4809 1776 4889">
     <span class='ocr_line' id='line_1_49' title="bbox 189 4809 1776 4889; baseline 0.005 -24"><span class='ocrx_word' id='word_1_358' title='bbox 189 4809 481 4876; x_wconf 84' lang='lat' dir='ltr'><strong>ctandutn,</strong></span> <span class='ocrx_word' id='word_1_359' title='bbox 516 4812 618 4866; x_wconf 92' lang='lat' dir='ltr'><strong>isto</strong></span> <span class='ocrx_word' id='word_1_360' title='bbox 666 4814 825 4867; x_wconf 90' lang='lat' dir='ltr'><strong>modo</strong></span> <span class='ocrx_word' id='word_1_361' title='bbox 870 4814 1193 4885; x_wconf 84' lang='lat' dir='ltr'><strong>persuadere</strong></span> <span class='ocrx_word' id='word_1_362' title='bbox 1240 4827 1486 4874; x_wconf 86' lang='lat' dir='ltr'><strong>conatur.</strong></span> <span class='ocrx_word' id='word_1_363' title='bbox 1518 4819 1776 4889; x_wconf 83' lang='lat' dir='ltr'><strong>Primum,</strong></span> 
     </span>
    </p>
   </div>
   <div class='ocr_carea' id='block_1_50' title="bbox 186 4904 1780 4979">
    <p class='ocr_par' dir='ltr' id='par_1_50' title="bbox 186 4904 1780 4979">
     <span class='ocr_line' id='line_1_50' title="bbox 186 4904 1780 4979; baseline 0.009 -24"><span class='ocrx_word' id='word_1_364' title='bbox 186 4904 313 4973; x_wconf 87' lang='lat' dir='ltr'><strong>quia</strong></span> <span class='ocrx_word' id='word_1_365' title='bbox 344 4920 607 4958; x_wconf 85' lang='lat' dir='ltr'><strong>sumntum</strong></span> <span class='ocrx_word' id='word_1_366' title='bbox 632 4905 828 4959; x_wconf 88' lang='lat' dir='ltr'><strong>bonum</strong></span> <span class='ocrx_word' id='word_1_367' title='bbox 859 4907 910 4960; x_wconf 92' lang='lat' dir='ltr'><strong>in</strong></span> <span class='ocrx_word' id='word_1_368' title='bbox 936 4907 1268 4978; x_wconf 86' lang='lat' dir='ltr'><strong>philosophia</strong></span> <span class='ocrx_word' id='word_1_369' title='bbox 1297 4926 1401 4963; x_wconf 93' lang='lat' dir='ltr'><strong>non</strong></span> <span class='ocrx_word' id='word_1_370' title='bbox 1423 4911 1651 4979; x_wconf 90' lang='lat' dir='ltr'><strong>arboris,</strong></span> <span class='ocrx_word' id='word_1_371' title='bbox 1672 4929 1780 4969; x_wconf 88' lang='lat' dir='ltr'><strong>non</strong></span> 
     </span>
    </p>
   </div>
   <div class='ocr_carea' id='block_1_51' title="bbox 189 4995 1779 5073">
    <p class='ocr_par' dir='ltr' id='par_1_51' title="bbox 189 4995 1779 5073">
     <span class='ocr_line' id='line_1_51' title="bbox 189 4995 1779 5073; baseline 0.007 -26"><span class='ocrx_word' id='word_1_372' title='bbox 189 4995 419 5063; x_wconf 87' lang='lat' dir='ltr'><strong>pecoris,</strong></span> <span class='ocrx_word' id='word_1_373' title='bbox 452 5011 554 5050; x_wconf 92' lang='lat' dir='ltr'><strong>non</strong></span> <span class='ocrx_word' id='word_1_374' title='bbox 582 4995 689 5061; x_wconf 88' lang='lat' dir='ltr'><strong>dei,</strong></span> <span class='ocrx_word' id='word_1_375' title='bbox 729 4998 821 5052; x_wconf 89' lang='lat' dir='ltr'><strong>sed</strong></span> <span class='ocrx_word' id='word_1_376' title='bbox 850 4998 1078 5054; x_wconf 85' lang='lat' dir='ltr'><strong>hominis</strong></span> <span class='ocrx_word' id='word_1_377' title='bbox 1104 4999 1379 5069; x_wconf 68' lang='lat' dir='ltr'><strong>quaeritur,</strong></span> <span class='ocrx_word' id='word_1_378' title='bbox 1410 5001 1535 5071; x_wconf 86' lang='lat' dir='ltr'><strong>quid</strong></span> <span class='ocrx_word' id='word_1_379' title='bbox 1562 5002 1630 5056; x_wconf 89' lang='lat' dir='ltr'><strong>sit</strong></span> <span class='ocrx_word' id='word_1_380' title='bbox 1666 5004 1779 5073; x_wconf 92' lang='lat' dir='ltr'><strong>ipse</strong></span> 
     </span>
    </p>
   </div>
   <div class='ocr_carea' id='block_1_52' title="bbox 187 5082 1777 5163">
    <p class='ocr_par' dir='ltr' id='par_1_52' title="bbox 187 5082 1777 5163">
     <span class='ocr_line' id='line_1_52' title="bbox 187 5082 1777 5163; baseline 0.008 -25"><span class='ocrx_word' id='word_1_381' title='bbox 187 5082 372 5150; x_wconf 90' lang='lat' dir='ltr'><strong>homo,</strong></span> <span class='ocrx_word' id='word_1_382' title='bbox 399 5088 743 5155; x_wconf 67' lang='lat' dir='ltr'><strong>quatrendum</strong></span> <span class='ocrx_word' id='word_1_383' title='bbox 771 5097 936 5158; x_wconf 86' lang='lat' dir='ltr'><strong>putat.</strong></span> <span class='ocrx_word' id='word_1_384' title='bbox 956 5089 1129 5145; x_wconf 86' lang='lat' dir='ltr'><strong>Sentit</strong></span> <span class='ocrx_word' id='word_1_385' title='bbox 1153 5092 1348 5161; x_wconf 91' lang='lat' dir='ltr'><strong>quippe</strong></span> <span class='ocrx_word' id='word_1_386' title='bbox 1376 5093 1427 5147; x_wconf 91' lang='lat' dir='ltr'><strong>in</strong></span> <span class='ocrx_word' id='word_1_387' title='bbox 1449 5094 1563 5163; x_wconf 91' lang='lat' dir='ltr'><strong>ejus</strong></span> <span class='ocrx_word' id='word_1_388' title='bbox 1589 5104 1777 5151; x_wconf 88' lang='lat' dir='ltr'><strong>natura</strong></span> 
     </span>
    </p>
   </div>
   <div class='ocr_carea' id='block_1_53' title="bbox 183 5174 1776 5257">
    <p class='ocr_par' dir='ltr' id='par_1_53' title="bbox 183 5174 1776 5257">
     <span class='ocr_line' id='line_1_53' title="bbox 183 5174 1776 5257; baseline 0.009 -29"><span class='ocrx_word' id='word_1_389' title='bbox 183 5174 297 5229; x_wconf 93' lang='lat' dir='ltr'><strong>duo</strong></span> <span class='ocrx_word' id='word_1_390' title='bbox 323 5191 441 5232; x_wconf 89' lang='lat' dir='ltr'><strong>esse</strong></span> <span class='ocrx_word' id='word_1_391' title='bbox 468 5180 732 5247; x_wconf 72' lang='lat' dir='ltr'><strong>qumdam,</strong></span> <span class='ocrx_word' id='word_1_392' title='bbox 761 5196 953 5251; x_wconf 91' lang='lat' dir='ltr'><strong>corpus</strong></span> <span class='ocrx_word' id='word_1_393' title='bbox 977 5192 1031 5236; x_wconf 91' lang='lat' dir='ltr'><strong>et</strong></span> <span class='ocrx_word' id='word_1_394' title='bbox 1054 5182 1286 5237; x_wconf 88' lang='lat' dir='ltr'><strong>animam</strong></span> <span class='ocrx_word' id='word_1_395' title='bbox 1313 5201 1326 5237; x_wconf 92' lang='lat'><strong>:</strong></span> <span class='ocrx_word' id='word_1_396' title='bbox 1359 5194 1413 5238; x_wconf 92' lang='lat' dir='ltr'><strong>et</strong></span> <span class='ocrx_word' id='word_1_397' title='bbox 1447 5186 1635 5239; x_wconf 89' lang='lat' dir='ltr'><strong>horum</strong></span> <span class='ocrx_word' id='word_1_398' title='bbox 1657 5191 1776 5257; x_wconf 91' lang='lat' dir='ltr'><strong>qui-</strong></span> 
     </span>
    </p>
   </div>
   <div class='ocr_carea' id='block_1_54' title="bbox 182 5266 1773 5348">
    <p class='ocr_par' dir='ltr' id='par_1_54' title="bbox 182 5266 1773 5348">
     <span class='ocr_line' id='line_1_54' title="bbox 182 5266 1773 5348; baseline 0.009 -28"><span class='ocrx_word' id='word_1_399' title='bbox 182 5266 310 5321; x_wconf 88' lang='lat' dir='ltr'><strong>dem</strong></span> <span class='ocrx_word' id='word_1_400' title='bbox 354 5268 579 5323; x_wconf 90' lang='lat' dir='ltr'><strong>duorum</strong></span> <span class='ocrx_word' id='word_1_401' title='bbox 610 5272 802 5327; x_wconf 91' lang='lat' dir='ltr'><strong>melius</strong></span> <span class='ocrx_word' id='word_1_402' title='bbox 829 5288 948 5328; x_wconf 91' lang='lat' dir='ltr'><strong>esse</strong></span> <span class='ocrx_word' id='word_1_403' title='bbox 974 5275 1207 5328; x_wconf 88' lang='lat' dir='ltr'><strong>animam</strong></span> <span class='ocrx_word' id='word_1_404' title='bbox 1251 5276 1513 5347; x_wconf 85' lang='lat' dir='ltr'><strong>longeque</strong></span> <span class='ocrx_word' id='word_1_405' title='bbox 1550 5290 1773 5348; x_wconf 70' lang='lat' dir='ltr'><strong>praesta-</strong></span> 
     </span>
    </p>
   </div>
   <div class='ocr_carea' id='block_1_55' title="bbox 182 5355 1774 5429">
    <p class='ocr_par' dir='ltr' id='par_1_55' title="bbox 182 5355 1774 5429">
     <span class='ocr_line' id='line_1_55' title="bbox 182 5355 1774 5429; baseline 0.009 -19"><span class='ocrx_word' id='word_1_406' title='bbox 182 5355 346 5411; x_wconf 86' lang='lat' dir='ltr'><strong>bilius</strong></span> <span class='ocrx_word' id='word_1_407' title='bbox 373 5361 589 5413; x_wconf 90' lang='lat' dir='ltr'><strong>omnino</strong></span> <span class='ocrx_word' id='word_1_408' title='bbox 612 5376 715 5415; x_wconf 89' lang='lat' dir='ltr'><strong>non</strong></span> <span class='ocrx_word' id='word_1_409' title='bbox 744 5361 982 5429; x_wconf 87' lang='lat' dir='ltr'><strong>dubitat;</strong></span> <span class='ocrx_word' id='word_1_410' title='bbox 1012 5363 1108 5418; x_wconf 91' lang='lat' dir='ltr'><strong>sed</strong></span> <span class='ocrx_word' id='word_1_411' title='bbox 1132 5373 1305 5419; x_wconf 88' lang='lat' dir='ltr'><strong>utrum</strong></span> <span class='ocrx_word' id='word_1_412' title='bbox 1329 5367 1504 5420; x_wconf 89' lang='lat' dir='ltr'><strong>anima</strong></span> <span class='ocrx_word' id='word_1_413' title='bbox 1548 5370 1659 5422; x_wconf 89' lang='lat' dir='ltr'><strong>sola</strong></span> <span class='ocrx_word' id='word_1_414' title='bbox 1704 5370 1774 5426; x_wconf 91' lang='lat' dir='ltr'><strong>sit</strong></span> 
     </span>
    </p>
   </div>
   <div class='ocr_carea' id='block_1_56' title="bbox 183 5444 1767 5531">
    <p class='ocr_par' dir='ltr' id='par_1_56' title="bbox 183 5444 1767 5531">
     <span class='ocr_line' id='line_1_56' title="bbox 183 5444 1767 5531; baseline 0.011 -33"><span class='ocrx_word' id='word_1_415' title='bbox 183 5444 371 5514; x_wconf 86' lang='lat' dir='ltr'><strong>homo,</strong></span> <span class='ocrx_word' id='word_1_416' title='bbox 413 5460 469 5502; x_wconf 88' lang='lat' dir='ltr'><strong>ut</strong></span> <span class='ocrx_word' id='word_1_417' title='bbox 500 5451 569 5504; x_wconf 89' lang='lat' dir='ltr'><strong>ita</strong></span> <span class='ocrx_word' id='word_1_418' title='bbox 599 5451 669 5505; x_wconf 90' lang='lat' dir='ltr'><strong>sit</strong></span> <span class='ocrx_word' id='word_1_419' title='bbox 713 5453 763 5507; x_wconf 89' lang='lat' dir='ltr'><strong>ei</strong></span> <span class='ocrx_word' id='word_1_420' title='bbox 802 5469 999 5524; x_wconf 91' lang='lat' dir='ltr'><strong>corpus</strong></span> <span class='ocrx_word' id='word_1_421' title='bbox 1039 5465 1289 5525; x_wconf 85' lang='lat' dir='ltr'><strong>tanquam</strong></span> <span class='ocrx_word' id='word_1_422' title='bbox 1330 5472 1501 5528; x_wconf 89' lang='lat' dir='ltr'><strong>equus</strong></span> <span class='ocrx_word' id='word_1_423' title='bbox 1538 5462 1767 5531; x_wconf 73' lang='lat' dir='ltr'><strong>equiti’.</strong></span> 
     </span>
    </p>
   </div>
   <div class='ocr_carea' id='block_1_57' title="bbox 182 5535 1765 5615">
    <p class='ocr_par' dir='ltr' id='par_1_57' title="bbox 182 5535 1765 5615">
     <span class='ocr_line' id='line_1_57' title="bbox 182 5535 1765 5615; baseline 0.01 -26"><span class='ocrx_word' id='word_1_424' title='bbox 182 5535 363 5605; x_wconf 80' lang='lat' dir='ltr'><strong>Eques</strong></span> <span class='ocrx_word' id='word_1_425' title='bbox 388 5540 532 5593; x_wconf 92' lang='lat' dir='ltr'><strong>enim</strong></span> <span class='ocrx_word' id='word_1_426' title='bbox 558 5556 665 5596; x_wconf 91' lang='lat' dir='ltr'><strong>non</strong></span> <span class='ocrx_word' id='word_1_427' title='bbox 693 5542 855 5598; x_wconf 90' lang='lat' dir='ltr'><strong>homo</strong></span> <span class='ocrx_word' id='word_1_428' title='bbox 882 5553 937 5599; x_wconf 88' lang='lat' dir='ltr'><strong>et</strong></span> <span class='ocrx_word' id='word_1_429' title='bbox 965 5560 1155 5615; x_wconf 77' lang='lat' dir='ltr'><strong>equus,</strong></span> <span class='ocrx_word' id='word_1_430' title='bbox 1178 5545 1273 5601; x_wconf 91' lang='lat' dir='ltr'><strong>sed</strong></span> <span class='ocrx_word' id='word_1_431' title='bbox 1294 5548 1440 5604; x_wconf 88' lang='lat' dir='ltr'><strong>solus</strong></span> <span class='ocrx_word' id='word_1_432' title='bbox 1465 5549 1625 5605; x_wconf 90' lang='lat' dir='ltr'><strong>homo</strong></span> <span class='ocrx_word' id='word_1_433' title='bbox 1645 5563 1727 5607; x_wconf 90' lang='lat' dir='ltr'><strong>est</strong></span> <span class='ocrx_word' id='word_1_434' title='bbox 1752 5570 1765 5605; x_wconf 89' lang='lat'><strong>:</strong></span> 
     </span>
    </p>
   </div>
   <div class='ocr_carea' id='block_1_58' title="bbox 246 5672 1769 5750">
    <p class='ocr_par' dir='ltr' id='par_1_58' title="bbox 246 5672 1769 5750">
     <span class='ocr_line' id='line_1_58' title="bbox 246 5672 1769 5750; baseline 0.011 -30"><span class='ocrx_word' id='word_1_435' title='bbox 246 5672 269 5750; x_wconf 58' lang='grc' dir='ltr'><strong>ξ</strong></span> <span class='ocrx_word' id='word_1_436' title='bbox 300 5674 466 5750; x_wconf 60' lang='lat' dir='ltr'><strong>uie</strong></span> <span class='ocrx_word' id='word_1_437' title='bbox 491 5676 635 5750; x_wconf 75' lang='lat' dir='ltr'><strong>editis</strong></span> <span class='ocrx_word' id='word_1_438' title='bbox 667 5676 874 5750; x_wconf 70' lang='lat' dir='ltr'><strong>additur,</strong></span> <span class='ocrx_word' id='word_1_439' title='bbox 899 5682 1212 5750; x_wconf 58' lang='lat' dir='ltr'><strong>querendum</strong></span> <span class='ocrx_word' id='word_1_440' title='bbox 1251 5689 1385 5746; x_wconf 86' lang='lat' dir='ltr'><strong>putat</strong></span> <span class='ocrx_word' id='word_1_441' title='bbox 1414 5696 1431 5734; x_wconf 92' lang='lat'><em>:</em></span> <span class='ocrx_word' id='word_1_442' title='bbox 1470 5699 1555 5747; x_wconf 90' lang='lat' dir='ltr'><strong>pro</strong></span> <span class='ocrx_word' id='word_1_443' title='bbox 1589 5699 1686 5750; x_wconf 88' lang='lat' dir='ltr'><strong>quo</strong></span> <span class='ocrx_word' id='word_1_444' title='bbox 1718 5688 1769 5738; x_wconf 89' lang='lat' dir='ltr'><strong>in</strong></span> 
     </span>
    </p>
   </div>
   <div class='ocr_carea' id='block_1_59' title="bbox 177 5734 1251 5801">
    <p class='ocr_par' dir='ltr' id='par_1_59' title="bbox 177 5734 1251 5801">
     <span class='ocr_line' id='line_1_59' title="bbox 177 5734 1251 5801; baseline 0.009 -20"><span class='ocrx_word' id='word_1_445' title='bbox 177 5738 289 5801; x_wconf 71' lang='lat' dir='ltr'><strong>ms.</strong></span> <span class='ocrx_word' id='word_1_446' title='bbox 300 5734 603 5801; x_wconf 76' lang='lat' dir='ltr'><strong>relinquitur</strong></span> <span class='ocrx_word' id='word_1_447' title='bbox 624 5734 1023 5801; x_wconf 76' lang='lat' dir='ltr'><strong>subaudiendum,</strong></span> <span class='ocrx_word' id='word_1_448' title='bbox 1050 5742 1251 5794; x_wconf 74' lang='lat' dir='ltr'><strong>dubitat.</strong></span> 
     </span>
    </p>
   </div>
   <div class='ocr_carea' id='block_1_60' title="bbox 244 5793 1759 5874">
    <p class='ocr_par' dir='ltr' id='par_1_60' title="bbox 244 5793 1759 5874">
     <span class='ocr_line' id='line_1_60' title="bbox 244 5793 1759 5874; baseline 0.012 -32"><span class='ocrx_word' id='word_1_449' title='bbox 244 5793 317 5858; x_wconf 80' lang='grc' dir='ltr'><strong>(α)</strong></span> <span class='ocrx_word' id='word_1_450' title='bbox 343 5796 442 5845; x_wconf 81' lang='lat' dir='ltr'><strong>\‘id.</strong></span> <span class='ocrx_word' id='word_1_451' title='bbox 460 5793 617 5851; x_wconf 64' lang='lat' dir='ltr'><strong>&#39;Cicer.</strong></span> <span class='ocrx_word' id='word_1_452' title='bbox 644 5799 729 5850; x_wconf 89' lang='lat' dir='ltr'><strong>lib.</strong></span> <span class='ocrx_word' id='word_1_453' title='bbox 749 5800 781 5849; x_wconf 77' lang='lat'><strong>‘2</strong></span> <span class='ocrx_word' id='word_1_454' title='bbox 800 5803 862 5852; x_wconf 87' lang='lat' dir='ltr'><strong>de</strong></span> <span class='ocrx_word' id='word_1_455' title='bbox 887 5793 1095 5867; x_wconf 73' lang='lat' dir='ltr'><strong>Finibus,</strong></span> <span class='ocrx_word' id='word_1_456' title='bbox 1110 5793 1213 5867; x_wconf 87' lang='lat' dir='ltr'><strong>cap.</strong></span> <span class='ocrx_word' id='word_1_457' title='bbox 1246 5806 1317 5871; x_wconf 83' lang='lat' dir='ltr'><strong>ll,</strong></span> <span class='ocrx_word' id='word_1_458' title='bbox 1347 5814 1397 5858; x_wconf 90' lang='lat' dir='ltr'><strong>et</strong></span> <span class='ocrx_word' id='word_1_459' title='bbox 1415 5807 1498 5859; x_wconf 89' lang='lat' dir='ltr'><strong>lib.</strong></span> <span class='ocrx_word' id='word_1_460' title='bbox 1524 5810 1571 5874; x_wconf 78' lang='lat'><strong>5,</strong></span> <span class='ocrx_word' id='word_1_461' title='bbox 1591 5813 1759 5873; x_wconf 84' lang='lat' dir='ltr'><strong>cap.7.</strong></span> 
     </span>
    </p>
   </div>
   <div class='ocr_carea' id='block_1_61' title="bbox 1419 373 2240 433">
    <p class='ocr_par' dir='ltr' id='par_1_61' title="bbox 1419 373 2240 433">
     <span class='ocr_line' id='line_1_61' title="bbox 1419 373 2240 433; baseline 0 -3"><span class='ocrx_word' id='word_1_462' title='bbox 1419 373 1621 430; x_wconf 77' lang='lat' dir='ltr'><strong>LIBER</strong></span> <span class='ocrx_word' id='word_1_463' title='bbox 1664 373 1961 432; x_wconf 77' lang='lat' dir='ltr'><strong>DECIMUS</strong></span> <span class='ocrx_word' id='word_1_464' title='bbox 1996 376 2240 433; x_wconf 79' lang='lat' dir='ltr'><strong>NONUS.</strong></span> 
     </span>
    </p>
   </div>
   <div class='ocr_carea' id='block_1_62' title="bbox 3388 376 3491 433">
    <p class='ocr_par' dir='ltr' id='par_1_62' title="bbox 3388 376 3491 433">
     <span class='ocr_line' id='line_1_62' title="bbox 3388 376 3491 433; baseline 0.01 -1"><span class='ocrx_word' id='word_1_465' title='bbox 3388 376 3491 433; x_wconf 68' lang='grc'><strong>820</strong></span> 
     </span>
    </p>
   </div>
   <div class='ocr_carea' id='block_1_63' title="bbox 1913 489 3491 561">
    <p class='ocr_par' dir='ltr' id='par_1_63' title="bbox 1913 489 3491 561">
     <span class='ocr_line' id='line_1_63' title="bbox 1913 489 3491 561; baseline 0.001 -16"><span class='ocrx_word' id='word_1_466' title='bbox 1913 489 2037 545; x_wconf 89' lang='lat' dir='ltr'><strong>ideo</strong></span> <span class='ocrx_word' id='word_1_467' title='bbox 2076 500 2253 545; x_wconf 84' lang='lat' dir='ltr'><strong>tamen</strong></span> <span class='ocrx_word' id='word_1_468' title='bbox 2292 504 2455 561; x_wconf 85' lang='lat' dir='ltr'><strong>eques</strong></span> <span class='ocrx_word' id='word_1_469' title='bbox 2496 489 2709 557; x_wconf 83' lang='lat' dir='ltr'><strong>dicitur,</strong></span> <span class='ocrx_word' id='word_1_470' title='bbox 2735 489 2878 561; x_wconf 91' lang='lat' dir='ltr'><strong>quod</strong></span> <span class='ocrx_word' id='word_1_471' title='bbox 2907 489 3086 560; x_wconf 83' lang='lat' dir='ltr'><strong>aliquo</strong></span> <span class='ocrx_word' id='word_1_472' title='bbox 3114 489 3277 546; x_wconf 82' lang='lat' dir='ltr'><strong>modo</strong></span> <span class='ocrx_word' id='word_1_473' title='bbox 3300 504 3361 547; x_wconf 83' lang='lat' dir='ltr'><strong>se</strong></span> <span class='ocrx_word' id='word_1_474' title='bbox 3391 491 3491 546; x_wconf 83' lang='lat' dir='ltr'><strong>ha-</strong></span> 
     </span>
    </p>
   </div>
   <div class='ocr_carea' id='block_1_64' title="bbox 1906 581 3491 653">
    <p class='ocr_par' dir='ltr' id='par_1_64' title="bbox 1906 581 3491 653">
     <span class='ocr_line' id='line_1_64' title="bbox 1906 581 3491 653; baseline -0.001 -14"><span class='ocrx_word' id='word_1_475' title='bbox 1906 584 2031 639; x_wconf 88' lang='lat' dir='ltr'><strong>beat</strong></span> <span class='ocrx_word' id='word_1_476' title='bbox 2056 584 2122 639; x_wconf 82' lang='lat' dir='ltr'><strong>ad</strong></span> <span class='ocrx_word' id='word_1_477' title='bbox 2147 599 2363 653; x_wconf 88' lang='lat' dir='ltr'><strong>equum.</strong></span> <span class='ocrx_word' id='word_1_478' title='bbox 2413 585 2496 639; x_wconf 83' lang='lat' dir='ltr'><strong>An</strong></span> <span class='ocrx_word' id='word_1_479' title='bbox 2526 598 2721 653; x_wconf 91' lang='lat' dir='ltr'><strong>corpus</strong></span> <span class='ocrx_word' id='word_1_480' title='bbox 2764 584 2936 637; x_wconf 88' lang='lat' dir='ltr'><strong>solum</strong></span> <span class='ocrx_word' id='word_1_481' title='bbox 2975 582 3046 638; x_wconf 91' lang='lat' dir='ltr'><strong>sit</strong></span> <span class='ocrx_word' id='word_1_482' title='bbox 3095 581 3278 647; x_wconf 89' lang='lat' dir='ltr'><strong>homo,</strong></span> <span class='ocrx_word' id='word_1_483' title='bbox 3309 582 3491 651; x_wconf 81' lang='lat' dir='ltr'><strong>aliquo</strong></span> 
     </span>
    </p>
   </div>
   <div class='ocr_carea' id='block_1_65' title="bbox 1907 671 3493 742">
    <p class='ocr_par' dir='ltr' id='par_1_65' title="bbox 1907 671 3493 742">
     <span class='ocr_line' id='line_1_65' title="bbox 1907 671 3493 742; baseline -0.002 -13"><span class='ocrx_word' id='word_1_484' title='bbox 1907 674 2068 729; x_wconf 90' lang='lat' dir='ltr'><strong>modo</strong></span> <span class='ocrx_word' id='word_1_485' title='bbox 2095 689 2155 729; x_wconf 92' lang='lat' dir='ltr'><strong>se</strong></span> <span class='ocrx_word' id='word_1_486' title='bbox 2183 674 2387 730; x_wconf 88' lang='lat' dir='ltr'><strong>habens</strong></span> <span class='ocrx_word' id='word_1_487' title='bbox 2414 674 2481 728; x_wconf 87' lang='lat' dir='ltr'><strong>ad</strong></span> <span class='ocrx_word' id='word_1_488' title='bbox 2506 675 2761 740; x_wconf 87' lang='lat' dir='ltr'><strong>animam,</strong></span> <span class='ocrx_word' id='word_1_489' title='bbox 2784 675 2924 729; x_wconf 87' lang='lat' dir='ltr'><strong>sicut</strong></span> <span class='ocrx_word' id='word_1_490' title='bbox 2946 672 3197 742; x_wconf 91' lang='lat' dir='ltr'><strong>poculum</strong></span> <span class='ocrx_word' id='word_1_491' title='bbox 3224 671 3291 726; x_wconf 90' lang='lat' dir='ltr'><strong>ad</strong></span> <span class='ocrx_word' id='word_1_492' title='bbox 3316 672 3493 741; x_wconf 77' lang='lat' dir='ltr'><strong>potio-</strong></span> 
     </span>
    </p>
   </div>
   <div class='ocr_carea' id='block_1_66' title="bbox 1907 760 3489 833">
    <p class='ocr_par' dir='ltr' id='par_1_66' title="bbox 1907 760 3489 833">
     <span class='ocr_line' id='line_1_66' title="bbox 1907 760 3489 833; baseline -0.003 -14"><span class='ocrx_word' id='word_1_493' title='bbox 1907 779 2031 819; x_wconf 88' lang='lat' dir='ltr'><strong>nem</strong></span> <span class='ocrx_word' id='word_1_494' title='bbox 2057 782 2069 818; x_wconf 93' lang='lat'>:</span> <span class='ocrx_word' id='word_1_495' title='bbox 2100 778 2206 818; x_wconf 92' lang='lat' dir='ltr'><strong>non</strong></span> <span class='ocrx_word' id='word_1_496' title='bbox 2243 764 2387 819; x_wconf 92' lang='lat' dir='ltr'><strong>enim</strong></span> <span class='ocrx_word' id='word_1_497' title='bbox 2414 764 2553 820; x_wconf 91' lang='lat' dir='ltr'><strong>calix</strong></span> <span class='ocrx_word' id='word_1_498' title='bbox 2580 772 2635 818; x_wconf 93' lang='lat' dir='ltr'><strong>et</strong></span> <span class='ocrx_word' id='word_1_499' title='bbox 2662 763 2829 833; x_wconf 91' lang='lat' dir='ltr'><strong>potio,</strong></span> <span class='ocrx_word' id='word_1_500' title='bbox 2860 778 3019 832; x_wconf 87' lang='lat' dir='ltr'><strong>quam</strong></span> <span class='ocrx_word' id='word_1_501' title='bbox 3049 761 3288 817; x_wconf 88' lang='lat' dir='ltr'><strong>continet</strong></span> <span class='ocrx_word' id='word_1_502' title='bbox 3325 760 3489 827; x_wconf 81' lang='lat' dir='ltr'><strong>calix,</strong></span> 
     </span>
    </p>
   </div>
   <div class='ocr_carea' id='block_1_67' title="bbox 1906 850 3490 923">
    <p class='ocr_par' dir='ltr' id='par_1_67' title="bbox 1906 850 3490 923">
     <span class='ocr_line' id='line_1_67' title="bbox 1906 850 3490 923; baseline -0.003 -15"><span class='ocrx_word' id='word_1_503' title='bbox 1906 854 2063 907; x_wconf 87' lang='lat' dir='ltr'><strong>simul</strong></span> <span class='ocrx_word' id='word_1_504' title='bbox 2093 853 2286 908; x_wconf 91' lang='lat' dir='ltr'><strong>dicitur</strong></span> <span class='ocrx_word' id='word_1_505' title='bbox 2309 853 2580 923; x_wconf 90' lang='lat' dir='ltr'><strong>poculum,</strong></span> <span class='ocrx_word' id='word_1_506' title='bbox 2612 853 2704 908; x_wconf 89' lang='lat' dir='ltr'><strong>sed</strong></span> <span class='ocrx_word' id='word_1_507' title='bbox 2751 853 2887 907; x_wconf 89' lang='lat' dir='ltr'><strong>calix</strong></span> <span class='ocrx_word' id='word_1_508' title='bbox 2916 852 3061 906; x_wconf 89' lang='lat' dir='ltr'><strong>solus</strong></span> <span class='ocrx_word' id='word_1_509' title='bbox 3087 867 3103 916; x_wconf 88' lang='lat'><strong>;</strong></span> <span class='ocrx_word' id='word_1_510' title='bbox 3146 850 3269 905; x_wconf 89' lang='lat' dir='ltr'><strong>ideo</strong></span> <span class='ocrx_word' id='word_1_511' title='bbox 3309 858 3490 904; x_wconf 90' lang='lat' dir='ltr'><strong>tamen</strong></span> 
     </span>
    </p>
   </div>
   <div class='ocr_carea' id='block_1_68' title="bbox 1906 940 3494 1013">
    <p class='ocr_par' dir='ltr' id='par_1_68' title="bbox 1906 940 3494 1013">
     <span class='ocr_line' id='line_1_68' title="bbox 1906 940 3494 1013; baseline -0.003 -15"><span class='ocrx_word' id='word_1_512' title='bbox 1906 944 2047 1013; x_wconf 88' lang='lat' dir='ltr'><strong>quod</strong></span> <span class='ocrx_word' id='word_1_513' title='bbox 2075 944 2275 1013; x_wconf 89' lang='lat' dir='ltr'><strong>potioni</strong></span> <span class='ocrx_word' id='word_1_514' title='bbox 2303 944 2637 998; x_wconf 70' lang='lat' dir='ltr'><strong>continendae</strong></span> <span class='ocrx_word' id='word_1_515' title='bbox 2667 944 2734 997; x_wconf 92' lang='lat' dir='ltr'><strong>sit</strong></span> <span class='ocrx_word' id='word_1_516' title='bbox 2757 941 3211 997; x_wconf 88' lang='lat' dir='ltr'><strong>accommodatus.</strong></span> <span class='ocrx_word' id='word_1_517' title='bbox 3249 940 3331 995; x_wconf 85' lang='lat' dir='ltr'><strong>An</strong></span> <span class='ocrx_word' id='word_1_518' title='bbox 3362 954 3494 995; x_wconf 88' lang='lat' dir='ltr'><strong>vero</strong></span> 
     </span>
    </p>
   </div>
   <div class='ocr_carea' id='block_1_69' title="bbox 1906 1033 3488 1104">
    <p class='ocr_par' dir='ltr' id='par_1_69' title="bbox 1906 1033 3488 1104">
     <span class='ocr_line' id='line_1_69' title="bbox 1906 1033 3488 1104; baseline -0.001 -14"><span class='ocrx_word' id='word_1_519' title='bbox 1906 1051 2008 1092; x_wconf 90' lang='lat' dir='ltr'><strong>nec</strong></span> <span class='ocrx_word' id='word_1_520' title='bbox 2032 1037 2208 1091; x_wconf 90' lang='lat' dir='ltr'><strong>anima</strong></span> <span class='ocrx_word' id='word_1_521' title='bbox 2238 1036 2369 1100; x_wconf 92' lang='lat' dir='ltr'><strong>sola,</strong></span> <span class='ocrx_word' id='word_1_522' title='bbox 2400 1050 2500 1090; x_wconf 91' lang='lat' dir='ltr'><strong>nec</strong></span> <span class='ocrx_word' id='word_1_523' title='bbox 2524 1035 2696 1089; x_wconf 86' lang='lat' dir='ltr'><strong>solum</strong></span> <span class='ocrx_word' id='word_1_524' title='bbox 2724 1049 2939 1104; x_wconf 91' lang='lat' dir='ltr'><strong>corpus,</strong></span> <span class='ocrx_word' id='word_1_525' title='bbox 2966 1033 3061 1089; x_wconf 90' lang='lat' dir='ltr'><strong>sed</strong></span> <span class='ocrx_word' id='word_1_526' title='bbox 3094 1033 3254 1089; x_wconf 90' lang='lat' dir='ltr'><strong>simul</strong></span> <span class='ocrx_word' id='word_1_527' title='bbox 3280 1042 3488 1089; x_wconf 60' lang='lat' dir='ltr'><strong>utrum-</strong></span> 
     </span>
    </p>
   </div>
   <div class='ocr_carea' id='block_1_70' title="bbox 1905 1124 3492 1196">
    <p class='ocr_par' dir='ltr' id='par_1_70' title="bbox 1905 1124 3492 1196">
     <span class='ocr_line' id='line_1_70' title="bbox 1905 1124 3492 1196; baseline -0.001 -15"><span class='ocrx_word' id='word_1_528' title='bbox 1905 1141 2011 1196; x_wconf 86' lang='lat' dir='ltr'><strong>que</strong></span> <span class='ocrx_word' id='word_1_529' title='bbox 2030 1127 2098 1181; x_wconf 90' lang='lat' dir='ltr'><strong>sit</strong></span> <span class='ocrx_word' id='word_1_530' title='bbox 2126 1127 2306 1191; x_wconf 86' lang='lat' dir='ltr'><strong>homo,</strong></span> <span class='ocrx_word' id='word_1_531' title='bbox 2338 1126 2490 1195; x_wconf 86' lang='lat' dir='ltr'><strong>cujus</strong></span> <span class='ocrx_word' id='word_1_532' title='bbox 2517 1140 2638 1194; x_wconf 90' lang='lat' dir='ltr'><strong>pars</strong></span> <span class='ocrx_word' id='word_1_533' title='bbox 2660 1128 2728 1178; x_wconf 91' lang='lat' dir='ltr'><strong>sit</strong></span> <span class='ocrx_word' id='word_1_534' title='bbox 2752 1140 2855 1178; x_wconf 90' lang='lat' dir='ltr'><strong>una</strong></span> <span class='ocrx_word' id='word_1_535' title='bbox 2892 1125 3003 1179; x_wconf 86' lang='lat' dir='ltr'><strong>sive</strong></span> <span class='ocrx_word' id='word_1_536' title='bbox 3029 1124 3205 1181; x_wconf 86' lang='lat' dir='ltr'><strong>anima</strong></span> <span class='ocrx_word' id='word_1_537' title='bbox 3229 1124 3341 1179; x_wconf 87' lang='lat' dir='ltr'><strong>sive</strong></span> <span class='ocrx_word' id='word_1_538' title='bbox 3366 1138 3492 1179; x_wconf 82' lang='lat' dir='ltr'><strong>cor-</strong></span> 
     </span>
    </p>
   </div>
   <div class='ocr_carea' id='block_1_71' title="bbox 1906 1213 3493 1286">
    <p class='ocr_par' dir='ltr' id='par_1_71' title="bbox 1906 1213 3493 1286">
     <span class='ocr_line' id='line_1_71' title="bbox 1906 1213 3493 1286; baseline -0.002 -14"><span class='ocrx_word' id='word_1_539' title='bbox 1906 1232 2029 1286; x_wconf 88' lang='lat' dir='ltr'><strong>pus,</strong></span> <span class='ocrx_word' id='word_1_540' title='bbox 2078 1217 2169 1273; x_wconf 89' lang='lat' dir='ltr'><strong>ille</strong></span> <span class='ocrx_word' id='word_1_541' title='bbox 2210 1227 2388 1272; x_wconf 90' lang='lat' dir='ltr'><strong>autem</strong></span> <span class='ocrx_word' id='word_1_542' title='bbox 2429 1225 2571 1271; x_wconf 88' lang='lat' dir='ltr'><strong>totus</strong></span> <span class='ocrx_word' id='word_1_543' title='bbox 2601 1231 2666 1269; x_wconf 89' lang='lat' dir='ltr'><strong>ex</strong></span> <span class='ocrx_word' id='word_1_544' title='bbox 2697 1225 2921 1284; x_wconf 88' lang='lat' dir='ltr'><strong>utroque</strong></span> <span class='ocrx_word' id='word_1_545' title='bbox 2964 1214 3194 1281; x_wconf 70' lang='lat' dir='ltr'><strong>constet,</strong></span> <span class='ocrx_word' id='word_1_546' title='bbox 3226 1224 3285 1269; x_wconf 91' lang='lat' dir='ltr'><strong>ut</strong></span> <span class='ocrx_word' id='word_1_547' title='bbox 3328 1213 3493 1269; x_wconf 89' lang='lat' dir='ltr'><strong>homo</strong></span> 
     </span>
    </p>
   </div>
   <div class='ocr_carea' id='block_1_72' title="bbox 1906 1304 3494 1377">
    <p class='ocr_par' dir='ltr' id='par_1_72' title="bbox 1906 1304 3494 1377">
     <span class='ocr_line' id='line_1_72' title="bbox 1906 1304 3494 1377; baseline -0.001 -16"><span class='ocrx_word' id='word_1_548' title='bbox 1906 1308 2014 1362; x_wconf 88' lang='lat' dir='ltr'><strong>sit:</strong></span> <span class='ocrx_word' id='word_1_549' title='bbox 2046 1308 2183 1363; x_wconf 91' lang='lat' dir='ltr'><strong>sicut</strong></span> <span class='ocrx_word' id='word_1_550' title='bbox 2207 1308 2343 1363; x_wconf 90' lang='lat' dir='ltr'><strong>duos</strong></span> <span class='ocrx_word' id='word_1_551' title='bbox 2364 1321 2531 1377; x_wconf 85' lang='lat' dir='ltr'><strong>equos</strong></span> <span class='ocrx_word' id='word_1_552' title='bbox 2552 1306 2765 1375; x_wconf 90' lang='lat' dir='ltr'><strong>junctos</strong></span> <span class='ocrx_word' id='word_1_553' title='bbox 2790 1304 2939 1375; x_wconf 84' lang='lat' dir='ltr'><strong>bigas</strong></span> <span class='ocrx_word' id='word_1_554' title='bbox 2970 1318 3241 1369; x_wconf 88' lang='lat' dir='ltr'><strong>vocamus,</strong></span> <span class='ocrx_word' id='word_1_555' title='bbox 3263 1320 3494 1374; x_wconf 89' lang='lat' dir='ltr'><strong>quorum</strong></span> 
     </span>
    </p>
   </div>
   <div class='ocr_carea' id='block_1_73' title="bbox 1904 1395 3493 1466">
    <p class='ocr_par' dir='ltr' id='par_1_73' title="bbox 1904 1395 3493 1466">
     <span class='ocr_line' id='line_1_73' title="bbox 1904 1395 3493 1466; baseline -0.002 -14"><span class='ocrx_word' id='word_1_556' title='bbox 1904 1397 2017 1452; x_wconf 91' lang='lat' dir='ltr'><strong>sive</strong></span> <span class='ocrx_word' id='word_1_557' title='bbox 2052 1397 2260 1462; x_wconf 88' lang='lat' dir='ltr'><strong>dexter,</strong></span> <span class='ocrx_word' id='word_1_558' title='bbox 2307 1398 2421 1452; x_wconf 91' lang='lat' dir='ltr'><strong>sive</strong></span> <span class='ocrx_word' id='word_1_559' title='bbox 2466 1398 2701 1463; x_wconf 86' lang='lat' dir='ltr'><strong>sinister,</strong></span> <span class='ocrx_word' id='word_1_560' title='bbox 2750 1410 2874 1466; x_wconf 89' lang='lat' dir='ltr'><strong>pars</strong></span> <span class='ocrx_word' id='word_1_561' title='bbox 2904 1404 2988 1450; x_wconf 88' lang='lat' dir='ltr'><strong>est</strong></span> <span class='ocrx_word' id='word_1_562' title='bbox 3032 1395 3293 1464; x_wconf 88' lang='lat' dir='ltr'><strong>bigarum,</strong></span> <span class='ocrx_word' id='word_1_563' title='bbox 3328 1410 3493 1450; x_wconf 90' lang='lat' dir='ltr'><strong>unum</strong></span> 
     </span>
    </p>
   </div>
   <div class='ocr_carea' id='block_1_74' title="bbox 1904 1486 3494 1559">
    <p class='ocr_par' dir='ltr' id='par_1_74' title="bbox 1904 1486 3494 1559">
     <span class='ocr_line' id='line_1_74' title="bbox 1904 1486 3494 1559; baseline -0.001 -17"><span class='ocrx_word' id='word_1_564' title='bbox 1904 1503 2035 1543; x_wconf 82' lang='lat' dir='ltr'><strong>vero</strong></span> <span class='ocrx_word' id='word_1_565' title='bbox 2056 1504 2242 1544; x_wconf 90' lang='lat' dir='ltr'><strong>eorum</strong></span> <span class='ocrx_word' id='word_1_566' title='bbox 2263 1505 2476 1559; x_wconf 91' lang='lat' dir='ltr'><strong>quoquo</strong></span> <span class='ocrx_word' id='word_1_567' title='bbox 2498 1488 2656 1544; x_wconf 90' lang='lat' dir='ltr'><strong>modo</strong></span> <span class='ocrx_word' id='word_1_568' title='bbox 2677 1502 2738 1543; x_wconf 89' lang='lat' dir='ltr'><strong>se</strong></span> <span class='ocrx_word' id='word_1_569' title='bbox 2763 1486 2955 1542; x_wconf 87' lang='lat' dir='ltr'><strong>habeat</strong></span> <span class='ocrx_word' id='word_1_570' title='bbox 2978 1486 3046 1542; x_wconf 89' lang='lat' dir='ltr'><strong>ad</strong></span> <span class='ocrx_word' id='word_1_571' title='bbox 3072 1488 3318 1553; x_wconf 85' lang='lat' dir='ltr'><strong>alterum,</strong></span> <span class='ocrx_word' id='word_1_572' title='bbox 3345 1488 3494 1557; x_wconf 81' lang='lat' dir='ltr'><strong>bigas</strong></span> 
     </span>
    </p>
   </div>
   <div class='ocr_carea' id='block_1_75' title="bbox 1904 1579 3494 1645">
    <p class='ocr_par' dir='ltr' id='par_1_75' title="bbox 1904 1579 3494 1645">
     <span class='ocr_line' id='line_1_75' title="bbox 1904 1579 3494 1645; baseline 0.001 -12"><span class='ocrx_word' id='word_1_573' title='bbox 1904 1594 2011 1635; x_wconf 90' lang='lat' dir='ltr'><strong>non</strong></span> <span class='ocrx_word' id='word_1_574' title='bbox 2036 1580 2281 1645; x_wconf 90' lang='lat' dir='ltr'><strong>dicimus,</strong></span> <span class='ocrx_word' id='word_1_575' title='bbox 2332 1581 2426 1636; x_wconf 89' lang='lat' dir='ltr'><strong>sed</strong></span> <span class='ocrx_word' id='word_1_576' title='bbox 2452 1582 2639 1636; x_wconf 89' lang='lat' dir='ltr'><strong>ambos</strong></span> <span class='ocrx_word' id='word_1_577' title='bbox 2666 1581 2845 1636; x_wconf 90' lang='lat' dir='ltr'><strong>simul.</strong></span> <span class='ocrx_word' id='word_1_578' title='bbox 2884 1579 3085 1635; x_wconf 80' lang='lat' dir='ltr'><strong>Horum</strong></span> <span class='ocrx_word' id='word_1_579' title='bbox 3110 1586 3291 1636; x_wconf 85' lang='lat' dir='ltr'><strong>autem</strong></span> <span class='ocrx_word' id='word_1_580' title='bbox 3331 1580 3494 1635; x_wconf 87' lang='lat' dir='ltr'><strong>trium</strong></span> 
     </span>
    </p>
   </div>
   <div class='ocr_carea' id='block_1_76' title="bbox 1904 1670 3492 1743">
    <p class='ocr_par' dir='ltr' id='par_1_76' title="bbox 1904 1670 3492 1743">
     <span class='ocr_line' id='line_1_76' title="bbox 1904 1670 3492 1743; baseline -0.003 -16"><span class='ocrx_word' id='word_1_581' title='bbox 1904 1671 2009 1727; x_wconf 91' lang='lat' dir='ltr'><strong>hoc</strong></span> <span class='ocrx_word' id='word_1_582' title='bbox 2036 1673 2185 1743; x_wconf 88' lang='lat' dir='ltr'><strong>eligit</strong></span> <span class='ocrx_word' id='word_1_583' title='bbox 2222 1674 2457 1737; x_wconf 90' lang='lat' dir='ltr'><strong>tertium,</strong></span> <span class='ocrx_word' id='word_1_584' title='bbox 2488 1672 2870 1743; x_wconf 90' lang='lat' dir='ltr'><strong>hominemque</strong></span> <span class='ocrx_word' id='word_1_585' title='bbox 2898 1686 2997 1726; x_wconf 90' lang='lat' dir='ltr'><strong>nec</strong></span> <span class='ocrx_word' id='word_1_586' title='bbox 3036 1671 3270 1725; x_wconf 90' lang='lat' dir='ltr'><strong>animam</strong></span> <span class='ocrx_word' id='word_1_587' title='bbox 3297 1670 3492 1735; x_wconf 89' lang='lat' dir='ltr'><strong>solam,</strong></span> 
     </span>
    </p>
   </div>
   <div class='ocr_carea' id='block_1_77' title="bbox 1904 1760 3496 1833">
    <p class='ocr_par' dir='ltr' id='par_1_77' title="bbox 1904 1760 3496 1833">
     <span class='ocr_line' id='line_1_77' title="bbox 1904 1760 3496 1833; baseline 0.001 -16"><span class='ocrx_word' id='word_1_588' title='bbox 1904 1778 2005 1817; x_wconf 92' lang='lat' dir='ltr'><strong>nec</strong></span> <span class='ocrx_word' id='word_1_589' title='bbox 2028 1764 2199 1817; x_wconf 91' lang='lat' dir='ltr'><strong>solum</strong></span> <span class='ocrx_word' id='word_1_590' title='bbox 2226 1778 2440 1833; x_wconf 91' lang='lat' dir='ltr'><strong>corpus,</strong></span> <span class='ocrx_word' id='word_1_591' title='bbox 2472 1762 2567 1819; x_wconf 88' lang='lat' dir='ltr'><strong>sed</strong></span> <span class='ocrx_word' id='word_1_592' title='bbox 2595 1760 2827 1817; x_wconf 78' lang='lat' dir='ltr'><strong>animam</strong></span> <span class='ocrx_word' id='word_1_593' title='bbox 2854 1762 3014 1818; x_wconf 86' lang='lat' dir='ltr'><strong>simul</strong></span> <span class='ocrx_word' id='word_1_594' title='bbox 3057 1770 3112 1817; x_wconf 90' lang='lat' dir='ltr'><strong>et</strong></span> <span class='ocrx_word' id='word_1_595' title='bbox 3138 1775 3333 1831; x_wconf 87' lang='lat' dir='ltr'><strong>corpus</strong></span> <span class='ocrx_word' id='word_1_596' title='bbox 3372 1774 3496 1818; x_wconf 81' lang='lat' dir='ltr'><strong>esse</strong></span> 
     </span>
    </p>
   </div>
   <div class='ocr_carea' id='block_1_78' title="bbox 1902 1852 3496 1923">
    <p class='ocr_par' dir='ltr' id='par_1_78' title="bbox 1902 1852 3496 1923">
     <span class='ocr_line' id='line_1_78' title="bbox 1902 1852 3496 1923; baseline 0 -16"><span class='ocrx_word' id='word_1_597' title='bbox 1902 1854 2211 1909; x_wconf 89' lang='lat' dir='ltr'><strong>arbitratur.</strong></span> <span class='ocrx_word' id='word_1_598' title='bbox 2241 1853 2472 1910; x_wconf 91' lang='lat' dir='ltr'><strong>Proinde</strong></span> <span class='ocrx_word' id='word_1_599' title='bbox 2500 1868 2769 1909; x_wconf 91' lang='lat' dir='ltr'><strong>summum</strong></span> <span class='ocrx_word' id='word_1_600' title='bbox 2798 1853 2997 1909; x_wconf 91' lang='lat' dir='ltr'><strong>bonum</strong></span> <span class='ocrx_word' id='word_1_601' title='bbox 3022 1852 3276 1917; x_wconf 91' lang='lat' dir='ltr'><strong>hominis,</strong></span> <span class='ocrx_word' id='word_1_602' title='bbox 3302 1867 3411 1923; x_wconf 91' lang='lat' dir='ltr'><strong>quo</strong></span> <span class='ocrx_word' id='word_1_603' title='bbox 3436 1852 3496 1907; x_wconf 85' lang='lat' dir='ltr'><strong>lit</strong></span> 
     </span>
    </p>
   </div>
   <div class='ocr_carea' id='block_1_79' title="bbox 1900 1941 3496 2015">
    <p class='ocr_par' dir='ltr' id='par_1_79' title="bbox 1900 1941 3496 2015">
     <span class='ocr_line' id='line_1_79' title="bbox 1900 1941 3496 2015; baseline -0.002 -14"><span class='ocrx_word' id='word_1_604' title='bbox 1900 1943 2111 2011; x_wconf 86' lang='lat' dir='ltr'><strong>beatus,</strong></span> <span class='ocrx_word' id='word_1_605' title='bbox 2132 1959 2198 2000; x_wconf 89' lang='lat' dir='ltr'><strong>ex</strong></span> <span class='ocrx_word' id='word_1_606' title='bbox 2216 1944 2492 2015; x_wconf 91' lang='lat' dir='ltr'><strong>utriusque</strong></span> <span class='ocrx_word' id='word_1_607' title='bbox 2512 1946 2591 1999; x_wconf 91' lang='lat' dir='ltr'><strong>rei</strong></span> <span class='ocrx_word' id='word_1_608' title='bbox 2614 1944 2769 1999; x_wconf 91' lang='lat' dir='ltr'><strong>bonis</strong></span> <span class='ocrx_word' id='word_1_609' title='bbox 2789 1952 3038 1999; x_wconf 87' lang='lat' dir='ltr'><strong>constare</strong></span> <span class='ocrx_word' id='word_1_610' title='bbox 3057 1942 3209 2008; x_wconf 91' lang='lat' dir='ltr'><strong>dicit,</strong></span> <span class='ocrx_word' id='word_1_611' title='bbox 3230 1950 3286 1997; x_wconf 90' lang='lat' dir='ltr'><strong>et</strong></span> <span class='ocrx_word' id='word_1_612' title='bbox 3303 1941 3496 1998; x_wconf 68' lang='lat' dir='ltr'><strong>animm</strong></span> 
     </span>
    </p>
   </div>
   <div class='ocr_carea' id='block_1_80' title="bbox 1899 2036 3497 2109">
    <p class='ocr_par' dir='ltr' id='par_1_80' title="bbox 1899 2036 3497 2109">
     <span class='ocr_line' id='line_1_80' title="bbox 1899 2036 3497 2109; baseline -0.001 -16"><span class='ocrx_word' id='word_1_613' title='bbox 1899 2037 2105 2093; x_wconf 81' lang='lat' dir='ltr'><strong>scilicet</strong></span> <span class='ocrx_word' id='word_1_614' title='bbox 2126 2046 2180 2093; x_wconf 93' lang='lat' dir='ltr'><strong>et</strong></span> <span class='ocrx_word' id='word_1_615' title='bbox 2204 2038 2465 2109; x_wconf 89' lang='lat' dir='ltr'><strong>corporis.</strong></span> <span class='ocrx_word' id='word_1_616' title='bbox 2492 2036 2570 2093; x_wconf 84' lang='lat' dir='ltr'><strong>Ac</strong></span> <span class='ocrx_word' id='word_1_617' title='bbox 2592 2051 2691 2107; x_wconf 89' lang='lat' dir='ltr'><strong>per</strong></span> <span class='ocrx_word' id='word_1_618' title='bbox 2713 2036 2817 2093; x_wconf 92' lang='lat' dir='ltr'><strong>hoc</strong></span> <span class='ocrx_word' id='word_1_619' title='bbox 2840 2036 3011 2107; x_wconf 90' lang='lat' dir='ltr'><strong>prima</strong></span> <span class='ocrx_word' id='word_1_620' title='bbox 3036 2036 3125 2091; x_wconf 90' lang='lat' dir='ltr'><strong>illa</strong></span> <span class='ocrx_word' id='word_1_621' title='bbox 3146 2043 3350 2092; x_wconf 71' lang='lat' dir='ltr'><strong>natura:</strong></span> <span class='ocrx_word' id='word_1_622' title='bbox 3372 2050 3497 2105; x_wconf 89' lang='lat' dir='ltr'><strong>pro-</strong></span> 
     </span>
    </p>
   </div>
   <div class='ocr_carea' id='block_1_81' title="bbox 1899 2128 3494 2199">
    <p class='ocr_par' dir='ltr' id='par_1_81' title="bbox 1899 2128 3494 2199">
     <span class='ocr_line' id='line_1_81' title="bbox 1899 2128 3494 2199; baseline -0.001 -15"><span class='ocrx_word' id='word_1_623' title='bbox 1899 2136 2022 2199; x_wconf 84' lang='lat' dir='ltr'><strong>pter</strong></span> <span class='ocrx_word' id='word_1_624' title='bbox 2045 2144 2105 2185; x_wconf 89' lang='lat' dir='ltr'><strong>se</strong></span> <span class='ocrx_word' id='word_1_625' title='bbox 2134 2129 2247 2199; x_wconf 89' lang='lat' dir='ltr'><strong>ipsa</strong></span> <span class='ocrx_word' id='word_1_626' title='bbox 2273 2129 2543 2185; x_wconf 82' lang='lat' dir='ltr'><strong>existimat</strong></span> <span class='ocrx_word' id='word_1_627' title='bbox 2569 2129 2895 2199; x_wconf 82' lang='lat' dir='ltr'><strong>expetenda,</strong></span> <span class='ocrx_word' id='word_1_628' title='bbox 2928 2128 3206 2198; x_wconf 86' lang='lat' dir='ltr'><strong>ipsamque</strong></span> <span class='ocrx_word' id='word_1_629' title='bbox 3242 2128 3494 2183; x_wconf 90' lang='lat' dir='ltr'><strong>virtutem</strong></span> 
     </span>
    </p>
   </div>
   <div class='ocr_carea' id='block_1_82' title="bbox 1900 2218 3495 2291">
    <p class='ocr_par' dir='ltr' id='par_1_82' title="bbox 1900 2218 3495 2291">
     <span class='ocr_line' id='line_1_82' title="bbox 1900 2218 3495 2291; baseline -0.001 -16"><span class='ocrx_word' id='word_1_630' title='bbox 1900 2235 2060 2291; x_wconf 90' lang='lat' dir='ltr'><strong>quam</strong></span> <span class='ocrx_word' id='word_1_631' title='bbox 2103 2220 2347 2276; x_wconf 90' lang='lat' dir='ltr'><strong>doctrina</strong></span> <span class='ocrx_word' id='word_1_632' title='bbox 2375 2220 2563 2275; x_wconf 90' lang='lat' dir='ltr'><strong>inserit</strong></span> <span class='ocrx_word' id='word_1_633' title='bbox 2600 2219 2751 2275; x_wconf 89' lang='lat' dir='ltr'><strong>velut</strong></span> <span class='ocrx_word' id='word_1_634' title='bbox 2782 2227 2955 2273; x_wconf 89' lang='lat' dir='ltr'><strong>artem</strong></span> <span class='ocrx_word' id='word_1_635' title='bbox 2996 2218 3229 2283; x_wconf 88' lang='lat' dir='ltr'><strong>vivendi,</strong></span> <span class='ocrx_word' id='word_1_636' title='bbox 3275 2233 3395 2288; x_wconf 67' lang='lat' dir='ltr'><strong>qua:</strong></span> <span class='ocrx_word' id='word_1_637' title='bbox 3438 2218 3495 2273; x_wconf 87' lang='lat' dir='ltr'><strong>in</strong></span> 
     </span>
    </p>
   </div>
   <div class='ocr_carea' id='block_1_83' title="bbox 1899 2308 3496 2378">
    <p class='ocr_par' dir='ltr' id='par_1_83' title="bbox 1899 2308 3496 2378">
     <span class='ocr_line' id='line_1_83' title="bbox 1899 2308 3496 2378; baseline -0.002 -12"><span class='ocrx_word' id='word_1_638' title='bbox 1899 2312 2095 2367; x_wconf 67' lang='lat' dir='ltr'><strong>anima:</strong></span> <span class='ocrx_word' id='word_1_639' title='bbox 2116 2311 2269 2367; x_wconf 90' lang='lat' dir='ltr'><strong>bonis</strong></span> <span class='ocrx_word' id='word_1_640' title='bbox 2288 2318 2372 2367; x_wconf 89' lang='lat' dir='ltr'><strong>est</strong></span> <span class='ocrx_word' id='word_1_641' title='bbox 2386 2310 2894 2366; x_wconf 71' lang='lat' dir='ltr'><strong>exceilentissimum</strong></span> <span class='ocrx_word' id='word_1_642' title='bbox 2912 2308 3130 2363; x_wconf 90' lang='lat' dir='ltr'><strong>bonum.</strong></span> <span class='ocrx_word' id='word_1_643' title='bbox 3158 2308 3496 2378; x_wconf 84' lang='lat' dir='ltr'><strong>Quapropter</strong></span> 
     </span>
    </p>
   </div>
   <div class='ocr_carea' id='block_1_84' title="bbox 1898 2399 3495 2471">
    <p class='ocr_par' dir='ltr' id='par_1_84' title="bbox 1898 2399 3495 2471">
     <span class='ocr_line' id='line_1_84' title="bbox 1898 2399 3495 2471; baseline -0.002 -13"><span class='ocrx_word' id='word_1_644' title='bbox 1898 2402 2087 2458; x_wconf 85' lang='lat' dir='ltr'><strong>eadem</strong></span> <span class='ocrx_word' id='word_1_645' title='bbox 2114 2402 2304 2467; x_wconf 89' lang='lat' dir='ltr'><strong>virtus,</strong></span> <span class='ocrx_word' id='word_1_646' title='bbox 2337 2400 2389 2456; x_wconf 91' lang='lat' dir='ltr'><strong>id</strong></span> <span class='ocrx_word' id='word_1_647' title='bbox 2411 2409 2497 2457; x_wconf 86' lang='lat' dir='ltr'><strong>est</strong></span> <span class='ocrx_word' id='word_1_648' title='bbox 2532 2416 2622 2456; x_wconf 89' lang='lat' dir='ltr'><strong>ars</strong></span> <span class='ocrx_word' id='word_1_649' title='bbox 2649 2400 2869 2471; x_wconf 74' lang='lat' dir='ltr'><strong>agendae</strong></span> <span class='ocrx_word' id='word_1_650' title='bbox 2893 2400 3036 2466; x_wconf 79' lang='lat' dir='ltr'><strong>vitze,</strong></span> <span class='ocrx_word' id='word_1_651' title='bbox 3076 2414 3200 2454; x_wconf 89' lang='lat' dir='ltr'><strong>cum</strong></span> <span class='ocrx_word' id='word_1_652' title='bbox 3225 2399 3495 2469; x_wconf 88' lang='lat' dir='ltr'><strong>acceperit</strong></span> 
     </span>
    </p>
   </div>
   <div class='ocr_carea' id='block_1_85' title="bbox 1900 2490 3490 2565">
    <p class='ocr_par' dir='ltr' id='par_1_85' title="bbox 1900 2490 3490 2565">
     <span class='ocr_line' id='line_1_85' title="bbox 1900 2490 3490 2565; baseline -0.002 -16"><span class='ocrx_word' id='word_1_653' title='bbox 1900 2495 2069 2565; x_wconf 88' lang='lat' dir='ltr'><strong>prima</strong></span> <span class='ocrx_word' id='word_1_654' title='bbox 2100 2504 2322 2560; x_wconf 68' lang='lat' dir='ltr'><strong>naturae,</strong></span> <span class='ocrx_word' id='word_1_655' title='bbox 2352 2508 2473 2563; x_wconf 68' lang='lat' dir='ltr'><strong>quae</strong></span> <span class='ocrx_word' id='word_1_656' title='bbox 2501 2493 2619 2548; x_wconf 88' lang='lat' dir='ltr'><strong>sine</strong></span> <span class='ocrx_word' id='word_1_657' title='bbox 2646 2492 2737 2547; x_wconf 86' lang='lat' dir='ltr'><strong>illa</strong></span> <span class='ocrx_word' id='word_1_658' title='bbox 2765 2500 2940 2557; x_wconf 90' lang='lat' dir='ltr'><strong>erant,</strong></span> <span class='ocrx_word' id='word_1_659' title='bbox 2980 2490 3075 2546; x_wconf 89' lang='lat' dir='ltr'><strong>sed</strong></span> <span class='ocrx_word' id='word_1_660' title='bbox 3124 2499 3303 2547; x_wconf 86' lang='lat' dir='ltr'><strong>tamen</strong></span> <span class='ocrx_word' id='word_1_661' title='bbox 3332 2496 3490 2547; x_wconf 85' lang='lat' dir='ltr'><strong>erant</strong></span> 
     </span>
    </p>
   </div>
   <div class='ocr_carea' id='block_1_86' title="bbox 1897 2581 3491 2655">
    <p class='ocr_par' dir='ltr' id='par_1_86' title="bbox 1897 2581 3491 2655">
     <span class='ocr_line' id='line_1_86' title="bbox 1897 2581 3491 2655; baseline -0.003 -14"><span class='ocrx_word' id='word_1_662' title='bbox 1897 2586 2064 2641; x_wconf 88' lang='lat' dir='ltr'><strong>etiam</strong></span> <span class='ocrx_word' id='word_1_663' title='bbox 2088 2583 2303 2655; x_wconf 84' lang='lat' dir='ltr'><strong>quando</strong></span> <span class='ocrx_word' id='word_1_664' title='bbox 2330 2583 2410 2640; x_wconf 89' lang='lat' dir='ltr'><strong>eis</strong></span> <span class='ocrx_word' id='word_1_665' title='bbox 2435 2584 2675 2640; x_wconf 90' lang='lat' dir='ltr'><strong>doctrina</strong></span> <span class='ocrx_word' id='word_1_666' title='bbox 2703 2582 2879 2637; x_wconf 90' lang='lat' dir='ltr'><strong>adhuc</strong></span> <span class='ocrx_word' id='word_1_667' title='bbox 2917 2582 3123 2647; x_wconf 89' lang='lat' dir='ltr'><strong>deerat,</strong></span> <span class='ocrx_word' id='word_1_668' title='bbox 3154 2581 3333 2636; x_wconf 87' lang='lat' dir='ltr'><strong>omnia</strong></span> <span class='ocrx_word' id='word_1_669' title='bbox 3364 2595 3491 2651; x_wconf 67' lang='lat' dir='ltr'><strong>proo</strong></span> 
     </span>
    </p>
   </div>
   <div class='ocr_carea' id='block_1_87' title="bbox 1900 2672 3486 2747">
    <p class='ocr_par' dir='ltr' id='par_1_87' title="bbox 1900 2672 3486 2747">
     <span class='ocr_line' id='line_1_87' title="bbox 1900 2672 3486 2747; baseline -0.003 -17"><span class='ocrx_word' id='word_1_670' title='bbox 1900 2685 2021 2747; x_wconf 88' lang='lat' dir='ltr'><strong>pter</strong></span> <span class='ocrx_word' id='word_1_671' title='bbox 2045 2691 2104 2731; x_wconf 89' lang='lat' dir='ltr'><strong>se</strong></span> <span class='ocrx_word' id='word_1_672' title='bbox 2134 2677 2302 2746; x_wconf 90' lang='lat' dir='ltr'><strong>ipsam</strong></span> <span class='ocrx_word' id='word_1_673' title='bbox 2330 2675 2553 2745; x_wconf 90' lang='lat' dir='ltr'><strong>appetit,</strong></span> <span class='ocrx_word' id='word_1_674' title='bbox 2577 2673 2839 2744; x_wconf 86' lang='lat' dir='ltr'><strong>simulque</strong></span> <span class='ocrx_word' id='word_1_675' title='bbox 2866 2673 3025 2727; x_wconf 89' lang='lat' dir='ltr'><strong>etiam</strong></span> <span class='ocrx_word' id='word_1_676' title='bbox 3055 2688 3114 2728; x_wconf 92' lang='lat' dir='ltr'><strong>se</strong></span> <span class='ocrx_word' id='word_1_677' title='bbox 3135 2672 3305 2743; x_wconf 85' lang='lat' dir='ltr'><strong>ipsam</strong></span> <span class='ocrx_word' id='word_1_678' title='bbox 3328 2689 3344 2726; x_wconf 89' lang='lat'><strong>:</strong></span> <span class='ocrx_word' id='word_1_679' title='bbox 3367 2686 3486 2727; x_wconf 86' lang='lat' dir='ltr'><strong>om-</strong></span> 
     </span>
    </p>
   </div>
   <div class='ocr_carea' id='block_1_88' title="bbox 1899 2763 3493 2837">
    <p class='ocr_par' dir='ltr' id='par_1_88' title="bbox 1899 2763 3493 2837">
     <span class='ocr_line' id='line_1_88' title="bbox 1899 2763 3493 2837; baseline -0.002 -14"><span class='ocrx_word' id='word_1_680' title='bbox 1899 2764 2162 2837; x_wconf 86' lang='lat' dir='ltr'><strong>nibusque</strong></span> <span class='ocrx_word' id='word_1_681' title='bbox 2187 2767 2344 2823; x_wconf 89' lang='lat' dir='ltr'><strong>simul</strong></span> <span class='ocrx_word' id='word_1_682' title='bbox 2357 2776 2410 2823; x_wconf 91' lang='lat' dir='ltr'><strong>et</strong></span> <span class='ocrx_word' id='word_1_683' title='bbox 2433 2782 2491 2822; x_wconf 90' lang='lat' dir='ltr'><strong>se</strong></span> <span class='ocrx_word' id='word_1_684' title='bbox 2508 2767 2621 2836; x_wconf 91' lang='lat' dir='ltr'><strong>ipsa</strong></span> <span class='ocrx_word' id='word_1_685' title='bbox 2637 2765 2895 2831; x_wconf 69' lang='lat' dir='ltr'><strong>utitur,eo</strong></span> <span class='ocrx_word' id='word_1_686' title='bbox 2922 2767 3026 2821; x_wconf 83' lang='lat' dir='ltr'><strong>line</strong></span> <span class='ocrx_word' id='word_1_687' title='bbox 3044 2774 3100 2819; x_wconf 93' lang='lat' dir='ltr'><strong>ut</strong></span> <span class='ocrx_word' id='word_1_688' title='bbox 3125 2764 3373 2820; x_wconf 90' lang='lat' dir='ltr'><strong>omnibus</strong></span> <span class='ocrx_word' id='word_1_689' title='bbox 3391 2763 3493 2820; x_wconf 86' lang='lat' dir='ltr'><strong>de-</strong></span> 
     </span>
    </p>
   </div>
   <div class='ocr_carea' id='block_1_89' title="bbox 1899 2857 3488 2929">
    <p class='ocr_par' dir='ltr' id='par_1_89' title="bbox 1899 2857 3488 2929">
     <span class='ocr_line' id='line_1_89' title="bbox 1899 2857 3488 2929; baseline -0.001 -15"><span class='ocrx_word' id='word_1_690' title='bbox 1899 2859 2125 2914; x_wconf 90' lang='lat' dir='ltr'><strong>lectetur</strong></span> <span class='ocrx_word' id='word_1_691' title='bbox 2146 2868 2305 2929; x_wconf 88' lang='lat' dir='ltr'><strong>atque</strong></span> <span class='ocrx_word' id='word_1_692' title='bbox 2328 2857 2647 2929; x_wconf 88' lang='lat' dir='ltr'><strong>perfruatur,</strong></span> <span class='ocrx_word' id='word_1_693' title='bbox 2667 2857 2837 2928; x_wconf 85' lang='lat' dir='ltr'><strong>magis</strong></span> <span class='ocrx_word' id='word_1_694' title='bbox 2858 2858 3162 2928; x_wconf 89' lang='lat' dir='ltr'><strong>minusque,</strong></span> <span class='ocrx_word' id='word_1_695' title='bbox 3180 2865 3241 2912; x_wconf 90' lang='lat' dir='ltr'><strong>ut</strong></span> <span class='ocrx_word' id='word_1_696' title='bbox 3262 2871 3488 2928; x_wconf 65' lang='lat' dir='ltr'><strong>qumque</strong></span> 
     </span>
    </p>
   </div>
   <div class='ocr_carea' id='block_1_90' title="bbox 1900 2946 3492 3019">
    <p class='ocr_par' dir='ltr' id='par_1_90' title="bbox 1900 2946 3492 3019">
     <span class='ocr_line' id='line_1_90' title="bbox 1900 2946 3492 3019; baseline 0 -16"><span class='ocrx_word' id='word_1_697' title='bbox 1900 2948 2042 3004; x_wconf 89' lang='lat' dir='ltr'><strong>inter</strong></span> <span class='ocrx_word' id='word_1_698' title='bbox 2083 2964 2143 3004; x_wconf 90' lang='lat' dir='ltr'><strong>se</strong></span> <span class='ocrx_word' id='word_1_699' title='bbox 2168 2949 2371 3019; x_wconf 88' lang='lat' dir='ltr'><strong>majora</strong></span> <span class='ocrx_word' id='word_1_700' title='bbox 2412 2959 2574 3019; x_wconf 89' lang='lat' dir='ltr'><strong>atque</strong></span> <span class='ocrx_word' id='word_1_701' title='bbox 2618 2948 2823 3003; x_wconf 89' lang='lat' dir='ltr'><strong>minora</strong></span> <span class='ocrx_word' id='word_1_702' title='bbox 2850 2957 2991 3012; x_wconf 92' lang='lat' dir='ltr'><strong>sunt,</strong></span> <span class='ocrx_word' id='word_1_703' title='bbox 3028 2956 3205 3003; x_wconf 88' lang='lat' dir='ltr'><strong>tamen</strong></span> <span class='ocrx_word' id='word_1_704' title='bbox 3243 2946 3492 3003; x_wconf 90' lang='lat' dir='ltr'><strong>omnibus</strong></span> 
     </span>
    </p>
   </div>
   <div class='ocr_carea' id='block_1_91' title="bbox 1897 3037 3482 3111">
    <p class='ocr_par' dir='ltr' id='par_1_91' title="bbox 1897 3037 3482 3111">
     <span class='ocr_line' id='line_1_91' title="bbox 1897 3037 3482 3111; baseline -0.001 -18"><span class='ocrx_word' id='word_1_705' title='bbox 1897 3040 2155 3111; x_wconf 83' lang='lat' dir='ltr'><strong>gaudens,</strong></span> <span class='ocrx_word' id='word_1_706' title='bbox 2196 3048 2251 3095; x_wconf 93' lang='lat' dir='ltr'><strong>et</strong></span> <span class='ocrx_word' id='word_1_707' title='bbox 2278 3040 2519 3110; x_wconf 68' lang='lat' dir='ltr'><strong>quardam</strong></span> <span class='ocrx_word' id='word_1_708' title='bbox 2547 3039 2774 3103; x_wconf 89' lang='lat' dir='ltr'><strong>minora,</strong></span> <span class='ocrx_word' id='word_1_709' title='bbox 2821 3039 2865 3092; x_wconf 88' lang='lat' dir='ltr'><strong>si</strong></span> <span class='ocrx_word' id='word_1_710' title='bbox 2896 3039 3189 3093; x_wconf 88' lang='lat' dir='ltr'><strong>necessitas</strong></span> <span class='ocrx_word' id='word_1_711' title='bbox 3226 3037 3482 3108; x_wconf 90' lang='lat' dir='ltr'><strong>postulat,</strong></span> 
     </span>
    </p>
   </div>
   <div class='ocr_carea' id='block_1_92' title="bbox 1902 3130 3491 3203">
    <p class='ocr_par' dir='ltr' id='par_1_92' title="bbox 1902 3130 3491 3203">
     <span class='ocr_line' id='line_1_92' title="bbox 1902 3130 3491 3203; baseline -0.002 -16"><span class='ocrx_word' id='word_1_712' title='bbox 1902 3141 2119 3203; x_wconf 88' lang='lat' dir='ltr'><strong>propter</strong></span> <span class='ocrx_word' id='word_1_713' title='bbox 2146 3132 2348 3202; x_wconf 88' lang='lat' dir='ltr'><strong>majora</strong></span> <span class='ocrx_word' id='word_1_714' title='bbox 2377 3132 2464 3187; x_wconf 91' lang='lat' dir='ltr'><strong>vel</strong></span> <span class='ocrx_word' id='word_1_715' title='bbox 2490 3131 2834 3201; x_wconf 90' lang='lat' dir='ltr'><strong>adipiscenda</strong></span> <span class='ocrx_word' id='word_1_716' title='bbox 2860 3132 2945 3186; x_wconf 92' lang='lat' dir='ltr'><strong>vel</strong></span> <span class='ocrx_word' id='word_1_717' title='bbox 2974 3130 3223 3197; x_wconf 87' lang='lat' dir='ltr'><strong>tenenda,</strong></span> <span class='ocrx_word' id='word_1_718' title='bbox 3250 3139 3491 3186; x_wconf 87' lang='lat' dir='ltr'><strong>contem-</strong></span> 
     </span>
    </p>
   </div>
   <div class='ocr_carea' id='block_1_93' title="bbox 1898 3220 3492 3290">
    <p class='ocr_par' dir='ltr' id='par_1_93' title="bbox 1898 3220 3492 3290">
     <span class='ocr_line' id='line_1_93' title="bbox 1898 3220 3492 3290; baseline -0.001 -13"><span class='ocrx_word' id='word_1_719' title='bbox 1898 3236 2053 3277; x_wconf 86' lang='lat' dir='ltr'><strong>nens.</strong></span> <span class='ocrx_word' id='word_1_720' title='bbox 2081 3220 2332 3276; x_wconf 86' lang='lat' dir='ltr'><strong>Omnium</strong></span> <span class='ocrx_word' id='word_1_721' title='bbox 2361 3229 2539 3277; x_wconf 89' lang='lat' dir='ltr'><strong>autem</strong></span> <span class='ocrx_word' id='word_1_722' title='bbox 2584 3221 2845 3276; x_wconf 89' lang='lat' dir='ltr'><strong>bonorum</strong></span> <span class='ocrx_word' id='word_1_723' title='bbox 2872 3221 2955 3276; x_wconf 92' lang='lat' dir='ltr'><strong>vel</strong></span> <span class='ocrx_word' id='word_1_724' title='bbox 2995 3220 3158 3275; x_wconf 91' lang='lat' dir='ltr'><strong>animi</strong></span> <span class='ocrx_word' id='word_1_725' title='bbox 3184 3220 3269 3275; x_wconf 88' lang='lat' dir='ltr'><strong>vel</strong></span> <span class='ocrx_word' id='word_1_726' title='bbox 3294 3233 3492 3290; x_wconf 92' lang='lat' dir='ltr'><strong>corpo-</strong></span> 
     </span>
    </p>
   </div>
   <div class='ocr_carea' id='block_1_94' title="bbox 1901 3309 3492 3380">
    <p class='ocr_par' dir='ltr' id='par_1_94' title="bbox 1901 3309 3492 3380">
     <span class='ocr_line' id='line_1_94' title="bbox 1901 3309 3492 3380; baseline 0 -14"><span class='ocrx_word' id='word_1_727' title='bbox 1901 3314 1992 3378; x_wconf 89' lang='lat' dir='ltr'><strong>ris,</strong></span> <span class='ocrx_word' id='word_1_728' title='bbox 2019 3311 2151 3366; x_wconf 88' lang='lat' dir='ltr'><strong>nihil</strong></span> <span class='ocrx_word' id='word_1_729' title='bbox 2179 3312 2281 3368; x_wconf 89' lang='lat' dir='ltr'><strong>sibi</strong></span> <span class='ocrx_word' id='word_1_730' title='bbox 2301 3311 2470 3366; x_wconf 90' lang='lat' dir='ltr'><strong>virtus</strong></span> <span class='ocrx_word' id='word_1_731' title='bbox 2496 3314 2714 3365; x_wconf 90' lang='lat' dir='ltr'><strong>omnino</strong></span> <span class='ocrx_word' id='word_1_732' title='bbox 2741 3311 3020 3380; x_wconf 66' lang='lat' dir='ltr'><strong>prmponit.</strong></span> <span class='ocrx_word' id='word_1_733' title='bbox 3042 3311 3167 3365; x_wconf 76' lang='lat' dir='ltr'><strong>Haec</strong></span> <span class='ocrx_word' id='word_1_734' title='bbox 3189 3310 3333 3365; x_wconf 90' lang='lat' dir='ltr'><strong>enim</strong></span> <span class='ocrx_word' id='word_1_735' title='bbox 3356 3309 3492 3366; x_wconf 83' lang='lat' dir='ltr'><strong>bene</strong></span> 
     </span>
    </p>
   </div>
   <div class='ocr_carea' id='block_1_95' title="bbox 1896 3399 3494 3472">
    <p class='ocr_par' dir='ltr' id='par_1_95' title="bbox 1896 3399 3494 3472">
     <span class='ocr_line' id='line_1_95' title="bbox 1896 3399 3494 3472; baseline -0.001 -15"><span class='ocrx_word' id='word_1_736' title='bbox 1896 3404 2067 3458; x_wconf 89' lang='lat' dir='ltr'><strong>utitur</strong></span> <span class='ocrx_word' id='word_1_737' title='bbox 2097 3412 2153 3457; x_wconf 89' lang='lat' dir='ltr'><strong>et</strong></span> <span class='ocrx_word' id='word_1_738' title='bbox 2179 3416 2240 3457; x_wconf 88' lang='lat' dir='ltr'><strong>se</strong></span> <span class='ocrx_word' id='word_1_739' title='bbox 2277 3403 2414 3472; x_wconf 91' lang='lat' dir='ltr'><strong>ipsa,</strong></span> <span class='ocrx_word' id='word_1_740' title='bbox 2462 3410 2516 3456; x_wconf 85' lang='lat' dir='ltr'><strong>et</strong></span> <span class='ocrx_word' id='word_1_741' title='bbox 2542 3400 2771 3467; x_wconf 64' lang='lat' dir='ltr'><strong>caeteris,</strong></span> <span class='ocrx_word' id='word_1_742' title='bbox 2817 3416 2937 3471; x_wconf 79' lang='lat' dir='ltr'><strong>qua:</strong></span> <span class='ocrx_word' id='word_1_743' title='bbox 2973 3400 3245 3455; x_wconf 89' lang='lat' dir='ltr'><strong>hominem</strong></span> <span class='ocrx_word' id='word_1_744' title='bbox 3292 3399 3494 3456; x_wconf 89' lang='lat' dir='ltr'><strong>faciunt</strong></span> 
     </span>
    </p>
   </div>
   <div class='ocr_carea' id='block_1_96' title="bbox 1898 3490 3493 3561">
    <p class='ocr_par' dir='ltr' id='par_1_96' title="bbox 1898 3490 3493 3561">
     <span class='ocr_line' id='line_1_96' title="bbox 1898 3490 3493 3561; baseline -0.001 -13"><span class='ocrx_word' id='word_1_745' title='bbox 1898 3494 2138 3557; x_wconf 88' lang='lat' dir='ltr'><strong>beatum,</strong></span> <span class='ocrx_word' id='word_1_746' title='bbox 2190 3492 2367 3548; x_wconf 92' lang='lat' dir='ltr'><strong>bonis.</strong></span> <span class='ocrx_word' id='word_1_747' title='bbox 2420 3491 2520 3547; x_wconf 91' lang='lat' dir='ltr'><strong>Ubi</strong></span> <span class='ocrx_word' id='word_1_748' title='bbox 2563 3506 2692 3547; x_wconf 90' lang='lat' dir='ltr'><strong>vero</strong></span> <span class='ocrx_word' id='word_1_749' title='bbox 2719 3491 2832 3561; x_wconf 89' lang='lat' dir='ltr'><strong>ipsa</strong></span> <span class='ocrx_word' id='word_1_750' title='bbox 2876 3506 2985 3545; x_wconf 92' lang='lat' dir='ltr'><strong>non</strong></span> <span class='ocrx_word' id='word_1_751' title='bbox 3033 3499 3140 3558; x_wconf 91' lang='lat' dir='ltr'><strong>est,</strong></span> <span class='ocrx_word' id='word_1_752' title='bbox 3197 3490 3493 3561; x_wconf 89' lang='lat' dir='ltr'><strong>quamlibet</strong></span> 
     </span>
    </p>
   </div>
   <div class='ocr_carea' id='block_1_97' title="bbox 1897 3582 3489 3652">
    <p class='ocr_par' dir='ltr' id='par_1_97' title="bbox 1897 3582 3489 3652">
     <span class='ocr_line' id='line_1_97' title="bbox 1897 3582 3489 3652; baseline 0.001 -16"><span class='ocrx_word' id='word_1_753' title='bbox 1897 3584 2061 3638; x_wconf 90' lang='lat' dir='ltr'><strong>multa</strong></span> <span class='ocrx_word' id='word_1_754' title='bbox 2091 3586 2199 3637; x_wconf 90' lang='lat' dir='ltr'><strong>sint</strong></span> <span class='ocrx_word' id='word_1_755' title='bbox 2237 3584 2398 3650; x_wconf 85' lang='lat' dir='ltr'><strong>bona,</strong></span> <span class='ocrx_word' id='word_1_756' title='bbox 2440 3597 2546 3636; x_wconf 92' lang='lat' dir='ltr'><strong>non</strong></span> <span class='ocrx_word' id='word_1_757' title='bbox 2588 3582 2727 3637; x_wconf 92' lang='lat' dir='ltr'><strong>bono</strong></span> <span class='ocrx_word' id='word_1_758' title='bbox 2756 3583 2874 3652; x_wconf 89' lang='lat' dir='ltr'><strong>ejus</strong></span> <span class='ocrx_word' id='word_1_759' title='bbox 2902 3594 3026 3637; x_wconf 91' lang='lat' dir='ltr'><strong>sunt</strong></span> <span class='ocrx_word' id='word_1_760' title='bbox 3058 3585 3097 3647; x_wconf 85' lang='grc'><strong>¹,</strong></span> <span class='ocrx_word' id='word_1_761' title='bbox 3131 3584 3287 3652; x_wconf 89' lang='lat' dir='ltr'><strong>cujus</strong></span> <span class='ocrx_word' id='word_1_762' title='bbox 3327 3592 3489 3648; x_wconf 88' lang='lat' dir='ltr'><strong>sunt;</strong></span> 
     </span>
    </p>
   </div>
   <div class='ocr_carea' id='block_1_98' title="bbox 1894 3671 3490 3741">
    <p class='ocr_par' dir='ltr' id='par_1_98' title="bbox 1894 3671 3490 3741">
     <span class='ocr_line' id='line_1_98' title="bbox 1894 3671 3490 3741; baseline 0.003 -16"><span class='ocrx_word' id='word_1_763' title='bbox 1894 3686 1957 3726; x_wconf 91' lang='lat' dir='ltr'><strong>ac</strong></span> <span class='ocrx_word' id='word_1_764' title='bbox 1986 3686 2083 3741; x_wconf 90' lang='lat' dir='ltr'><strong>per</strong></span> <span class='ocrx_word' id='word_1_765' title='bbox 2109 3672 2209 3727; x_wconf 91' lang='lat' dir='ltr'><strong>hoc</strong></span> <span class='ocrx_word' id='word_1_766' title='bbox 2231 3672 2341 3741; x_wconf 91' lang='lat' dir='ltr'><strong>jam</strong></span> <span class='ocrx_word' id='word_1_767' title='bbox 2375 3686 2473 3727; x_wconf 91' lang='lat' dir='ltr'><strong>nec</strong></span> <span class='ocrx_word' id='word_1_768' title='bbox 2501 3672 2618 3741; x_wconf 91' lang='lat' dir='ltr'><strong>ejus</strong></span> <span class='ocrx_word' id='word_1_769' title='bbox 2646 3671 2785 3726; x_wconf 90' lang='lat' dir='ltr'><strong>bona</strong></span> <span class='ocrx_word' id='word_1_770' title='bbox 2808 3672 3035 3726; x_wconf 88' lang='lat' dir='ltr'><strong>dicenda</strong></span> <span class='ocrx_word' id='word_1_771' title='bbox 3062 3682 3207 3737; x_wconf 91' lang='lat' dir='ltr'><strong>sunt,</strong></span> <span class='ocrx_word' id='word_1_772' title='bbox 3236 3674 3323 3727; x_wconf 89' lang='lat' dir='ltr'><strong>cui</strong></span> <span class='ocrx_word' id='word_1_773' title='bbox 3351 3675 3490 3730; x_wconf 88' lang='lat' dir='ltr'><strong>male</strong></span> 
     </span>
    </p>
   </div>
   <div class='ocr_carea' id='block_1_99' title="bbox 1894 3763 3488 3833">
    <p class='ocr_par' dir='ltr' id='par_1_99' title="bbox 1894 3763 3488 3833">
     <span class='ocr_line' id='line_1_99' title="bbox 1894 3763 3488 3833; baseline 0 -14"><span class='ocrx_word' id='word_1_774' title='bbox 1894 3767 2064 3820; x_wconf 91' lang='lat' dir='ltr'><strong>utenti</strong></span> <span class='ocrx_word' id='word_1_775' title='bbox 2091 3766 2239 3820; x_wconf 89' lang='lat' dir='ltr'><strong>utilia</strong></span> <span class='ocrx_word' id='word_1_776' title='bbox 2265 3779 2386 3820; x_wconf 92' lang='lat' dir='ltr'><strong>esse</strong></span> <span class='ocrx_word' id='word_1_777' title='bbox 2415 3779 2521 3818; x_wconf 89' lang='lat' dir='ltr'><strong>non</strong></span> <span class='ocrx_word' id='word_1_778' title='bbox 2563 3772 2806 3833; x_wconf 91' lang='lat' dir='ltr'><strong>possunt.</strong></span> <span class='ocrx_word' id='word_1_779' title='bbox 2835 3763 2962 3818; x_wconf 79' lang='lat' dir='ltr'><strong>Haec</strong></span> <span class='ocrx_word' id='word_1_780' title='bbox 3009 3778 3137 3833; x_wconf 87' lang='lat' dir='ltr'><strong>ergo</strong></span> <span class='ocrx_word' id='word_1_781' title='bbox 3168 3765 3277 3817; x_wconf 89' lang='lat' dir='ltr'><strong>vita</strong></span> <span class='ocrx_word' id='word_1_782' title='bbox 3310 3766 3488 3819; x_wconf 84' lang='lat' dir='ltr'><strong>homi-</strong></span> 
     </span>
    </p>
   </div>
   <div class='ocr_carea' id='block_1_100' title="bbox 1893 3853 3488 3927">
    <p class='ocr_par' dir='ltr' id='par_1_100' title="bbox 1893 3853 3488 3927">
     <span class='ocr_line' id='line_1_100' title="bbox 1893 3853 3488 3927; baseline 0.001 -18"><span class='ocrx_word' id='word_1_783' title='bbox 1893 3857 1999 3922; x_wconf 90' lang='lat' dir='ltr'><strong>nis,</strong></span> <span class='ocrx_word' id='word_1_784' title='bbox 2032 3870 2153 3927; x_wconf 69' lang='lat' dir='ltr'><strong>quze</strong></span> <span class='ocrx_word' id='word_1_785' title='bbox 2177 3856 2373 3910; x_wconf 89' lang='lat' dir='ltr'><strong>virtute</strong></span> <span class='ocrx_word' id='word_1_786' title='bbox 2397 3863 2451 3909; x_wconf 91' lang='lat' dir='ltr'><strong>et</strong></span> <span class='ocrx_word' id='word_1_787' title='bbox 2480 3853 2600 3909; x_wconf 88' lang='lat' dir='ltr'><strong>aliis</strong></span> <span class='ocrx_word' id='word_1_788' title='bbox 2619 3854 2782 3907; x_wconf 89' lang='lat' dir='ltr'><strong>animi</strong></span> <span class='ocrx_word' id='word_1_789' title='bbox 2820 3862 2875 3909; x_wconf 89' lang='lat' dir='ltr'><strong>et</strong></span> <span class='ocrx_word' id='word_1_790' title='bbox 2898 3854 3140 3924; x_wconf 89' lang='lat' dir='ltr'><strong>corporis</strong></span> <span class='ocrx_word' id='word_1_791' title='bbox 3168 3854 3343 3921; x_wconf 88' lang='lat' dir='ltr'><strong>bonis,</strong></span> <span class='ocrx_word' id='word_1_792' title='bbox 3372 3855 3488 3912; x_wconf 86' lang='lat' dir='ltr'><strong>sine</strong></span> 
     </span>
    </p>
   </div>
   <div class='ocr_carea' id='block_1_101' title="bbox 1893 3944 3486 4016">
    <p class='ocr_par' dir='ltr' id='par_1_101' title="bbox 1893 3944 3486 4016">
     <span class='ocr_line' id='line_1_101' title="bbox 1893 3944 3486 4016; baseline 0.001 -17"><span class='ocrx_word' id='word_1_793' title='bbox 1893 3946 2086 4016; x_wconf 83' lang='lat' dir='ltr'><strong>quibus</strong></span> <span class='ocrx_word' id='word_1_794' title='bbox 2114 3948 2282 4001; x_wconf 89' lang='lat' dir='ltr'><strong>virtus</strong></span> <span class='ocrx_word' id='word_1_795' title='bbox 2311 3961 2433 4001; x_wconf 86' lang='lat' dir='ltr'><strong>esse</strong></span> <span class='ocrx_word' id='word_1_796' title='bbox 2459 3959 2563 3999; x_wconf 90' lang='lat' dir='ltr'><strong>non</strong></span> <span class='ocrx_word' id='word_1_797' title='bbox 2593 3952 2789 4015; x_wconf 91' lang='lat' dir='ltr'><strong>potest,</strong></span> <span class='ocrx_word' id='word_1_798' title='bbox 2815 3944 3028 4011; x_wconf 88' lang='lat' dir='ltr'><strong>fruitur,</strong></span> <span class='ocrx_word' id='word_1_799' title='bbox 3073 3945 3226 3999; x_wconf 85' lang='lat' dir='ltr'><strong>beata</strong></span> <span class='ocrx_word' id='word_1_800' title='bbox 3256 3960 3377 4001; x_wconf 90' lang='lat' dir='ltr'><strong>esse</strong></span> <span class='ocrx_word' id='word_1_801' title='bbox 3397 3945 3486 4000; x_wconf 91' lang='lat' dir='ltr'><strong>di-</strong></span> 
     </span>
    </p>
   </div>
   <div class='ocr_carea' id='block_1_102' title="bbox 1892 4034 3485 4105">
    <p class='ocr_par' dir='ltr' id='par_1_102' title="bbox 1892 4034 3485 4105">
     <span class='ocr_line' id='line_1_102' title="bbox 1892 4034 3485 4105; baseline -0.002 -12"><span class='ocrx_word' id='word_1_802' title='bbox 1892 4037 2071 4093; x_wconf 91' lang='lat' dir='ltr'><strong>citur:</strong></span> <span class='ocrx_word' id='word_1_803' title='bbox 2098 4038 2142 4093; x_wconf 88' lang='lat' dir='ltr'><strong>si</strong></span> <span class='ocrx_word' id='word_1_804' title='bbox 2165 4051 2293 4092; x_wconf 87' lang='lat' dir='ltr'><strong>vero</strong></span> <span class='ocrx_word' id='word_1_805' title='bbox 2323 4044 2376 4091; x_wconf 90' lang='lat' dir='ltr'><strong>et</strong></span> <span class='ocrx_word' id='word_1_806' title='bbox 2401 4036 2539 4102; x_wconf 81' lang='lat' dir='ltr'><strong>aliis,</strong></span> <span class='ocrx_word' id='word_1_807' title='bbox 2567 4036 2686 4090; x_wconf 90' lang='lat' dir='ltr'><strong>sine</strong></span> <span class='ocrx_word' id='word_1_808' title='bbox 2716 4034 2909 4105; x_wconf 87' lang='lat' dir='ltr'><strong>quibus</strong></span> <span class='ocrx_word' id='word_1_809' title='bbox 2937 4048 3058 4090; x_wconf 91' lang='lat' dir='ltr'><strong>esse</strong></span> <span class='ocrx_word' id='word_1_810' title='bbox 3088 4036 3259 4090; x_wconf 89' lang='lat' dir='ltr'><strong>virtus</strong></span> <span class='ocrx_word' id='word_1_811' title='bbox 3286 4044 3485 4104; x_wconf 87' lang='lat' dir='ltr'><strong>potest,</strong></span> 
     </span>
    </p>
   </div>
   <div class='ocr_carea' id='block_1_103' title="bbox 1891 4127 3482 4199">
    <p class='ocr_par' dir='ltr' id='par_1_103' title="bbox 1891 4127 3482 4199">
     <span class='ocr_line' id='line_1_103' title="bbox 1891 4127 3482 4199; baseline 0 -16"><span class='ocrx_word' id='word_1_812' title='bbox 1891 4131 1974 4185; x_wconf 88' lang='lat' dir='ltr'><strong>vel</strong></span> <span class='ocrx_word' id='word_1_813' title='bbox 1996 4130 2140 4195; x_wconf 90' lang='lat' dir='ltr'><strong>ullis,</strong></span> <span class='ocrx_word' id='word_1_814' title='bbox 2174 4130 2258 4184; x_wconf 92' lang='lat' dir='ltr'><strong>vel</strong></span> <span class='ocrx_word' id='word_1_815' title='bbox 2286 4128 2545 4199; x_wconf 79' lang='lat' dir='ltr'><strong>pluribus,</strong></span> <span class='ocrx_word' id='word_1_816' title='bbox 2574 4127 2813 4182; x_wconf 87' lang='lat' dir='ltr'><strong>beatior:</strong></span> <span class='ocrx_word' id='word_1_817' title='bbox 2843 4127 2889 4183; x_wconf 92' lang='lat' dir='ltr'><strong>si</strong></span> <span class='ocrx_word' id='word_1_818' title='bbox 2919 4139 3096 4182; x_wconf 87' lang='lat' dir='ltr'><strong>autem</strong></span> <span class='ocrx_word' id='word_1_819' title='bbox 3124 4142 3341 4197; x_wconf 89' lang='lat' dir='ltr'><strong>prorsus</strong></span> <span class='ocrx_word' id='word_1_820' title='bbox 3362 4143 3482 4183; x_wconf 93' lang='lat' dir='ltr'><strong>om-</strong></span> 
     </span>
    </p>
   </div>
   <div class='ocr_carea' id='block_1_104' title="bbox 1890 4219 3485 4289">
    <p class='ocr_par' dir='ltr' id='par_1_104' title="bbox 1890 4219 3485 4289">
     <span class='ocr_line' id='line_1_104' title="bbox 1890 4219 3485 4289; baseline -0.001 -13"><span class='ocrx_word' id='word_1_821' title='bbox 1890 4222 2072 4289; x_wconf 89' lang='lat' dir='ltr'><strong>nibus,</strong></span> <span class='ocrx_word' id='word_1_822' title='bbox 2102 4230 2161 4276; x_wconf 92' lang='lat' dir='ltr'><strong>ut</strong></span> <span class='ocrx_word' id='word_1_823' title='bbox 2198 4220 2402 4275; x_wconf 90' lang='lat' dir='ltr'><strong>nullum</strong></span> <span class='ocrx_word' id='word_1_824' title='bbox 2426 4220 2646 4274; x_wconf 92' lang='lat' dir='ltr'><strong>omnino</strong></span> <span class='ocrx_word' id='word_1_825' title='bbox 2673 4220 2871 4275; x_wconf 87' lang='lat' dir='ltr'><strong>bonum</strong></span> <span class='ocrx_word' id='word_1_826' title='bbox 2902 4219 3061 4286; x_wconf 88' lang='lat' dir='ltr'><strong>desit,</strong></span> <span class='ocrx_word' id='word_1_827' title='bbox 3102 4220 3183 4274; x_wconf 90' lang='lat' dir='ltr'><strong>vel</strong></span> <span class='ocrx_word' id='word_1_828' title='bbox 3213 4220 3375 4274; x_wconf 89' lang='lat' dir='ltr'><strong>animi</strong></span> <span class='ocrx_word' id='word_1_829' title='bbox 3400 4220 3485 4275; x_wconf 90' lang='lat' dir='ltr'><strong>vel</strong></span> 
     </span>
    </p>
   </div>
   <div class='ocr_carea' id='block_1_105' title="bbox 1892 4308 3484 4382">
    <p class='ocr_par' dir='ltr' id='par_1_105' title="bbox 1892 4308 3484 4382">
     <span class='ocr_line' id='line_1_105' title="bbox 1892 4308 3484 4382; baseline -0.001 -15"><span class='ocrx_word' id='word_1_830' title='bbox 1892 4314 2152 4382; x_wconf 88' lang='lat' dir='ltr'><strong>corporis,</strong></span> <span class='ocrx_word' id='word_1_831' title='bbox 2185 4310 2513 4366; x_wconf 89' lang='lat' dir='ltr'><strong>beatissima.</strong></span> <span class='ocrx_word' id='word_1_832' title='bbox 2544 4309 2663 4365; x_wconf 85' lang='lat' dir='ltr'><strong>Non</strong></span> <span class='ocrx_word' id='word_1_833' title='bbox 2710 4310 2852 4364; x_wconf 86' lang='lat' dir='ltr'><strong>enim</strong></span> <span class='ocrx_word' id='word_1_834' title='bbox 2897 4308 3001 4365; x_wconf 91' lang='lat' dir='ltr'><strong>hoc</strong></span> <span class='ocrx_word' id='word_1_835' title='bbox 3037 4318 3120 4365; x_wconf 88' lang='lat' dir='ltr'><strong>est</strong></span> <span class='ocrx_word' id='word_1_836' title='bbox 3161 4309 3289 4375; x_wconf 91' lang='lat' dir='ltr'><strong>vita,</strong></span> <span class='ocrx_word' id='word_1_837' title='bbox 3340 4309 3484 4380; x_wconf 89' lang='lat' dir='ltr'><strong>quod</strong></span> 
     </span>
    </p>
   </div>
   <div class='ocr_carea' id='block_1_106' title="bbox 1893 4404 3485 4477">
    <p class='ocr_par' dir='ltr' id='par_1_106' title="bbox 1893 4404 3485 4477">
     <span class='ocr_line' id='line_1_106' title="bbox 1893 4404 3485 4477; baseline 0.001 -18"><span class='ocrx_word' id='word_1_838' title='bbox 1893 4407 2098 4473; x_wconf 79' lang='lat' dir='ltr'><strong>virtus;</strong></span> <span class='ocrx_word' id='word_1_839' title='bbox 2142 4406 2397 4477; x_wconf 90' lang='lat' dir='ltr'><strong>quoniam</strong></span> <span class='ocrx_word' id='word_1_840' title='bbox 2443 4420 2550 4459; x_wconf 92' lang='lat' dir='ltr'><strong>non</strong></span> <span class='ocrx_word' id='word_1_841' title='bbox 2592 4404 2766 4460; x_wconf 88' lang='lat' dir='ltr'><strong>omnis</strong></span> <span class='ocrx_word' id='word_1_842' title='bbox 2811 4404 2940 4470; x_wconf 89' lang='lat' dir='ltr'><strong>vita,</strong></span> <span class='ocrx_word' id='word_1_843' title='bbox 2989 4404 3085 4459; x_wconf 90' lang='lat' dir='ltr'><strong>sed</strong></span> <span class='ocrx_word' id='word_1_844' title='bbox 3114 4406 3328 4475; x_wconf 90' lang='lat' dir='ltr'><strong>sapiens</strong></span> <span class='ocrx_word' id='word_1_845' title='bbox 3374 4405 3485 4460; x_wconf 85' lang='lat' dir='ltr'><strong>vita</strong></span> 
     </span>
    </p>
   </div>
   <div class='ocr_carea' id='block_1_107' title="bbox 1890 4495 3483 4567">
    <p class='ocr_par' dir='ltr' id='par_1_107' title="bbox 1890 4495 3483 4567">
     <span class='ocr_line' id='line_1_107' title="bbox 1890 4495 3483 4567; baseline 0 -16"><span class='ocrx_word' id='word_1_846' title='bbox 1890 4498 2061 4552; x_wconf 84' lang='lat' dir='ltr'><strong>virtus</strong></span> <span class='ocrx_word' id='word_1_847' title='bbox 2089 4508 2204 4553; x_wconf 91' lang='lat' dir='ltr'><strong>est:</strong></span> <span class='ocrx_word' id='word_1_848' title='bbox 2228 4506 2283 4553; x_wconf 89' lang='lat' dir='ltr'><strong>et</strong></span> <span class='ocrx_word' id='word_1_849' title='bbox 2322 4506 2496 4551; x_wconf 87' lang='lat' dir='ltr'><strong>tamen</strong></span> <span class='ocrx_word' id='word_1_850' title='bbox 2529 4496 2931 4567; x_wconf 81' lang='lat' dir='ltr'><strong>qualiscumque</strong></span> <span class='ocrx_word' id='word_1_851' title='bbox 2958 4496 3063 4550; x_wconf 90' lang='lat' dir='ltr'><strong>vita</strong></span> <span class='ocrx_word' id='word_1_852' title='bbox 3089 4496 3206 4551; x_wconf 89' lang='lat' dir='ltr'><strong>sine</strong></span> <span class='ocrx_word' id='word_1_853' title='bbox 3235 4495 3343 4551; x_wconf 89' lang='lat' dir='ltr'><strong>ulla</strong></span> <span class='ocrx_word' id='word_1_854' title='bbox 3371 4496 3483 4551; x_wconf 89' lang='lat' dir='ltr'><strong>vir-</strong></span> 
     </span>
    </p>
   </div>
   <div class='ocr_carea' id='block_1_108' title="bbox 1888 4588 3484 4659">
    <p class='ocr_par' dir='ltr' id='par_1_108' title="bbox 1888 4588 3484 4659">
     <span class='ocr_line' id='line_1_108' title="bbox 1888 4588 3484 4659; baseline 0.001 -16"><span class='ocrx_word' id='word_1_855' title='bbox 1888 4599 2001 4645; x_wconf 87' lang='lat' dir='ltr'><strong>tute</strong></span> <span class='ocrx_word' id='word_1_856' title='bbox 2030 4599 2203 4659; x_wconf 88' lang='lat' dir='ltr'><strong>potest</strong></span> <span class='ocrx_word' id='word_1_857' title='bbox 2231 4604 2385 4655; x_wconf 89' lang='lat' dir='ltr'><strong>esse;</strong></span> <span class='ocrx_word' id='word_1_858' title='bbox 2411 4588 2583 4643; x_wconf 85' lang='lat' dir='ltr'><strong>virtus</strong></span> <span class='ocrx_word' id='word_1_859' title='bbox 2610 4603 2738 4643; x_wconf 89' lang='lat' dir='ltr'><strong>vero</strong></span> <span class='ocrx_word' id='word_1_860' title='bbox 2760 4590 2877 4642; x_wconf 83' lang='lat' dir='ltr'><strong>sine</strong></span> <span class='ocrx_word' id='word_1_861' title='bbox 2905 4588 3007 4641; x_wconf 90' lang='lat' dir='ltr'><strong>ulla</strong></span> <span class='ocrx_word' id='word_1_862' title='bbox 3036 4588 3142 4643; x_wconf 87' lang='lat' dir='ltr'><strong>vita</strong></span> <span class='ocrx_word' id='word_1_863' title='bbox 3169 4604 3273 4643; x_wconf 92' lang='lat' dir='ltr'><strong>non</strong></span> <span class='ocrx_word' id='word_1_864' title='bbox 3306 4598 3484 4659; x_wconf 89' lang='lat' dir='ltr'><strong>potest</strong></span> 
     </span>
    </p>
   </div>
   <div class='ocr_carea' id='block_1_109' title="bbox 1889 4680 3481 4750">
    <p class='ocr_par' dir='ltr' id='par_1_109' title="bbox 1889 4680 3481 4750">
     <span class='ocr_line' id='line_1_109' title="bbox 1889 4680 3481 4750; baseline 0 -13"><span class='ocrx_word' id='word_1_865' title='bbox 1889 4697 2030 4737; x_wconf 89' lang='lat' dir='ltr'><strong>esse.</strong></span> <span class='ocrx_word' id='word_1_866' title='bbox 2061 4682 2171 4735; x_wconf 87' lang='lat' dir='ltr'><strong>Hoc</strong></span> <span class='ocrx_word' id='word_1_867' title='bbox 2201 4690 2251 4735; x_wconf 90' lang='lat' dir='ltr'><strong>et</strong></span> <span class='ocrx_word' id='word_1_868' title='bbox 2280 4681 2347 4734; x_wconf 90' lang='lat' dir='ltr'><strong>de</strong></span> <span class='ocrx_word' id='word_1_869' title='bbox 2374 4680 2631 4735; x_wconf 92' lang='lat' dir='ltr'><strong>memoria</strong></span> <span class='ocrx_word' id='word_1_870' title='bbox 2663 4680 2891 4735; x_wconf 78' lang='lat' dir='ltr'><strong>dixerim</strong></span> <span class='ocrx_word' id='word_1_871' title='bbox 2914 4688 3074 4750; x_wconf 90' lang='lat' dir='ltr'><strong>atque</strong></span> <span class='ocrx_word' id='word_1_872' title='bbox 3103 4681 3330 4745; x_wconf 88' lang='lat' dir='ltr'><strong>ratione,</strong></span> <span class='ocrx_word' id='word_1_873' title='bbox 3359 4690 3413 4736; x_wconf 92' lang='lat' dir='ltr'><strong>et</strong></span> <span class='ocrx_word' id='word_1_874' title='bbox 3432 4683 3481 4737; x_wconf 88' lang='lat' dir='ltr'><strong>si</strong></span> 
     </span>
    </p>
   </div>
   <div class='ocr_carea' id='block_1_110' title="bbox 1888 4770 3479 4844">
    <p class='ocr_par' dir='ltr' id='par_1_110' title="bbox 1888 4770 3479 4844">
     <span class='ocr_line' id='line_1_110' title="bbox 1888 4770 3479 4844; baseline 0.001 -17"><span class='ocrx_word' id='word_1_875' title='bbox 1888 4774 2013 4844; x_wconf 92' lang='lat' dir='ltr'><strong>quid</strong></span> <span class='ocrx_word' id='word_1_876' title='bbox 2039 4773 2181 4828; x_wconf 89' lang='lat' dir='ltr'><strong>aliud</strong></span> <span class='ocrx_word' id='word_1_877' title='bbox 2213 4773 2319 4827; x_wconf 88' lang='lat' dir='ltr'><strong>tale</strong></span> <span class='ocrx_word' id='word_1_878' title='bbox 2348 4781 2430 4827; x_wconf 91' lang='lat' dir='ltr'><strong>est</strong></span> <span class='ocrx_word' id='word_1_879' title='bbox 2460 4772 2510 4825; x_wconf 89' lang='lat' dir='ltr'><strong>in</strong></span> <span class='ocrx_word' id='word_1_880' title='bbox 2539 4771 2775 4827; x_wconf 87' lang='lat' dir='ltr'><strong>homine.</strong></span> <span class='ocrx_word' id='word_1_881' title='bbox 2809 4771 2946 4827; x_wconf 91' lang='lat' dir='ltr'><strong>Sunt</strong></span> <span class='ocrx_word' id='word_1_882' title='bbox 2971 4772 3111 4825; x_wconf 89' lang='lat' dir='ltr'><strong>enim</strong></span> <span class='ocrx_word' id='word_1_883' title='bbox 3142 4770 3257 4826; x_wconf 77' lang='lat' dir='ltr'><strong>inec</strong></span> <span class='ocrx_word' id='word_1_884' title='bbox 3277 4780 3330 4826; x_wconf 93' lang='lat' dir='ltr'><strong>et</strong></span> <span class='ocrx_word' id='word_1_885' title='bbox 3353 4780 3479 4828; x_wconf 87' lang='lat' dir='ltr'><strong>ante</strong></span> 
     </span>
    </p>
   </div>
   <div class='ocr_carea' id='block_1_111' title="bbox 1888 4852 3479 4931">
    <p class='ocr_par' dir='ltr' id='par_1_111' title="bbox 1888 4852 3479 4931">
     <span class='ocr_line' id='line_1_111' title="bbox 1888 4852 3479 4931; baseline -0.001 -13"><span class='ocrx_word' id='word_1_886' title='bbox 1888 4864 2204 4928; x_wconf 88' lang='lat' dir='ltr'><strong>doctrinam,</strong></span> <span class='ocrx_word' id='word_1_887' title='bbox 2238 4862 2357 4917; x_wconf 85' lang='lat' dir='ltr'><strong>sine</strong></span> <span class='ocrx_word' id='word_1_888' title='bbox 2386 4861 2471 4917; x_wconf 91' lang='lat' dir='ltr'><strong>his</strong></span> <span class='ocrx_word' id='word_1_889' title='bbox 2514 4852 2692 4917; x_wconf 67' lang='lat' dir='ltr'><strong>autem</strong></span> <span class='ocrx_word' id='word_1_890' title='bbox 2724 4876 2829 4917; x_wconf 90' lang='lat' dir='ltr'><strong>non</strong></span> <span class='ocrx_word' id='word_1_891' title='bbox 2870 4873 3046 4931; x_wconf 86' lang='lat' dir='ltr'><strong>potest</strong></span> <span class='ocrx_word' id='word_1_892' title='bbox 3085 4875 3204 4916; x_wconf 91' lang='lat' dir='ltr'><strong>esse</strong></span> <span class='ocrx_word' id='word_1_893' title='bbox 3245 4863 3347 4915; x_wconf 91' lang='lat' dir='ltr'><strong>ulla</strong></span> <span class='ocrx_word' id='word_1_894' title='bbox 3375 4862 3479 4917; x_wconf 82' lang='lat' dir='ltr'><strong>do-</strong></span> 
     </span>
    </p>
   </div>
   <div class='ocr_carea' id='block_1_112' title="bbox 1888 4953 3476 5031">
    <p class='ocr_par' dir='ltr' id='par_1_112' title="bbox 1888 4953 3476 5031">
     <span class='ocr_line' id='line_1_112' title="bbox 1888 4953 3476 5031; baseline -0.001 -21"><span class='ocrx_word' id='word_1_895' title='bbox 1888 4958 2055 5010; x_wconf 89' lang='lat' dir='ltr'><strong>ctrina</strong></span> <span class='ocrx_word' id='word_1_896' title='bbox 2081 4970 2186 5031; x_wconf 32' lang='lat' dir='ltr'><strong>z&#39;ac</strong></span> <span class='ocrx_word' id='word_1_897' title='bbox 2234 4970 2329 5025; x_wconf 90' lang='lat' dir='ltr'><strong>per</strong></span> <span class='ocrx_word' id='word_1_898' title='bbox 2371 4955 2473 5009; x_wconf 93' lang='lat' dir='ltr'><strong>hoc</strong></span> <span class='ocrx_word' id='word_1_899' title='bbox 2498 4970 2597 5009; x_wconf 89' lang='lat' dir='ltr'><strong>nec</strong></span> <span class='ocrx_word' id='word_1_900' title='bbox 2638 4954 2825 5019; x_wconf 89' lang='lat' dir='ltr'><strong>virtus,</strong></span> <span class='ocrx_word' id='word_1_901' title='bbox 2879 4969 2998 5024; x_wconf 68' lang='lat' dir='ltr'><strong>quae</strong></span> <span class='ocrx_word' id='word_1_902' title='bbox 3030 4953 3212 5023; x_wconf 91' lang='lat' dir='ltr'><strong>utique</strong></span> <span class='ocrx_word' id='word_1_903' title='bbox 3231 4953 3476 5009; x_wconf 90' lang='lat' dir='ltr'><strong>discitur.</strong></span> 
     </span>
    </p>
   </div>
   <div class='ocr_carea' id='block_1_113' title="bbox 1890 5044 3478 5115">
    <p class='ocr_par' dir='ltr' id='par_1_113' title="bbox 1890 5044 3478 5115">
     <span class='ocr_line' id='line_1_113' title="bbox 1890 5044 3478 5115; baseline 0 -15"><span class='ocrx_word' id='word_1_904' title='bbox 1890 5045 2033 5100; x_wconf 89' lang='lat' dir='ltr'><strong>Bene</strong></span> <span class='ocrx_word' id='word_1_905' title='bbox 2062 5054 2239 5099; x_wconf 91' lang='lat' dir='ltr'><strong>autem</strong></span> <span class='ocrx_word' id='word_1_906' title='bbox 2270 5060 2507 5111; x_wconf 88' lang='lat' dir='ltr'><strong>currere,</strong></span> <span class='ocrx_word' id='word_1_907' title='bbox 2538 5044 2821 5115; x_wconf 87' lang='lat' dir='ltr'><strong>pulchrum</strong></span> <span class='ocrx_word' id='word_1_908' title='bbox 2847 5058 2967 5098; x_wconf 86' lang='lat' dir='ltr'><strong>esse</strong></span> <span class='ocrx_word' id='word_1_909' title='bbox 2994 5057 3240 5112; x_wconf 87' lang='lat' dir='ltr'><strong>corpore,</strong></span> <span class='ocrx_word' id='word_1_910' title='bbox 3272 5044 3478 5101; x_wconf 86' lang='lat' dir='ltr'><strong>viribus</strong></span> 
     </span>
    </p>
   </div>
   <div class='ocr_carea' id='block_1_114' title="bbox 1888 5133 3474 5208">
    <p class='ocr_par' dir='ltr' id='par_1_114' title="bbox 1888 5133 3474 5208">
     <span class='ocr_line' id='line_1_114' title="bbox 1888 5133 3474 5208; baseline -0.002 -16"><span class='ocrx_word' id='word_1_911' title='bbox 1888 5138 2185 5208; x_wconf 82' lang='lat' dir='ltr'><strong>ingentibus</strong></span> <span class='ocrx_word' id='word_1_912' title='bbox 2215 5137 2530 5207; x_wconf 74' lang='lat' dir='ltr'><strong>praevalere,</strong></span> <span class='ocrx_word' id='word_1_913' title='bbox 2558 5145 2611 5190; x_wconf 92' lang='lat' dir='ltr'><strong>et</strong></span> <span class='ocrx_word' id='word_1_914' title='bbox 2637 5146 2828 5191; x_wconf 72' lang='lat' dir='ltr'><strong>caetera</strong></span> <span class='ocrx_word' id='word_1_915' title='bbox 2856 5133 3156 5204; x_wconf 90' lang='lat' dir='ltr'><strong>hujusmodi</strong></span> <span class='ocrx_word' id='word_1_916' title='bbox 3182 5136 3303 5188; x_wconf 88' lang='lat' dir='ltr'><strong>talia</strong></span> <span class='ocrx_word' id='word_1_917' title='bbox 3324 5145 3474 5203; x_wconf 89' lang='lat' dir='ltr'><strong>sunt,</strong></span> 
     </span>
    </p>
   </div>
   <div class='ocr_carea' id='block_1_115' title="bbox 1886 5228 3470 5299">
    <p class='ocr_par' dir='ltr' id='par_1_115' title="bbox 1886 5228 3470 5299">
     <span class='ocr_line' id='line_1_115' title="bbox 1886 5228 3470 5299; baseline -0.001 -13"><span class='ocrx_word' id='word_1_918' title='bbox 1886 5241 2012 5286; x_wconf 87' lang='lat' dir='ltr'><strong>utet</strong></span> <span class='ocrx_word' id='word_1_919' title='bbox 2038 5231 2207 5286; x_wconf 80' lang='lat' dir='ltr'><strong>virtus</strong></span> <span class='ocrx_word' id='word_1_920' title='bbox 2232 5232 2347 5285; x_wconf 88' lang='lat' dir='ltr'><strong>sine</strong></span> <span class='ocrx_word' id='word_1_921' title='bbox 2376 5231 2458 5284; x_wconf 88' lang='lat' dir='ltr'><strong>his</strong></span> <span class='ocrx_word' id='word_1_922' title='bbox 2502 5243 2621 5284; x_wconf 91' lang='lat' dir='ltr'><strong>esse</strong></span> <span class='ocrx_word' id='word_1_923' title='bbox 2648 5229 2836 5299; x_wconf 88' lang='lat' dir='ltr'><strong>possit,</strong></span> <span class='ocrx_word' id='word_1_924' title='bbox 2864 5238 2918 5282; x_wconf 90' lang='lat' dir='ltr'><strong>et</strong></span> <span class='ocrx_word' id='word_1_925' title='bbox 2943 5229 3055 5298; x_wconf 89' lang='lat' dir='ltr'><strong>ipsa</strong></span> <span class='ocrx_word' id='word_1_926' title='bbox 3090 5228 3209 5284; x_wconf 92' lang='lat' dir='ltr'><strong>sine</strong></span> <span class='ocrx_word' id='word_1_927' title='bbox 3236 5230 3431 5284; x_wconf 89' lang='lat' dir='ltr'><strong>virtute</strong></span> <span class='ocrx_word' id='word_1_928' title='bbox 3455 5244 3470 5283; x_wconf 90' lang='lat'><strong>:</strong></span> 
     </span>
    </p>
   </div>
   <div class='ocr_carea' id='block_1_116' title="bbox 1884 5319 3471 5388">
    <p class='ocr_par' dir='ltr' id='par_1_116' title="bbox 1884 5319 3471 5388">
     <span class='ocr_line' id='line_1_116' title="bbox 1884 5319 3471 5388; baseline -0.004 -9"><span class='ocrx_word' id='word_1_929' title='bbox 1884 5324 2023 5379; x_wconf 91' lang='lat' dir='ltr'><strong>bona</strong></span> <span class='ocrx_word' id='word_1_930' title='bbox 2044 5333 2166 5377; x_wconf 90' lang='lat' dir='ltr'><strong>sunt</strong></span> <span class='ocrx_word' id='word_1_931' title='bbox 2196 5332 2371 5377; x_wconf 87' lang='lat' dir='ltr'><strong>tamen</strong></span> <span class='ocrx_word' id='word_1_932' title='bbox 2394 5338 2408 5386; x_wconf 90' lang='lat'><strong>;</strong></span> <span class='ocrx_word' id='word_1_933' title='bbox 2436 5330 2487 5376; x_wconf 90' lang='lat' dir='ltr'><strong>et</strong></span> <span class='ocrx_word' id='word_1_934' title='bbox 2514 5320 2803 5374; x_wconf 88' lang='lat' dir='ltr'><strong>secundum</strong></span> <span class='ocrx_word' id='word_1_935' title='bbox 2836 5319 2993 5374; x_wconf 80' lang='lat' dir='ltr'><strong>istos&#39;</strong></span> <span class='ocrx_word' id='word_1_936' title='bbox 3019 5320 3181 5374; x_wconf 86' lang='lat' dir='ltr'><strong>etiam</strong></span> <span class='ocrx_word' id='word_1_937' title='bbox 3205 5320 3318 5388; x_wconf 88' lang='lat' dir='ltr'><strong>ipsa</strong></span> <span class='ocrx_word' id='word_1_938' title='bbox 3346 5333 3471 5388; x_wconf 85' lang='lat' dir='ltr'><strong>pro-</strong></span> 
     </span>
    </p>
   </div>
   <div class='ocr_carea' id='block_1_117' title="bbox 1882 5410 3472 5485">
    <p class='ocr_par' dir='ltr' id='par_1_117' title="bbox 1882 5410 3472 5485">
     <span class='ocr_line' id='line_1_117' title="bbox 1882 5410 3472 5485; baseline -0.004 -15"><span class='ocrx_word' id='word_1_939' title='bbox 1882 5424 2000 5485; x_wconf 89' lang='lat' dir='ltr'><strong>pter</strong></span> <span class='ocrx_word' id='word_1_940' title='bbox 2028 5430 2087 5469; x_wconf 90' lang='lat' dir='ltr'><strong>se</strong></span> <span class='ocrx_word' id='word_1_941' title='bbox 2115 5415 2281 5483; x_wconf 88' lang='lat' dir='ltr'><strong>ipsam</strong></span> <span class='ocrx_word' id='word_1_942' title='bbox 2307 5414 2479 5483; x_wconf 87' lang='lat' dir='ltr'><strong>diligit</strong></span> <span class='ocrx_word' id='word_1_943' title='bbox 2508 5414 2697 5480; x_wconf 87' lang='lat' dir='ltr'><strong>virtus,</strong></span> <span class='ocrx_word' id='word_1_944' title='bbox 2726 5412 2998 5481; x_wconf 86' lang='lat' dir='ltr'><strong>utiturque</strong></span> <span class='ocrx_word' id='word_1_945' title='bbox 3043 5411 3149 5467; x_wconf 90' lang='lat' dir='ltr'><strong>illis</strong></span> <span class='ocrx_word' id='word_1_946' title='bbox 3174 5420 3230 5467; x_wconf 89' lang='lat' dir='ltr'><strong>et</strong></span> <span class='ocrx_word' id='word_1_947' title='bbox 3255 5410 3472 5477; x_wconf 81' lang='lat' dir='ltr'><strong>fruitur,</strong></span> 
     </span>
    </p>
   </div>
   <div class='ocr_carea' id='block_1_118' title="bbox 1880 5507 2507 5564">
    <p class='ocr_par' dir='ltr' id='par_1_118' title="bbox 1880 5507 2507 5564">
     <span class='ocr_line' id='line_1_118' title="bbox 1880 5507 2507 5564; baseline -0.005 -1"><span class='ocrx_word' id='word_1_948' title='bbox 1880 5509 2019 5564; x_wconf 90' lang='lat' dir='ltr'><strong>sicut</strong></span> <span class='ocrx_word' id='word_1_949' title='bbox 2048 5508 2294 5562; x_wconf 89' lang='lat' dir='ltr'><strong>virtutem</strong></span> <span class='ocrx_word' id='word_1_950' title='bbox 2335 5507 2507 5561; x_wconf 90' lang='lat' dir='ltr'><strong>decet.</strong></span> 
     </span>
    </p>
   </div>
   <div class='ocr_carea' id='block_1_119' title="bbox 1940 5616 3471 5683">
    <p class='ocr_par' dir='ltr' id='par_1_119' title="bbox 1940 5616 3471 5683">
     <span class='ocr_line' id='line_1_119' title="bbox 1940 5616 3471 5683; baseline -0.002 -12"><span class='ocrx_word' id='word_1_951' title='bbox 1940 5624 1956 5653; x_wconf 85' lang='grc'>¹</span> <span class='ocrx_word' id='word_1_952' title='bbox 1994 5622 2129 5683; x_wconf 83' lang='lat' dir='ltr'><strong>Editi,</strong></span> <span class='ocrx_word' id='word_1_953' title='bbox 2155 5634 2249 5671; x_wconf 87' lang='lat' dir='ltr'><strong>non</strong></span> <span class='ocrx_word' id='word_1_954' title='bbox 2284 5621 2405 5670; x_wconf 88' lang='lat' dir='ltr'><strong>bona</strong></span> <span class='ocrx_word' id='word_1_955' title='bbox 2439 5619 2545 5683; x_wconf 77' lang='lat' dir='ltr'><strong>ejus</strong></span> <span class='ocrx_word' id='word_1_956' title='bbox 2578 5625 2701 5671; x_wconf 83' lang='lat' dir='ltr'><strong>sunt.</strong></span> <span class='ocrx_word' id='word_1_957' title='bbox 2730 5616 2895 5668; x_wconf 78' lang='lat' dir='ltr'><strong>Melius</strong></span> <span class='ocrx_word' id='word_1_958' title='bbox 2916 5624 3046 5681; x_wconf 67' lang='lat' dir='ltr'><strong>Mss,</strong></span> <span class='ocrx_word' id='word_1_959' title='bbox 3089 5630 3182 5668; x_wconf 87' lang='lat' dir='ltr'><strong>non</strong></span> <span class='ocrx_word' id='word_1_960' title='bbox 3218 5617 3337 5668; x_wconf 79' lang='lat' dir='ltr'><strong>bona</strong></span> <span class='ocrx_word' id='word_1_961' title='bbox 3366 5617 3471 5679; x_wconf 62' lang='lat' dir='ltr'><strong>ejus</strong></span> 
     </span>
    </p>
   </div>
   <div class='ocr_carea' id='block_1_120' title="bbox 1874 5693 3475 5807">
    <p class='ocr_par' dir='ltr' id='par_1_120' title="bbox 1874 5693 3475 5807">
     <span class='ocr_line' id='line_1_120' title="bbox 1874 5693 3475 5807; baseline -0.003 -13"><span class='ocrx_word' id='word_1_962' title='bbox 1874 5693 2128 5804; x_wconf 39' lang='lat' dir='ltr'><strong>“autem,</strong></span> <span class='ocrx_word' id='word_1_963' title='bbox 2153 5751 2198 5795; x_wconf 84' lang='lat' dir='ltr'><strong>et</strong></span> <span class='ocrx_word' id='word_1_964' title='bbox 2220 5745 2324 5807; x_wconf 82' lang='lat' dir='ltr'><strong>ipsa</strong></span> <span class='ocrx_word' id='word_1_965' title='bbox 2346 5743 2448 5794; x_wconf 80' lang='lat' dir='ltr'><strong>sine</strong></span> <span class='ocrx_word' id='word_1_966' title='bbox 2470 5750 2639 5793; x_wconf 69' lang='lat' dir='ltr'><strong>virtute</strong></span> <span class='ocrx_word' id='word_1_967' title='bbox 2666 5742 2784 5793; x_wconf 81' lang='lat' dir='ltr'><strong>bona</strong></span> <span class='ocrx_word' id='word_1_968' title='bbox 2808 5738 2900 5795; x_wconf 81' lang='lat' dir='ltr'><strong>sint</strong></span> <span class='ocrx_word' id='word_1_969' title='bbox 2923 5756 2939 5793; x_wconf 87' lang='lat'><em>:</em></span> <span class='ocrx_word' id='word_1_970' title='bbox 2964 5748 3118 5795; x_wconf 77' lang='lat' dir='ltr'><strong>tamen</strong></span> <span class='ocrx_word' id='word_1_971' title='bbox 3143 5750 3187 5793; x_wconf 68' lang='lat' dir='ltr'><strong>et</strong></span> <span class='ocrx_word' id='word_1_972' title='bbox 3205 5740 3475 5793; x_wconf 74' lang='lat' dir='ltr'><strong>secundum</strong></span> 
     </span>
    </p>
   </div>
   <div class='ocr_carea' id='block_1_121' title="bbox 1877 5808 2695 5871">
    <p class='ocr_par' dir='ltr' id='par_1_121' title="bbox 1877 5808 2695 5871">
     <span class='ocr_line' id='line_1_121' title="bbox 1877 5808 2695 5871; baseline -0.002 -13"><span class='ocrx_word' id='word_1_973' title='bbox 1877 5809 2010 5871; x_wconf 72' lang='lat' dir='ltr'><strong>istos,</strong></span> <span class='ocrx_word' id='word_1_974' title='bbox 2035 5816 2128 5857; x_wconf 87' lang='lat' dir='ltr'><strong>etc.</strong></span> <span class='ocrx_word' id='word_1_975' title='bbox 2156 5808 2475 5858; x_wconf 72' lang='lat' dir='ltr'><strong>Fmendautur</strong></span> <span class='ocrx_word' id='word_1_976' title='bbox 2500 5819 2565 5856; x_wconf 79' lang='lat' dir='ltr'><strong>ex</strong></span> <span class='ocrx_word' id='word_1_977' title='bbox 2588 5814 2695 5856; x_wconf 71' lang='lat' dir='ltr'><strong>Mss.</strong></span> 
     </span>
    </p>
   </div>
  </div>
