3976 6574
551 405 652 462 6ἓῖ

623 518 677 572 2.
722 517 869 572 lianc
907 517 1069 572 vitam
1114 516 1321 572 beatam
1366 517 1526 571 etiam
1573 517 1825 574 socialem
1867 517 2150 588 perhibent

555 623 704 674 esse,
757 622 875 677 quae
917 608 1210 661 amicorum
1254 609 1395 662 bona
1445 618 1663 677 propter
1700 624 1758 662 se
1805 610 1916 678 ipsa
1965 608 2153 678 diligat

554 700 692 753 sicut
733 713 827 752 sua
854 739 870 764 ,
913 698 1096 767 eisque
1124 707 1339 767 propter
1365 698 1510 766 ipsos
1535 697 1637 753 hoc
1666 699 1787 753 velit
1827 697 1966 767 quod
2007 697 2146 761 sibi;

555 789 669 843 sive
698 789 747 841 in
777 787 936 840 domo
964 787 1089 853 sint,
1123 788 1262 840 sicut
1288 788 1480 857 conjux
1503 797 1555 841 et
1577 788 1731 843 liberi
1753 798 1805 841 et
1826 788 2149 857 quicumque

555 879 869 943 domestici;
917 880 1028 933 sive
1060 879 1112 932 in
1154 879 1300 945 loco,
1347 879 1434 932 ubi
1465 878 1654 933 domus
1679 879 1795 949 ejus
1824 890 1943 945 est,
1996 879 2151 932 sicuti

555 980 638 1025 est
666 971 794 1025 urbs
819 1013 833 1037 ,
879 979 937 1023 ut
968 980 1090 1024 sunt
1118 971 1170 1024 hi
1202 972 1291 1041 qui
1321 973 1465 1026 cives
1490 981 1775 1037 vocantur;
1818 972 1931 1025 sive
1957 971 2009 1025 in
2040 978 2153 1024 toto

555 1062 684 1114 orbe
706 1100 719 1124 ,
763 1070 819 1114 ut
845 1070 968 1114 sunt
994 1068 1181 1131 gentes
1201 1102 1215 1126 ,
1262 1076 1395 1131 quas
1424 1062 1472 1117 ei
1500 1063 1728 1116 societas
1755 1061 1983 1115 humana
2015 1075 2148 1115 con-

557 1152 760 1224 jungit;
790 1153 901 1208 sive
929 1154 980 1207 in
1009 1154 1124 1224 ipso
1151 1154 1372 1221 mundo,
1402 1155 1491 1225 qui
1518 1165 1767 1211 censetur
1791 1155 2007 1209 nomine
2031 1154 2151 1209 cceli

559 1255 616 1300 et
648 1254 827 1309 terrae,
861 1230 998 1300 sicut
1026 1260 1145 1300 esse
1183 1246 1365 1301 dicunt
1391 1247 1552 1314 deos,
1583 1262 1717 1317 quos
1742 1247 1928 1302 volunt
1953 1247 2154 1302 amicos

556 1351 678 1391 esse
699 1336 900 1391 homini
917 1338 1164 1407 sapienti,
1180 1355 1313 1408 quos
1334 1354 1431 1394 nos
1448 1338 1758 1393 familiarius
1770 1340 2001 1409 Angelos
2018 1338 2152 1393 dici-

561 1440 703 1479 mus.
737 1427 812 1481 De
838 1428 1100 1481 bonorum
1124 1437 1301 1481 autem
1324 1437 1378 1481 et
1402 1444 1432 1482 e
1452 1429 1721 1487 conteario
1744 1430 2004 1482 malorum
2036 1428 2157 1483 ﬁni-

560 1517 664 1571 bus
690 1528 883 1588 negant
906 1520 1016 1573 ullo
1044 1519 1203 1573 modo
1234 1536 1351 1573 esse
1382 1519 1747 1585 dubitandum,
1775 1530 1830 1575 et
1858 1520 1996 1575 hanc
2018 1521 2157 1575 inter

559 1622 621 1662 se
646 1619 701 1664 et
728 1625 895 1665 novos
920 1611 1269 1667 Academicos
1286 1612 1687 1668 afﬁrmantesse
1711 1613 2037 1679 distantiam,
2057 1629 2158 1669 nec

558 1713 749 1754 eorum
782 1701 1005 1756 interest
1026 1702 1333 1772 quidquam,
1360 1704 1473 1758 sive
1502 1704 1712 1775 cynico,
1746 1706 1857 1759 sive
1881 1706 1990 1759 alio
2016 1720 2155 1775 quo-

560 1791 691 1847 libet
722 1793 904 1847 habitu
932 1803 986 1847 et
1012 1795 1154 1849 victu
1181 1795 1233 1849 in
1261 1796 1343 1850 his
1365 1795 1581 1863 ﬁnibus,
1605 1811 1742 1866 quos
1763 1812 1921 1851 veros
1949 1806 2154 1866 putant,

562 1884 790 1952 quisque
829 1884 1258 1955 philosophetur.
1288 1887 1363 1940 Ex
1397 1887 1567 1942 tribus
1594 1903 1751 1958 porro
1781 1887 1886 1942 illis
1911 1889 2032 1943 vita:
2062 1905 2159 1959 ge-

563 1976 807 2042 neribus,
838 1977 1029 2037 otioso,
1060 1986 1301 2043 actuoso,
1336 1989 1391 2033 et
1420 1979 1561 2049 quod
1587 1994 1657 2035 ex
1686 1989 1913 2051 utroque
1941 1995 2161 2051 compo-

563 2065 723 2120 situm
750 2075 865 2133 est,
916 2068 1017 2123 hoc
1046 2069 1259 2122 tertium
1290 2069 1389 2123 sibi
1423 2071 1635 2139 placere
1672 2080 2004 2126 asseverant.
2036 2072 2163 2127 llaec

563 2156 801 2211 sensisse
841 2166 1000 2227 atque
1045 2158 1293 2215 docuisse
1343 2159 1692 2215 Academicos
1716 2169 1959 2227 veteres,
1990 2161 2162 2218 Varro

565 2249 777 2315 asserit,
810 2258 1031 2305 auctore
1056 2250 1340 2315 Antiocho,
1371 2252 1624 2321 magistro
1652 2252 1929 2308 Ciceronis
1959 2262 2009 2308 et
2039 2268 2158 2321 suo,

567 2356 730 2410 quem
758 2358 887 2397 sane
928 2344 1120 2399 Cicero
1148 2346 1199 2398 in
1228 2345 1469 2415 pluribus
1500 2343 1665 2400 fuisse
1692 2345 1927 2400 Stoicum
1951 2388 1965 2412 ,
2003 2361 2162 2415 quam

566 2440 806 2486 veterem
843 2432 1223 2487 Academicum
1264 2434 1380 2487 vult
1420 2434 1589 2488 videri
1636 2432 1734 2503 (a).
1777 2433 1881 2489 Sed
1926 2434 2051 2504 quid
2096 2433 2165 2488 ad

570 2536 692 2585 nos,
717 2523 805 2592 qui
822 2524 999 2593 potius
1016 2524 1083 2578 de
1102 2524 1261 2579 rebus
1284 2525 1413 2594 ipsis
1429 2525 1667 2593 judicare
1687 2525 1944 2581 debemus
1964 2567 1976 2589 ,
2006 2540 2163 2595 quam

566 2629 668 2683 pro
694 2630 887 2685 magno
906 2615 974 2670 de
999 2615 1304 2671 hominibus
1332 2617 1457 2687 quid
1483 2618 1711 2688 quisque
1736 2618 1964 2672 senserit
1990 2617 2166 2672 scire?

568 2725 798 2782 CAPUT
839 2722 1121 2783 lV.—De
1144 2745 1340 2783 summo
1376 2729 1503 2783 bono
1543 2739 1589 2783 et
1631 2746 1825 2784 summa
1864 2731 1999 2783 malo
2045 2730 2167 2799 quid

646 2817 920 2871 Christiani
960 2822 1175 2873 sentiant
1202 2830 1379 2874 contra
1406 2821 1763 2891 philosOphos,
1808 2823 1892 2891 qui
1918 2839 2168 2877 summum

646 2908 833 2961 bonum
863 2909 915 2961 in
939 2925 993 2963 se
1017 2908 1112 2962 sibi
1142 2926 1246 2963 esse
1268 2910 1521 2963 dixerunt.

648 3038 701 3091 1.
734 3037 790 3092 Si
817 3054 944 3109 ergo
973 3050 1243 3109 qumratnr
1262 3056 1290 3093 a
1313 3040 1485 3106 nobis,
1514 3042 1639 3111 quid
1664 3042 1851 3097 civitas
1874 3042 1968 3096 Dei
1994 3042 2060 3096 de
2088 3042 2170 3096 his

574 3129 802 3198 singulis
830 3131 1149 3201 interrogata
1181 3134 1520 3202 respondeat,
1545 3149 1606 3188 ac
1629 3135 1855 3203 primum
1883 3134 1950 3189 de
1977 3134 2171 3189 ﬁnibus

577 3222 841 3280 honorum
870 3225 1236 3294 malorumque
1266 3225 1391 3295 quid
1410 3226 1624 3291 sentiat,
1642 3224 1985 3295 respondebit
2009 3236 2168 3279 mter-

573 3330 699 3375 nam
745 3316 912 3370 vitam
963 3331 1083 3371 esse
1133 3332 1401 3371 summum
1446 3316 1643 3370 bonum
1671 3356 1685 3377 ,
1734 3325 1989 3369 mternam
2044 3331 2172 3369 vero

576 3414 807 3458 mortem
839 3419 1105 3459 summum
1132 3407 1328 3460 malum
1355 3423 1368 3458 :
1393 3415 1608 3475 propter
1630 3406 1772 3460 illam
1804 3405 2028 3474 proinde
2056 3405 2170 3461 adi-

575 3493 888 3562 piscendam
908 3536 922 3560 ,
956 3495 1215 3565 istamque
1245 3496 1512 3549 vitandam
1534 3537 1548 3560 ,
1576 3505 1721 3551 recte
1747 3496 1902 3550 nobis
1931 3511 2049 3550 esse
2087 3497 2168 3549 vi-

576 3584 831 3639 vendum.
850 3585 1075 3655 Propter
1094 3586 1232 3663 quod
1256 3587 1509 3655 scriptum
1532 3596 1633 3654 est,
1650 3586 1829 3642 Justus
1846 3605 1910 3641 ea:
1926 3588 2027 3655 ﬁde
2052 3589 2171 3640 vivit

578 3674 848 3746 (Habacuc
876 3691 934 3739 ιι,
957 3680 1020 3739 Is;
1052 3675 1223 3730 Galat.
1247 3693 1324 3741 ιιι,
1352 3677 1440 3748 Η)
1464 3678 1744 3746 :quoniam
1771 3694 1944 3748 neque
1974 3678 2169 3733 bonum

574 3776 817 3824 nostrum
863 3767 974 3835 jam
1017 3766 1298 3833 videmus,
1348 3766 1487 3820 unde
1530 3776 1744 3837 oportet
1797 3778 1853 3822 ut
1904 3767 2173 3822 credendo

574 3873 907 3928 quaeramus;
943 3874 1117 3929 neque
1147 3858 1321 3928 ipsum
1352 3867 1498 3913 recte
1521 3860 1702 3914 vivere
1729 3859 1882 3914 nobis
1911 3874 1977 3914 ex
2016 3859 2172 3913 nobis

576 3960 694 4012 est,
734 3951 835 4003 nisi
874 3950 1153 4005 credentes
1197 3950 1412 4020 adjuvet
1438 3959 1492 4005 et
1515 3959 1766 4017 orantes,
1800 3950 1891 4020 qui
1919 3960 1973 4005 et
1999 3950 2171 4020 ipsam

577 4040 739 4093 ﬁdem
780 4039 961 4106 dedit,
1010 4056 1111 4109 qua
1147 4055 1243 4095 nos
1270 4041 1338 4095 ab
1368 4041 1458 4096 illo
1484 4040 1812 4110 adjuvandos
1835 4056 1955 4097 esse
1981 4041 2172 4095 creda-

576 4145 719 4191 mus.
753 4130 833 4184 llli
854 4142 1030 4184 autem
1057 4131 1146 4199 qui
1173 4131 1225 4184 in
1253 4132 1351 4185 ista
1379 4133 1486 4185 vita
1515 4132 1646 4185 tines
1677 4131 1937 4185 bonorum
1965 4140 2020 4185 et
2048 4145 2168 4185 ma-

578 4223 753 4279 lorum
776 4236 895 4275 esse
920 4229 1259 4290 putaverunt,
1278 4222 1392 4276 sive
1423 4222 1475 4274 in
1498 4236 1742 4290 corpore,
1764 4220 1875 4277 sive
1897 4220 1949 4275 in
1970 4220 2170 4288 animo,

577 4313 693 4367 sive
722 4312 774 4364 in
806 4322 1031 4380 utroque
1060 4323 1320 4379 ponentes
1347 4326 1613 4365 summum
1641 4312 1839 4366 bonum
1864 4328 1877 4377 ;
1909 4320 2088 4380 atque,
2117 4320 2175 4365 ut

578 4404 631 4460 id
660 4404 973 4472 explicatius
1011 4403 1252 4472 eloquar,
1288 4405 1400 4463 sive
1430 4405 1484 4457 in
1511 4404 1811 4471 voluptate,
1843 4403 1956 4457 sive
1985 4403 2038 4455 in
2065 4403 2175 4456 vir-

579 4504 693 4548 tute
714 4536 729 4560 ,
777 4495 889 4549 sive
916 4494 967 4548 in
997 4502 1254 4563 utraque;
1282 4494 1395 4549 sive
1424 4494 1477 4548 in
1508 4493 1708 4562 quiete,
1739 4493 1852 4547 sive
1877 4493 1930 4546 in
1954 4493 2171 4558 virtute,

578 4585 692 4639 sive
737 4584 788 4637 in
819 4593 1083 4658 utraque;
1127 4585 1239 4638 sive
1279 4584 1329 4637 in
1361 4583 1632 4652 voluptate
1665 4582 1824 4637 simul
1868 4591 1924 4637 et
1956 4582 2133 4652 quiete
2157 4623 2173 4648 ,

580 4676 695 4730 sive
722 4675 773 4729 in
799 4677 1018 4741 virtute,
1038 4676 1152 4730 sive
1171 4676 1222 4729 in
1242 4675 1515 4745 utrisque;
1544 4674 1656 4729 sive
1674 4674 1725 4727 in
1743 4674 1929 4743 primis
1947 4680 2171 4738 natura‘,

581 4771 700 4825 sive
740 4770 794 4824 in
822 4770 1040 4835 virtute,
1089 4769 1201 4822 sive
1230 4770 1282 4822 in
1315 4768 1583 4837 utrisque:
1604 4767 1690 4821 hic
1718 4766 1858 4822 beati
1885 4780 2004 4821 esse
2024 4808 2038 4832 ,
2066 4773 2120 4819 et
2143 4778 2174 4817 a

579 4879 641 4918 se
665 4863 794 4933 ipsis
816 4861 956 4916 beati
986 4861 1101 4916 ﬁeri
1130 4861 1263 4915 mira
1285 4861 1519 4917 vanitate
1544 4860 1849 4914 voluerunt.
1879 4858 2047 4913 lrrisit
2076 4856 2175 4911 hos

532 5008 544 5026 ,
581 4955 797 5010 Veritas
835 4970 930 5025 per
956 4953 1269 5024 prophetam
1300 4952 1596 5017 dicentem,
1633 4950 1788 5008 Novit
1818 4950 2065 5004 Dominus
2091 4964 2176 5002 co-

585 5048 856 5115 gitationes
882 5045 1177 5109 hominum;
1208 5044 1313 5110 vel,
1337 5044 1473 5098 sicut
1494 5043 1595 5101 hoc
1616 5042 1977 5096 testimonium
2001 5040 2177 5109 posuit

580 5137 856 5205 apostolus
894 5136 1092 5190 Paulus
1112 5178 1127 5202 ,
1176 5134 1427 5191 Dominus
1457 5133 1590 5187 novit
1616 5133 1942 5205 cogitationes
1970 5131 2176 5199 sapien-

580 5233 724 5295 tium,
750 5230 988 5297 quoniam
1007 5243 1151 5283 vana:
1169 5236 1284 5282 sunt
1306 5224 1479 5296 (Psal.
1502 5241 1647 5293 xcm,
1674 5226 1734 5280 11
1757 5242 1771 5289 ;
1792 5224 1808 5276 l
1826 5223 1945 5279 Cor.
1966 5238 2043 5290 tu,
2060 5221 2175 5292 20).

646 5381 720 5443 (a)
742 5383 828 5432 Hic
848 5383 1106 5433 Antiochus
1137 5380 1401 5443 Ascalonita
1446 5381 1554 5440 fuit,
1592 5380 1853 5443 docuitque
1875 5382 2176 5438 Ciceronem,

581 5449 866 5505 Varronem,
889 5444 1133 5493 Lucullum
1158 5451 1210 5492 et
1231 5442 1351 5497 alios
1387 5443 1649 5505 [laresque
1692 5442 1884 5505 nobiles
1920 5449 2177 5505 Romanos;

582 5504 986 5566 sequebaturque
1005 5513 1245 5566 veterem
1283 5503 1601 5563 Academiam,
1627 5503 1717 5553 sed
1740 5506 1805 5552 ita
1829 5510 1884 5551 ut
1904 5503 1962 5550 ad
1984 5503 2182 5566 Zenoni-

583 5561 690 5611 αιιῂ
712 5561 1206 5624 sectam'inclinaret;
1234 5579 1441 5627 eamque
1484 5561 1710 5614 nontam
1732 5566 1933 5614 Stoicam
1974 5561 2182 5627 discipli-

584 5636 698 5677 nam
721 5632 890 5697 novam
911 5627 1169 5697 vocandam
1191 5624 1662 5697 autumabat,‘quam
1677 5629 1893 5697 antiquae
1918 5624 2181 5697 Academiae

585 5686 942 5748 correctionem
967 5700 979 5734 :
1007 5688 1182 5735 idcirco
1206 5689 1313 5748 ejus
1337 5686 1551 5737 Antiochi
1587 5693 1637 5736 et
1659 5688 1722 5736 de
1745 5686 1853 5735 aliis
1891 5686 2044 5733 rebus
2066 5697 2179 5746 per-

586 5746 757 5804 multis
780 5753 830 5793 et
854 5746 901 5793 in
920 5748 1088 5805 primis
1108 5748 1171 5795 de
1194 5746 1381 5799 summo
1420 5752 1549 5798 bono
1572 5750 1817 5797 sententia
1848 5754 1999 5795 Marco
2020 5752 2177 5804 Bruto,

588 5805 671 5869 qui
686 5807 805 5875 ejus
837 5805 1036 5875 fratrem
1059 5808 1303 5875 audiebat,
1338 5814 1626 5875 caeterisque
1667 5811 1833 5860 Stoicis
1857 5809 2177 5859 vehementer

590 5869 911 5931 probabatur.
933 5873 1044 5917 wn.
1072 5874 1223 5918 V'tvss.

1553 405 1640 460 DE
1680 406 1997 461 ClVlTATE
2036 404 2167 469 DEI,
2207 402 2263 460 S.
2305 404 2670 462 AUGUSTINI
3707 413 3772 465 {Si

2326 515 2381 569 2.
2409 516 2540 583 Quis
2560 516 2704 570 enim
2724 514 2939 580 sufﬁcit,
2960 515 3243 585 quantovis
3264 514 3586 585 eloquentiae
3601 514 3774 583 ﬂumine.

2253 608 2375 663 vitae
2411 607 2569 677 hujus
2609 606 2850 661 miserias
2888 607 3191 676 explicare?
3218 607 3398 674 Quam
3428 607 3777 665 lamentatusest

2253 697 2443 754 Cicero
2480 698 2532 752 in
2561 697 2937 752 Consolatione
2966 697 3033 753 de
3060 706 3233 752 morte
3266 698 3430 764 ﬁliae,
3478 698 3605 753 sicut
3631 703 3777 768 potuit:

2254 788 2349 843 sed
2380 796 2635 857 quantum
2666 796 2749 842 est
2773 787 2913 856 quod
2942 789 3149 858 potuit?
3177 789 3253 843 Ea
3282 789 3489 858 quippe
3515 804 3622 858 qua:
3644 790 3777 845 dicen.

2253 887 2340 932 tur
2368 878 2538 947 prima
2571 887 2773 932 natum
2796 918 2811 944 ,
2841 878 3053 947 quando
3075 920 3090 945 ,
3126 879 3247 945 ubi,
3283 880 3559 950 quomodo
3578 891 3668 933 tam
3692 880 3783 935 bene

2251 983 2310 1023 se
2338 967 2538 1024 habere
2582 969 2635 1022 in
2680 968 2780 1023 hac
2816 969 2921 1023 vita
2954 978 3211 1037 possunt,
3254 979 3318 1024 ut
3362 985 3471 1023 non
3514 972 3605 1025 sub
3629 971 3784 1028 incertis

2252 1059 2468 1115 casibus
2507 1060 2794 1116 ﬂuctuent?
2838 1061 2967 1127 Quis
3008 1062 3154 1117 enim
3197 1061 3363 1117 dolor
3412 1064 3689 1117 contrarius
3724 1080 3786 1117 τοι

2255 1151 2441 1221 luptati
2462 1193 2478 1218 ,
2521 1168 2640 1223 qua:
2685 1152 2995 1224 inquietudo
3022 1155 3295 1208 contraria
3327 1154 3537 1224 quieti,
3572 1154 3622 1209 in
3644 1170 3783 1224 corpus

2255 1243 2448 1299 cadere
2487 1244 2741 1314 sapientis
2767 1260 2872 1299 non
2898 1247 3112 1314 petest?
3155 1245 3530 1301 Membrorum
3566 1256 3689 1301 certe
3711 1263 3789 1300 am.

2256 1335 2458 1404 putatio
2483 1336 2566 1391 vel
2589 1335 2835 1391 debilitas
2856 1335 3087 1392 hominis
3107 1346 3385 1407 expugnat
3414 1338 3787 1401 incolumitatem.

2256 1423 2569 1480 deformitas
2610 1424 3098 1495 pulchritudinem,
3152 1426 3501 1483 imbecillitas
3545 1430 3791 1491 sanitatem.

2256 1515 2398 1570 vires
2444 1515 2720 1582 lassitudo,
2768 1515 3120 1573 mobilitatem
3176 1526 3403 1588 torpor,
3456 1528 3546 1574 aut
3593 1520 3790 1575 tarditas:

2259 1606 2449 1675 ecquid
2483 1607 2671 1662 horum
2701 1615 2785 1662 est
2804 1648 2820 1674 ,
2851 1608 2993 1677 quod
3024 1619 3255 1679 nequeat
3282 1610 3342 1665 in
3368 1625 3581 1665 carnem
3605 1612 3794 1680 sapientis

2259 1698 2499 1753 irruere?
2548 1698 2728 1754 Status
2770 1714 2985 1769 quoque
3031 1704 3276 1771 corporis
3308 1711 3477 1771 atque
3506 1711 3793 1769 motus,cum

2260 1786 2512 1842 decentes
2543 1796 2704 1858 atque
2728 1799 3081 1858 congruentes
3109 1798 3251 1856 sunt,
3288 1792 3438 1847 inter
3464 1799 3653 1845 natura:
3675 1793 3796 1860 prima

2262 1887 2637 1933 numerantur:
2658 1879 2751 1934 sed
2775 1880 2899 1949 quid
2921 1880 2966 1934 si
2987 1881 3159 1951 aliqua
3183 1882 3325 1936 mala
3350 1882 3596 1937 valetudo
3616 1882 3794 1937 membra

2263 1978 2499 2025 tremore
2544 1969 2848 2025 concutiat?
2896 1970 3022 2041 quid
3063 1971 3108 2025 si
3151 1985 3323 2042 usque
3368 1973 3439 2027 ad
3484 1972 3724 2042 ponendas
3762 1974 3797 2024 in

2263 2069 2461 2116 terram
2512 2076 2702 2117 manus
2750 2061 2895 2117 dorsi
2950 2062 3101 2131 spina
3159 2073 3453 2130 curvetur,
3502 2072 3554 2118 et
3588 2063 3795 2117 hominem

2264 2151 2662 2221 quodammodo
2718 2152 3117 2222 quadrupedem
3166 2154 3368 2209 faciat?
3422 2170 3595 2210 nonne
3638 2170 3798 2208 omnem

2268 2242 2535 2296 statuendi
2562 2244 2803 2312 corporis
2830 2252 2884 2298 et
2912 2245 3157 2299 movendi
3185 2249 3427 2314 speciem
3454 2245 3697 2313 decusque
3714 2260 3798 2315 per-

2266 2332 2471 2386 vertet?
2506 2331 2643 2398 Quid
2688 2333 2856 2401 ipsius
2895 2333 3058 2387 animi
3087 2334 3412 2403 primigenia
3443 2352 3560 2406 qua:
3582 2336 3797 2405 appellan-

2265 2431 2355 2477 tur
2397 2422 2536 2476 bona
2561 2463 2575 2487 ,
2626 2422 2717 2477 ubi
2763 2422 2870 2478 duo
2913 2424 3080 2492 prima
3126 2434 3332 2493 ponunt
3375 2436 3589 2496 propter
3610 2440 3798 2495 compre-

2268 2511 2584 2566 hensionem
2636 2512 3138 2583 perceptionemque
3191 2513 3478 2581 veritatis,
3536 2530 3724 2569 sensum
3763 2524 3799 2565 et

2270 2600 2635 2656 intellectum?
2669 2602 2773 2657 Sed
2802 2603 2973 2673 qualis
3000 2611 3338 2673 quantusque
3363 2614 3600 2659 remanet
3632 2618 3796 2666 sensus,

2268 2693 2338 2759 si,
2371 2700 2429 2746 ut
2455 2692 2556 2746 alia
2588 2701 2789 2748 taceam
2816 2734 2830 2758 ,
2860 2693 2953 2747 ﬁat
2981 2693 3141 2748 homo
3166 2694 3368 2749 surdus
3393 2704 3448 2749 et
3476 2694 3665 2749 caecus?
3688 2693 3799 2746 Ratio

2269 2796 2400 2837 vero
2447 2791 2502 2838 et
2547 2783 2891 2853 intelligentia
2934 2799 3040 2853 quo
3074 2784 3310 2851 recedet,
3359 2786 3451 2839 ubi
3499 2784 3737 2854 sopiemr,
3768 2784 3797 2834 si

2270 2874 2449 2943 aliquo
2501 2875 2689 2929 morbo
2737 2875 2999 2930 eﬂiciatur
3046 2876 3302 2931 insanus?
3349 2875 3640 2931 Plirenetici
3678 2873 3797 2927 multa

2270 2966 2500 3021 absurda
2543 2982 2663 3021 cum
2690 2967 2907 3033 dicunt,
2947 2967 3030 3021 vel
3060 2966 3292 3033 iaciunt,
3324 2968 3630 3036 plerumque
3653 2980 3678 3017 a
3699 2964 3799 3017 bono

2272 3072 2371 3112 suo
2400 3057 2676 3127 proposito
2705 3065 2759 3112 et
2784 3056 3021 3111 moribus
3063 3057 3266 3122 aliena,
3301 3057 3414 3111 imo
3444 3072 3539 3111 suo
3561 3056 3684 3109 bono
3706 3067 3795 3122 pro-

2274 3152 2448 3220 posito
2475 3150 2819 3219 moribusque
2840 3150 3127 3213 contraria,
3155 3149 3268 3204 sive
3293 3149 3389 3203 illa
3416 3149 3701 3217 cogitemus,
3719 3145 3797 3196 sive

2273 3243 2581 3308 videamus,
2632 3242 2676 3296 si
2714 3240 2875 3310 digne
2902 3239 3301 3295 consideremus
3326 3281 3343 3306 ,
3390 3239 3641 3310 lacrymas
3663 3245 3795 3289 tenere

2274 3335 2360 3388 vix
2392 3346 2715 3403 possumus,
2744 3340 2835 3385 aut
2863 3329 2998 3385 forte
3027 3344 3125 3384 nec
3155 3344 3444 3399 possumus
3463 3332 3501 3382 ι.
3530 3328 3650 3395 Quid
3670 3325 3793 3377 dicam

2274 3424 2343 3479 de
2369 3423 2473 3489 his,
2499 3423 2587 3492 qui
2616 3422 2916 3477 daemonum
2944 3421 3217 3490 patiuntur
3238 3421 3521 3476 incursus?
3540 3419 3621 3473 ubi
3646 3416 3792 3470 habent

2273 3515 2639 3571 absconditam
2664 3514 2747 3568 vel
2768 3514 3009 3568 obrutam
3038 3512 3445 3583 intelligentiam
3466 3504 3796 3577 suam,quando

2275 3606 2570 3662 secundum
2608 3620 2757 3659 suam
2789 3604 3112 3659 voluntatem
3138 3613 3193 3658 et
3220 3605 3400 3659 anima
3428 3618 3601 3659 eorum
3634 3609 3679 3655 et
3707 3613 3793 3652 cor-

2276 3713 2409 3769 pore
2449 3698 2713 3767 malignus
2755 3697 2921 3750 utitur
2946 3696 3205 3765 Spiritus?
3249 3696 3321 3751 Et
3368 3697 3487 3766 quis
3524 3693 3707 3749 conlidit
3727 3691 3794 3742 hoc

2276 3789 2478 3844 malum
2509 3789 2560 3842 in
2588 3789 2687 3841 hac
2702 3788 2810 3841 vita
2831 3786 3050 3842 evenire
3074 3801 3179 3841 non
3203 3802 3365 3856 posse
3381 3786 3627 3858 sapienti?
3647 3780 3792 3837 Deinde

2277 3881 2554 3952 perceptio
2579 3879 2817 3934 veritatis
2844 3878 2896 3932 in
2926 3877 3024 3932 hac
3052 3892 3213 3932 carne
3239 3878 3415 3948 qualis
3436 3879 3789 3945 autquantaest.

2276 3970 2522 4041 quando,
2577 3968 2715 4024 sicut
2756 3967 2983 4038 legimus
3031 3967 3087 4021 in
3135 3965 3315 4022 veraci
3366 3967 3499 4022 libro
3544 3960 3789 4031 Sapientia.

2278 4063 2473 4134 Corpus
2497 4061 2823 4130 corruptibile
2860 4068 3103 4131 aggravet
3141 4060 3388 4125 animam,
3432 4068 3478 4112 et
3504 4056 3704 4125 deprimit
3724 4061 3791 4102 ta-

2277 4173 2402 4210 rena
2424 4155 2724 4209 inhabitatio
2745 4169 2945 4207 sensum
2966 4152 3123 4206 multa
3144 4152 3451 4222 cogitantem
3467 4148 3607 4220 (Sap.
3628 4138 3789 4209 13,55)?

2281 4246 2513 4316 impetus
2552 4259 2713 4314 porro
2751 4243 2834 4298 vel
2876 4242 3101 4298 actionis
3136 4243 3435 4312 appetitus,
3475 4240 3518 4294 si
3557 4238 3644 4291 hoc
3678 4230 3789 4287 modo

2279 4345 2426 4395 recte
2464 4336 2628 4391 latine
2672 4334 2969 4406 appellatur
2998 4348 3059 4388 ea
3090 4347 3249 4402 quam
3277 4331 3451 4387 Graeci
3481 4335 3649 4383 vocant
3670 4330 3785 4392 tanta

2279 4428 2401 4498 quia
2419 4438 2472 4481 et
2488 4428 2656 4496 ipsam
2679 4410 2866 4495 primis
2893 4433 3095 4478 natura:
3120 4422 3383 4492 deputant
3407 4420 3551 4476 bonis
3568 4416 3787 4488 (a),nonne

2279 4520 2396 4590 ipse
2424 4528 2537 4586 est,
2580 4534 2687 4589 quo
2714 4526 2971 4588 geruntur
2993 4516 3157 4571 etiam
3190 4516 3495 4570 insanorum
3523 4510 3590 4565 illi
3625 4506 3783 4561 miserm

2280 4613 2416 4667 biles
2445 4621 2621 4666 motus
2640 4653 2655 4678 ,
2685 4621 2735 4665 et
2769 4610 2905 4665 facta
2935 4625 3053 4679 qutc
3078 4608 3387 4673 horremus,
3419 4603 3613 4677 quando
3632 4610 3785 4671 perter-

2281 4705 2410 4759 titur
2436 4718 2624 4758 sensus
2653 4702 2895 4771 ratioque
2919 4700 3163 4770 sopitur?

2352 4799 2406 4853 3.
2439 4796 2605 4851 Porro
2633 4795 2746 4863 ipsa
2775 4794 2944 4847 virtus
2967 4834 2983 4860 ,
3027 4806 3143 4862 qua:
3171 4806 3276 4846 non
3304 4800 3387 4846 est
3416 4790 3545 4844 inter
3571 4782 3707 4854 prima
3724 4786 3783 4827 na-

2281 4900 2413 4945 turae
2432 4929 2448 4956 ,
2492 4887 2744 4958 quoniam
2772 4885 2852 4940 eis
2881 4894 3062 4955 postea
3104 4882 3347 4937 doctrina
3378 4876 3699 4934 introducente
3718 4878 3779 4917 su.

2282 4979 2557 5051 pervenit,
2589 4993 2710 5033 cum
2740 4976 2842 5031 sibi
2877 4976 3136 5029 bonorum
3166 4971 3381 5027 culmen
3407 4967 3621 5023 vindicet
3653 4960 3782 5057 belli"

2282 5087 2494 5135 norum,
2527 5068 2655 5139 quid
2696 5067 2785 5121 hic
2814 5066 2921 5137 agit
2949 5065 3050 5120 nisi
3081 5072 3337 5133 perpetua
3369 5060 3502 5117 bella
3530 5067 3631 5111 cum
3656 5056 3777 5139 vitiis,

2281 5178 2384 5218 nec
2409 5159 2764 5216 exterioribus
2784 5199 2799 5225 ,
2840 5156 2936 5211 sed
2984 5153 3358 5217 interioribus;
3390 5165 3484 5205 nec
3507 5141 3689 5203 alienis.
3720 5126 3778 5184 ⁸⁸³

2282 5254 2441 5324 plane
2484 5250 2680 5305 nostris
2720 5257 2773 5303 et
2812 5246 3072 5316 propriis;
3118 5243 3350 5297 maxime
3388 5242 3490 5304 illa,
3529 5248 3629 5305 qua:

2282 5314 2568 5417 ;°’?P°va
2598 5342 2761 5397 latine
2782 5337 3129 5408 temperantia
3156 5335 3481 5397 nominatur,
3503 5343 3591 5399 qua
3610 5314 3775 5417 camelis

2285 5414 2562 5492 frenantur
2608 5432 2877 5498 libidines,
2926 5446 2993 5486 ne
3038 5433 3089 5484 in
3134 5443 3361 5499 quaeque
3408 5422 3582 5493 ﬂagitia
3615 5414 3773 5467 mentem

2350 5659 2364 5688 ¹
2402 5655 2506 5704 Sola
2547 5653 2694 5702 editio
2733 5650 3097 5701 Levaniensium
3140 5648 3334 5704 omittit,
3370 5650 3447 5694 aut
3478 5643 3583 5703 forte
3609 5640 3672 5679 mc
3704 5630 3768 5682 να·

2284 5731 2447 5769 smnus
2453 5752 2462 5760 -

2352 5799 2423 5859 (u)
2446 5796 2574 5846 Coni‘.
2602 5796 2751 5859 cicer.
2779 5797 2861 5845 lib.
2884 5796 2913 5844 ὅ
2935 5794 2997 5843 de
3018 5793 3224 5849 Finibus,
3249 5802 3352 5851 cap.
3383 5787 3428 5847 ϐ,
3454 5782 3589 5834 etlib.
3609 5770 3634 5824 ἱ
3649 5770 3691 5819 d8
3707 5766 3769 5811 53"

2288 5857 2443 5922 demi,
2465 5872 2567 5922 cap.
2596 5857 2671 5909 ‘32.
