3976 6562
193 394 295 449 6'29

191 511 612 566 consentientem
657 511 868 565 trahant
901 512 1010 584 (a)?
1059 512 1237 582 Neque
1283 514 1423 568 enim
1456 515 1655 568 nullum
1693 523 1776 567 est

194 601 380 654 vitium
405 642 421 667 ,
451 617 594 665 cum,
641 601 776 655 sicut
803 601 932 656 dicit
959 603 1240 672 Apostolus
1264 643 1279 668 ,
1312 602 1442 657 Caro
1467 604 1776 672 concupiscit

192 693 433 745 adversus
473 693 706 761 spiritum
725 694 841 748 :cul
871 693 999 748 vitio
1025 695 1287 749 contraria
1316 697 1481 750 virtus
1514 704 1613 761 est,
1634 711 1776 762 eum,

194 781 333 835 sicut
356 781 498 836 idem
521 781 668 847 dicit,
698 782 928 853 Spiritus
957 785 1265 855 concupiscit
1289 787 1530 841 adversus
1553 803 1775 840 carnem.

201 871 329 925 Htec
353 874 506 938 enim,
535 874 725 944 inquit,
751 875 963 930 invicem
988 877 1354 944 adversantur;
1376 889 1432 932 ut
1458 895 1558 934 non
1587 897 1646 933 ea
1669 895 1781 948 qua

194 965 346 1018 uultis
385 965 588 1034 faciatis
617 965 814 1037 (Galat.
841 983 896 1032 v,
927 967 1039 1039 l7).
1067 968 1202 1035 Quid
1227 977 1405 1025 autem
1431 969 1606 1026 facere
1631 971 1781 1026 volu-

195 1071 337 1124 mus,
367 1071 488 1110 cum
515 1058 697 1127 perlici
724 1060 972 1115 volumus
999 1060 1158 1116 tinem
1186 1063 1380 1117 summi
1407 1063 1568 1131 boni,
1597 1064 1698 1119 nisi
1725 1071 1783 1120 ut

195 1163 324 1203 caro
348 1148 612 1205 adversus
649 1151 894 1220 spiritum
923 1166 1031 1207 non
1057 1154 1438 1224 concupiscat,
1483 1169 1585 1210 nec
1620 1157 1689 1211 sit
1727 1155 1780 1211 in

195 1238 352 1292 nobis
376 1238 479 1294 hoc
507 1239 693 1294 vitium
715 1282 732 1308 ,
773 1250 960 1297 contra
987 1242 1128 1313 quod
1158 1244 1376 1314 spiritus
1403 1247 1782 1316 concupiscat?

193 1328 347 1395 Quod
377 1330 430 1383 in
464 1330 566 1386 hac
591 1332 701 1386 vita
737 1334 986 1403 quamvis
1025 1334 1273 1403 velimus,
1315 1336 1567 1406 quoniam
1607 1336 1784 1393 facere

195 1437 303 1475 non
332 1423 597 1490 valemus,
628 1423 682 1479 id
708 1425 898 1480 saltem
927 1426 981 1480 in
1005 1426 1270 1497 adjutorio
1295 1427 1388 1483 Dei
1412 1429 1684 1493 faciamus,
1715 1443 1784 1485 ne

193 1513 343 1565 carni
373 1515 770 1583 concupiscenti
811 1515 1072 1572 adversus
1103 1517 1378 1588 spiritum,
1425 1519 1617 1588 spiritu
1659 1534 1784 1575 suc-

195 1601 484 1658 cumbente
517 1603 806 1674 cedamus,
845 1614 901 1661 et
941 1606 1008 1661 ad
1053 1607 1462 1677 perpetrandum
1507 1617 1783 1679 peccatum

195 1699 379 1744 nostra
402 1694 758 1749 consensione
779 1694 1171 1764 pertrahamur.
1188 1695 1341 1752 Absit
1355 1705 1574 1768 ergout,
1599 1713 1786 1768 qnam-

193 1782 286 1835 diu
317 1783 372 1836 in
403 1783 504 1838 hoc
534 1785 676 1840 bello
716 1786 970 1842 intestino
999 1802 1214 1854 sumus,
1241 1790 1351 1859 jam
1382 1805 1481 1846 nos
1505 1791 1786 1846 beatitudi-

198 1888 346 1934 nem,
378 1875 444 1928 ad
475 1890 635 1945 quam
663 1878 928 1934 vincendo
955 1879 1201 1935 volumus
1230 1882 1531 1951 pervenire,
1562 1883 1784 1954 adeptos

194 1978 316 2018 esse
354 1965 656 2022 credamus.
689 1967 756 2023 Et
784 1970 905 2040 quis
929 1979 1012 2025 est
1054 1987 1223 2042 usque
1259 1973 1394 2028 adeo
1437 1976 1681 2044 sapiens,
1727 1985 1785 2032 ut

193 2062 380 2108 contra
408 2055 654 2112 libidines
684 2059 882 2114 nullum
911 2060 1105 2116 habeat
1128 2065 1347 2116 omnino
1371 2063 1714 2121 conﬂictum?

264 2145 320 2198 4.
350 2144 487 2212 Quid
513 2147 600 2202 illa
642 2149 844 2218 virtus,
875 2167 994 2222 quae
1021 2152 1302 2221 prudentia
1338 2155 1568 2210 dicitur?
1605 2172 1784 2214 nonne

196 2241 304 2288 tota
334 2236 605 2305 vigilantia
645 2254 740 2294 sua
769 2240 909 2296 bona
952 2241 1208 2298 discernit
1230 2260 1259 2298 a
1291 2246 1479 2312 malis,
1505 2256 1565 2301 ut
1601 2249 1655 2302 in
1682 2249 1784 2303 illis

195 2328 515 2394 appetendis
560 2329 782 2401 istisque
823 2333 1053 2390 vitandis
1105 2338 1280 2392 nullus
1329 2354 1483 2395 error
1527 2341 1785 2412 obrepat?

194 2418 274 2470 Ac
311 2433 408 2486 per
430 2417 534 2474 hoc
578 2428 632 2475 et
659 2421 772 2491 ipsa
807 2439 906 2480 nos
933 2425 986 2480 in
1025 2427 1211 2494 malis,
1239 2429 1324 2483 vel
1367 2431 1506 2485 mala
1535 2431 1589 2485 in
1630 2434 1784 2489 nobis

195 2520 317 2563 esse
355 2500 600 2564 testatur.
628 2510 744 2581 Ipsa
789 2514 931 2570 enim
971 2515 1128 2572 docet
1161 2533 1293 2583 nos,
1322 2522 1519 2575 malum
1558 2537 1679 2578 esse
1715 2524 1784 2579 ad

193 2599 525 2665 peccandum
561 2604 898 2670 consentire,
932 2606 1238 2677 bonumque
1283 2624 1403 2666 esse
1446 2611 1512 2666 ad
1553 2628 1781 2682 peccan-

194 2686 320 2741 dum
349 2703 454 2743 non
479 2693 784 2748 consentire
807 2694 1033 2751 libidini.
1063 2697 1196 2753 lllud
1221 2708 1397 2757 tamen
1426 2703 1626 2758 malum
1647 2746 1662 2770 ,
1695 2706 1780 2761 cui

192 2792 293 2832 nos
343 2795 450 2834 non
495 2785 799 2840 consentire
845 2787 1002 2844 docet
1042 2790 1352 2859 prudentia,
1398 2793 1524 2850 facit
1575 2805 1782 2867 tempe-

189 2869 401 2936 rantia,
433 2887 533 2928 nec
577 2875 889 2944 prudentia,
935 2895 1036 2936 nec
1084 2885 1432 2953 temperantia
1478 2887 1618 2944 tollit
1660 2888 1785 2945 huic

191 2960 334 3050 vitaz.
369 2960 506 3028 Quid
541 2964 766 3033 justitia,
799 2968 950 3038 cujus
979 2987 1170 3028 munus
1209 2983 1292 3030 est
1332 2991 1428 3032 sua
1469 2978 1661 3050 cuique
1688 2982 1783 3037 tri-

190 3049 358 3107 buere
389 3053 462 3126 (b)
494 3056 658 3126 (unde
680 3058 734 3114 fit
763 3061 815 3115 in
839 3063 952 3130 ipso
977 3063 1192 3121 homine
1208 3068 1423 3137 quidam
1448 3049 1624 3142 justus
1649 3075 1784 3132 ordo

192 3153 420 3214 natura,
451 3157 510 3202 ut
547 3150 724 3205 anima
762 3153 1022 3210 subdatur
1065 3157 1176 3212 Deo
1207 3169 1262 3214 et
1299 3161 1493 3218 anima:
1533 3179 1692 3232 caro,
1721 3181 1784 3223 ac

192 3247 288 3305 per
316 3237 420 3292 hoc
454 3238 563 3294 Deo
602 3251 655 3296 et
679 3244 854 3298 anima
879 3255 934 3300 et
960 3247 1132 3320 caro),
1164 3265 1345 3308 nonne
1367 3253 1702 3312 demonstrat
1730 3257 1783 3314 in

192 3342 258 3381 eo
286 3342 346 3383 se
385 3329 563 3386 adhuc
603 3347 766 3402 Opere
809 3335 1052 3394 laborare
1099 3342 1308 3410 potius,
1341 3361 1500 3415 quam
1542 3347 1595 3402 in
1626 3349 1783 3420 hujus

192 3420 372 3488 operis
410 3420 521 3490 jam
568 3423 671 3478 ﬁne
723 3426 1097 3496 requiescere?
1149 3432 1321 3488 Tanto
1362 3437 1560 3506 quippe
1606 3441 1784 3497 minus

190 3513 367 3565 anima
389 3513 633 3570 subditur
659 3516 786 3582 Deo,
821 3530 1020 3589 quanto
1041 3522 1218 3577 minus
1239 3524 1405 3580 Deum
1436 3528 1488 3581 in
1517 3528 1646 3598 ipsis
1671 3531 1784 3586 suis

190 3604 599 3669 cogitationibus
636 3609 901 3679 concipit;
941 3621 994 3665 et
1034 3621 1180 3668 tanto
1219 3616 1394 3672 minus
1428 3619 1619 3674 anima:
1651 3622 1782 3677 sub—

190 3693 334 3748 ditur
364 3710 528 3764 caro,
559 3710 757 3766 quanto
800 3703 966 3771 magis
1004 3703 1259 3768 adversus
1305 3708 1547 3776 spiritum
1587 3726 1784 3767 concu-

191 3784 367 3851 piseit.
401 3785 661 3853 Quamdiu
691 3804 821 3859 ergo
848 3792 1000 3846 nobis
1033 3794 1168 3849 inest
1193 3796 1307 3851 hmc
1331 3798 1634 3868 infirmitas,
1668 3803 1782 3859 hate

191 3879 359 3944 pestis
379 3918 394 3943 ,
429 3878 514 3934 hic
544 3881 786 3951 languor,
819 3887 1088 3953 quomodo
1123 3904 1222 3944 nos
1260 3890 1370 3959 jam
1402 3893 1611 3958 salvos;
1641 3906 1695 3951 et
1735 3898 1782 3952 si

189 3967 428 4022 nondum
459 3970 655 4040 salvos,
687 3977 956 4044 quomodo
976 3977 1086 4047 jam
1111 3980 1294 4036 beatos
1323 3984 1411 4037 illa
1442 3985 1587 4040 finali
1608 3987 1780 4044 beati-

191 4059 376 4114 tudine
397 4060 578 4118 dicere
601 4064 952 4122 audebimus?
984 4069 1100 4124 Jam
1131 4088 1257 4126 vero
1284 4075 1369 4128 illa
1397 4077 1595 4144 virtus,
1628 4081 1783 4149 cujus

187 4162 388 4204 nomen
417 4159 498 4206 est
526 4152 815 4224 fortitudo,
845 4156 898 4211 in
925 4169 1351 4232 quantacumque
1378 4166 1636 4235 sapientia
1665 4171 1781 4224 evi-

189 4239 501 4298 dentissima
521 4246 673 4301 testis
697 4256 781 4302 est
803 4247 1154 4306 humanorum
1181 4255 1463 4323 malorum,
1489 4275 1607 4328 quae
1633 4277 1781 4316 com-

191 4334 410 4403 pellitur
430 4337 684 4406 patientia
711 4340 956 4396 tolerare.
978 4342 1108 4410 Qute
1130 4347 1264 4398 mala
1292 4348 1454 4403 Stoici
1479 4350 1780 4422 philosophi

190 4427 357 4482 miror
383 4443 489 4498 qua
525 4429 699 4487 fronte
737 4433 877 4488 mala
904 4449 1010 4489 non
1047 4451 1168 4492 esse
1203 4440 1562 4508 contendant,
1590 4445 1781 4514 quibus

189 4518 441 4582 fatentur,
472 4520 518 4576 si
551 4531 694 4576 tanta
722 4522 952 4589 fuerint,
989 4536 1044 4580 ut
1069 4542 1131 4582 ea
1161 4529 1376 4598 sapiens
1401 4533 1484 4588 vel
1524 4549 1632 4589 non
1658 4551 1784 4606 pos-

190 4609 291 4675 sit,
324 4611 406 4664 vel
437 4626 545 4666 non
589 4613 781 4670 debeat
805 4618 1103 4682 sustinere,
1131 4621 1248 4691 cogi
1279 4636 1401 4677 eum
1438 4634 1665 4682 mortem
1705 4631 1781 4684 si-

190 4702 356 4760 bimet
381 4706 602 4772 inferre,
626 4718 786 4778 atque
809 4726 876 4764 ex
897 4709 996 4766 hac
1023 4713 1128 4767 vita
1158 4715 1423 4786 emigrare
1454 4718 1546 4791 (c).
1577 4721 1780 4778 Tantus

190 4803 368 4849 autem
409 4798 673 4866 superbiae
713 4809 900 4868 stupor
930 4811 1012 4855 est
1039 4804 1090 4856 in
1123 4803 1206 4857 his
1229 4804 1534 4864 hominibus
1557 4851 1571 4874 ,
1613 4812 1700 4866 hic
1721 4827 1783 4870 se

192 4884 390 4942 habere
433 4886 596 4943 finem
640 4889 763 4944 boni
796 4899 850 4945 et
887 4906 917 4946 a
954 4907 1013 4947 se
1041 4893 1167 4963 ipsis
1206 4893 1320 4950 fieri
1364 4898 1554 4954 beatos
1587 4911 1780 4970 putan-

195 4978 367 5045 tibus,
400 4989 458 5034 ut
500 4981 713 5050 sapiens
737 4997 960 5048 eorum,
1005 4983 1106 5039 hoc
1151 4995 1266 5052 est,
1295 4989 1504 5057 qualem
1550 4994 1780 5051 mirabili

191 5070 423 5125 vanitate
449 5070 790 5139 describunt,
817 5073 1024 5130 etiamsi
1050 5086 1367 5144 exczecetur,
1396 5081 1744 5141 obsurdescat
1762 5128 1779 5154 ,

192 5161 546 5229 obmutescu,
575 5165 829 5220 membris
855 5166 1179 5234 debilitetur,
1205 5169 1474 5227 doloribus
1493 5177 1779 5245 crucietur,

194 5261 244 5304 et
271 5253 314 5306 si
345 5253 472 5322 quid
499 5255 639 5309 aliud
668 5255 850 5310 talium
875 5258 1133 5312 malorum
1177 5260 1279 5315 dici
1309 5273 1397 5315 aut
1440 5263 1656 5333 cogitari
1681 5283 1782 5338 p0-

196 5351 319 5411 tcst,
349 5343 544 5400 incidat
568 5345 621 5399 in
643 5361 783 5413 eum,
808 5362 914 5419 quo
941 5348 1042 5402 sibi
1069 5362 1294 5408 mortem
1319 5365 1538 5423 engatur
1559 5357 1777 5426 inferre,

256 5520 328 5590 (rt)
359 5522 651 5590 \‘id._(;icer.,
675 5531 851 5590 pateat.
871 5523 1062 5576 Tuscul.
1086 5526 1170 5582 lib.
1192 5529 1240 5589 5,
1261 5543 1365 5590 cap.
1392 5530 1438 5578 8.

258 5585 328 5650 (pb)
351 5586 538 5634 Justitia
571 5587 635 5635 ita
655 5586 883 5635 delinitur
907 5591 956 5636 in
982 5585 1377 5650 Institutionilnis,
1405 5593 1477 5641 tit.
1498 5593 1563 5642 de
1597 5597 1784 5646 Justitia

196 5647 375 5720 et_jure
395 5660 422 5720 ε,
447 5664 470 5692 ι
494 5655 736 5720 Perpetua
756 5656 808 5698 et
841 5658 1068 5700 constans
1108 5652 1330 5702 voluntas
1365 5647 1459 5703 sua
1494 5657 1675 5720 cuique
1695 5662 1781 5710 tri-

203 5724 225 5751 ι
249 5709 443 5758 huendi.
466 5725 487 5752 ν
511 5716 758 5764 Coonaws.

257 5769 479 5882 (chum
501 5773 800 5831 Ciceronem,
826 5768 910 5821 lib.
936 5774 968 5821 5
1000 5773 1062 5824 de
1097 5776 1306 5835 Finibus,
1334 5784 1386 5827 et
1407 5776 1493 5829 lib.
1540 5782 1560 5830 l
1605 5789 1778 5840 Qumst.

257 5843 316 5880 ως
371 5865 382 5876 .

198 5837 382 5880 τωιρω.

1386 398 1584 452 LIBER
1626 395 1916 450 DECBIUS
1953 396 2194 453 NONUS.

3364 405 3466 458 650

1891 511 2026 567 hanc
2055 514 2107 567 in
2135 513 2217 567 his
2243 515 2393 570 malis
2417 517 2575 570 vitam
2601 517 2963 585 constitutam,
2987 534 3079 574 eos
3102 535 3204 574 non
3236 521 3425 588 pudeat
3449 525 3464 552 '

1886 605 2093 659 beatam
2139 621 2350 662 vocare.
2397 609 2440 662 0
2483 609 2643 663 vitam
2693 608 2939 676 beatam,
2970 627 3087 680 qua:
3118 620 3173 664 ut
3217 610 3461 678 ﬁniatur,

1887 696 2072 748 mortis
2107 697 2297 764 quatrit
2339 697 2630 752 auxilium!
2675 698 2732 753 Si
2761 699 2915 754 beata
2955 707 3069 765 est,
3098 710 3372 754 maneatur
3414 702 3466 755 in

1884 801 1946 839 ea
1973 804 1986 839 :
2019 786 2063 840 si
2094 802 2221 841 vero
2250 797 2465 857 propter
2493 789 2592 844 ista
2621 789 2761 843 mala
2789 789 2981 859 fugitur
3001 790 3068 845 ah
3089 806 3171 855 ea,
3199 792 3465 861 quomodo

1885 885 1967 929 est
1997 875 2187 931 beata?
2216 879 2320 932 Aut
2345 880 2366 910 ⁸
2392 880 2659 948 quomodo
2698 880 2798 934 ista
2827 897 2931 934 non
2978 891 3100 935 sunt
3144 883 3278 935 mala
3301 923 3316 947 ,
3349 899 3467 950 qua:

1887 966 2444 1022 vincuntfortitudinis
2473 969 2668 1024 bonum
2689 1011 2703 1035 ,
2732 969 3079 1041 eamdemque
3103 971 3464 1028 fortitudinem

1887 1073 1992 1111 non
2021 1058 2195 1113 solum
2235 1059 2335 1114 sibi
2362 1059 2586 1126 cedere,
2621 1075 2807 1115 verum
2846 1062 3007 1115 etiam
3047 1061 3272 1117 delirare
3315 1078 3464 1117 com-

1887 1147 2123 1217 pellunt,
2158 1158 2218 1204 ut
2243 1150 2487 1205 eamdem
2521 1151 2685 1204 vitam
2715 1159 2768 1204 et
2808 1151 2948 1206 dicat
2974 1151 3182 1207 beatam
3205 1193 3221 1219 ,
3252 1162 3305 1209 et
3343 1169 3466 1223 per-

1886 1240 2101 1311 suadeat
2129 1255 2248 1296 esse
2277 1241 2617 1311 fugiendam?
2641 1241 2770 1308 Quis
2798 1257 2964 1311 usque
2995 1241 3129 1297 adeo
3167 1257 3337 1297 cazcus
3363 1253 3468 1310 est,

1886 1342 1945 1387 ut
1992 1349 2096 1388 non
2147 1333 2321 1388 videat
2350 1333 2511 1403 quod,
2566 1334 2612 1388 si
2656 1334 2809 1388 beata
2859 1343 3022 1400 esset,
3070 1335 3313 1404 fugienda
3359 1352 3465 1390 non

1885 1423 2066 1477 esset?
2095 1423 2200 1479 Sed
2240 1425 2285 1478 si
2312 1429 2530 1495 propter
2573 1425 2895 1479 infirmitatis
2924 1425 3154 1496 pondus,
3184 1439 3286 1494 qua
3341 1441 3465 1495 pre-

1888 1516 2070 1578 mitur,
2103 1515 2238 1569 hanc
2283 1514 2584 1585 fugiendam
2608 1513 2871 1580 fatentur;
2921 1514 3045 1584 quid
3085 1515 3245 1585 igitur
3293 1530 3469 1570 causa:

1887 1617 1972 1664 est
1989 1607 2032 1675 ³,
2061 1623 2157 1662 cur
2185 1623 2290 1663 non
2318 1609 2478 1663 etiam
2510 1599 2758 1662 miseram
2785 1607 2951 1662 fracta
2981 1608 3242 1678 superbim
3265 1608 3473 1663 cervice

1887 1698 2194 1753 fateantur?
2222 1698 2432 1766 Utrum,
2462 1699 2706 1759 obsecro,
2732 1697 2863 1752 Cato
2893 1699 2983 1753 ille
3005 1699 3080 1768 (a)
3105 1698 3375 1767 patientia,
3403 1713 3466 1751 an

1886 1790 2062 1860 potius
2083 1791 2410 1858 impatientia
2435 1804 2494 1845 se
2514 1789 2774 1859 peremit?
2797 1788 2912 1842 Non
2938 1789 3078 1844 enim
3103 1788 3203 1843 hoc
3231 1787 3466 1851 fecisset,

1889 1881 1990 1935 nisi
2030 1881 2306 1934 victoriam
2355 1880 2580 1936 Cmsaris
2620 1879 2959 1951 impatienter
3002 1879 3231 1934 tulisset.
3265 1877 3361 1933 Ubi
3389 1886 3474 1932 est

1886 1971 2174 2027 fortitudo?
2219 1971 2422 2042 Nempe
2464 1972 2654 2037 cessit,
2695 1985 2888 2042 nempe
2926 1969 3238 2036 succubuit,
3281 1982 3475 2036 nempe

1887 2077 2055 2134 usque
2081 2063 2215 2119 adeo
2241 2072 2491 2134 superata
2533 2073 2648 2129 est,
2679 2071 2738 2117 ut
2791 2063 2953 2116 vitam
2990 2060 3200 2116 beatam
3239 2059 3474 2115 derelin-

1886 2164 2103 2226 queret,
2136 2155 2441 2223 desereret,
2485 2155 2705 2225 fugeret.
2747 2154 2823 2207 An
2869 2169 2974 2206 non
3000 2161 3114 2207 erat
3139 2151 3248 2221 jatn
3287 2150 3475 2205 beata?

1886 2247 2078 2302 Misera
2124 2261 2251 2316 ergo
2294 2256 2427 2301 erat.
2472 2244 2749 2313 Quomodo
2796 2244 2954 2314 igitur
2991 2242 3130 2296 mala
3167 2255 3275 2294 non
3319 2248 3475 2295 erant

1887 2352 2006 2404 qua:
2038 2337 2196 2390 vitam
2229 2337 2475 2390 miseram
2510 2333 2916 2406 fugiendamqne
2943 2331 3246 2386 faciebant?

1959 2429 2012 2484 5.
2040 2428 2375 2498 Quapropter
2412 2429 2572 2482 etiam
2605 2427 2725 2496 ipsi,
2756 2426 2844 2496 qui
2884 2425 3022 2480 mala
3065 2425 3163 2478 ista
3193 2437 3314 2478 esse
3341 2439 3472 2478 con-

1888 2518 2013 2574 fessi
2035 2529 2176 2583 sunt,
2204 2520 2340 2574 sicut
2367 2517 2725 2588 Peripatetici,
2750 2519 2890 2571 sicut
2910 2524 3117 2570 veteres
3145 2514 3470 2578 Academici,

1887 2625 2113 2680 quorum
2149 2619 2348 2664 sectam
2378 2610 2546 2664 Varro
2583 2607 2852 2673 defendit,
2887 2607 3216 2662 tolerabilius
3255 2605 3469 2675 quidem

1887 2704 2173 2772 loquuntur
2204 2721 2216 2756 :
2250 2702 2344 2757 sed
2374 2716 2558 2756 eorum
2593 2715 2802 2771 quoque
2828 2700 2992 2753 mirus
3018 2706 3098 2752 est
3119 2713 3301 2762 error,
3330 2694 3472 2765 quod

1889 2793 1940 2847 in
1971 2793 2053 2847 his
2080 2795 2254 2860 malis,
2286 2794 2384 2850 etsi
2418 2802 2524 2848 tam
2556 2793 2734 2863 gravia
2762 2793 2868 2846 sint
2888 2832 2902 2855 ,
2941 2799 3000 2845 ut
3027 2801 3198 2844 morte
3224 2787 3471 2858 fugienda

1887 2886 2026 2948 sint,
2055 2886 2121 2938 ab
2153 2886 2268 2955 ipso
2307 2885 2522 2940 sibimet
2563 2884 2737 2947 illata,
2763 2883 2851 2953 qui
2897 2882 3010 2936 haec
3055 2881 3280 2951 patitur,
3307 2879 3469 2933 vitam

1886 2977 2096 3033 beatam
2125 2986 2301 3032 tamen
2329 2992 2450 3032 esse
2479 2974 2978 3031 contendunLMaIa
2999 2983 3134 3039 sunt,
3155 2972 3342 3040 inquit,
3365 2980 3473 3024 tor-

1888 3084 2054 3126 menta
2080 3079 2228 3141 atque
2267 3070 2521 3124 cruciatus
2547 3069 2774 3139 corporis
2797 3084 2816 3132 ;
2843 3075 2887 3120 et
2932 3074 3068 3119 tanto
3096 3072 3215 3119 sunt
3253 3064 3433 3134 pejora
3455 3104 3472 3128 ,

1887 3171 2072 3233 quanto
2084 3162 2334 3232 potuerint
2350 3176 2453 3214 esse
2471 3161 2665 3233 majora
2681 3177 2699 3224 ;
2714 3157 2894 3227 quibus
2909 3163 2966 3210 ut
2984 3171 3178 3218 careas,
3194 3170 3254 3207 ea:
3269 3154 3360 3205 hac
3373 3153 3476 3205 vita

1889 3253 2181 3324 fugiendum
2199 3261 2290 3306 est.
2311 3251 2426 3319 Qua
2441 3249 2820 3316 vita,obseero?
2837 3247 2967 3315 Hac,
2987 3247 3298 3316 inquit,qu:e
3317 3243 3476 3297 tantis

1889 3356 2204 3416 aggravatur
2233 3344 2401 3398 malis.
2435 3341 2590 3397 Certe
2610 3355 2736 3412 ergo
2756 3340 2910 3395 beata
2939 3347 3022 3394 est
3046 3338 3098 3392 in
3125 3336 3325 3391 eisdem
3348 3334 3477 3403 ipsis

1889 3438 2074 3500 malis,
2123 3444 2342 3509 propter
2366 3451 2485 3506 qua:
2526 3433 2659 3488 dicis
2688 3446 2808 3487 esse
2851 3427 3197 3500 fugiendam?
3227 3427 3309 3481 An
3355 3424 3476 3478 ideo

1887 3529 2096 3584 beatam
2123 3528 2256 3582 dicis
2275 3569 2290 3593 ,
2319 3525 2440 3596 quia
2480 3524 2606 3579 licet
2631 3522 2725 3577 tibi
2768 3522 2834 3574 ah
2864 3520 2948 3574 his
2976 3518 3131 3573 malis
3169 3524 3343 3570 morte
3369 3513 3480 3568 dis.

1887 3618 2117 3674 cedere?
2144 3617 2281 3684 Quid
2314 3617 2356 3670 si
2384 3630 2512 3684 ergo
2547 3614 2598 3668 in
2634 3614 2712 3668 eis
2739 3613 2917 3682 aliquo
2948 3608 3149 3679 judicio
3189 3606 3370 3662 divino
3397 3613 3478 3659 te-

1887 3709 2112 3772 nercris,
2139 3721 2238 3760 nec
2264 3704 2650 3774 permittereris
2676 3703 2831 3765 mori,
2852 3715 2951 3754 nec
2973 3713 3204 3767 unquam
3231 3698 3346 3750 sine
3372 3695 3478 3750 illis

1887 3816 2007 3856 esse
2036 3798 2290 3853 sinereris
2317 3794 2376 3850 ‘2'
2400 3793 2602 3863 Nempe
2641 3801 2768 3847 tunc
2809 3791 2995 3845 saltem
3035 3789 3283 3842 miseram
3315 3786 3476 3839 talem

1887 3891 2095 3946 diceres
2123 3889 2304 3942 vitam.
2332 3884 2451 3940 Non
2490 3884 2650 3954 igitur
2689 3890 2968 3952 propterea
2999 3878 3195 3933 misera
3223 3890 3328 3930 non
3356 3885 3434 3930 est
3456 3916 3473 3940 ,

1887 3983 2008 4052 quia
2052 3981 2159 4034 cito
2206 3977 2561 4048 relinquitur:
2606 3971 3035 4044 quandoquidem
3075 3969 3120 4024 si
3152 3967 3474 4038 sempiterna

1886 4077 1974 4142 sit,
2009 4076 2169 4130 etiam
2210 4073 2306 4128 abs
2339 4081 2391 4126 te
2417 4072 2532 4139 ipso
2574 4069 2768 4122 misera
2809 4065 3096 4136 judicatur.
3140 4061 3257 4116 Non
3299 4060 3478 4128 itaque

1886 4176 2202 4236 prepterea,
2231 4161 2481 4234 quoniam
2527 4159 2703 4214 brevis
2733 4165 2845 4220 est,
2879 4154 3022 4209 nulla
3064 4152 3277 4208 miseria
3316 4149 3481 4205 debet

1887 4257 2092 4322 videri;
2120 4264 2212 4310 aut
2231 4296 2246 4321 ,
2270 4253 2410 4324 quod
2451 4259 2535 4307 est
2558 4249 2872 4314 absurdius,
2906 4248 3030 4318 quia
3057 4244 3233 4300 brevis
3262 4241 3478 4297 miseria

1888 4360 1989 4415 est,
2025 4349 2144 4404 ideo
2174 4347 2332 4402 etiam
2372 4343 2645 4400 beatitudo
2675 4340 2951 4414 appellari.
2979 4338 3164 4408 Magna
3192 4337 3274 4390 vis
3302 4343 3386 4389 est
3423 4334 3480 4388 in

1887 4443 1966 4496 eis
1985 4440 2154 4505 malis,
2180 4454 2297 4509 quae
2313 4445 2510 4509 cogunt
2531 4435 2822 4499 hominem,
2842 4430 3133 4488 secundum
3157 4430 3300 4501 ipsos
3316 4427 3476 4483 etiam

1889 4535 2180 4602 sapientem
2202 4574 2215 4596 ,
2246 4531 2458 4586 sibimet
2485 4527 2696 4583 auferre
2721 4526 2862 4596 quod
2896 4524 3060 4580 homo
3085 4533 3168 4578 est
3195 4541 3208 4576 :
3240 4537 3361 4576 cum
3397 4519 3478 4574 di-

1887 4635 2045 4689 cant,
2087 4634 2142 4678 et
2183 4639 2368 4679 verum
2409 4623 2620 4684 dicant,
2658 4620 2798 4673 hanc
2836 4631 2957 4672 esse
3004 4624 3211 4669 natura:
3249 4620 3475 4682 primam

1887 4716 2282 4789 quodammodo
2310 4723 2365 4769 et
2398 4713 2680 4766 maximam
2717 4723 2924 4772 vocem,
2948 4715 3008 4761 ut
3031 4707 3193 4760 homo
3222 4702 3478 4758 concilie-

1889 4820 1974 4866 tur
2008 4810 2141 4874 sibi,
2175 4819 2226 4863 et
2257 4816 2537 4878 propterea
2567 4811 2797 4858 mortem
2829 4799 3139 4856 naturaliter
3168 4795 3371 4867 fugiat;
3405 4795 3478 4848 ita

1887 4905 1988 4960 sibi
2020 4903 2243 4968 amicus,
2269 4911 2324 4954 ut
2351 4915 2472 4955 esse
2499 4913 2559 4953 se
2582 4895 2798 4961 animal,
2822 4903 2876 4950 et
2901 4895 2954 4948 in
2981 4893 3079 4947 hac
3099 4889 3478 4961 conjunctione

1888 4998 2127 5066 corporis
2167 5004 2325 5064 atque
2369 5008 2563 5047 amnne
2606 4991 2785 5044 vivere
2823 4987 2979 5051 velit,
3026 4985 3480 5051 vehementerque

1863 5084 2128 5160 'appetat'
2162 5085 2256 5160 (b).
2293 5087 2474 5156 Magna
2508 5084 2586 5137 vis
2623 5093 2705 5137 est
2739 5082 2792 5135 in
2820 5080 2899 5135 eis
2925 5077 3114 5144 malis,
3144 5074 3334 5146 quibus
3377 5072 3480 5127 iste

1954 5203 1971 5265 ἕ
2005 5208 2130 5258 Mss,
2156 5213 2267 5249 eum
2288 5212 2379 5265 non
2405 5196 2596 5265 pudeat.
2677 5263 2683 5265 _
2765 5254 2777 5265 ,
3007 5264 3010 5265 ν
3151 5249 3162 5262 .

1953 5264 1975 5294 ¹
2007 5247 2185 5312 omnes
2209 5247 2310 5311 atss.
2325 5247 2442 5308 huic
2464 5262 2708 5315 omittunt,
2733 5254 2777 5307 si
2798 5268 2909 5305 vero
2929 5256 3125 5318 pmpter
3143 5249 3236 5301 ista
3257 5247 3387 5297 mala
3408 5247 3484 5318 fu-

1890 5325 2019 5397 σίιην
2051 5324 2112 5373 αθ
2136 5338 2221 5395 σαν.
2249 5321 2488 5394 ιιιαξηισάο
2520 5328 2589 5397 at
2608 5319 2754 5397 esse
2772 5316 3481 5397 irt‘f.‘:?.}1°_5‘.fl.‘.‘.‘f’_’.'1‘ife‘f.‘.'i'

1889 5369 1954 5440 illi
2032 5369 2078 5440 ,τ’
2088 5369 2222 5448 {milii
2231 5369 2309 5433 n'ie
2323 5369 2555 5448 jungunt,
2582 5379 2822 5439 quomodo
2844 5377 2947 5448 ista.
2959 5369 3052 5428 lion
3075 5369 3478 5448 sittttlntgttlttgle‘t‘c.

1957 5431 2254 5496 Silia-eset
2291 5431 2462 5512 Vpifoh‘fe
2495 5431 2622 5492 mitte
2665 5449 2770 5512 less:
2797 5454 2825 5512 _:_
2855 5439 2947 5489 sed
2979 5443 3164 5512 aperta;
3185 5431 3484 5510 infirmitatis

1889 5524 1999 5562 voce
2023 5504 2311 5574 rugiendant'
2323 5509 2433 5569 [‘ater
2453 5516 2533 5557 tur
2565 5517 2580 5554 :
2604 5504 2722 5574 quid
2740 5504 2889 5573 igitur
2913 5511 3074 5550 causa:
3093 5504 3186 5549 est.

1954 5578 1975 5604 δ
2009 5563 2110 5620 ἐοῐὲι
2132 5571 2279 5620 editio
2304 5563 2431 5627 tiov.,
2455 5563 2866 5618 utortc'sineréris.

1952 5636 1977 5667 ⁵
2009 5640 2058 5681 In
2075 5639 2202 5692 Mss.,
2226 5629 2651 5681 velit-vehementer
2673 5634 2816 5690 atque
2836 5628 3044 5687 appetat.

1952 5719 2026 5780 (a)
2048 5725 2160 5766 Cato
2183 5717 2453 5780 Uticensis._
2555 5776 2590 5780 μ
2629 5777 2654 5780 __
2869 5772 2880 5780 _
2980 5778 2987 5780 Α
3043 5770 3054 5780 _
3107 5768 3150 5780 _.
3193 5768 3220 5780 __
3321 5764 3348 5780 ν

1956 5765 2027 5842 ibi
2059 5765 2242 5842 Cicero,
2271 5777 2394 5827 no.1
2425 5777 2487 5826 de
2512 5776 2699 5835 officiis,
2725 5787 2828 5837 cap.
2866 5772 2903 5833 ι,
2943 5778 2995 5822 et
3026 5770 3088 5821 de
3107 5768 3301 5819 Finibus
3321 5765 3404 5817 lib.
3427 5765 3482 5829 δ,

1891 5841 2068 5906 capti;
2095 5842 2176 5890 lib.
2198 5841 2243 5902 ὃ,
2267 5854 2366 5903 cap.
2389 5843 2436 5889 υ.
