4004 6528
479 327 577 382 631

476 452 680 496 natura:
703 438 931 495 vincitur
973 455 1192 507 sensus,
1218 454 1323 509 quo
1366 455 1511 495 mors
1550 442 1694 495 omni
1740 442 1898 495 modo
1933 456 2049 495 om-

476 533 635 587 nibus
680 532 881 586 viribus
925 530 1305 601 canalibusque
1333 531 1558 597 vitatur;
1600 540 1654 587 et
1694 533 1763 586 ita
1804 533 2050 596 vincitur,

478 632 537 677 ut
561 638 680 692 qua:
710 623 989 685 vitabatur,
1026 632 1265 690 aptetur,
1302 632 1604 691 appetatur,
1635 632 1710 689 et,
1738 625 1783 678 si
1825 640 1930 678 non
1962 638 2055 692 po-

479 715 639 769 tuerit
666 713 875 767 aliunde
901 714 1226 782 contingere,
1254 714 1321 767 ab
1348 714 1461 782 ipso
1486 714 1703 769 homine
1733 716 1941 769 sibimet
1972 717 2055 769 iu-

478 805 697 859 feratur.
723 805 905 874 Magna
938 806 1015 858 vis
1051 814 1129 859 est
1159 805 1207 858 in
1231 807 1307 860 eis
1335 807 1517 867 malis,
1546 822 1663 875 qua:
1693 806 2055 862 fortitudinem

479 895 680 948 faciunt
707 893 1024 948 homicidam
1062 913 1075 949 :
1103 894 1145 949 si
1170 904 1348 949 tamen
1374 895 1544 949 adlmc
1574 895 1799 950 dicenda
1836 905 1917 950 est
1948 896 2054 949 for-

479 984 651 1038 titudo
668 1026 683 1050 ,
709 1000 826 1055 qua:
845 985 915 1039 ita
941 984 1020 1038 his
1038 986 1190 1039 malis
1210 985 1458 1051 vincitur,
1483 995 1540 1041 ut
1561 986 1852 1053 hominem,
1874 1002 2055 1058 quem,

478 1074 616 1128 sicut
661 1072 848 1141 virtus,
896 1076 1186 1145 regendqu
1234 1075 1596 1146 tuendumque
1642 1077 1904 1147 suscepit,
1953 1091 2058 1132 non

480 1164 640 1220 modo
669 1180 773 1220 non
810 1167 978 1235 possit
1020 1181 1115 1236 per
1140 1167 1449 1236 patientiam
1490 1167 1758 1223 custodire
1777 1208 1792 1233 ,
1823 1168 1916 1223 sed
1945 1167 2059 1237 ipsa

480 1258 700 1327 insuper
725 1268 946 1330 cogatur
972 1258 1248 1315 Occidere.
1284 1260 1448 1314 Debet
1481 1261 1695 1331 quidem
1734 1262 1893 1317 etiam
1918 1276 2062 1316 mor-

482 1357 592 1403 tem
621 1350 834 1419 sapiens
864 1350 1005 1405 lerre
1025 1351 1303 1420 patienter,
1328 1352 1424 1408 sed
1452 1368 1569 1423 qua:
1596 1353 1789 1408 accidit
1809 1353 2019 1408 aliunde
2043 1371 2056 1408 :

480 1439 773 1495 secundum
802 1442 932 1495 istos
960 1454 1135 1496 autem
1174 1444 1216 1497 si
1248 1460 1365 1498 eam
1391 1445 1489 1499 sibi
1536 1445 1648 1514 ipse
1677 1445 1875 1500 inferre
1911 1460 2059 1500 com-

482 1530 718 1600 pellitur,
749 1531 984 1600 proft-cto
1014 1531 1282 1587 fatendum
1304 1544 1386 1588 est
1409 1534 1519 1601 eis,
1553 1550 1656 1589 non
1689 1536 1861 1589 solum
1902 1535 2060 1601 mala,

484 1620 578 1674 sed
608 1620 961 1676 intolerabilia
991 1624 1147 1676 etiam
1178 1624 1314 1678 mala
1346 1639 1485 1689 esse,
1515 1641 1634 1696 qua:
1662 1626 1764 1680 hoc
1791 1642 1910 1681 cum
1938 1644 2059 1696 per-

484 1720 702 1780 petrare
744 1714 1086 1782 compellunt.
1136 1714 1253 1769 Vita
1294 1716 1487 1785 igitur,
1524 1733 1640 1785 quzc
1690 1718 1912 1771 istorum
1957 1727 2062 1772 tam

485 1819 799 1873 magnorum
842 1816 1051 1874 tamque
1089 1808 1325 1876 gravium
1369 1810 1629 1864 malorum
1670 1819 1761 1863 aut
1807 1811 2064 1879 premitur

485 1894 772 1959 oneribus,
804 1904 895 1949 aut
918 1896 1156 1966 subjacct
1180 1898 1411 1963 casibus,
1444 1900 1591 1953 nullo
1621 1899 1780 1954 modo
1803 1900 1953 1955 beata
1984 1900 2064 1955 dl-

486 1993 718 2050 ceretur,
746 1985 791 2040 si
822 1986 1059 2042 homines
1084 1988 1171 2057 qui
1206 1990 1305 2042 hoc
1331 1988 1547 2057 dicunt,
1581 1992 1715 2046 sicut
1750 1992 1875 2047 victi
1910 1992 2063 2047 malis

487 2075 977 2145 ingravescentibus
998 2120 1010 2140 ,
1039 2093 1158 2132 cum
1186 2079 1286 2134 sibi
1312 2079 1561 2149 ingerunt
1597 2093 1842 2149 mortem,
1871 2081 2067 2139 cedunt

487 2167 781 2225 infelicitati
806 2211 821 2235 ,
853 2170 921 2223 ita
950 2170 1073 2225 victi
1114 2172 1275 2227 certis
1306 2174 1627 2239 rationibus,
1660 2189 1781 2230 cum
1824 2185 2069 2245 qumrunt

488 2260 701 2316 beatam
730 2261 913 2326 vitam,
932 2262 1275 2333 dignarentur
1295 2266 1483 2321 cedere
1513 2267 1739 2331 veritati,
1759 2275 1813 2322 ct
1840 2283 1943 2321 non
1966 2268 2067 2323 sibi

487 2361 737 2424 putarent
781 2354 834 2407 in
883 2354 981 2408 ista
1028 2355 1347 2410 mortalitate
1392 2357 1499 2412 line
1537 2358 1731 2411 summi
1770 2360 1893 2413 boni
1947 2373 2067 2414 esse

488 2442 854 2511 gaudendum;
895 2445 984 2499 ubi
1011 2446 1230 2500 virtutes
1260 2448 1409 2515 ἱρείη,
1440 2447 1632 2517 quibus
1654 2447 1739 2503 hic
1763 2458 1908 2504 certe
1938 2448 2069 2503 nihil

488 2533 679 2587 melius
704 2542 863 2604 atque
890 2535 1069 2590 utilius
1090 2537 1141 2590 in
1168 2536 1385 2592 homine
1415 2540 1696 2608 reperitur,
1729 2548 1927 2609 quanto
1954 2554 2068 2594 ma-

488 2621 604 2691 jora
630 2631 755 2677 sunt
780 2624 1041 2693 adjutoria
1067 2638 1251 2680 contra
1278 2628 1381 2680 vim
1404 2628 1776 2696 periculorum,
1806 2628 2066 2694 laborum,

490 2712 773 2781 dolorum,
820 2724 968 2769 tanto
999 2716 1236 2771 fideliora
1280 2718 1582 2772 testimonia
1626 2718 1978 2773 miseriarum.
2012 2720 2070 2774 Si

489 2804 630 2857 enim
657 2820 797 2859 vera:
825 2804 1046 2861 virtutes
1076 2817 1218 2873 sunt,
1250 2824 1369 2877 qua:
1392 2809 1492 2862 nisi
1522 2809 1573 2862 in
1603 2809 1701 2875 eis,
1729 2809 1920 2878 quibus
1944 2824 2070 2863 vera

490 2891 629 2946 inest
657 2893 857 2962 pietas,
900 2910 1020 2950 esse
1062 2910 1167 2951 non
1208 2906 1468 2966 possunt;
1506 2912 1612 2953 non
1656 2913 1714 2953 se
1760 2899 2072 2968 protitentur

490 2982 595 3037 hoc
623 3000 777 3054 posse
832 2996 888 3041 ut
915 2987 1089 3041 nullas
1116 2989 1355 3042 miserias
1395 2991 1663 3060 patiantur
1699 2989 1971 3055 homines,
2017 2991 2070 3045 in

492 3075 682 3143 quibus
707 3087 829 3131 sunt
861 3095 873 3129 :
904 3094 1076 3148 neque
1104 3080 1243 3133 cnim
1271 3081 1558 3136 mendaces
1586 3090 1711 3136 sunt
1734 3097 1875 3136 vera:
1902 3082 2071 3137 virtu-

492 3178 592 3232 tes,
625 3177 680 3222 ut
707 3168 807 3224 hoc
852 3171 1242 3239 profiteantur;
1276 3171 1369 3225 sed
1416 3182 1473 3226 ut
1499 3173 1605 3226 vita
1657 3173 1886 3226 humana
1910 3213 1927 3238 ,
1955 3188 2074 3243 quae

490 3268 569 3311 tot
597 3269 651 3312 et
688 3260 847 3313 tantis
878 3260 1034 3329 hujus
1069 3261 1248 3315 saeculi
1280 3262 1431 3314 malis
1458 3276 1577 3315 esse
1627 3263 1833 3330 cogitur
1858 3263 2070 3331 misera,

492 3365 586 3419 spe
614 3351 776 3403 futuri
827 3352 1007 3405 saeculi
1038 3352 1108 3406 sit
1133 3352 1304 3418 beata,
1344 3353 1483 3406 sicut
1506 3362 1562 3407 et
1596 3354 1760 3407 salva.
1790 3354 2071 3419 Quomodo

494 3440 635 3494 enim
662 3442 813 3496 beata
835 3452 937 3508 est,
967 3458 1085 3513 qua:
1104 3443 1339 3498 nondum
1367 3444 1512 3498 salva
1534 3445 1659 3500 est?
1687 3443 1834 3499 Unde
1863 3454 1917 3499 et
1941 3459 2075 3515 apo-

492 3534 662 3587 stolus
712 3533 904 3588 Paulus
934 3550 1038 3589 non
1066 3534 1131 3590 de
1159 3534 1463 3592 hominibus
1490 3536 1935 3607 imprudentibus,
1970 3538 2075 3592 im-

492 3624 832 3694 patientibus,
862 3626 1333 3695 intemperantibus
1358 3637 1412 3681 ct
1438 3627 1651 3697 iniquis,
1676 3627 1771 3682 sed
1794 3626 1963 3682 dehis
1984 3628 2075 3698 qui

494 3715 783 3769 secundum
825 3731 1003 3770 verum
1031 3717 1279 3786 pietatem
1306 3716 1567 3783 viverent,
1597 3726 1651 3771 et
1700 3716 1822 3772 ideo
1850 3717 2075 3771 virtutes

490 3822 622 3875 quas
677 3806 971 3874 haberent,
1022 3823 1174 3862 veras
1233 3808 1532 3873 haberent,
1588 3808 1715 3874 ait,
1786 3806 1891 3876 Spe
1942 3807 2076 3861 enim

490 3899 616 3951 salvi
635 3899 755 3968 [itcti
781 3917 972 3953 sumus.
1000 3900 1129 3969 Spes
1158 3910 1324 3953 autem
1349 3916 1463 3970 qua:
1487 3901 1702 3967 videtur,
1720 3918 1819 3954 non
1844 3910 1917 3954 cst
1938 3913 2078 3971 spes:

490 3993 622 4058 quod
660 3993 793 4045 enim
834 3994 942 4062 quis
993 3995 1158 4061 videt,
1207 3994 1329 4065 quid
1370 3995 1585 4063 sperat?
1620 3995 1680 4048 Si
1721 4003 1890 4047 autem
1940 3993 2077 4061 quod

491 4101 593 4137 non
637 4085 859 4139 videmus
915 4103 1214 4154 speramus,
1252 4104 1339 4154 per
1385 4088 1678 4158 patientiam
1730 4097 2077 4156 exspectamus

495 4175 669 4241 (Itoni.
702 4193 812 4240 vut,
830 4178 901 4230 illi
927 4188 971 4229 et
988 4177 1102 4246 9.5).
1134 4178 1282 4232 Sicut
1302 4194 1427 4247 ergo
1441 4194 1537 4248 spe
1558 4179 1709 4243 salvi,
1736 4180 1803 4232 ita
1826 4194 1920 4248 spe
1937 4179 2076 4233 beati

497 4268 617 4320 facti
645 4282 826 4320 sumus
850 4283 868 4320 :
897 4278 951 4322 ct
978 4269 1115 4322 sicut
1143 4270 1385 4334 salutem,
1413 4270 1481 4322 ita
1509 4269 1915 4335 beatitudinem,
1969 4284 2076 4323 non

493 4358 602 4427 jam
632 4367 874 4412 tenemus
902 4368 1215 4425 praesentem
1240 4401 1256 4423 ,
1287 4359 1381 4413 sed
1407 4367 1779 4428 exspectamus
1806 4359 2036 4413 futuram
2061 4377 2075 4413 :

494 4459 551 4503 et
582 4450 680 4503 hoc
704 4467 792 4520 per
820 4450 1143 4520 patientiam;
1173 4452 1294 4521 quia
1322 4452 1373 4505 in
1420 4451 1577 4506 malis
1601 4466 1807 4516 sumus,
1838 4466 1957 4519 quas
1984 4466 2075 4520 pa—

496 4542 689 4595 tienter
734 4542 961 4597 tolerare
1002 4542 1256 4598 debemus
1285 4582 1299 4607 ,
1340 4542 1510 4597 donec
1558 4541 1626 4596 ad
1670 4542 1759 4596 illa
1805 4542 2081 4597 veniamus

497 4632 635 4687 bona
666 4633 751 4688 ubi
778 4635 955 4688 omnia
986 4644 1179 4699 erunt,
1211 4634 1402 4703 quibus
1453 4633 1795 4688 ineffabiliter
1843 4632 2078 4687 delecte-

498 4741 618 4779 mur
650 4744 665 4792 ;
695 4727 825 4780 nihil
852 4728 955 4781 crit
982 4737 1183 4792 autem,
1215 4728 1354 4795 quod
1380 4727 1488 4796 jam
1513 4728 1741 4781 tolerare
1769 4725 2079 4781 debeamus.

502 4818 642 4872 'l'alis
670 4819 832 4886 salus,
855 4836 973 4888 qum
1002 4820 1052 4872 in
1086 4818 1261 4872 futuro
1289 4819 1393 4873 erit
1418 4819 1632 4883 Stcculo,
1656 4820 1767 4887 ipsa
1793 4819 1893 4872 erit
1921 4818 2083 4872 etiam

501 4906 674 4967 finalis
704 4908 994 4963 beatitudo.
1025 4909 1193 4974 Quam
1216 4909 1596 4964 beatitudinem
1626 4909 1711 4963 isti
1743 4907 2081 4977 philosophi,

426 4986 439 4996 κ
500 5001 753 5069 quoniam
779 5016 885 5055 non
910 5000 1148 5055 videntes
1175 5002 1360 5055 nolunt
1384 5002 1620 5063 credere,
1654 5000 1739 5053 hic
1764 5000 1861 5054 sibi
1887 5016 2085 5055 conan~

504 5105 589 5148 tur
616 5094 950 5148 lalsissimam
980 5094 1239 5149 fabricare
1264 5136 1278 5160 ,
1307 5107 1509 5165 quanto
1556 5094 1866 5162 superbiore
1888 5137 1901 5161 ,
1938 5105 2085 5150 tanto

505 5184 847 5241 mendaciore
874 5186 1091 5239 virtute.

509 5276 737 5332 CAPUT
772 5278 833 5331 V.
857 5307 930 5318 υ-
954 5277 1032 5331 De
1053 5278 1229 5331 sociali
1252 5278 1373 5341 vita,
1404 5293 1517 5345 qua:
1545 5292 1660 5329 cum
1689 5278 1907 5329 maxime
1931 5294 2085 5345 expe-

615 5368 765 5419 tenda
790 5368 887 5428 sit,
915 5366 1085 5420 multis
1115 5366 1473 5432 olfensionibus
1500 5380 1633 5433 stupe
1660 5366 1976 5419 subvertitur.

581 5459 731 5525 Quod
761 5470 936 5513 autem
963 5459 1216 5513 socialem
1246 5460 1403 5511 vitam
1440 5457 1621 5510 volunt
1648 5472 1768 5511 esse
1795 5458 2046 5525 sapientis
2071 5498 2085 5521 ,

510 5568 610 5605 nos
637 5551 802 5603 multo
831 5552 1056 5619 amplius
1107 5550 1485 5619 approbamus.
1517 5547 1650 5602 Nam
1678 5547 1819 5602 unde
1867 5549 1964 5602 ista
1993 5549 2086 5603 Dei

508 5643 700 5698 civitas
723 5684 737 5705 ,
760 5646 825 5695 de
846 5658 945 5711 qua
967 5644 1126 5711 hujus
1151 5643 1328 5711 Operis
1355 5657 1476 5696 ecce
1497 5641 1605 5710 jam
1639 5641 2089 5696 undevicesimum

510 5736 706 5792 librum
738 5748 1008 5788 versamus
1036 5737 1089 5793 in
1113 5736 1375 5803 manibus,
1400 5734 1481 5789 vel
1511 5734 1851 5791 iuchoaretur
1876 5746 2085 5803 exortu,

1568 329 1658 385 DE
1695 329 2013 385 ClVl'l'ATE
2046 327 2180 393 DEI,
2211 328 2269 382 S.
2313 328 2672 385 AUGUSTINI
3618 328 3711 383 639

2160 444 2241 497 vel
2274 443 2679 512 progrederetur
2706 455 2931 496 excursu
2956 480 2972 506 ,
3000 440 3082 494 vel
3127 436 3552 508 apprehenderet
3575 439 3715 496 debi-

2161 544 2243 590 tos
2274 536 2425 601 fines,
2440 538 2483 589 si
2510 551 2614 589 non
2641 543 2783 589 esset
2812 534 3024 588 socialis
3047 532 3151 585 vita
3177 530 3524 586 sanctorum?
3550 530 3646 586 Sed
3671 535 3717 590 in

2160 626 2315 694 hujus
2337 626 2671 680 mortalitatis
2688 639 2918 679 aerumna
2935 632 3058 692 quot
3087 632 3141 676 et
3157 620 3371 691 quantis
3382 620 3610 675 abundet
3622 638 3723 676 ma-

2161 716 2225 771 lis
2238 717 2463 771 societas
2480 716 2703 769 humana
2728 755 2743 779 ,
2767 715 2887 783 quis
2906 728 3218 768 enumerare
3234 711 3448 766 valeat?
3472 711 3586 780 quis
3600 714 3724 766 :nsti-

2159 824 2306 865 mare
2334 807 2596 861 sufficiat?
2624 805 2857 861 Audiant
2878 803 3016 874 apud
3042 803 3276 857 comicos
3307 817 3433 856 suos
3465 800 3721 857 hominem

2159 915 2280 955 cum
2301 914 2458 954 sensu
2493 909 2651 969 atque
2679 913 2942 953 consensu
2958 896 3195 951 omnium
3222 895 3497 949 hominum
3518 894 3725 949 dicere:

2231 991 2352 1061 qusi
2376 1001 2600 1049 uxorem,
2623 1001 2766 1053 quam
2790 988 2857 1037 ibi
2879 988 3123 1038 miseriam
3144 986 3238 1035 vidi
3264 986 3276 1034 2
3304 985 3403 1034 Nati
3426 982 3527 1043 filii,

2220 1050 2324 1173 Mla(
2339 1064 2861 1175 cferrent.Adetphorum
2879 1116 2990 1160 actu
3006 1110 3056 1167 5,
3079 1121 3210 1159 scen.
3232 1107 3281 1167 4,
3305 1119 3431 1156 vers.
3458 1105 3535 1163 l3,
3562 1105 3674 1167 14.)

2159 1196 2295 1264 Quid
2326 1196 2505 1253 itidem
2536 1197 2659 1261 illa,
2704 1210 2823 1265 qua:
2866 1196 2919 1249 in
2962 1208 3146 1247 amore
3187 1192 3315 1246 vitia
3360 1199 3734 1245 commemorat

2163 1286 2302 1341 idem
2343 1286 2622 1342 Terentius
2645 1326 2661 1350 ,
2702 1285 2937 1354 injuriae,
2983 1282 3347 1353 suspiciones,
3374 1279 3733 1344 inimicitite‘,

2162 1376 2379 1442 bellum,
2399 1392 2498 1445 pax
2520 1391 2735 1431 rursum
2756 1374 3021 1445 (Eunuch.
3048 1383 3147 1427 act.
3176 1374 3229 1435 l,
3247 1389 3363 1425 scen
3390 1388 3426 1437 ι,
3442 1387 3491 1424 υ.
3518 1371 3735 1440 ιι-ιθ)τ

2166 1484 2341 1524 nonne
2369 1484 2456 1523 res
2480 1468 2737 1525 humanas
2765 1467 2958 1536 ubique
2984 1465 3369 1534 impleverunt?
3390 1477 3571 1517 nonne
3597 1470 3651 1517 et
3690 1463 3737 1517 in

2164 1560 2453 1615 amicorum
2481 1559 2718 1613 honestis
2756 1557 3027 1612 amoribus
3058 1557 3368 1626 plerumque
3401 1553 3740 1624 contingunt?

2164 1666 2341 1704 nonne
2371 1652 2452 1705 his
2482 1664 2857 1718 usquequaque
2886 1649 3062 1719 pleme
3084 1656 3208 1701 sunt
3235 1661 3325 1701 res
3354 1647 3631 1712 humanae,
3657 1644 3744 1701 ubi

2163 1739 2415 1809 injurias,
2444 1740 2772 1809 suSpiciones
2791 1780 2806 1804 ,
2839 1738 3160 1802 inimicitias,
3183 1736 3412 1799 bellum,
3442 1734 3579 1788 mala
3607 1743 3745 1789 certa

2164 1829 2454 1892 sentimus;
2486 1844 2671 1899 pacem
2724 1844 2853 1882 vero
2903 1830 3164 1883 incertum
3216 1826 3455 1889 bonum,
3505 1825 3747 1893 quoniam

2166 1919 2327 1975 corda
2346 1934 2554 1982 eorum,
2570 1934 2689 1975 cum
2707 1919 2896 1989 quibus
2908 1934 3024 1973 eam
3043 1927 3227 1972 tenere
3252 1918 3521 1980 volumus,
3550 1915 3750 1983 ignora-

2170 2024 2326 2075 mus;
2358 2019 2409 2065 et
2436 2010 2481 2064 si
2506 2024 2665 2064 nosse
2691 2009 2849 2064 hodie
2870 2023 3145 2078 possemus
3165 2049 3179 2072 ,
3210 2008 3387 2077 qualia
3430 2020 3554 2060 cras
3584 2006 3753 2061 futura

2166 2110 2347 2157 essent
2373 2102 2551 2171 utique
2567 2100 2935 2156 nesciremus?
2961 2100 3063 2167 Qui
3095 2114 3253 2169 porro
3280 2099 3423 2152 inter
3453 2112 3513 2151 se
3541 2096 3753 2151 amicio-

2169 2210 2257 2249 res
2283 2193 2457 2250 solent
2484 2207 2625 2260 esse,
2651 2193 2734 2248 vel
2760 2193 2959 2248 debent
2976 2234 2988 2255 ,
3017 2207 3175 2262 quam
3203 2191 3292 2261 qui
3320 2206 3423 2244 una
3452 2190 3616 2244 etiam
3642 2204 3758 2242 con-

2168 2282 2406 2337 tinentur
2432 2282 2627 2339 domo?
2657 2283 2723 2337 Et
2753 2292 2929 2338 tamen
2959 2282 3077 2352 quis
3103 2281 3225 2337 inde
3247 2295 3477 2337 securus
3502 2289 3614 2345 est,
3640 2294 3757 2333 cum

2170 2383 2315 2429 tanta
2345 2389 2487 2443 saepe
2506 2374 2646 2429 mala
2672 2390 2742 2429 ex
2760 2389 2945 2429 eorum
2964 2374 3188 2428 occultis
3208 2371 3417 2428 insidiis
3435 2371 3757 2434 exstiterint;

2173 2476 2320 2522 tanto
2342 2468 2604 2521 amariora
2628 2508 2643 2531 ,
2692 2476 2892 2535 quanto
2938 2481 3037 2535 pax
3064 2465 3272 2519 dulcior
3318 2463 3452 2527 fuit;
3494 2478 3617 2533 qua:
3639 2476 3761 2517 vera

2173 2564 2351 2625 putata
2375 2564 2458 2612 cst
2478 2597 2491 2621 ,
2521 2572 2640 2611 cum
2667 2556 2989 2610 astutissime
3018 2554 3341 2625 fungeretur?
3371 2554 3601 2623 Propter
3627 2550 3764 2623 quod

2173 2648 2410 2703 omnium
2442 2657 2659 2718 pectora
2685 2648 2763 2701 sic
2807 2647 3049 2716 attingit,
3082 2654 3140 2699 ut
3178 2654 3336 2715 cogat
3382 2646 3437 2699 in
3469 2645 3723 2715 gemitum
3746 2682 3761 2708 ,

2173 2739 2313 2809 quod
2339 2740 2413 2795 ait
2432 2740 2637 2793 Tullius
2666 2756 2679 2791 :
2711 2737 2887 2791 Nulla:
2909 2747 3027 2792 sunt
3050 2737 3343 2791 occultiores
3369 2736 3596 2799 insidias,
3619 2750 3766 2803 quam

2174 2831 2254 2884 lite
2272 2846 2383 2900 qua:
2410 2831 2565 2884 latent
2594 2831 2646 2883 in
2661 2829 2979 2883 simulatione
3000 2827 3149 2897 ofﬁcii
3164 2869 3178 2892 ,
3202 2836 3292 2880 aut
3318 2827 3372 2880 in
3399 2826 3578 2895 aliquo
3602 2839 3767 2878 neces-

2172 2922 2411 2976 situdinis
2435 2922 2649 2976 nomine.
2681 2918 2820 2973 Nam
2847 2936 2960 2973 eum
2987 2920 3075 2989 qui
3114 2919 3285 2989 palam
3310 2928 3382 2971 est
3410 2916 3767 2993 adversarius,

2176 3013 2326 3082 facile
2346 3013 2565 3066 cavendo
2594 3012 2751 3065 vitare
2778 3011 2940 3081 possis
2965 3027 2984 3063 :
3012 3010 3105 3063 hoc
3130 3024 3243 3063 vero
3274 3009 3550 3072 occultum,
3580 3006 3771 3061 intesti-

2177 3121 2299 3157 num
2324 3120 2385 3157 ac
2418 3102 2743 3156 domesticum
2768 3102 2955 3153 malum
2978 3116 3079 3153 non
3115 3100 3278 3153 solum
3317 3099 3487 3152 existit
3512 3100 3557 3162 ¹,
3601 3110 3771 3149 verum

2180 3196 2332 3248 etiam
2379 3193 2645 3263 opprimit,
2677 3201 2943 3261 antequam
2984 3192 3269 3261 prospicere
3308 3200 3459 3259 atque
3506 3188 3774 3257 explorare

2180 3287 2400 3358 potueris
2444 3286 2625 3354 (Cicer.
2648 3285 2702 3339 in
2744 3283 2943 3338 Verrem
2962 3292 3060 3337 act.
3078 3284 3134 3347 2,
3158 3282 3245 3336 lib.
3271 3282 3322 3346 1,
3345 3298 3463 3350 cap.
3492 3281 3612 3350 i5).
3640 3279 3774 3334 Pro-

2182 3389 2298 3448 pter
2312 3377 2450 3447 quod
2466 3378 2621 3431 etiam
2640 3374 2820 3429 divina
2849 3390 2951 3429 vox
2974 3374 3083 3440 illa,
3104 3373 3169 3428 Et
3194 3372 3384 3427 inimici
3414 3371 3663 3435 hominis,
3685 3370 3777 3422 do-

2178 3470 2370 3524 mestici
2394 3470 2505 3538 ejus
2535 3466 2742 3538 (Matth.
2770 3482 2829 3530 χ,
2858 3464 2948 3536 56)
2968 3507 2983 3532 ,
3014 3479 3134 3520 cum
3164 3478 3356 3534 magno
3382 3462 3575 3518 dolore
3598 3458 3776 3516 cordis

2179 3562 2393 3616 auditur
2420 3578 2433 3611 :
2463 3559 2585 3629 quia
2604 3559 2705 3613 etsi
2730 3558 2953 3627 quisque
2979 3568 3085 3610 tam
3108 3554 3259 3610 fortis
3278 3556 3367 3619 sit,
3394 3561 3453 3607 ut
3478 3567 3643 3623 aequo
3662 3551 3777 3605 ani-

2180 3668 2268 3707 mo
2299 3651 2554 3721 perferat;
2584 3649 2667 3703 vel
2698 3657 2805 3702 tam
2831 3647 3074 3718 vigilans,
3096 3655 3155 3701 ut
3180 3645 3401 3715 provido
3424 3645 3663 3699 consilio
3687 3656 3779 3697 ca-

2181 3753 2319 3803 veat,
2351 3757 2469 3812 quae
2499 3739 2755 3794 adversus
2782 3753 2904 3791 eum
2936 3737 3152 3791 molitur
3198 3736 3432 3790 amicitia
3478 3734 3735 3789 simulata
3762 3750 3778 3787 :

2181 3849 2364 3888 eorum
2394 3843 2567 3885 tamen
2614 3829 2885 3883 hominum
2929 3826 3255 3897 perfidorum
3287 3825 3465 3890 malo,
3511 3838 3642 3879 cum
3688 3836 3782 3877 eos

2182 3940 2301 3980 esse
2325 3922 2585 3993 pessimos
2610 3920 2880 3988 experitur
2898 3958 2914 3983 ,
2956 3918 2999 3971 si
3040 3917 3154 3985 ipse
3178 3915 3351 3969 bonus
3380 3922 3499 3980 est,
3547 3912 3785 3983 graviter

2183 4016 2518 4071 cxcrucietur
2546 4024 2768 4065 necesse
2793 4016 2910 4070 est;
2942 4007 3055 4061 sive
3079 4021 3293 4074 semper
3318 4005 3443 4059 mali
3477 4004 3703 4068 fuerint,
3732 4010 3784 4057 et

2184 4123 2243 4161 se
2272 4106 2440 4159 bonos
2461 4102 2727 4165 ﬁnxerint,
2756 4101 2868 4154 sive
2892 4099 2945 4152 in
2971 4100 3126 4153 istam
3155 4097 3412 4151 malitiam
3437 4112 3510 4151 ex
3544 4094 3789 4149 bonitate

2185 4197 2369 4252 mutati
2407 4196 2531 4250 sint.
2576 4193 2631 4249 Si
2677 4207 2803 4262 ergo
2829 4191 3019 4245 domus
3056 4205 3341 4245 commune
3384 4189 3696 4259 perfugium
3734 4186 3787 4240 in

2187 4292 2268 4345 his
2298 4290 2450 4344 malis
2477 4288 2691 4342 humani
2715 4287 2924 4356 generis
2954 4295 3063 4338 tuta
3105 4300 3212 4340 non
3240 4292 3353 4345 est,
3385 4284 3519 4353 quid
3562 4284 3785 4345 civitas,

2184 4398 2304 4452 quia
2326 4390 2525 4451 quanto
2550 4379 2721 4447 major
2748 4388 2849 4443 cst,
2879 4386 3024 4431 tanto
3070 4376 3242 4430 forum
3272 4376 3390 4445 ejus
3415 4376 3609 4431 litibus
3632 4383 3689 4430 et
3716 4374 3790 4427 ci-

2187 4473 2376 4527 vilibus
2400 4479 2454 4525 et
2478 4469 2841 4523 criminalibus
2863 4468 3089 4537 plenius,
3114 4468 3323 4521 etiamsi
3341 4466 3656 4536 quiescant,
3688 4479 3789 4519 non

2188 4566 2358 4617 solum
2383 4561 2700 4615 turbulenta:
2723 4602 2739 4626 ,
2769 4575 2952 4614 verum
2985 4560 3177 4626 smpius
3205 4566 3259 4612 et
3287 4566 3531 4612 cruenta:
3573 4556 3793 4611 seditio-

2189 4670 2306 4720 nes,
2332 4668 2393 4707 ac
2420 4653 2551 4708 bella
2579 4652 2774 4715 civilia,
2797 4667 2827 4703 a
2852 4665 3074 4720 quorum
3101 4649 3307 4703 eventis
3337 4656 3463 4703 sunt
3494 4646 3795 4719 aliquando

2190 4746 2370 4800 libera:
2399 4744 2659 4809 civitates,
2687 4758 2718 4795 a
2745 4741 2995 4812 periculis
3025 4738 3334 4808 nunquam?

2189 4854 2413 4910 CAPUT
2444 4853 2532 4906 Vl.
2557 4884 2626 4894 —
2650 4852 2724 4906 De
2743 4868 2910 4905 errore
2939 4852 3275 4903 humanorum
3295 4848 3651 4919 judiciorum,
3684 4863 3795 4900 cum

2808 4946 2984 4997 veritas
3014 4944 3148 4997 latet.

2261 5040 2397 5108 Quid
2426 5040 2538 5110 ipsa
2566 5038 2760 5108 judicia
2792 5037 3067 5091 hominum
3098 5036 3165 5091 de
3198 5035 3533 5104 hominibus,
3564 5053 3691 5106 qua:
3718 5034 3796 5088 ci-

2193 5129 2440 5184 vitatibus
2466 5131 2518 5183 in
2549 5128 2873 5199 quantalibet
2918 5141 3047 5196 pace
3091 5127 3429 5181 manentibus
3455 5126 3661 5180 deesse
3692 5138 3797 5177 non

2196 5230 2447 5291 possunt,
2475 5221 2647 5291 qualia
2698 5228 2944 5289 putamus
2969 5232 3122 5281 esse,
3154 5232 3313 5286 quam
3358 5218 3564 5272 misera
3587 5258 3603 5282 ,
3638 5228 3799 5284 quam

2194 5312 2417 5367 dolenda
2442 5313 2466 5366 ?
2509 5309 2934 5381 quandoquidem
2950 5308 3001 5361 hi
3018 5307 3279 5378 judicant,
3306 5307 3399 5375 qui
3425 5305 3800 5361 conscientias

2193 5420 2400 5472 eorum,
2432 5404 2498 5457 de
2523 5402 2711 5473 quibus
2735 5401 2992 5471 judicant,
3040 5414 3263 5454 cernere
3310 5407 3620 5467 nequeunt.
3649 5394 3803 5452 Unde

2196 5514 2337 5566 sa‘pe
2357 5505 2617 5566 coguntur
2643 5494 2919 5548 tormentis
2937 5491 3298 5546 innocentium
3318 5492 3543 5544 testium
3575 5489 3648 5542 ad
3674 5489 3802 5541 alic-

2200 5606 2319 5647 uam
2346 5603 2559 5642 causam
2607 5586 2956 5655 pertinentem
2999 5598 3240 5652 quaerere
3289 5582 3605 5637 veritatem.
3666 5577 3803 5649 Quid

2263 5705 2276 5733 ¹
2316 5702 2396 5749 Hic
2418 5700 2541 5763 apud
2562 5699 2839 5747 Terentium
2862 5696 3065 5763 additur,
3084 5694 3323 5763 inducite.-

2262 5764 2280 5794 ι
2316 5759 2743 5822 ,Αιουᾱωςρῖοηυω
2758 5795 2772 5819 ,
2796 5771 2888 5808 non
2910 5759 3049 5807 modo
3072 5770 3161 5806 non
3181 5759 3360 5807 existit.
