4072 6522
267 492 373 548 189

267 616 505 661 tuom.
553 600 634 655 Ita
670 597 816 652 enim
864 595 1061 661 veniet,
1105 594 1245 651 sicut
1268 592 1528 659 ascendit,
1559 592 1853 649 secundum

266 693 641 751 auctoritatem
667 707 786 762 qua:
818 691 870 746 in
900 690 1119 745 Actibus
1145 688 1523 760 Aposmlorum
1550 688 1853 742 continetur

266 787 407 858 (Act.
436 801 476 851 I,
502 783 617 855 ll).
647 784 727 838 Ex
770 783 870 837 hac
922 783 1097 852 itaque
1141 781 1417 851 temporali
1462 780 1859 849 dispensatione

269 877 510 947 loquitur
546 876 597 929 in
626 873 986 943 Apocalypsi,
1016 871 1105 926 ubi
1134 872 1389 940 scriptum
1419 878 1538 925 est:
1573 869 1696 924 Hau:
1736 870 1858 923 dicit

260 972 355 1038 qui
385 979 485 1032 est,
508 976 555 1021 et
580 966 669 1035 qui
698 967 813 1032 fuit,
842 974 887 1017 et
911 965 998 1035 qui
1020 972 1257 1017 venturus
1285 974 1356 1017 est
1382 963 1399 994 ¹
1432 956 1685 1031 (Aponi,
1713 960 1792 1032 8).

340 1058 570 1115 CAPUT
600 1057 694 1112 IX.
719 1055 897 1111 —l6.
932 1054 1011 1109 De
1062 1055 1163 1123 ﬁde
1206 1054 1259 1107 in
1304 1052 1559 1123 Spiritum
1606 1061 1853 1106 sanctum.

262 1148 537 1204 Trinitatis
557 1148 871 1219 mysterium.
899 1145 1332 1201 Similitudinibus
1368 1144 1670 1214 explicatur.
1720 1142 1858 1196 Pro-

263 1241 427 1309 fessio
473 1240 764 1293 christiana:
806 1222 946 1306 ﬁdei.
984 1236 1061 1291 De
1106 1236 1307 1306 Spiritu
1330 1244 1505 1289 sancto
1540 1236 1711 1305 Opinio
1735 1250 1860 1305 quo-

262 1332 531 1397 rumdam,
553 1330 686 1401 quod
704 1330 768 1383 sit
790 1330 900 1398 ipsa
922 1328 1081 1382 deitas
1101 1326 1273 1381 Patris
1297 1338 1344 1382 et
1361 1326 1489 1381 Filii
1511 1343 1531 1381 :
1548 1327 1807 1382 Sanctitas
1827 1342 1859 1378 a

262 1422 565 1477 sanciaido.
595 1422 809 1491 Digesta
845 1420 1023 1488 itaque
1049 1418 1280 1489 ﬁdeique
1300 1418 1673 1474 commendata
1700 1426 1754 1473 et
1779 1417 1861 1471 di-

264 1515 433 1568 vina’
456 1512 801 1583 generatione
831 1511 1037 1565 Domini
1076 1510 1245 1566 nostri
1286 1519 1341 1566 et
1380 1510 1612 1565 humana
1648 1510 1864 1579 dispen-

261 1606 501 1666 satione,
531 1603 836 1673 adjungitur
862 1600 1192 1656 confessioni
1221 1610 1419 1657 nostra:
1437 1643 1451 1666 ,
1482 1601 1549 1655 ad
1578 1600 1859 1670 perlicien-

261 1694 395 1749 dam
425 1694 585 1748 tidem
614 1708 733 1762 qua:
760 1692 915 1747 nobis
942 1692 1010 1746 de
1040 1693 1150 1746 Deo
1176 1702 1292 1757 est,
1353 1692 1585 1763 Spiritus
1605 1700 1822 1747 sanctus
1842 1732 1856 1756 ,

262 1800 377 1839 non
406 1785 614 1839 minore
636 1783 657 1815 ⁸
686 1794 875 1837 natura
898 1798 1057 1853 quam
1080 1783 1237 1838 Pater
1260 1791 1315 1839 et
1343 1782 1533 1849 Filius,
1557 1783 1650 1839 sed
1671 1823 1687 1849 ,
1711 1791 1768 1837 ut
1789 1783 1860 1836 ita

260 1877 445 1932 dicam
470 1918 486 1943 ,
514 1876 986 1931 consubstantialis
1011 1884 1065 1931 et
1093 1886 1429 1942 coazternus;
1458 1878 1581 1946 quia
1612 1875 1713 1930 ista
1742 1875 1862 1930 Tri-

262 1968 407 2021 nitas
434 1982 572 2020 unus
592 1977 675 2021 est
719 1967 860 2021 Deus
884 1984 899 2021 :
924 1981 1031 2021 non
1074 1976 1133 2021 ut
1187 1965 1330 2020 idem
1368 1967 1437 2021 sit
1476 1967 1637 2021 Pater
1677 1967 1766 2036 qui
1808 1974 1863 2020 et

262 2057 437 2111 Filius
464 2067 519 2113 et
544 2057 775 2126 Spiritus
799 2066 1047 2121 sanctus;
1070 2056 1165 2111 sed
1195 2066 1253 2111 ut
1274 2057 1433 2112 Pater
1475 2057 1546 2112 sit
1584 2057 1762 2123 Pater,
1807 2066 1862 2113 et

263 2148 436 2205 Filius
459 2151 527 2204 sit
556 2150 725 2204 Filius
747 2191 762 2215 ,
791 2156 847 2205 et
869 2149 1100 2219 Spiritus
1125 2158 1345 2206 sanctus
1374 2151 1445 2205 sit
1472 2150 1701 2220 Spiritus
1727 2165 1855 2205 san-

261 2249 407 2306 ctus,
438 2250 493 2294 et
520 2240 635 2293 haec
663 2239 897 2295 Trinitas
926 2254 1062 2295 unus
1088 2240 1230 2296 Deus
1248 2281 1263 2305 ,
1287 2241 1425 2297 sicut
1446 2241 1703 2311 scriptum
1744 2250 1856 2307 est,

263 2329 426 2390 Audi.
448 2328 636 2393 Israel,
660 2328 911 2384 Dominus
939 2331 1074 2385 Deus
1096 2342 1227 2397 tuus,
1252 2331 1393 2387 Deus
1420 2349 1550 2387 unus
1572 2344 1645 2387 est
1675 2332 1854 2405 (Deut.

266 2434 344 2485 vt,
369 2420 446 2490 ι).
480 2420 683 2474 Tamen
708 2420 753 2474 si
780 2422 1170 2492 interrogemur
1194 2422 1262 2478 de
1288 2424 1511 2493 singulis
1535 2465 1549 2489 ,
1572 2433 1627 2479 et
1650 2424 1859 2479 dicatur

264 2512 457 2578 nobis,
504 2512 644 2567 Deus
691 2522 775 2568 est
820 2513 1016 2568 Pater?
1062 2514 1534 2582 respondebimus,
1586 2516 1747 2571 Deus.
1800 2516 1857 2571 Si

259 2612 535 2672 qumratur
559 2613 737 2658 utrum
768 2604 906 2657 Deus
932 2604 1002 2657 sit
1028 2602 1196 2658 Filius
1216 2644 1231 2669 ,
1262 2604 1364 2659 hoc
1386 2606 1854 2675 respondebimus.

260 2693 376 2749 Nec
400 2736 416 2760 ,
446 2694 491 2748 si
525 2694 683 2749 fuerit
724 2694 792 2749 de
839 2694 1039 2765 Spiritu
1089 2705 1277 2751 sancto
1318 2697 1438 2753 talis
1485 2697 1854 2769 interrogatio,

260 2786 410 2840 aliud
440 2800 560 2841 eum
608 2800 729 2841 esse
771 2785 1028 2841 debemus
1076 2786 1400 2856 respondere
1439 2803 1598 2858 quam
1648 2789 1856 2845 Deum:

260 2878 613 2934 vehementer
636 2889 888 2935 caventes
907 2879 985 2934 sic
1009 2880 1271 2951 accipere,
1288 2880 1555 2950 quomodo
1593 2881 1660 2937 de
1686 2880 1858 2936 homi-

259 2973 422 3027 nibus
451 2972 650 3027 dictum
679 2979 762 3027 est
790 3012 805 3035 ,
847 2970 937 3025 Dii
983 2973 1101 3025 estis
1156 2971 1325 3043 (Psal.
1377 2988 1559 3040 Lxxxl,
1615 2972 1695 3044 6).
1740 2972 1855 3028 Non

257 3064 407 3119 enim
436 3072 561 3117 sunt
587 3062 897 3118 naturaliter
919 3062 1024 3127 dii,
1053 3063 1377 3135 quicumque
1402 3072 1527 3117 sunt
1550 3063 1671 3119 lacti
1696 3073 1857 3135 atque

256 3153 465 3209 conditi
519 3169 583 3207 ex
625 3153 789 3209 Patre
833 3168 930 3223 per
968 3153 1165 3208 Filium
1206 3154 1347 3208 dono
1383 3154 1610 3225 Spiritus
1663 3153 1853 3210 sancti.

256 3244 381 3315 Ipsa
410 3246 553 3301 enim
580 3245 909 3315 signiﬁcatur
938 3243 1174 3301 Trinitas
1194 3286 1209 3312 ,
1238 3260 1361 3300 cum
1389 3245 1674 3315 Apostolus
1701 3244 1853 3311 dicit,

261 3338 525 3405 Quoniam
549 3338 763 3406 exipso,
786 3347 833 3391 et
860 3338 913 3391 in
934 3338 1066 3405 ipso,
1112 3348 1159 3392 et
1200 3355 1290 3407 per
1328 3340 1495 3408 ipsum
1529 3353 1647 3393 sunt
1684 3344 1856 3393 omnia

262 3430 445 3501 (Rom.
474 3446 549 3495 χι,
579 3428 692 3501 56).
722 3429 1035 3499 Quanquam
1061 3444 1190 3501 ergo
1216 3430 1283 3486 de
1331 3431 1553 3501 singulis
1579 3430 1602 3461 ⁸
1626 3432 1857 3485 interro-

254 3522 368 3591 gati
415 3521 833 3591 respondeamus
859 3521 1025 3576 Deum
1051 3536 1171 3576 esse
1214 3520 1282 3575 de
1311 3537 1415 3591 quo
1443 3522 1718 3591 quaeritur,
1741 3522 1857 3577 sive

257 3614 478 3668 Patrem
502 3656 518 3681 ,
550 3614 661 3668 sive
690 3613 916 3681 Filium,
966 3614 1078 3668 sive
1126 3613 1382 3683 Spiritum
1422 3624 1704 3679 sanctum;
1748 3628 1854 3669 non

257 3714 441 3759 tamen
482 3712 591 3759 tres
638 3704 770 3759 deos
812 3719 843 3759 a
890 3705 1046 3760 nobis
1094 3705 1199 3760 coli
1246 3706 1527 3776 quisquam
1570 3707 1853 3762 existima-

255 3798 417 3852 verit.

329 3890 421 3942 17.
450 3887 561 3943 Nec
587 3888 781 3943 mirum
810 3888 950 3958 quod
988 3888 1102 3943 llaec
1141 3886 1209 3943 de
1239 3886 1493 3942 iueﬂabili
1538 3898 1724 3944 natura
1764 3890 1852 3945 di-

253 3990 477 4046 cuntur,
506 3997 629 4036 cum
662 3981 715 4035 in
746 3981 810 4035 iis
847 3980 1007 4035 etiam
1036 3980 1198 4036 rebus
1226 3995 1359 4050 quas
1386 3982 1660 4052 corporeis
1684 3982 1853 4037 oculis

250 4075 551 4139 cernimus,
593 4082 648 4129 et
674 4089 937 4143 corporeo
973 4089 1134 4130 sensu
1162 4074 1552 4144 dijudicamus,
1606 4076 1708 4130 tale
1747 4074 1848 4129 ali-

251 4164 385 4235 quid
408 4165 633 4219 accidat.
660 4164 791 4219 Nam
823 4180 944 4220 cum
966 4165 1033 4221 de
1059 4166 1204 4220 fonte
1232 4166 1558 4237 interrogati,
1587 4182 1691 4221 non
1723 4182 1846 4239 pos»

252 4256 429 4310 simus
458 4254 640 4309 dicere
666 4255 807 4325 quod
851 4254 966 4325 ipse
1013 4256 1082 4310 sit
1106 4255 1299 4311 ﬂuvius
1322 4274 1335 4323 ;
1363 4272 1463 4313 nec
1489 4258 1555 4313 de
1578 4257 1740 4314 ﬂuvio
1769 4261 1849 4314 in-

253 4349 511 4417 terrogati
538 4350 806 4417 poSsimus
855 4364 977 4403 eum
1020 4348 1221 4404 fontem
1270 4365 1497 4417 vocare;
1543 4361 1599 4407 et
1640 4368 1851 4407 rursum

252 4442 533 4509 potionem
566 4457 684 4510 qua:
723 4440 791 4495 de
835 4440 980 4496 fonte
1023 4442 1108 4497 vel
1155 4442 1317 4497 ﬂuvio
1345 4453 1468 4510 est,
1499 4459 1601 4499 nec
1629 4443 1848 4499 ﬂuvium

252 4532 526 4601 possimus
552 4532 823 4601 appellare
846 4547 946 4587 nec
973 4532 1172 4588 fontem
1205 4553 1219 4589 :
1251 4544 1426 4590 tamen
1472 4536 1525 4589 in
1554 4536 1657 4591 hac
1694 4537 1849 4591 trini-

250 4633 365 4679 tate
389 4640 583 4693 aquam
612 4628 951 4681 nominamus
970 4668 984 4689 ,
1008 4636 1061 4682 et
1087 4643 1209 4683 cum
1236 4627 1302 4683 de
1323 4628 1544 4699 singulis
1570 4629 1847 4699 quaeritur,

250 4716 561 4785 singillatim
591 4731 783 4786 aquam
813 4717 1216 4787 respondemus.
1241 4718 1372 4773 Nam
1395 4720 1437 4773 si
1460 4736 1642 4789 quaero
1671 4729 1849 4776 utrum

251 4824 390 4877 aqua
423 4809 476 4861 in
500 4807 644 4863 fonte
674 4810 765 4873 sit,
790 4809 1145 4879 respondetur
1174 4826 1345 4880 aqua;
1377 4820 1432 4866 et
1469 4813 1514 4866 si
1543 4828 1846 4882 quaeramus

253 4908 438 4953 utrum
463 4914 600 4967 aqua
626 4900 697 4954 sit
737 4902 790 4954 in
845 4899 1028 4967 lluvio,
1057 4901 1185 4955 nihil
1218 4902 1362 4957 aliud
1389 4903 1766 4973 respondetur,
1795 4914 1851 4960 et

253 4988 309 5043 in
342 4989 431 5043 illa
479 4989 695 5059 potione
740 5006 847 5044 non
889 4992 1079 5061 poterit
1106 5008 1225 5047 esse
1251 4994 1353 5047 alia
1380 4996 1660 5066 responsio
1695 5014 1711 5051 :
1750 5012 1849 5052 nec

252 5091 438 5135 tamen
464 5096 555 5135 eas
582 5092 693 5137 tres
710 5097 897 5152 aquas,
925 5083 1019 5138 sed
1044 5100 1200 5138 unam
1222 5084 1466 5140 dicimus.
1494 5088 1635 5143 Sane
1656 5102 1849 5142 caven-

252 5172 383 5227 dum
415 5183 500 5227 est
544 5189 613 5229 nc
662 5175 943 5243 quisquam
990 5176 1311 5231 ineli‘ahilem
1365 5178 1511 5233 illius
1554 5181 1849 5251 majestatis

252 5266 609 5322 substantiam
642 5268 781 5321 sicut
820 5268 1016 5323 fontem
1045 5270 1204 5325 istum
1237 5272 1500 5327 visibilem
1537 5283 1695 5343 atque
1720 5290 1843 5329 cor-

251 5377 475 5430 poreum
502 5361 581 5416 vel
609 5360 826 5416 ﬂuvium
856 5362 937 5416 vel
961 5364 1230 5431 potionem
1252 5365 1468 5435 cogitet.
1500 5366 1555 5420 ln
1585 5366 1668 5422 his
1693 5368 1842 5424 enim

247 5467 390 5520 aqua
418 5451 507 5505 illa
529 5467 650 5522 qua:
677 5466 818 5506 nunc
845 5454 896 5507 in
928 5451 1075 5508 fonte
1100 5462 1186 5509 est
1207 5495 1222 5520 ,
1249 5455 1360 5509 exit
1388 5456 1439 5509 in
1468 5454 1713 5524 ﬂuvium,
1742 5474 1844 5515 nec

314 5612 329 5641 ⁸
368 5610 487 5677 ωἰῐί
508 5644 522 5667 ,
547 5611 631 5670 qui
652 5610 844 5673 futurus
865 5616 951 5662 est.
979 5620 1033 5662 Αι
1050 5620 1179 5671 Mss,
1203 5611 1286 5676 qui
1309 5619 1531 5663 venturus
1547 5621 1633 5665 est.
1659 5624 1842 5677 Grazce,

244 5686 275 5721 ο
301 5673 633 5722 ere/tumelias.

311 5737 422 5799 ξδίυ
444 5736 493 5783 in
645 5741 701 5784 At
722 5734 847 5799 apud
872 5742 1002 5793 lov.,
1026 5733 1124 5799 ﬁde
1147 5744 1286 5799 atque
1308 5737 1640 5788 commendata
1662 5740 1840 5791 ditina.

308 5798 327 5827 ³
345 5804 444 5861 an,
470 5808 567 5861 non
588 5796 652 5845 de
675 5795 873 5846 minore.
893 5795 1339 5861 l'ortelegcndum,
1364 5813 1454 5849 non
1476 5802 1646 5852 minor.

304 5857 798 5929 fﬁicgmollusﬁttlss.
844 5869 893 5909 At
938 5857 1469 5928 editifouodcuuu’ue
1514 5879 1629 5929 ergo
1666 5865 1843 5919 (ίρδὶιιο

236 5919 366 5985 gulis
395 5919 701 5987 interrogati.

1692 478 1889 535 LIBER
1930 477 2128 535 UNUS.

3453 485 3556 543 I90

1967 591 2022 644 in
2048 605 2107 644 se
2134 599 2346 656 manet;
2379 599 2433 645 et
2461 606 2581 645 cuni
2608 591 2675 647 de
2697 591 2860 649 ﬂuvio
2888 593 2971 650 vel
2994 594 3063 650 de
3101 593 3254 651 fonte
3295 595 3349 650 in
3378 598 3555 665 potio-

1965 695 2086 736 nem
2118 681 2337 747 transit,
2364 697 2469 735 nou
2499 681 2569 735 ibi
2600 694 2893 752 permanet,
2923 684 3065 740 unde
3085 686 3339 740 sumitur.
3368 684 3552 756 itaque

1966 774 2079 827 ﬁeri
2106 781 2279 842 potest
2307 782 2362 827 ut
2388 774 2576 829 eadem
2603 789 2739 843 aqua
2770 790 2910 830 nunc
2936 775 3002 829 ad
3036 774 3202 830 fontis
3229 776 3548 845 appellatio-

1965 880 2087 919 nem
2129 864 2409 933 pertineat,
2441 880 2581 919 nunc
2626 865 2693 919 ad
2733 865 2913 932 ﬂuvii,
2968 882 3111 921 nunc
3149 866 3217 921 ad
3267 866 3502 936 potionis
3534 883 3549 921 :

1964 972 2084 1012 cum
2114 957 2165 1011 in
2209 957 2295 1011 illa
2343 957 2600 1011 Trinitate
2638 957 2930 1011 dixerimus
2977 972 3081 1011 non
3131 973 3291 1028 posse
3340 957 3456 1013 ﬂeri
3490 966 3550 1012 ut

1964 1049 2123 1104 Pater
2151 1047 2435 1118 aliquando
2459 1048 2528 1102 sit
2567 1048 2765 1116 Filius,
2818 1048 3106 1119 aliquando
3161 1049 3394 1118 Spiritus
3426 1065 3552 1103 san-

1965 1152 2109 1206 ctus;
2138 1143 2273 1195 sicut
2299 1142 2350 1194 in
2377 1141 2569 1196 arbore
2589 1156 2697 1195 non
2724 1150 2807 1196 est
2833 1142 2986 1197 radix
3008 1143 3108 1195 nisi
3132 1142 3304 1206 radix,
3334 1157 3433 1197 nec
3457 1156 3548 1196 ro—

1966 1231 2065 1285 bur
2094 1240 2175 1284 est
2203 1230 2342 1284 aliud
2369 1246 2524 1300 quam
2552 1232 2733 1295 robur,
2763 1246 2864 1287 nec
2886 1246 3067 1287 ramos
3093 1232 3194 1285 nisi
3220 1247 3398 1287 ramos
3429 1246 3552 1302 pos-

1964 1340 2150 1379 sumus
2169 1325 2348 1380 dicere
2377 1343 2391 1379 :
2420 1341 2525 1379 non
2556 1327 2699 1380 enim
2728 1325 2869 1395 quod
2896 1326 3090 1381 dicitur
3129 1323 3282 1380 radix
3304 1367 3319 1390 ,
3364 1325 3415 1379 id
3457 1340 3553 1394 po-

1964 1424 2070 1471 test
2096 1416 2199 1470 dici
2221 1417 2383 1471 robur
2418 1424 2471 1471 et
2501 1417 2667 1482 rami;
2698 1432 2799 1472 nec
2827 1417 3027 1486 lignum
3056 1415 3199 1486 quod
3230 1416 3460 1487 pertinet
3485 1414 3551 1471 ad

1966 1510 2198 1565 radicem
2218 1553 2233 1575 ,
2264 1520 2437 1581 potest
2462 1512 2639 1581 aliquo
2661 1511 2888 1565 transitu
2917 1525 3063 1587 nunc
3088 1510 3142 1564 in
3168 1509 3350 1564 radice
3390 1522 3511 1564 esse
3530 1546 3549 1572 ,

1966 1619 2107 1658 nunc
2134 1603 2186 1656 in
2212 1604 2403 1658 robore
2425 1645 2439 1667 ,
2468 1618 2609 1657 nunc
2638 1604 2689 1657 in
2721 1604 2905 1669 ramis,
2953 1602 3047 1658 sed
3089 1600 3459 1656 tantummodo
3499 1600 3552 1653 in

1966 1694 2145 1749 radice
2171 1712 2183 1748 :
2207 1710 2326 1749 cum
2351 1695 2440 1748 illa
2469 1696 2650 1763 regula
2688 1696 2921 1750 nominis
2945 1702 3191 1759 maneat,
3224 1703 3281 1748 ut
3309 1693 3459 1747 radix
3487 1694 3555 1747 li-

1965 1800 2126 1856 gnum
2156 1785 2253 1849 sit,
2280 1794 2335 1839 et
2353 1786 2518 1840 robur
2537 1787 2735 1857 lignum
2754 1827 2770 1852 ,
2800 1795 2854 1841 et
2902 1783 3037 1840 rami
3065 1786 3303 1855 lignum;
3336 1798 3437 1839 nec
3471 1792 3554 1837 ta-

1965 1892 2088 1934 men
2115 1878 2214 1932 tria
2234 1878 2376 1948 ligna
2397 1878 2665 1945 dicantur,
2698 1878 2792 1933 sed
2820 1894 3005 1933 unum.
3024 1880 3130 1932 Aut
3150 1877 3195 1932 si
3217 1877 3332 1931 haec
3358 1875 3557 1931 habent

1965 1970 2195 2039 aliquam
2241 1969 2763 2036 dissimilitudinem,
2809 1981 2868 2023 ut
2913 1968 3119 2039 possint
3166 1984 3272 2023 non
3322 1966 3555 2022 absurde

1966 2061 2066 2116 tria
2094 2061 2233 2130 ligna
2272 2059 2395 2124 dici,
2427 2070 2646 2131 propter
2683 2060 2953 2114 firmitatis
2978 2059 3379 2123 diversitatem;
3421 2056 3553 2112 illud

1964 2160 2112 2207 certe
2145 2165 2332 2206 omnes
2356 2151 2688 2218 concedunt,
2718 2152 2761 2205 si
2788 2165 2856 2206 ex
2892 2166 3002 2205 uno
3042 2148 3190 2204 fonte
3221 2149 3319 2203 tria
3364 2147 3551 2218 pocula

1964 2243 2304 2313 impleantur,
2334 2257 2490 2312 posse
2510 2242 2613 2298 dici
2651 2243 2749 2297 tria
2781 2242 2966 2311 pocula
2987 2282 3003 2309 ,
3035 2250 3145 2296 tres
3173 2249 3351 2295 autem
3389 2253 3555 2309 aquas

1963 2348 2073 2387 non
2100 2347 2257 2403 posse
2276 2332 2380 2387 dici
2397 2374 2412 2395 ,
2444 2331 2539 2387 sed
2568 2332 2787 2386 omnino
2812 2346 2972 2385 unam
3001 2345 3224 2400 aquam;
3247 2342 3550 2398 quanquam

1963 2422 2032 2479 de
2075 2422 2297 2492 singulis
2326 2422 2531 2491 poculis
2572 2422 2927 2489 interrogatus
2967 2421 3020 2474 in
3070 2418 3312 2489 quolibet
3358 2418 3552 2472 horum

1964 2530 2154 2586 aquam
2184 2528 2304 2568 esse
2328 2512 2654 2583 respondeas
2679 2531 2691 2565 :
2727 2513 2972 2582 quamvis
2994 2512 3169 2567 nullus
3186 2511 3271 2567 hic
3296 2510 3553 2565 transitus

1965 2606 2073 2671 ﬂat,
2106 2606 2244 2660 sicut
2265 2605 2333 2660 dc
2372 2604 2516 2659 fonte
2559 2604 2613 2657 in
2656 2602 2874 2659 ﬂuvium
2904 2604 3234 2658 dicebamus.
3283 2602 3390 2657 Sed
3435 2601 3549 2655 haec

1963 2715 2071 2752 non
2104 2707 2320 2767 propter
2350 2697 2491 2751 illius
2525 2696 2723 2751 divinae
2758 2704 2960 2751 natum
2993 2696 3397 2750 similitudinem
3418 2736 3433 2758 ,
3458 2696 3553 2749 sed

1964 2801 2180 2859 prepter
2207 2789 2493 2843 visibilium
2519 2788 2678 2843 etiam
2708 2788 2962 2842 unitatem
2984 2786 3284 2856 corporalia
3305 2785 3551 2854 exempla

1961 2880 2087 2934 data
2115 2888 2242 2935 sunt
2261 2921 2275 2946 ,
2301 2889 2362 2933 ut
2396 2879 2780 2949 intelligeretur
2806 2878 2919 2933 ﬁeri
2959 2892 3116 2947 posse
3153 2884 3213 2932 ut
3252 2876 3427 2947 aliqua
3454 2876 3553 2930 tria

1964 2988 2069 3026 non
2103 2979 2306 3026 tantum
2332 2971 2671 3042 singillatim,
2695 2970 2789 3025 sed
2825 2970 2989 3026 etiam
3033 2970 3194 3025 simul
3231 2984 3396 3025 unum
3436 2969 3554 3023 sin-

1960 3063 2143 3132 gulare
2168 3076 2363 3118 nomen
2389 3062 2700 3126 obtineant;
2749 3076 2849 3116 nec
2885 3062 3168 3131 quisquam
3227 3062 3451 3117 miretur
3495 3069 3554 3117 et

1961 3152 2250 3208 absurdum
2294 3161 2444 3222 putet
2484 3152 2627 3223 quod
2660 3153 2824 3208 Deum
2854 3152 3086 3209 dicimus
3113 3154 3347 3221 Patrem,
3386 3154 3553 3209 Deum

1960 3242 2192 3311 Filium,
2234 3244 2399 3299 Deum
2441 3242 2699 3313 Spiritum
2751 3253 3033 3309 sanctum,
3075 3259 3177 3300 nec
3225 3252 3403 3301 tamen
3445 3253 3555 3300 tres

1961 3335 2091 3391 deos
2121 3336 2172 3390 in
2199 3336 2298 3390 ista
2323 3335 2608 3403 Trimtate,
2632 3334 2725 3390 sed
2744 3350 2908 3390 unum
2930 3336 3099 3391 Deum
3129 3351 3395 3407 unamque
3417 3337 3551 3392 sub-

1960 3427 2207 3480 stantiam
2237 3427 2277 3480 ¹.

2034 3519 2122 3573 l8.
2155 3520 2221 3573 Et
2244 3518 2310 3574 de
2340 3519 2497 3575 Patre
2525 3518 2742 3590 quidem
2773 3535 2836 3575 ac
2866 3520 3004 3575 Filio
3043 3521 3225 3575 multis
3263 3521 3409 3576 libris
3436 3520 3551 3575 ἀιδι-

1960 3619 2245 3665 seruerunt
2291 3610 2437 3665 docti
2474 3619 2529 3665 et
2569 3611 2873 3680 spirituales
2898 3612 2919 3643 ³
2950 3612 3087 3677 viri,
3137 3611 3331 3681 quibus
3373 3626 3548 3681 quan-

1961 3710 2071 3755 tum
2099 3702 2339 3757 homines
2367 3701 2670 3757 hominibus
2700 3710 2975 3770 poterant,
3009 3711 3064 3757 et
3097 3702 3549 3771 quemadmodum

1962 3807 2067 3847 non
2088 3807 2223 3846 unus
2248 3802 2389 3847 esset
2417 3792 2572 3847 Pater
2592 3800 2645 3847 et
2676 3791 2877 3858 Filius,
2906 3792 3000 3847 sed
3031 3808 3193 3847 unum
3234 3800 3451 3856 essent;
3495 3799 3551 3847 et

1959 3885 2085 3956 quid
2109 3885 2318 3954 pr0prie
2342 3884 2501 3939 Pater
2524 3894 2668 3939 esset
2685 3893 2771 3949 ,et
2794 3884 2922 3953 quid
2953 3883 3119 3939 Filius
3148 3884 3420 3939 insinuare
3459 3900 3554 3939 co-

1960 3976 2069 4031 nati
2095 3985 2254 4030 sunt:
2287 3975 2428 4045 quod
2460 3976 2548 4030 ille
2572 3977 2800 4046 genitor,
2834 3976 2922 4031 hic
2948 3977 3192 4046 genitus;
3220 3976 3312 4031 ille
3349 3991 3455 4031 non
3481 3977 3552 4032 de

1960 4067 2115 4135 Filio,
2146 4068 2231 4122 hic
2257 4068 2323 4123 de
2341 4069 2495 4122 Patre
2519 4084 2533 4133 ;
2554 4068 2711 4138 hujus
2740 4068 2830 4122 ille
2855 4068 3198 4138 principium,
3217 4068 3359 4123 unde
3384 4078 3438 4123 et
3457 4084 3548 4123 ca-

1959 4170 2053 4229 put
2082 4159 2282 4213 Christi
2308 4158 2499 4214 dicilur
2539 4160 2590 4231 (ι
2613 4159 2730 4213 Cor.
2763 4175 2843 4225 xi,
2866 4159 2944 4231 5),
2973 4162 3214 4229 quamvis
3231 4171 3283 4216 ct
3303 4160 3550 4216 Christus

1960 4250 2274 4320 principium
2304 4248 2481 4320 (Joan.
2513 4266 2609 4305 vin
2628 4292 2643 4316 ,
2676 4250 2790 4323 25),
2820 4251 2914 4306 sed
2943 4267 3047 4306 non
3068 4252 3273 4317 Patris;
3308 4253 3394 4309 hic
3422 4269 3551 4308 vero

1960 4340 2101 4397 illius
2128 4341 2302 4411 imago
2329 4340 2548 4409 (Coloss.
2586 4344 2636 4406 l,
2670 4342 2738 4396 15
2761 4342 2801 4411 ),
2842 4344 3086 4413 quamvis
3112 4345 3253 4398 nulla
3284 4360 3351 4399 cx
3398 4354 3551 4414 parte

1957 4430 2232 4485 dissimilis
2257 4440 2311 4486 et
2340 4432 2562 4487 omnino
2582 4431 2951 4488 indtll‘erenter
2971 4426 3211 4505 mqualis.
3234 4435 3551 4490 Tractantur

1958 4520 2073 4577 haec
2102 4522 2261 4576 latius
2288 4522 2357 4576 ab
2383 4522 2461 4576 eis
2486 4524 2575 4593 qui
2608 4538 2715 4579 non
2742 4534 2847 4579 tam
2879 4525 3115 4581 breviter
3141 4542 3297 4597 quam
3323 4542 3441 4593 nos,
3475 4538 3552 4582 too

1957 4612 2062 4666 tius
2077 4612 2380 4667 christiana:
2399 4613 2518 4668 lidei
2535 4614 2917 4683 professionem
2931 4618 3117 4672 volunt
3132 4619 3420 4687 explicare.
3458 4619 3552 4675 lta-

1956 4720 2061 4774 que
2088 4704 2142 4759 in
2161 4714 2419 4774 quantum
2438 4705 2601 4759 Filius
2617 4715 2718 4770 est,
2737 4706 2804 4762 de
2827 4708 2985 4763 Patre
3009 4711 3217 4777 accepit
3238 4720 3297 4764 ut
3317 4711 3406 4775 sit,
3422 4726 3545 4765 cum

1958 4794 2047 4849 ille
2076 4794 2143 4849 de
2169 4795 2305 4850 Filio
2324 4795 2374 4850 id
2398 4810 2504 4850 non
2522 4798 2825 4867 acceperit:
2849 4806 2904 4853 et
2924 4799 2976 4853 in
2997 4809 3251 4869 quantum
3271 4800 3544 4855 hominem

1956 4886 2267 4943 mutabilem
2281 4888 2487 4943 scilicet
2503 4898 2801 4945 creaturam
2819 4891 2872 4945 in
2891 4892 3081 4947 melius
3094 4893 3549 4959 commutandam,

1955 4977 2213 5034 ineﬂ‘abili
2242 4980 2609 5036 misericordia
2636 5024 2651 5049 ,
2682 4984 2961 5053 temporali
2990 4984 3392 5053 diSpensatione
3423 5000 3547 5039 sus-

1954 5071 2128 5140 cepit,
2164 5073 2327 5126 multa
2364 5072 2433 5127 de
2468 5073 2561 5128 illo
2592 5074 2643 5127 in
2674 5073 2966 5144 Scripturis
2995 5074 3337 5129 inveniuntur
3366 5075 3439 5128 ita
3470 5074 3549 5129 di-

1953 5172 2060 5225 cta,
2089 5171 2145 5217 ut
2171 5163 2359 5233 impias
2386 5164 2757 5219 hmrcticorum
2783 5174 2989 5220 mentes
3012 5166 3158 5234 prius
3183 5165 3426 5221 volentes
3453 5166 3550 5220 do—

1954 5268 2077 5310 cere
2115 5272 2274 5327 quam
2309 5273 2466 5313 nosse
2488 5297 2506 5325 ,
2546 5257 2598 5311 in
2628 5273 2868 5313 errorem
2907 5258 3185 5325 miserint,
3215 5267 3274 5313 ut
3304 5268 3549 5329 putarent

1953 5364 2075 5405 eum
2096 5365 2201 5403 non
2224 5350 2483 5419 mqualem
2506 5349 2671 5415 Patri,
2690 5365 2789 5405 nec
2812 5350 3052 5419 ejusdem
3073 5365 3191 5407 esse
3212 5351 3543 5420 substantiae,

1953 5445 2125 5515 qualia
2156 5453 2281 5498 sunt
2322 5444 2442 5509 illa,
2476 5444 2731 5509 Quoniam
2763 5443 2920 5499 Pater
2948 5446 3115 5516 major
3141 5464 3217 5499 me
3246 5456 3317 5500 est
3345 5447 3362 5519 (
3386 5446 3542 5501 Joau.

1952 5552 2065 5601 xiv,
2099 5536 2206 5606 28)
2241 5553 2255 5601 ;
2286 5546 2369 5598 et,
2402 5535 2565 5607 Caput
2607 5537 2832 5592 mulieris
2854 5538 2929 5592 uir
2952 5579 2967 5603 ,
3000 5550 3150 5609 caput
3176 5541 3266 5593 viri
3292 5538 3547 5605 Christus,

1954 5639 2105 5700 caput
2125 5640 2291 5683 autem
2318 5628 2507 5685 Christi
2536 5629 2671 5685 Dens
2697 5630 2716 5701 (
2731 5630 2751 5685 Ι
2782 5632 2899 5687 Cor.
2926 5648 2998 5697 χι,
3018 5633 3051 5687 ’5
3076 5631 3096 5705 )
3126 5649 3140 5699 ;
3165 5644 3240 5700 et,
3274 5633 3418 5687 Tunc
3437 5634 3549 5703 ipse

2018 5808 2034 5873 ξ
2073 5814 2197 5863 διελς..
2216 5805 2300 5873 sed
2332 5820 2478 5873 tntum
2511 5806 2724 5873 (plautas
2758 5823 2993 5873 unamque
3027 5811 3355 5861 substantimn.

2016 5867 2035 5897 ¹
2071 5874 2117 5917 1η
2162 5869 2403 5933 vulgatis,
2462 5871 2688 5937 religion.
2724 5874 2866 5934 Cujus
2904 5867 3007 5923 loco
3057 5876 3102 5922 iu
3148 5881 3275 5932 Mss,
3321 5871 3548 5938 spiritua-

1950 5924 2035 5981 les.
