3976 6512
149 383 250 439 633

149 507 271 548 cum
296 491 351 547 in
376 507 473 548 sua
501 492 908 565 causa-quisque
939 503 1216 567 torquetur
1243 514 1258 564 ;
1288 507 1342 553 et
1380 513 1500 555 cum
1534 502 1733 571 quaeri-

149 594 233 638 tur
261 592 437 637 utrum
462 584 533 638 sit
560 599 781 651 nocens,
813 587 1100 648 cruciatur.
1144 597 1200 642 et
1229 588 1484 644 innocens
1512 591 1612 646 luit
1642 609 1739 661 pro

150 674 353 728 incerto
398 674 603 729 scelere
648 675 980 730 certissimas
1023 692 1382 747 pmnas;non
1425 680 1547 749 quia
1607 682 1738 738 illud

147 765 478 821 commisisse
506 765 792 836 detegitur,
816 768 912 823 sed
940 768 1060 837 quia
1089 784 1193 823 non
1218 771 1551 827 commisisse
1566 775 1739 829 nesci-

147 857 279 910 tur?
308 859 386 910 Ac
417 871 511 926 per
527 856 631 911 hoc
651 858 948 928 ignorantia
970 859 1165 928 judicis
1196 862 1507 932 plerumque
1536 873 1620 919 est
1647 880 1737 919 ca-

146 949 355 1003 lamitas
386 950 704 1007 iuramentis.
736 953 963 1023 thuod
994 964 1076 1011 est
1105 955 1506 1023 intolerabilius,
1538 960 1736 1030 magis-

148 1057 251 1110 que
280 1042 657 1111 plangendum,
687 1044 1093 1115 rigandumqne,
1131 1048 1174 1101 si
1199 1046 1311 1103 fieri
1340 1052 1509 1118 possit
1547 1051 1587 1112 ¹.
1615 1050 1737 1104 lon-

147 1130 287 1185 tibus
342 1133 694 1203 lacrymarum
732 1151 747 1199 ;
785 1151 907 1189 cum
958 1146 1239 1207 propterea
1279 1138 1441 1207 judex
1488 1148 1735 1210 torqueat

145 1234 474 1285 accusatum.
508 1240 575 1280 ne
605 1226 813 1282 occidat
841 1229 1091 1284 nesciens
1143 1232 1511 1297 innocentem,
1547 1231 1606 1285 fit
1636 1248 1735 1302 per

143 1315 456 1385 ignorantia:
486 1315 778 1383 miseriam,
828 1331 887 1373 ut
936 1330 991 1374 et
1036 1329 1231 1375 tortum
1281 1330 1336 1377 et
1394 1322 1734 1378 innocentem

143 1402 373 1471 occidat,
392 1420 551 1473 quem
586 1421 655 1460 ne
693 1406 1034 1464 innocentem
1085 1409 1353 1465 occideret
1402 1420 1647 1467 torserat.
1678 1412 1733 1467 Si

141 1493 284 1548 enim
313 1494 605 1549 secundum
628 1496 850 1551 istorum
893 1499 1208 1569 sapientiam
1263 1498 1520 1570 delegerit
1544 1516 1609 1554 ex
1635 1500 1735 1556 hac

142 1587 247 1642 vita
281 1586 481 1656 fugere,
523 1604 681 1658 quam
739 1588 941 1645 diutius
982 1591 1067 1645 illa
1117 1592 1382 1648 sustinere
1422 1600 1730 1658 tormenta;

136 1678 278 1749 quod
298 1696 403 1735 non
422 1682 709 1746 commisit,
740 1683 1077 1739 commisisse
1108 1700 1169 1740 se
1195 1684 1342 1740 dicit.
1374 1684 1490 1752 Quo
1507 1685 1732 1741 damna-

144 1779 198 1824 to
229 1780 281 1825 et
321 1772 503 1826 occiso
531 1813 546 1837 ,
577 1783 753 1827 utrum
777 1784 1057 1829 nocentem
1108 1790 1175 1829 an
1209 1776 1546 1831 innocentem
1568 1776 1731 1845 judex

136 1862 416 1928 occiderit,
437 1862 611 1917 adhuc
633 1865 823 1929 nescit,
853 1880 1011 1934 quem
1034 1880 1100 1920 ne
1118 1866 1456 1922 innocentem
1486 1866 1731 1922 nesciens

134 1953 411 2009 occideret
440 1956 631 2010 torsit:
664 1971 728 2010 ac
766 1971 863 2025 per
889 1956 995 2012 hoc
1039 1958 1378 2013 innocentem
1405 1968 1459 2013 et
1486 1967 1544 2012 ut
1571 1958 1733 2012 sciret

137 2046 315 2109 torsit,
338 2054 393 2099 et
417 2045 543 2099 dum
577 2048 807 2102 nesciret
835 2048 1049 2103 occidit.
1082 2048 1138 2103 ln
1190 2048 1275 2104 his
1320 2050 1555 2104 tenebris
1609 2051 1732 2103 vita:

132 2136 370 2203 socialis,
399 2136 605 2191 sedebit
628 2137 793 2207 judex
819 2138 908 2193 ille
924 2140 1157 2208 sapiens,
1186 2156 1251 2193 an
1278 2155 1384 2194 non
1436 2139 1643 2195 sedebit
1672 2141 1733 2193 ’?

137 2224 362 2281 Sedebit
393 2227 569 2297 plane.
599 2229 930 2301 Constringit
976 2231 1121 2285 enim
1146 2247 1290 2298 eum,
1321 2240 1377 2287 et
1402 2232 1468 2287 ad
1513 2232 1615 2287 hoc
1644 2231 1730 2286 of-

131 2318 316 2372 ticium
344 2319 601 2388 pertrahit
622 2320 854 2376 lnnnana
875 2323 1125 2387 societas,
1156 2338 1315 2393 quam
1343 2323 1595 2379 deserere
1637 2338 1733 2380 ne-

132 2406 216 2461 fas
244 2407 414 2463 ducit.
450 2410 561 2465 lloc
581 2411 721 2465 enim
746 2413 896 2467 nefas
924 2428 1045 2468 esse
1066 2428 1173 2468 non
1196 2414 1365 2479 ducit,
1391 2413 1534 2484 quod
1563 2421 1731 2470 testes

131 2500 525 2556 innocentesin
554 2503 729 2558 causis
750 2513 1066 2575 torquentur
1121 2507 1511 2578 alienis:quod
1561 2507 1729 2579 hiqui

128 2601 451 2663 arguuntur,
474 2594 524 2649 vi
552 2595 753 2652 doloris
799 2598 1110 2668 plerumque
1158 2599 1420 2669 superati,
1470 2608 1526 2655 et
1574 2601 1642 2655 de
1671 2617 1730 2657 se

129 2682 266 2738 falsa
297 2686 546 2753 confessi,
578 2690 740 2743 etiam
782 2689 1076 2758 puniuntur
1106 2692 1442 2759 innocentes,
1471 2708 1593 2750 cum
1618 2693 1727 2763 jam

130 2775 259 2830 torti
289 2774 484 2831 fuerint
503 2777 845 2833 innocentes:
872 2781 1015 2848 quod
1040 2781 1139 2837 etsi
1169 2798 1274 2837 non
1296 2793 1470 2839 morte
1499 2786 1727 2855 punian-

128 2876 238 2933 tur,
267 2869 322 2920 in
350 2867 476 2937 ipsis
495 2869 579 2922 vel
601 2882 668 2923 ex
692 2868 826 2938 ipsis
848 2873 1126 2927 tormentis
1149 2873 1459 2945 plerumque
1485 2876 1729 2931 moriun-

127 2967 255 3013 tur:
292 2959 434 3029 quod
458 2960 479 2991 ³
512 2960 798 3031 aliquando
840 2972 894 3018 et
945 2964 1043 3033 ipsi
1082 2966 1169 3035 qui
1200 2976 1448 3037 arguunt,
1484 2968 1728 3025 humana:

123 3051 373 3106 societati
403 3048 650 3117 fortasse,
676 3068 743 3109 ne
769 3054 993 3110 crimina
1026 3057 1283 3125 impunita
1312 3059 1438 3126 sint,
1471 3060 1729 3130 prodesse

122 3144 429 3212 cupientes,
460 3152 513 3197 et
536 3147 915 3203 mentientibus
938 3150 1182 3215 teSIibus,
1224 3167 1424 3223 reoque
1455 3154 1572 3223 ipso
1599 3170 1729 3210 con-

123 3242 207 3288 tra
240 3243 508 3290 tormenta
549 3236 775 3291 durante
802 3238 1129 3306 immaniter,
1157 3256 1257 3296 nec
1283 3242 1504 3311 fatente,
1532 3246 1727 3316 proba-

117 3342 182 3382 re
207 3327 355 3398 quod
382 3327 639 3398 objiciunt
665 3345 770 3383 non
798 3331 1059 3399 valentes,
1099 3335 1343 3403 quamvis
1364 3350 1488 3391 vera
1515 3336 1728 3407 objece—

115 3418 253 3483 rint,
280 3418 514 3488 ajudice
542 3421 814 3477 nesciente
852 3422 1189 3479 damnantur.
1224 3426 1349 3482 llzec
1371 3437 1447 3481 tot
1485 3438 1539 3483 et
1580 3439 1722 3483 tanta

116 3510 266 3564 mala
300 3526 405 3565 non
433 3511 653 3581 deputat
694 3528 813 3567 esse
836 3526 1048 3582 peccata
1083 3534 1097 3570 :
1136 3531 1243 3571 non
1294 3519 1434 3573 enim
1465 3519 1579 3575 haec
1600 3520 1725 3576 facit

115 3603 343 3671 sapiens
388 3602 554 3672 judex
602 3605 829 3660 nocendi
882 3606 1155 3662 voluntate
1188 3649 1203 3673 ,
1251 3609 1347 3663 sed
1403 3612 1721 3667 necessitate

115 3693 448 3760 nesciendi;
501 3703 555 3751 et
596 3704 775 3751 tamen
822 3696 944 3765 quia
993 3699 1136 3767 cogit
1186 3698 1416 3754 humana
1466 3701 1713 3768 societas,

113 3785 445 3838 necessitate
471 3784 943 3854 etiamjudicandi.
976 3777 1109 3843 llaic‘
1152 3798 1236 3843 est
1283 3804 1416 3860 ergo
1442 3806 1602 3859 quam
1632 3791 1718 3845 di-

112 3875 321 3942 cimus,
354 3876 567 3930 miseria
616 3885 764 3932 certe
812 3876 1066 3943 hominis,
1097 3882 1199 3935 etsi
1229 3896 1334 3935 non
1377 3883 1576 3937 malitia
1628 3899 1717 3939 sa-

111 3968 340 4037 pientis.
369 3970 452 4021 An
482 3984 609 4023 vero
639 3972 958 4025 necessitate
997 3972 1273 4028 nesciendi
1293 3986 1451 4045 atque
1472 3976 1720 4045 judican-

108 4058 165 4113 di
201 4067 423 4128 torquet
460 4059 722 4125 insontes,
757 4060 907 4129 punit
936 4062 1196 4131 insontes,
1250 4076 1303 4119 et
1330 4080 1517 4134 parum
1534 4074 1617 4120 est
1641 4067 1716 4122 illi

107 4151 261 4221 quod
295 4168 403 4206 non
450 4164 533 4207 est
580 4168 725 4219 reus,
772 4154 818 4207 si
871 4169 976 4208 non
1006 4156 1075 4209 sit
1114 4157 1331 4225 insuper
1372 4168 1425 4213 et
1480 4159 1717 4214 beatus?

105 4244 333 4312 Quanto
358 4245 745 4301 consideratius
774 4256 828 4302 et
877 4248 1091 4305 homine
1151 4251 1362 4321 dignius
1395 4254 1633 4322 agnoscit
1661 4255 1714 4309 in

105 4335 213 4389 ista
248 4337 571 4391 necessitate
619 4338 909 4406 miseriam,
939 4357 1166 4410 eamque
1215 4343 1268 4397 in
1310 4360 1369 4397 se
1393 4343 1542 4398 odit"
1573 4362 1587 4411 ;
1637 4356 1708 4411 et,

94 4426 152 4480 (si
185 4426 279 4496 pie
302 4426 461 4497 sapit,
492 4427 687 4482 clamat
722 4429 789 4483 ad
836 4430 1029 4496 Deum,
1062 4431 1139 4485 De
1187 4436 1561 4489 necessitatibus
1590 4438 1712 4491 meis

103 4535 231 4573 erue
260 4521 385 4589 me(
412 4520 558 4575 Paul.
589 4539 738 4589 XXIV,
770 4525 836 4578 17
870 4525 932 4593 )?

97 4631 353 4687 CAPUT
391 4632 589 4688 Vll.-—
617 4635 691 4689 De
726 4636 1015 4692 diversitate
1053 4639 1362 4710 linguarum,
1405 4658 1506 4710 qua
1549 4643 1711 4697 socie-

176 4734 262 4776 tas
283 4723 547 4777 hominum
568 4725 858 4792 dirimitur;
885 4736 931 4781 et
954 4730 1019 4783 de
1032 4731 1233 4784 miseria
1269 4731 1534 4797 bellorum,
1557 4735 1711 4787 etiam

173 4832 299 4884 quae
310 4816 456 4885 justa
477 4817 734 4871 dicuntur.

174 4928 319 4983 Post
346 4928 621 4983 civitatem
649 4930 734 4984 vel
780 4931 965 4986 urbem
996 4933 1236 5002 sequitur
1271 4934 1416 4988 orbis
1446 4945 1624 4999 terrm,
1655 4935 1707 4990 in

1391 389 1590 446 LIBER
1628 391 1927 454 DECIMUS
1960 397 2209 459 NONUS.

3326 421 3430 480 634

1830 510 2127 568 ιειὶθιωιεώ
2153 515 2388 573 homine.
2415 518 2544 576 Nam
2564 521 2611 577 si
2644 523 2751 580 duo
2787 526 3004 583 sibimet
3050 529 3275 586 invicem
3305 532 3434 591 fiant

1846 600 2057 657 obviam
2084 645 2099 668 ,
2137 620 2311 675 neque
2340 614 2637 678 prmterire,
2682 617 2776 669 sed
2802 617 2961 671 simul
2988 633 3110 674 esse
3130 620 3306 691 aliqua
3333 639 3433 678 ne-

1843 694 2092 750 cessitate
2107 706 2384 766 cogantur,
2416 717 2643 771 quorum
2684 716 2877 762 neuter
2901 710 3044 764 norit
3084 710 3318 780 linguam
3347 712 3433 768 al-

1826 786 2011 840 .terius
2036 802 2053 850 ;
2082 787 2294 844 facilius
2313 791 2415 846 sibi
2444 795 2695 851 animalia
2720 810 2888 866 muta,
2920 802 3081 857 etiam
3106 803 3307 861 diversi
3336 822 3432 877 ge-

1840 876 2007 940 neris,
2038 892 2196 947 quam
2218 881 2312 947 illi,
2344 897 2466 938 cum
2512 887 2620 941 sint
2647 888 2892 946 homines
2917 893 3096 961 ambo,
3130 876 3428 953 sociantur.

1841 965 2065 1032 Quando
2113 971 2257 1026 enim
2303 990 2424 1044 qua:
2470 979 2729 1046 sentiunt,
2770 982 2989 1038 interse
3031 988 3431 1044 communicare

1840 1073 1946 1112 non
1966 1072 2206 1129 possunt,
2235 1075 2454 1136 propter
2499 1070 2668 1124 solam
2696 1072 2890 1143 linguae
2918 1074 3309 1142 diversitatem.
3338 1079 3423 1135 ni-

1838 1147 1917 1202 hil
1949 1151 2169 1218 prodest
2197 1155 2263 1209 ad
2293 1161 2681 1215 consociandos
2719 1162 2964 1220 homines
2998 1175 3142 1221 tanta
3171 1168 3427 1225 similitu-

1838 1241 1910 1295 do
1935 1248 2277 1303 naturanita
2325 1261 2385 1305 ut
2404 1252 2655 1309 libentius
2702 1256 2962 1314 homosit
3004 1275 3124 1315 cum
3152 1277 3425 1333 cancsuo,

1838 1346 1997 1400 quam
2027 1351 2150 1391 cum
2183 1339 2400 1396 homine
2426 1345 2624 1399 alieno.
2661 1348 2733 1401 At
2758 1349 2900 1401 enim
2954 1364 3117 1419 opera
3163 1353 3285 1407 data
3320 1364 3425 1423 est,

1839 1429 1898 1475 ut
1916 1423 2201 1493 imperiosa
2223 1430 2409 1487 civitas
2435 1450 2539 1489 non
2582 1436 2757 1490 solum
2799 1437 3006 1509 jugum,
3048 1456 3234 1497 verum
3263 1445 3425 1501 etiam

1837 1513 2069 1586 linguam
2096 1534 2249 1577 suam
2275 1522 2490 1580 domitis
2512 1528 2763 1596 gentibus
2788 1544 2882 1598 per
2919 1545 3103 1600 pacem
3148 1536 3423 1593 societatis

1838 1604 2135 1676 imponeret
2168 1629 2183 1673 ;
2216 1630 2310 1682 per
2333 1631 2493 1684 quam
2518 1634 2623 1672 non
2653 1620 2885 1687 deesset,
2910 1622 3020 1677 imo
3047 1632 3104 1679 et
3123 1623 3422 1683 abundaret

1836 1700 1996 1753 etiam
2026 1701 2375 1772 interpretum
2430 1710 2604 1778 ecpia.
2632 1709 2830 1765 Verum
2858 1722 2940 1767 est
2970 1732 2983 1767 :
3012 1714 3106 1769 sed
3146 1715 3247 1771 hoc
3266 1732 3425 1786 quam

1835 1791 2017 1845 multis
2046 1802 2101 1847 et
2123 1810 2281 1863 quam
2307 1799 2598 1866 grandibus
2619 1801 2795 1869 bellis,
2816 1814 3011 1873 quanta
3038 1815 3216 1876 strage
3244 1806 3425 1862 homi-

1836 1896 1982 1946 num,
2008 1894 2203 1951 quanta
2220 1886 2483 1945 eﬂ’usione
2514 1891 2731 1947 humani
2752 1896 3028 1965 sanguinis
3051 1905 3424 1967 comparatum

1834 1978 1962 2031 est?
1984 1978 2188 2045 Quibus
2206 1985 2506 2048 transactis,
2539 2002 2645 2041 non
2677 1996 2759 2043 est
2780 1996 2957 2044 tamen
2973 1990 3284 2045 earumdem
3302 2005 3424 2046 ma-

1834 2065 2006 2122 lorum
2035 2070 2181 2126 finita
2206 2072 2442 2129 miseria.
2490 2076 2744 2144 Quamvis
2789 2081 2932 2134 enim
2974 2094 3081 2135 non
3131 2080 3423 2147 defuerint,

1835 2173 2008 2228 neque
2033 2160 2210 2218 desint
2258 2164 2442 2221 hostes
2470 2168 2488 2199 ί
2520 2178 2721 2224 exterae
2773 2171 3043 2234 nationes,
3070 2181 3258 2227 contra
3283 2188 3421 2243 quas

1833 2261 2048 2320 semper
2073 2252 2211 2308 bella
2235 2264 2386 2324 gesta
2441 2268 2584 2323 sunt,
2625 2269 2679 2313 et
2710 2271 2968 2329 geruntur
2993 2275 3009 2315 :
3049 2270 3230 2316 tamen
3253 2263 3419 2318 etiam

1835 2337 1948 2406 ipsa
1970 2339 2176 2411 imperii
2230 2344 2455 2401 latitudo
2491 2350 2697 2418 peperit
2750 2349 2952 2420 pejoris
2999 2352 3211 2421 generis
3257 2351 3419 2418 bella,

1834 2429 2048 2485 socialia
2068 2432 2275 2489 scilicet
2298 2444 2352 2490 et
2370 2437 2543 2492 civilia
2568 2455 2583 2503 ;
2615 2439 2810 2509 quibus
2854 2440 3213 2496 miserabilius
3240 2443 3419 2511 quati-

1835 2526 1922 2573 tur
1950 2536 2119 2590 genus
2163 2523 2476 2593 humanum,
2524 2529 2640 2585 sive
2691 2544 2813 2584 cum
2858 2530 3219 2600 belligeratur,
3246 2540 3305 2585 ut
3322 2531 3421 2586 ali-

1832 2614 2047 2681 quando
2073 2619 2486 2688 conquiescant;
2518 2622 2634 2678 sive
2678 2637 2800 2678 cum
2830 2624 3069 2689 timetur,
3111 2638 3181 2679 ne
3234 2638 3420 2680 rursus

1834 2717 2142 2776 exsurgant.
2188 2709 2423 2775 Quorum
2464 2714 2729 2768 malorum
2784 2714 2982 2769 multas
3008 2722 3066 2769 et
3098 2714 3419 2784 multiplices

1831 2796 2034 2863 clades,
2064 2799 2227 2855 duras
2242 2810 2297 2857 et
2319 2803 2465 2858 diras
2494 2806 2861 2869 necessitates,
2891 2805 2937 2859 si
2982 2814 3041 2859 ut
3084 2805 3303 2876 dignum
3329 2814 3417 2861 est

1832 2888 2007 2958 eloqui
2031 2891 2214 2957 velim,
2233 2908 2535 2964 quanquam
2562 2910 2897 2965 nequaquam
2915 2896 3052 2951 sicut
3071 2911 3159 2951 res
3181 2897 3417 2965 postulat

1831 2982 2032 3051 possim
2057 2997 2072 3047 ;
2102 2985 2222 3053 quis
2252 2986 2594 3055 eritprolixte
2631 2989 3004 3059 disputationis
3050 2989 3286 3045 modus?
3312 2990 3417 3048 Sed

1831 3072 2064 3141 sapiens,
2091 3074 2353 3143 inquiunt,
2373 3076 2515 3146 justa
2552 3079 2693 3133 bella
2712 3088 2958 3149 gesturus
2977 3090 3078 3135 est.
3100 3080 3262 3146 Quasi
3289 3096 3416 3147 non,

1831 3167 1875 3219 si
1911 3181 1971 3220 se
2001 3165 2270 3223 hominem
2293 3171 2554 3235 meminit,
2586 3173 2755 3227 multo
2800 3173 2967 3242 magis
3004 3173 3208 3228 dolebit
3244 3174 3417 3242 justo-

1832 3259 1948 3313 rum
1970 3261 2342 3316 necessitatem
2399 3263 2499 3317 sibi
2530 3264 2799 3319 exstitisse
2847 3266 3108 3319 bellorum
3134 3282 3149 3329 ;
3173 3266 3297 3334 quia
3316 3268 3417 3325 nisi

1826 3348 1967 3417 justa
1995 3358 2196 3414 essent,
2223 3351 2271 3405 ei
2299 3353 2530 3420 gerenda
2547 3370 2651 3406 non
2669 3364 2867 3417 essent,
2892 3369 2956 3409 ac
2979 3370 3074 3423 per
3089 3355 3190 3409 hoc
3202 3356 3416 3425 sapien-

1830 3440 1866 3492 ti
1895 3441 2041 3494 nulla
2064 3440 2202 3494 bella
2230 3451 2431 3497 essent.
2482 3442 2736 3517 iniquitas
2776 3446 2918 3499 enim
2958 3446 3128 3514 partis
3181 3447 3421 3503 adversa:

1823 3531 2131 3607 justo-bella
2162 3533 2355 3603 ingerit
2390 3535 2621 3604 gerenda
2653 3537 2879 3605 sapienti
2909 3536 2987 3608 (a)
3020 3555 3034 3589 :
3072 3554 3191 3608 qua:
3220 3539 3418 3609 iniqui-

1827 3630 1907 3675 tas
1937 3622 2118 3692 utique
2139 3623 2340 3678 homini
2385 3634 2470 3679 est
2500 3625 2760 3689 dolenda,
2821 3628 2944 3696 quia
2998 3627 3272 3682 hominum
3312 3638 3419 3697 est,

1824 3712 1926 3768 etsi
1957 3714 2097 3769 nulla
2119 3729 2186 3768 ex
2212 3729 2276 3770 ea
2317 3715 2550 3771 bellandi
2596 3718 2890 3771 necessitas
2932 3727 3262 3774 nasceretur.
3292 3719 3418 3775 Haec

1823 3805 2004 3875 itaque
2024 3808 2162 3861 mala
2188 3816 2297 3862 tam
2327 3823 2539 3878 magna,
2582 3817 2688 3863 tam
2744 3808 3032 3875 horrenda,
3089 3820 3198 3865 tam
3246 3825 3411 3877 saava,

1822 3897 2064 3967 quisquis
2094 3913 2213 3953 cum
2237 3897 2426 3953 dolore
2476 3898 2798 3963 considerat,
2851 3898 3123 3953 miseriam
3155 3900 3405 3957 fateatur.

1821 3986 2074 4057 Quisquis
2100 3996 2277 4044 autem
2308 3989 2391 4042 vel
2418 3990 2613 4059 patitur
2634 4003 2695 4043 ea
2735 3989 2854 4044 sine
2893 3989 3057 4043 animi
3083 3990 3288 4058 dolore,
3329 3991 3415 4047 vel

1820 4078 2037 4147 cogitat,
2069 4079 2238 4134 multo
2256 4079 2438 4148 utique
2464 4080 2711 4133 miserius
2752 4079 2873 4135 ideo
2902 4094 2961 4135 se
2990 4088 3143 4150 putat
3170 4080 3409 4150 beatum,

1820 4172 1943 4241 quia
1966 4182 2022 4227 et
2046 4171 2337 4227 humanum
2360 4172 2590 4243 perdidit
2614 4185 2854 4228 sensum.

1819 4284 2044 4341 CAPUT
2083 4285 2216 4341 Vill.
2242 4316 2315 4326 —-
2344 4287 2493 4352 Quod
2536 4288 2761 4341 amicitia
2809 4287 3056 4341 bonorum
3091 4304 3271 4342 secura
3308 4304 3413 4342 esse

1890 4394 1991 4431 non
2020 4378 2197 4447 possit,
2222 4378 2343 4431 dum
2369 4395 2400 4431 α
2418 4378 2655 4448 periculis
2674 4393 2788 4448 quae
2814 4379 2867 4432 in
2910 4379 3004 4430 hac
3029 4379 3128 4432 vita
3149 4388 3285 4443 sunt,
3309 4388 3410 4433 tre-

1890 4467 2058 4537 pidari
2077 4485 2274 4523 necesse
2296 4470 2380 4523 sit.

1889 4560 1947 4615 Si
1972 4570 2150 4619 autem
2179 4578 2287 4616 non
2313 4562 2582 4631 contingat
2609 4560 2851 4630 quaedam
2899 4561 3196 4629 ignorantia
3221 4561 3410 4616 similis

1804 4656 2121 4721 dementire,
2148 4673 2268 4726 qua:
2285 4666 2461 4711 tamen
2484 4656 2536 4710 in
2574 4655 2731 4725 hujus
2752 4655 2875 4708 vitae
2924 4654 3116 4709 misera
3139 4654 3402 4710 conditio-

1816 4765 1886 4804 ne
1910 4763 2053 4817 saepe
2096 4749 2374 4818 contingit,
2425 4756 2483 4801 ut
2526 4747 2777 4802 credatur
2814 4747 2899 4801 vel
2928 4746 3133 4800 amicus
3174 4760 3293 4801 esse
3316 4746 3411 4817 qui

1800 4841 2062 4897 «inimicus
2088 4849 2193 4905 est,
2216 4840 2299 4894 vel
2334 4840 2580 4894 inimicus
2626 4839 2717 4909 qui
2767 4839 2974 4892 amicus
3000 4848 3083 4893 est
3110 4854 3124 4902 ;
3155 4837 3279 4906 quid
3307 4854 3409 4894 nos

1805 4933 2121 4987 consolatur
2134 4932 2187 4985 in
2205 4931 2304 4986 hac
2323 4932 2551 4984 humana
2565 4931 2822 4985 societate
2837 4929 3111 4984 erroribus
3131 4928 3406 4983 aerumnis-

1813 5039 1919 5093 que
1948 5023 2277 5092 plenissima,
2303 5022 2404 5077 nisi
2452 5020 2585 5075 ﬁdes
2611 5035 2715 5074 non
2738 5020 2877 5085 ﬁcta,
2898 5028 2954 5074 et
2978 5029 3157 5073 mutua
3186 5018 3405 5073 dilectio

1817 5131 2064 5170 verorum
2086 5123 2143 5170 et
2170 5116 2431 5169 bonorum
2467 5114 2761 5167 amicorum
2788 5111 2811 5165 ?
2839 5112 2985 5180 Quos
3001 5122 3202 5181 quanto
3227 5110 3407 5179 plures

1814 5218 1868 5263 et
1890 5208 1941 5262 in
1963 5207 2094 5263 locis
2125 5206 2365 5277 pluribus
2392 5205 2673 5269 habemus,
2714 5213 2863 5258 tanto
2906 5204 3116 5272 longius
3142 5202 3407 5271 latiusque

1816 5298 2123 5362 metuimus,
2159 5313 2226 5351 ne
2254 5296 2379 5366 quid
2403 5296 2482 5351 eis
2515 5295 2791 5363 contingat
2825 5293 2945 5347 mali
2973 5292 3042 5347 de
3081 5291 3244 5347 tantis
3292 5304 3408 5345 ma-

1814 5394 1986 5448 lorum
2019 5392 2298 5462 aggeribus
2323 5391 2481 5460 hujus
2505 5389 2707 5444 saeculi.
2736 5387 2850 5443 Non
2871 5387 3011 5440 enim
3038 5384 3406 5440 tantummodo

1814 5484 2024 5538 solliciti
2051 5498 2254 5544 sumus,
2285 5498 2353 5538 ne
2388 5482 2547 5548 fame,
2582 5496 2649 5535 ne
2688 5480 2864 5544 hellis,
2890 5494 2957 5533 ne
2982 5478 3205 5544 morbis,
3224 5493 3290 5531 ne
3314 5491 3406 5530 ca-

1813 5577 2140 5646 ptivitatibus
2187 5574 2507 5644 affligantur,
2549 5587 2617 5630 ne
2657 5573 2712 5627 in
2762 5572 2950 5627 eadem
2985 5570 3242 5625 servitute
3279 5567 3403 5622 talia

92 5035 210 5089 quo
242 5020 466 5074 tertium
495 5021 718 5090 gradum
774 5031 979 5091 ponunt
1024 5025 1295 5080 societatis
1322 5025 1593 5092 humanm,
1625 5028 1707 5081 in-

91 5113 377 5182 cipientes
406 5128 436 5166 a
465 5113 647 5179 domo,
674 5122 836 5185 atque
876 5114 1001 5170 inde
1051 5116 1116 5170 ad
1167 5117 1374 5183 urbem,
1421 5117 1616 5173 deinde
1640 5120 1706 5173 ad

92 5204 298 5258 orbem
348 5204 738 5274 progrediendo
776 5207 1058 5262 venientes
1104 5225 1117 5260 :
1169 5210 1259 5278 qui
1315 5210 1518 5279 utique,
1570 5210 1709 5264 sicut

91 5308 375 5365 aquarum
390 5296 693 5365 congeries,
720 5307 919 5366 quanto
945 5299 1116 5367 major
1141 5309 1242 5363 est,
1275 5308 1423 5353 tanto
1456 5300 1707 5370 periculis

95 5387 347 5456 plenior.
366 5384 424 5438 In
449 5402 554 5455 quo
568 5387 794 5455 primum
816 5387 1114 5459 linguarum
1134 5388 1414 5445 diversitas
1435 5389 1705 5447 hominem

162 5500 180 5569 ξ
218 5497 302 5569 sic
324 5497 684 5569 nostrinomnes
704 5505 809 5547 Mss.
834 5506 885 5548 In
911 5505 979 5569 li,
1002 5507 1177 5569 posset.
1245 5507 1301 5550 tu.

156 5561 180 5590 ³
216 5560 383 5608 Nostri
405 5559 613 5619 codices,
636 5572 701 5608 an
718 5573 812 5609 non
834 5559 1075 5611 audebit?
1151 5569 1207 5611 Μ.

159 5621 184 5687 ξι
217 5620 509 5687 sola_editio
532 5628 662 5680 Lov.,
689 5620 813 5682 Quid
833 5623 980 5687 quod,
1006 5632 1103 5687 etc.

156 5682 181 5713 δ
220 5681 380 5744 γίυά.
408 5693 505 5730 An].
544 5690 595 5732 et
627 5681 719 5738 Er.,
750 5681 929 5744 Quanto
953 5684 1300 5737 consideratius
1322 5694 1369 5737 et
1401 5684 1589 5739 homine
1625 5688 1705 5738 di-

84 5746 260 5813 gnius,
287 5751 338 5813 et
361 5742 600 5813 hominem
635 5742 845 5809 agnoécit
870 5747 918 5798 in
949 5746 1042 5799 ista
1064 5748 1364 5809 necessitate,
1388 5761 1588 5811 eamque
1611 5750 1704 5801 mi-

85 5805 283 5858 icriunt
302 5805 426 5856 inse
447 5806 564 5857 odit.

1879 5752 1895 5783 ί
1921 5752 1994 5799 sic
2013 5758 2161 5813 nostri
2177 5750 2385 5800 codices.
2415 5758 2461 5800 In
2485 5756 2555 5809 8.,
2589 5764 2742 5813 neque
2764 5750 2919 5801 hostes
2941 5750 3114 5803 desint.
3188 5757 3246 5800 Il.

1877 5812 1952 5875 (a)
1975 5812 2103 5862 Conf.
2129 5820 2306 5872 Qumst.
2336 5816 2382 5863 in
2402 5820 2565 5864 Jesum
2580 5812 2723 5874 ﬂavis,
2749 5828 2797 5876 q.
2830 5814 2901 5863 10.
