3976 6522
563 413 668 469 635

566 522 874 593 patiantur,
918 516 1093 588 qualia
1150 529 1249 570 nec
1303 516 1538 584 cogitare
1590 510 1930 566 sufﬁcimus:
1963 520 2147 562 verum

571 616 757 680 etiam,
798 611 888 666 ubi
917 611 1076 665 timor
1093 617 1175 663 est
1196 607 1363 661 multo
1389 606 1643 671 amarior,
1672 617 1741 657 ne
1768 602 1819 656 in
1848 598 2149 671 perﬁdiam,

566 705 823 759 malitiam
877 700 1275 770 nequitiamque
1338 704 1628 751 mutentur.
1672 693 1740 747 Et
1794 690 2005 760 quando
2055 688 2156 741 ista

562 793 877 859 contingunt
903 792 923 860 (
952 796 1101 843 tanto
1123 788 1302 857 utique
1327 786 1498 855 plura,
1530 791 1728 852 quanto
1753 780 1832 836 illi
1879 787 2005 834 sunt
2030 777 2152 846 plu-

565 899 676 949 res,
699 891 754 938 et
779 883 830 936 in
879 880 1119 951 pluribus
1172 878 1306 934 locis
1336 876 1400 948 ³)
1446 876 1575 932 etin
1631 883 1867 929 nostram
1916 869 2159 925 notitiam

573 975 933 1044 perferuntur,
962 972 1154 1042 quibus
1200 986 1294 1025 cor
1322 977 1562 1024 nostrum
1591 965 1771 1036 ﬁagris
1794 972 1999 1028 uratur,
2040 960 2160 1031 quis

571 1075 766 1136 potest,
794 1064 896 1119 nisi
921 1064 1010 1133 qui
1038 1062 1165 1116 talia
1192 1060 1376 1127 sentit,
1405 1058 1689 1114 advertere
1711 1054 1985 1110 ?Mortuos
2008 1052 2163 1122 quip-

570 1174 641 1230 pe
665 1157 850 1212 audire
867 1155 1153 1210 mallemus
1190 1170 1204 1206 :
1235 1151 1480 1223 quamvis
1499 1158 1555 1205 et
1577 1149 1679 1203 hoc
1703 1148 1821 1202 sine
1845 1145 2032 1200 dolore
2055 1156 2162 1197 non

571 1249 843 1319 possimus
898 1245 1102 1300 audire.
1159 1243 1399 1312 Quorum
1445 1241 1588 1296 enim
1638 1253 1737 1293 nos
1781 1237 1890 1291 vita
1944 1243 2166 1307 propter

574 1338 824 1393 amicitia:
869 1336 1056 1390 solatia
1097 1336 1117 1366 ³
1158 1332 1478 1399 delectabat,
1525 1329 1666 1385 unde
1713 1328 1830 1383 ﬁeri
1893 1333 2068 1397 potest
2109 1332 2168 1379 ut

571 1445 760 1485 eorum
791 1442 937 1483 mors
984 1426 1186 1481 nullam
1239 1424 1393 1480 nobis
1448 1423 1657 1493 ingerat
1700 1416 2167 1475 moestitudinem?

572 1520 743 1586 Quam
775 1519 864 1589 qui
892 1517 1160 1588 prohibet,
1209 1515 1509 1585 prohibeat,
1541 1514 1588 1568 si
1640 1520 1837 1582 potest,
1868 1510 2039 1564 amica
2059 1511 2170 1564 col-

578 1611 782 1680 loquia,
804 1608 1087 1663 iuterdicat
1122 1607 1402 1661 amicalem
1429 1604 1516 1661 vel
1539 1603 1821 1658 intercidat
1846 1601 2092 1656 affectum
2125 1599 2167 1666 ³,

582 1699 823 1754 omnium
850 1698 1205 1751 humanarum
1253 1693 1706 1749 necessitudinum
1736 1691 1952 1746 vincula
1978 1690 2172 1743 mentis

578 1790 775 1845 immiti
804 1796 1022 1858 stupore
1053 1787 1351 1856 disrumpat
1376 1801 1392 1850 ;
1420 1793 1512 1839 aut
1541 1784 1621 1838 sic
1645 1784 1723 1839 eis
1759 1781 2013 1837 utendum
2048 1795 2173 1834 cen-

582 1890 720 1946 seat,
749 1888 807 1934 ut
834 1880 977 1934 nulla
994 1894 1059 1934 ex
1080 1879 1160 1934 eis
1185 1878 1420 1931 animum
1441 1874 1668 1930 dulcedo
1688 1871 1992 1944 perfundat.
2020 1869 2174 1938 Quod

579 1973 629 2027 si
657 1972 773 2027 ﬁeri
795 1972 940 2026 nullo
969 1966 1128 2025 modo
1149 1978 1347 2038 potest,
1375 1968 1535 2023 etiam
1586 1968 1689 2022 hoc
1717 1980 1823 2036 quo
1861 1971 2014 2034 pacto
2034 1962 2175 2015 futu-

582 2080 700 2118 rum
730 2073 829 2127 est,
857 2064 1043 2135 utejtts
1072 2062 1225 2117 nobis
1245 2076 1426 2115 amara
1454 2074 1599 2114 mors
1626 2073 1733 2113 non
1760 2058 1851 2120 sit,
1889 2057 2042 2122 cujus
2056 2054 2177 2109 dul-

588 2157 669 2211 cis
696 2164 776 2210 est
807 2157 909 2209 vita
937 2155 960 2208 ?
990 2154 1123 2209 llinc
1152 2162 1235 2209 est
1261 2154 1403 2209 enim
1429 2162 1485 2208 et
1540 2152 1734 2214 luctus,
1781 2150 2045 2219 quoddam
2070 2162 2178 2202 non

588 2248 863 2302 inhumani
886 2247 1064 2302 cordis
1089 2246 1111 2278 ⁸
1133 2247 1282 2315 quasi
1311 2247 1521 2309 vulnus,
1549 2253 1641 2299 aut
1664 2244 1840 2306 ulcus,
1874 2242 1958 2295 cui
1979 2256 2175 2295 sanan-

584 2338 656 2394 do
682 2339 1003 2393 adhibentur
1027 2338 1282 2393 ofﬁciosa:
1302 2336 1716 2391 consolationes.
1738 2333 1857 2388 Non
1883 2332 2026 2387 enim
2054 2347 2179 2402 pro-

588 2439 774 2500 pterea
803 2438 1009 2484 nonest
1060 2428 1204 2499 quod
1246 2438 1488 2494 sanetur,
1531 2425 1786 2495 quoniam
1837 2433 2037 2494 quanto
2093 2431 2177 2478 est

585 2521 795 2575 animus
832 2521 1045 2587 melior,
1073 2528 1220 2574 tanto
1248 2520 1299 2573 in
1326 2534 1390 2573 eo
1414 2518 1570 2573 citius
1590 2516 1900 2585 faciliusque
1942 2523 2179 2570 sanatur.

590 2610 725 2665 Cum
754 2611 911 2680 igitur
943 2611 1102 2666 etiam
1130 2610 1197 2665 de
1234 2609 1673 2664 charissimornm
1702 2606 1981 2671 mortibus,
2016 2606 2183 2660 maxi-

591 2716 679 2755 me
703 2716 927 2771 quorum
950 2710 1075 2755 sunt
1114 2701 1362 2755 humanae
1392 2699 1634 2754 societati
1663 2697 1839 2752 ofﬁcia
1858 2696 2181 2762 necessaria,

591 2806 733 2846 nunc
757 2791 958 2857 mitius,
985 2807 1126 2846 nunc
1146 2792 1388 2860 asperius
1407 2789 1669 2861 alliigatur
1701 2791 1808 2843 vita
1839 2789 2141 2843 mortalium
2167 2805 2182 2853 ;

597 2891 832 2937 mortuos
860 2891 1037 2937 tamen
1062 2898 1176 2947 eos,
1207 2896 1342 2951 quos
1363 2882 1656 2952 diligimus,
1699 2896 1858 2952 quam
1893 2881 1977 2935 vel
2001 2896 2031 2934 a
2057 2879 2182 2946 ﬁde,

595 2974 681 3027 vel
710 2989 741 3028 a
770 2975 923 3029 bonis
947 2975 1185 3031 moribus
1213 2975 1411 3043 lapsos,
1465 2974 1567 3029 hoc
1590 2981 1690 3039 est,
1757 2974 1808 3028 in
1862 2973 1973 3043 ipsa
2009 2972 2185 3026 anima

593 3074 835 3117 mortuos
866 3065 1051 3119 audire
1100 3080 1194 3119 seu
1238 3063 1423 3119 videre
1472 3064 1753 3119 mallemus
1784 3082 1798 3117 :
1827 3079 1930 3133 qua
1983 3063 2187 3133 ingenti

595 3156 825 3209 materia
847 3157 1106 3209 malorum
1136 3156 1290 3225 plena
1316 3164 1399 3210 est
1428 3164 1602 3221 terra;
1635 3164 1855 3225 propter
1882 3153 2023 3225 quod
2054 3154 2188 3208 scri-

595 3256 742 3314 ptum
772 3256 875 3312 est,
911 3247 1177 3317 Numquid
1221 3264 1322 3301 non
1362 3246 1666 3317 tentatio(a)
1697 3259 1769 3300 est
1812 3247 1914 3300 vita
1952 3248 2179 3301 humana

596 3352 749 3404 super
774 3345 957 3389 terram
979 3336 1118 3403 (Job
1140 3352 1244 3402 vn,
1275 3338 1299 3391 l
1332 3337 1389 3406 )?
1419 3337 1485 3390 Et
1510 3345 1727 3406 pr0pter
1764 3336 1905 3407 quod
1951 3338 2064 3407 ipse
2086 3340 2191 3394 Do-

598 3426 775 3480 minus
800 3427 895 3491 ait,
928 3425 1016 3481 Vae
1043 3428 1232 3480 mundo
1252 3427 1314 3480 ab
1337 3426 1594 3481 scandulis
1621 3426 1640 3499 (
1664 3426 1854 3481 Matth.
1884 3444 2031 3494 xvnt,
2070 3429 2141 3501 7)
2173 3448 2185 3483 :

595 3526 651 3570 et
678 3516 893 3582 iterum,
925 3517 1176 3583 Quoniam
1196 3518 1488 3583 abundavit,
1541 3519 1729 3589 inquit,
1753 3520 2008 3590 iniquitas,
2034 3523 2187 3592 refri-

562 3686 563 3689 ‘
596 3618 760 3679 gescet
789 3610 1012 3664 charitas
1042 3611 1317 3664 multarunt
1349 3610 1367 3679 (
1396 3609 1482 3665 Id.
1526 3627 1672 3679 ntv,
1706 3612 1775 3667 12
1799 3609 1841 3683 ).
1867 3612 1946 3666 Ex
1973 3629 2079 3683 quo
2106 3613 2185 3680 ﬁt,

596 3708 656 3754 ut
684 3699 839 3754 bonis
863 3701 1048 3757 amicis
1093 3703 1319 3757 mortuis
1359 3703 1712 3773 gratulemur,
1764 3713 1819 3759 et
1866 3720 1986 3760 cum
2044 3721 2189 3762 mors

596 3805 784 3845 eorum
816 3807 914 3846 nos
951 3794 1251 3857 contristet,
1313 3795 1426 3864 ipsa
1470 3811 1568 3850 nos
1595 3796 1796 3850 certius
1839 3797 2185 3852 consoletur:

596 3882 846 3949 quoniam
874 3884 1028 3937 malis
1065 3894 1373 3951 caruerunt,
1430 3886 1698 3956 quibusin
1727 3885 1826 3940 hac
1879 3888 1986 3941 vita
2028 3888 2188 3943 etiam

597 3971 724 4025 boni
756 3972 999 4029 homines
1031 3976 1114 4029 vel
1157 3986 1527 4042 conteruntur,
1570 3977 1654 4033 vel
1697 3976 2073 4047 depravantur,
2098 3979 2186 4034 vel

596 4061 651 4115 in
683 4074 906 4133 utroque
923 4065 1309 4134 periclitantur.

599 4173 825 4230 CAPUT
866 4176 954 4229 IX;
994 4207 1065 4218 -
1101 4178 1181 4231 De
1222 4180 1446 4233 amicitia
1492 4188 1782 4234 sanctorum
1839 4180 2185 4250 Angelorum,

669 4282 783 4333 qua:
807 4267 998 4320 homini
1022 4269 1073 4321 in
1096 4269 1189 4322 hoc
1217 4272 1404 4323 mundo
1429 4287 1531 4324 non
1560 4280 1720 4341 potest
1749 4287 1856 4325 esse
1882 4273 2149 4343 manifesta
2168 4313 2184 4339 ,

671 4367 878 4423 propter
901 4357 1160 4427 fallaciam
1188 4359 1494 4425 daemonum,
1523 4362 1577 4414 in
1601 4378 1725 4430 quos
1776 4361 2059 4417 inciderunt
2102 4363 2189 4433 qui

672 4447 858 4500 multo:
887 4447 983 4500 sibi
1011 4450 1130 4502 deos
1156 4450 1390 4505 colendos
1413 4460 1673 4519 putarunt.

668 4556 727 4612 In
772 4560 1031 4616 societate
1079 4576 1207 4617 vero
1261 4570 1570 4617 sanctorum
1621 4564 1981 4634 Angelorum,
2025 4580 2184 4636 quam

598 4650 900 4721 philosophi
927 4652 1023 4718 illi,
1054 4653 1145 4722 qui
1174 4654 1329 4709 nobis
1352 4654 1482 4709 deos
1501 4655 1701 4709 amicos
1730 4671 1851 4711 esse
1880 4656 2183 4724 voluerunt,

594 4750 786 4809 quarto
813 4742 1206 4797 constituerunt
1228 4744 1348 4798 loco
1368 4785 1382 4809 ,
1408 4744 1554 4799 velut
1581 4744 1647 4797 ad
1676 4745 1932 4800 mundum
1968 4747 2185 4803 venien-

598 4839 679 4885 tes
704 4831 773 4887 ab
798 4832 930 4888 orbe
958 4840 1220 4889 terrarum
1243 4874 1259 4899 ,
1291 4844 1347 4888 ut
1395 4836 1473 4890 sic
1502 4836 1899 4905 quodammodo
1945 4840 2185 4909 comple-

596 4932 870 4979 cterentur
897 4932 952 4979 et
976 4925 1206 4991 caelum;
1237 4927 1383 4982 nullo
1412 4927 1571 4983 modo
1599 4929 1817 4999 quidem
1864 4933 2179 5000 metuimus,

595 5030 663 5068 ne
687 5015 819 5070 tales
846 5016 1005 5071 amici
1032 5018 1119 5073 vel
1168 5028 1339 5072 morte
1371 5034 1469 5073 nos
1515 5034 1610 5074 sua
1634 5061 1649 5083 ,
1681 5022 1763 5074 vel
1803 5021 2183 5092 depravatione

592 5106 931 5162 contristent.
966 5107 1071 5163 Sed
1098 5110 1221 5178 quia
1249 5110 1404 5165 nobis
1436 5126 1541 5165 non
1561 5126 1621 5164 ca
1654 5127 1756 5180 qua
1809 5112 2054 5169 homines
2104 5115 2183 5171 fa-

659 5216 675 5289 :
696 5217 780 5289 t‘ti‘c
804 5217 1028 5289 pleriun
1050 5220 1361 5289 manuscripti
1376 5221 1620 5289 omittunt,
1637 5222 1756 5289 etin
1778 5221 1999 5285 pluribus
2024 5224 2157 5289 locis.

656 5278 687 5346 ί,
706 5278 838 5348 Vind.
859 5278 960 5348 sui.
982 5285 1080 5338 Er.,
1103 5278 1572 5348 amicitiicspecialis
1608 5278 1795 5348 solatia.
1822 5293 1932 5348 Lov,
1956 5286 2182 5348 amicitiae

590 5337 780 5410 socialis
820 5338 1007 5390 solatia.
1034 5337 1089 5390 At
1110 5337 1419 5404 manuscrip'ti
1444 5357 1537 5393 nec
1558 5344 1758 5405 habent,
2025 5383 2040 5407 ,
2066 5337 2179 5410 nec,

591 5398 799 5448 socialis.

657 5459 677 5525 ξ
710 5466 760 5525 tn
785 5461 943 5518 editis,
968 5460 1225 5513 interdicat
1242 5464 1494 5514 amicalem
1516 5466 1803 5525 societatem,
1830 5467 1902 5517 vel
1920 5468 2178 5521 intercidat

592 5516 830 5591 amictum.
872 5516 1051 5589 Abest,
1080 5525 1366 5591 societatem,
1412 5540 1441 5575 a
1483 5516 2177 5591 manuscriptistetverbuin,

591 5579 1128 5687 ἒιέιιῖξξιιὲιξῖἶινῖωῗξιοιέιω
1150 5587 1211 5635 ad
1252 5579 1477 5649 affectum
1492 5624 1507 5649 ,
1532 5579 1761 5652 tanquam
1797 5579 2085 5653 adjectivum
2116 5579 2179 5643 ad

699 5651 959 5692 ςωιιιινιιω.

596 5754 613 5802 ι
656 5698 677 5727 ⁵
712 5704 777 5744 “3
814 5702 1035 5774 Plerique
1060 5714 1111 5756 et
1133 5708 1349 5759 melioris
1372 5718 1500 5762 nota:
1522 5714 1777 5779 ηωηυεσίι
1796 5714 1848 5765 ti.
1889 5714 2005 5765 Editi
2040 5728 2174 5777 vero,

616 5763 753 5802 uetus
776 5763 971 5802 almlmn
987 5778 1034 5802 m
1059 5768 1263 5802 hummm
1285 5772 1431 5802 nne-Ilo

616 5763 753 5822 uetus
776 5763 971 5818 quidam
987 5764 1036 5813 in
1058 5768 1263 5819 humano
1285 5772 1447 5822 corde.

656 5819 728 5879 (α)
758 5823 808 5865 tu
831 5823 1048 5887 Vulgata,
1073 5827 1262 5881 militia.

1668 400 1756 455 DE
1795 394 2113 453 CIVITATE
2151 393 2282 459 DEI,
2325 394 2382 449 S.
2413 394 2783 453 AUGUSTINI

3761 399 3843 452 Εὖῦ

2260 506 2564 562 miliaritate
2589 508 2880 563 miscentur
2909 507 3072 579 (quod
3105 507 3270 563 etiam
3301 508 3482 578 ipsum
3511 508 3580 562 ad
3610 523 3845 562 mrumos

2263 594 2418 664 hujus
2443 598 2668 666 pertinet
2697 598 2854 670 vitaz)
2884 608 2938 653 et
2962 599 3253 669 aliquando
3287 610 3551 667 satanas,
3577 602 3715 655 sicut
3738 604 3843 670 legi.

2261 706 2380 745 mus
2408 690 2747 761 transﬁgurat
2771 706 2829 745 se
2859 693 3002 745 velut
3031 692 3283 762 angelum
3316 693 3334 724 ¹
3366 693 3507 746 lucis
3535 692 3605 761 (ll
3639 692 3752 746 Cor.
3777 710 3846 755 ιι,

2262 783 2375 852 Η),
2396 782 2458 837 ad
2492 783 2770 838 tentandos
2788 799 2879 838 eos
2898 800 3031 853 quos
3051 785 3121 837 ita
3139 785 3221 838 vel
3245 782 3453 839 erudiri
3486 799 3634 853 Opus
3657 794 3762 845 est,
3786 787 3850 838 vel

2263 876 2434 946 decipi
2461 876 2661 947 justum
2684 887 2799 941 est;
2831 893 3019 947 magna
3045 878 3136 932 Dei
3186 877 3579 933 misericordia
3628 892 3853 931 necessa-

2265 968 2345 1022 ria
2375 977 2458 1022 est
2478 1010 2492 1033 ,
2522 984 2589 1023 ne
2606 969 2886 1038 quisquam
2906 1010 2921 1035 ,
2956 984 3076 1023 cum
3103 969 3273 1023 bonos
3303 969 3555 1040 Angelos
3589 969 3791 1023 amicos
3815 987 3855 1024 se

2266 1059 2464 1115 habere
2496 1069 2674 1131 putat,
2707 1062 2900 1117 habeat
2924 1062 3094 1118 malos
3121 1062 3399 1117 daemones
3422 1063 3649 1118 amicos
3698 1063 3856 1126 ﬁctos,

2267 1165 2469 1221 eosque
2484 1160 2632 1207 tanto
2660 1154 3026 1221 nocentiores,
3060 1162 3260 1223 quanto
3286 1154 3599 1208 astutiores
3644 1168 3709 1208 ac
3737 1154 3859 1207 falla-

2268 1244 2441 1298 ciores
2468 1245 2700 1314 patiatur
2728 1246 2991 1301 inimicos.
3027 1246 3092 1301 Et
3115 1247 3199 1301 cui
3228 1262 3426 1317 magna
3455 1247 3571 1301 ista
3603 1247 3703 1301 Dei
3733 1249 3863 1302 mise-

2270 1335 2499 1391 ricordia
2527 1336 2827 1392 necessaria
2853 1345 2951 1404 est,
2976 1338 3079 1393 nisi
3100 1353 3307 1408 magnae
3333 1338 3613 1392 humana:
3641 1340 3862 1403 miserim,

2271 1444 2390 1499 qua:
2418 1429 2712 1498 ignorantia
2743 1436 2887 1483 tanta
2913 1431 3195 1499 premitur,
3228 1440 3286 1485 ut
3329 1431 3501 1485 facile
3562 1432 3791 1485 istorum
3814 1434 3866 1484 si-

2273 1520 2564 1574 mulatione
2600 1520 2855 1575 fallatur?
2886 1522 2951 1575 Et
2976 1521 3098 1577 illos
3150 1522 3367 1592 quidem
3429 1523 3798 1594 philosophos
3830 1527 3867 1577 ia

2274 1613 2433 1682 impia
2461 1613 2673 1668 civitate
2693 1656 2707 1681 ,
2734 1614 2825 1684 qui
2846 1613 2977 1669 deos
3001 1615 3102 1670 sibi
3154 1616 3360 1670 amicos
3422 1630 3561 1670 esse
3609 1616 3868 1677 dixerunt.

2276 1704 2327 1756 in
2358 1703 2631 1759 dcemones
2654 1705 2916 1775 malignos
2936 1707 3186 1762 incidisse
3213 1708 3603 1762 certissimum
3639 1719 3752 1776 est,
3781 1712 3873 1777 qui-

2276 1792 2374 1847 bus
2406 1801 2513 1847 tota
2542 1794 2652 1862 ipsa
2670 1796 2856 1849 civitas
2885 1796 3147 1864 subditur,
3165 1807 3434 1853 aeternum
3464 1816 3600 1854 cum
3631 1802 3711 1855 eis
3748 1801 3870 1855 babi-

2278 1893 2394 1939 tura
2420 1884 2756 1954 supplicium.
2790 1886 2876 1940 Ex
2908 1902 3091 1942 eorum
3119 1890 3315 1958 quippe
3346 1890 3530 1946 sacris
3559 1932 3576 1955 ,
3611 1891 3699 1945 vel
3726 1894 3875 1961 potius

2279 1975 2591 2044 sacrilegiis,
2610 1976 2798 2045 quibus
2819 1991 2910 2030 eos
2940 1978 3215 2043 colendos,
3255 1988 3310 2033 et
3346 1995 3421 2034 ex
3457 1980 3612 2035 ludis
3671 1983 3875 2035 immun-

2279 2066 2533 2130 dissimis,
2566 2066 2655 2120 ubi
2688 2082 2872 2122 eorum
2897 2069 3119 2122 crimina
3144 2070 3529 2136 celebrantur,
3564 2074 3765 2142 quibus
3805 2088 3876 2126 eos

2280 2156 2567 2227 placandos
2616 2167 2967 2228 putaverunt,
3007 2159 3210 2215 eisdem
3266 2162 3401 2231 ipsis
3475 2164 3799 2218 auctoribus
3842 2178 3877 2217 et

2281 2254 2614 2307 exactoribus
2646 2253 2830 2308 talium
2856 2263 3231 2324 tantorumque
3260 2255 3615 2310 dedecorum
3637 2299 3655 2323 ,
3682 2259 3807 2312 satis
3830 2260 3875 2309 ab

2283 2346 2360 2400 eis
2385 2346 2475 2417 qui
2504 2347 2747 2403 colantur
2772 2357 3013 2418 apertum
3040 2357 3141 2402 est.

2283 2481 2509 2538 CAPUT
2548 2482 2616 2538 Χ.
2656 2513 2729 2524 -
2769 2484 2894 2551 Quis
2918 2489 3112 2555 fructus
3138 2486 3326 2540 sanctis
3355 2485 3423 2539 de
3463 2498 3731 2558 superata
3755 2490 3877 2557 lujn

2697 2576 2811 2631 vitae
2828 2577 3099 2630 tentatione
3119 2586 3330 2646 paratus
3350 2579 3421 2631 ait
3450 2580 3495 2629 ⁸.

2359 2708 2465 2764 Sed
2489 2724 2660 2779 neque
2689 2710 2858 2765 sancti
2880 2718 2934 2764 et
2961 2708 3150 2764 ﬁdeles
3179 2710 3339 2764 unius
3362 2711 3481 2765 veri
3517 2709 3623 2766 Dei
3681 2715 3877 2766 summi-

2288 2814 2392 2869 que
2442 2800 2710 2865 cultores,
2752 2800 2821 2855 ab
2845 2815 3026 2855 eorum
3060 2800 3284 2855 fallaciis
3330 2811 3386 2855 et
3430 2802 3765 2858 multiformi
3794 2814 3883 2858 tea-

2288 2891 2489 2947 tatione
2516 2893 2687 2946 securi
2717 2901 2859 2946 sunt.
2888 2892 2941 2945 In
2966 2891 3067 2945 hoc
3095 2892 3239 2946 enim
3278 2891 3402 2946 loco
3462 2893 3801 2948 inﬁrmitatis
3840 2904 3879 2949 et

2289 2983 2475 3039 diebus
2508 2984 2753 3054 malignis
2774 2985 2933 3039 etiam
2961 2984 3060 3038 ista
3088 2982 3395 3038 sollicitudo
3416 3000 3528 3038 non
3561 2986 3881 3049 estinutilis,

2292 3086 2347 3132 ut
2375 3077 2462 3131 illa
2492 3078 2777 3142 securitas,
2810 3076 2896 3130 ubi
2925 3090 3027 3145 pax
3060 3076 3368 3145 plenissima
3400 3090 3574 3145 atque
3602 3078 3883 3132 certissima

2290 3179 2408 3236 est,
2440 3170 2703 3224 desiderio
2738 3169 3061 3225 ferventiore
3098 3177 3390 3239 qumratur.
3427 3169 3506 3223 lbi
3568 3171 3720 3223 enim
3752 3181 3882 3223 emat

2292 3270 2495 3314 natura:
2543 3275 2794 3325 munera,
2851 3259 2953 3314 hoc
2999 3267 3113 3322 est,
3177 3275 3299 3328 quae
3344 3268 3560 3313 natura:
3597 3270 3794 3314 nostra:
3832 3262 3885 3313 ait

2291 3353 2527 3407 omnium
2562 3362 2868 3405 naturarum
2918 3349 3171 3405 Creatore
3214 3350 3512 3414 donantur,
3577 3366 3688 3404 non
3738 3352 3885 3403 solum

2292 3442 2428 3496 bona
2450 3484 2464 3507 ,
2495 3457 2679 3497 verum
2711 3443 2869 3497 etiam
2899 3442 3257 3510 sempiterna;
3288 3456 3398 3493 non
3415 3440 3598 3493 solum
3621 3442 3676 3493 in
3705 3442 3883 3499 animo,

2293 3535 2381 3603 qui
2410 3533 2659 3588 sanatur'
2682 3549 2776 3603 per
2804 3533 3140 3602 sapientiam,
3159 3548 3351 3587 verum
3378 3532 3548 3586 etiam
3575 3534 3628 3585 in
3657 3548 3885 3602 corpore,

2292 3626 2433 3695 quod
2481 3624 3286 3681 resurrectione'renovahitur.
3348 3623 3424 3677 lbi
3480 3626 3754 3689 virtutes,
3794 3644 3881 3677 non

2292 3728 2479 3772 contra
2503 3717 2613 3772 ulla
2638 3717 2762 3772 vitia
2793 3717 2879 3771 vel
2910 3716 3047 3770 mala
3077 3731 3433 3785 quaecumque
3465 3727 3781 3779 certantes,
3810 3717 3884 3770 sed

2294 3807 2552 3863 habentes
2601 3807 2837 3861 victorim
2865 3808 3143 3875 praemium
3194 3815 3453 3860 mternam
3486 3822 3722 3875 pacem,
3747 3824 3882 3876 quam

2292 3901 2472 3955 nullus
2502 3900 2837 3954 adversarius
2866 3898 3120 3968 inquietet
3153 3898 3250 3969 (τι).
3284 3898 3402 3968 Ipsa
3434 3909 3522 3953 est
3554 3899 3709 3953 enim
3742 3899 3883 3952 beati-

2293 3992 2421 4045 tudo
2446 3990 2617 4045 tinalis
2634 4032 2649 4055 ,
2674 3990 2787 4060 ipse
2812 3988 3154 4060 perfectionis
3176 3987 3331 4056 ﬁnis,
3356 3989 3449 4058 qui
3479 3995 3881 4044 consumentem

2294 4098 2398 4135 non
2434 4081 2594 4136 habet
2622 4081 2801 4136 ﬁnem.
2835 4079 2931 4134 ilic
2959 4088 3137 4135 autem
3168 4079 3396 4134 dicimur
3444 4081 3675 4149 quidem
3728 4083 3878 4139 beati.

2291 4173 2503 4243 quando
2534 4188 2716 4243 pacem
2748 4173 3005 4227 habemus
3025 4212 3039 4236 ,
3067 4171 3564 4241 quantulacumque
3596 4172 3688 4227 hic
3721 4173 3880 4227 haberi

2292 4272 2466 4332 potest
2488 4264 2539 4316 in
2566 4263 2673 4316 vita
2702 4263 2873 4317 bona:
2904 4261 2997 4316 sed
3027 4260 3140 4315 hmc
3164 4260 3441 4315 beatitudo
3498 4262 3615 4327 illi,
3647 4280 3805 4333 quant
3832 4264 3880 4313 ti-

2291 4355 2466 4409 nalem
2486 4353 2748 4419 dicimus,
2778 4352 3086 4408 beatitudini
3128 4361 3438 4421 comparata
3459 4394 3473 4415 ,
3510 4368 3745 4422 prorsus
3792 4356 3877 4408 mi-

2291 4446 2428 4501 seria
2449 4446 2729 4515 reperitur.
2760 4445 2907 4499 Hanc
2928 4459 3056 4514 ergo
3086 4457 3270 4513 pacem
3291 4486 3306 4510 ,
3336 4444 3519 4513 qualis
3573 4445 3667 4499 hic
3727 4457 3877 4515 potest

2291 4553 2411 4593 esse
2433 4578 2449 4604 ,
2474 4538 2726 4593 mortales
2756 4537 2999 4591 homines
3027 4537 3081 4589 in
3120 4536 3281 4591 rebus
3320 4537 3652 4593 mortalibus
3686 4538 3875 4609 (ptanda

2291 4631 2579 4696 habemus,
2609 4630 2653 4685 si
2684 4638 2829 4685 recte
2849 4630 3076 4684 vivimus
3100 4670 3115 4693 ,
3144 4630 3300 4684 bonis
3342 4630 3461 4698 ejus
3523 4642 3680 4686 recte
3735 4635 3877 4685 utitur

2290 4723 2495 4776 virtus:
2522 4721 2733 4792 quando
2764 4736 2891 4775 vero
2916 4735 3032 4776 eam
3064 4735 3170 4774 non
3195 4720 3487 4786 habemus,
3518 4723 3691 4776 etiam
3722 4724 3869 4781 nalis.

2288 4829 2407 4882 qua:
2432 4814 2589 4869 homo
2634 4815 2856 4883 patitur,
2880 4813 3016 4867 bene
3064 4811 3235 4865 utitur
3259 4812 3454 4866 virtus.
3486 4812 3605 4868 Sed
3659 4824 3785 4869 tunc
3809 4824 3871 4867 est

2289 4924 2413 4961 vera
2441 4908 2629 4973 virtus,
2657 4907 2869 4976 quando
2902 4914 2957 4961 et
2975 4905 3153 4971 omnia
3187 4904 3329 4958 bona
3355 4905 3557 4975 quibus
3604 4906 3745 4962 bene
3787 4908 3869 4960 uti-

2289 5008 2393 5061 tur,
2424 5010 2478 5053 et
2503 4998 2760 5069 quidquid
2782 4997 2833 5051 in
2866 4997 3007 5050 bono
3050 5012 3152 5049 usu
3195 4995 3461 5050 honorum
3521 5007 3580 5052 et
3633 5000 3867 5053 malorum

2288 5092 2435 5157 facit,
2458 5101 2510 5146 et
2551 5106 2609 5145 se
2635 5091 2803 5161 ipsam
2844 5089 2912 5143 ad
2962 5103 3082 5143 eum
3128 5089 3292 5142 ﬁnem
3344 5088 3539 5152 refert,
3595 5092 3689 5145 ubi
3743 5092 3865 5144 nobs

2291 5184 2408 5239 talis
2435 5194 2491 5239 et
2519 5185 2664 5238 tanta
2693 5197 2793 5251 pax
2822 5182 2961 5249 erit,
2988 5195 3091 5250 qua
3118 5180 3312 5236 melior
3336 5190 3394 5235 et
3432 5181 3612 5251 major
3642 5199 3763 5239 esse
3785 5197 3862 5235 nua

2288 5286 2474 5346 possn.

2350 5455 2365 5486 ί
2403 5452 2537 5512 Editi,
2563 5450 2612 5501 in
2648 5450 2887 5514 angelum.
2916 5457 2970 5500 At
2988 5455 3113 5509 Mss,
3140 5448 3269 5498 velut
3314 5448 3547 5512 angelum
3578 5463 3596 5499 :
3619 5460 3674 5500 et
3781 5462 3863 5510 tas.

2284 5518 2373 5565 sim
2395 5515 2701 5575 Augustinus.

2346 5580 2366 5609 ²
2388 5574 2517 5629 Mss.
2542 5574 2776 5635 pariatur.

2347 5640 2369 5671 ³
2404 5646 2451 5686 In
2479 5637 2639 5699 editis,
2663 5634 3007 5699 satiatatum)“
3030 5636 3079 5682 in
3103 5637 3371 5699 manuscrij
3391 5638 3472 5695 tis,
3506 5642 3719 5686 sanatur.

2350 5701 2421 5761 (ll)
2443 5698 2571 5748 Conf.
2600 5697 2682 5748 lib.
2713 5697 2772 5747 14
2789 5697 2854 5746 de
2875 5695 3065 5755 'l‘riuit..,
3084 5709 3133 5743 υ.
3162 5695 3240 5745 12.
