3976 6524
652 389 757 448 659

652 503 765 568 bat,
807 506 1018 559 tantum
1053 503 1129 559 illi
1154 502 1293 560 bene
1317 512 1453 559 erat.
1501 502 1949 575 Quandoquidem
1988 506 2245 561 membris

651 594 1145 665 obtemperantibus
1175 595 1501 666 imperabat;
1530 604 1664 652 etut
1688 611 1837 651 suam
1865 597 2247 653 mortalitatem

653 688 937 741 adversum
961 702 1020 741 se
1043 702 1110 742 ex
1140 686 1430 758 indigentia
1451 688 1823 755 rebellantem,
1845 704 1907 744 ae
1929 689 2249 744 seditionem

654 778 810 834 fatuis
836 779 903 833 ad
927 778 1318 834 dissociandam
1339 787 1500 849 atque
1525 780 1911 836 excludendam
1941 780 2008 835 de
2023 795 2249 850 corpore

655 870 889 924 animam
927 871 1283 926 concitantem
1303 911 1320 937 ,
1352 880 1551 941 quanta
1580 880 1763 942 posset
1791 872 2131 927 festinatione
2156 887 2247 940 pa-

653 971 820 1029 caret,
847 963 1108 1032 rapiebat,
1138 964 1384 1027 necabat,
1414 964 1674 1029 vorabat;
1700 973 1754 1020 et
1780 966 2025 1035 quamvis
2055 965 2247 1019 imma-

655 1054 739 1107 nis
764 1068 828 1108 ac
858 1052 1023 1120 ferus,
1055 1056 1173 1123 paci
1206 1064 1381 1110 tamen
1405 1072 1514 1111 sum
1540 1058 1663 1111 vita:
1689 1071 1752 1112 ac
1770 1057 1961 1112 salutis
2001 1058 2249 1112 immani-

656 1152 737 1198 ter
782 1153 837 1198 et
876 1144 1129 1202 ferociter
1163 1148 1476 1203 consulebat
1513 1166 1525 1203 :
1556 1163 1620 1203 ac
1666 1163 1762 1218 per
1800 1151 1904 1203 hoc
1944 1151 1990 1202 si
2034 1163 2247 1218 pacem,

662 1250 823 1305 quam
875 1237 931 1289 in
992 1252 1085 1291 sua
1139 1237 1393 1307 Spelunca
1447 1248 1607 1309 atque
1655 1239 1711 1294 in
1757 1255 1818 1295 se
1874 1240 1990 1310 ipso
2052 1239 2251 1295 habere

657 1329 790 1382 satis
828 1328 1018 1398 agebat
1069 1330 1109 1394 ยน,
1150 1345 1272 1385 cum
1308 1331 1428 1385 aliis
1465 1331 1625 1387 etiam
1665 1332 1864 1388 habere
1914 1333 2091 1399 vellet,
2151 1348 2251 1389 nec

655 1420 867 1484 malus,
910 1437 1009 1476 nec
1055 1434 1352 1478 monstrum
1384 1466 1401 1492 ,
1448 1440 1550 1481 nec
1588 1427 1887 1482 semibomo
1944 1437 2247 1483 vocaretur.

657 1513 766 1566 Aut
791 1512 837 1566 si
866 1512 982 1582 ejus
1005 1515 1247 1584 corporis
1275 1516 1444 1569 forma
1472 1556 1487 1581 ,
1515 1524 1572 1571 et
1600 1527 1837 1572 atrorum
1863 1518 2062 1588 ignium
2089 1519 2255 1573 vomi-

661 1612 746 1657 tus
771 1604 840 1658 ab
868 1619 934 1658 eo
962 1604 1268 1660 deterrebat
1296 1606 1573 1663 hominum
1599 1609 1952 1674 societatem;
1981 1609 2119 1664 forte
2144 1623 2253 1665 non

660 1693 890 1748 nocendi
918 1695 1232 1764 cupiditate,
1265 1696 1361 1750 sed
1390 1697 1603 1752 vivendi
1632 1698 1950 1753 necessitate
1974 1697 2251 1753 saeviebat.

665 1784 865 1839 Verum
906 1786 1008 1841 iste
1048 1801 1153 1840 non
1199 1786 1378 1853 fuerit,
1409 1788 1531 1855 vel,
1560 1789 1699 1860 quod
1732 1791 1900 1860 magis
1924 1790 2254 1845 credendum

662 1886 766 1939 est,
799 1876 919 1931 talis
946 1892 1051 1931 non
1081 1876 1263 1945 fuerit,
1290 1878 1466 1949 qualis
1494 1880 1727 1935 vanitate
1756 1881 1963 1949 poetica
1993 1879 2257 1935 describi-

664 1978 751 2023 tur
776 1987 789 2023 :
822 1968 922 2023 nisi
950 1969 1093 2023 enim
1112 1969 1274 2024 nimis
1297 1979 1644 2027 accusaretur
1668 1968 1861 2037 Cacus,
1891 1985 2080 2041 parum
2115 1970 2255 2025 Her-

665 2060 815 2114 cules
867 2059 1192 2116 laudaretur.
1240 2060 1387 2115 Talis
1416 2076 1545 2132 ergo
1575 2062 1758 2130 homo,
1781 2063 1898 2117 sive
1932 2061 2254 2128 semihomo,

668 2151 881 2219 melius,
914 2161 973 2205 ut
1001 2153 1131 2219 dixi,
1167 2153 1405 2208 creditur
1433 2169 1540 2208 non
1568 2154 1751 2220 fuisse,
1782 2155 1921 2211 sicut
1960 2154 2127 2209 multa
2157 2154 2257 2226 fig-

666 2255 846 2319 menta
881 2254 1179 2324 poetarum.
1223 2245 1356 2316 Ipsa:
1400 2249 1542 2302 enim
1582 2248 1893 2303 saevissimae
1931 2249 2082 2315 lerac,
2114 2248 2259 2303 unde

670 2335 761 2390 ille
781 2346 981 2405 partem
997 2335 1182 2391 habuit
1200 2336 1427 2393 feritatis
1443 2338 1587 2410 (nam
1607 2339 1952 2395 etsemiferus
1962 2339 2136 2395 dictus
2150 2342 2258 2411 est)

665 2427 685 2497 (
705 2425 909 2498 Virgil.,
924 2425 1139 2483 Aineid.
1158 2428 1246 2485 lib.
1260 2429 1313 2495 8,
1328 2447 1376 2484 ฯ.
1390 2430 1544 2500 267),
1558 2445 1726 2501 genus
1744 2431 2015 2501 pr0prium
2028 2431 2257 2502 quadam

666 2534 799 2588 pace
823 2520 1151 2588 custodiunt,
1182 2522 1428 2577 coeundo
1449 2561 1465 2587 ,
1490 2522 1777 2593 gignendo,
1815 2522 2093 2593 pariendo,
2122 2523 2260 2578 fetus

664 2608 896 2664 fovendo
919 2618 1084 2681 atque
1113 2612 1418 2679 nutriendo,
1446 2628 1567 2667 cum
1598 2613 1706 2667 sint
1733 2613 2004 2683 pleneque
2029 2613 2261 2668 insocia-

663 2700 804 2756 biles
850 2710 906 2756 et
941 2703 1193 2773 solivaga:
1223 2720 1235 2756 :
1268 2719 1376 2760 non
1411 2705 1616 2759 scilicet
1660 2714 1719 2758 ut
1761 2720 1911 2771 oves,
1950 2705 2119 2771 cervi,
2164 2719 2257 2759 co-

664 2792 881 2861 lumbze,
910 2796 1104 2862 sturni,
1149 2810 1317 2864 apes;
1350 2796 1445 2851 sed
1468 2805 1527 2851 ut
1551 2797 1753 2863 leones,
1794 2798 2002 2867 vulpes,
2043 2798 2257 2868 aquilae,

667 2892 898 2939 noctute.
946 2885 1077 2953 Quae
1105 2886 1248 2941 enim
1274 2884 1424 2958 tigris
1451 2904 1559 2942 non
1585 2889 1708 2943 liliis
1731 2889 1843 2946 suis
1867 2890 2011 2944 mitis
2038 2890 2261 2943 immur-

666 2986 881 3044 murat,
936 2987 991 3033 et
1031 2988 1216 3048 pacata
1261 2960 1474 3037 feritate
1511 2980 1823 3035 blanditur?
1871 2981 1992 3051 quis
2042 2981 2258 3048 milvus,

664 3070 1057 3138 quantumlibet
1081 3071 1352 3127 solitarius
1367 3073 1567 3142 rapinis
1589 3073 1960 3139 circumvolet,
1991 3088 2097 3128 non
2124 3087 2258 3128 con-

665 3161 869 3230 jugium
896 3162 1130 3230 copulat,
1154 3162 1336 3218 nidum
1366 3165 1626 3234 congerit,
1657 3178 1756 3218 ova
1784 3163 2057 3230 confovet,
2086 3164 2261 3234 pullos

667 3252 798 3318 alit,
827 3260 882 3306 et
908 3252 1061 3322 quasi
1087 3268 1209 3308 cum
1245 3270 1344 3311 sua
1371 3255 1772 3310 matrefamilias
1819 3256 2128 3310 societatem
2158 3256 2261 3311 do-

667 3341 947 3395 mesticam
974 3352 1170 3412 quanta
1202 3352 1376 3413 potest
1413 3359 1543 3414 pace
1571 3346 1892 3400 conservat?
1920 3345 2131 3412 Quanto
2155 3362 2263 3401 ma-

671 3434 753 3502 gis
794 3432 956 3488 homo
983 3434 1151 3490 fertur
1178 3437 1574 3503 quodammodo
1596 3448 1800 3493 natura:
1828 3455 1939 3496 suae
1964 3440 2173 3510 legibus
2193 3442 2261 3498 ad

672 3526 959 3581 iucundam
1024 3529 1335 3583 societatem
1388 3545 1684 3600 pacemque
1734 3546 1858 3587 cum
1922 3531 2258 3599 hominibus,

664 3631 930 3688 quantum
973 3621 1025 3676 in
1061 3620 1180 3691 ipso
1224 3630 1327 3689 est,
1378 3623 1627 3678 omnibus
1669 3624 2016 3680 obtinendam
2072 3642 2086 3679 :
2137 3640 2261 3680 cum

669 3713 831 3766 etiam
863 3713 985 3768 mali
1017 3728 1112 3784 pro
1157 3730 1289 3784 pace
1313 3729 1532 3771 suorum
1562 3717 1905 3787 belligerant,
1939 3732 2261 3788 omnesque,

668 3804 716 3857 si
748 3804 974 3872 possint,
1004 3820 1131 3860 suos
1171 3805 1351 3863 facere
1374 3807 1559 3872 velint,
1587 3817 1644 3861 ut
1669 3808 1758 3862 uni
1785 3809 1964 3863 cuncti
1992 3818 2047 3864 et
2069 3815 2264 3863 cuncta

666 3894 998 3963 deserviant;
1048 3914 1156 3968 quo
1201 3910 1379 3970 pacto,
1432 3901 1533 3955 nisi
1580 3902 1633 3955 in
1679 3901 1796 3970 ejus
1844 3917 2029 3973 pacem
2080 3903 2124 3969 ยณ,
2179 3901 2264 3957 vel

671 3989 923 4056 amando,
955 3991 1040 4045 vel
1066 3992 1302 4047 timendo
1325 3993 1700 4049 consentiant?
1728 3993 1818 4049 Sic
1844 3996 1986 4050 enim
2016 3994 2263 4064 superbia

672 4094 926 4150 perverse
966 4082 1204 4138 imitatur
1254 4084 1447 4147 Deum.
1495 4083 1619 4139 Odit
1671 4100 1905 4155 namque
1933 4099 2057 4140 cum
2101 4085 2265 4140 sociis

670 4171 1029 4240 aequalitatem
1056 4174 1160 4229 sub
1202 4174 1333 4230 illo:
1366 4174 1464 4231 sed
1511 4175 1793 4243 imponere
1824 4176 1938 4230 vult
1965 4176 2127 4231 sociis
2161 4175 2263 4230 do-

674 4263 1025 4319 minationem
1059 4279 1210 4321 suam
1252 4281 1350 4335 pro
1396 4267 1508 4321 illo.
1535 4267 1663 4322 Odit
1688 4283 1815 4338 ergo
1835 4268 2034 4337 juStam
2077 4283 2263 4337 pacem

674 4352 768 4407 Dei
797 4362 851 4407 et
869 4362 1016 4408 amat
1041 4355 1274 4424 iniquam
1304 4370 1496 4424 pacem
1520 4372 1669 4411 suam
1700 4375 1713 4410 :
1743 4374 1849 4412 non
1871 4374 2053 4413 amare
2082 4367 2262 4415 tamen

674 4448 1121 4518 qualemcumque
1170 4464 1358 4519 pacem
1398 4452 1548 4505 nullo
1597 4451 1762 4506 modo
1809 4460 2004 4521 potest.
2050 4452 2265 4507 Nullum

674 4542 872 4611 quippe
897 4543 1082 4597 vitium
1116 4543 1188 4597 ita
1217 4551 1404 4597 contra
1428 4551 1674 4598 naturam
1703 4552 1804 4607 est,
1837 4555 1894 4599 ut
1931 4554 2137 4599 naturas
2173 4545 2267 4601 de-

678 4633 785 4688 leat
808 4633 969 4688 etiam
996 4641 1237 4688 extrema
1266 4634 1509 4704 vestigia.
2186 4690 2189 4693 .

750 4724 805 4777 5.
838 4724 1023 4794 Itaque
1058 4738 1244 4792 pacem
1277 4725 1579 4794 iniquorum
1614 4725 1666 4779 in
1695 4726 1839 4795 pacis
1869 4726 2268 4796 comparatione

677 4815 945 4885 justorum
968 4815 1056 4870 ille
1078 4816 1243 4877 videt,
1265 4830 1364 4870 nec
1389 4830 1573 4885 pacem
1599 4831 1719 4871 esse
1743 4817 2150 4887 dicendam,qui
2174 4831 2270 4872 no-

678 4908 757 4961 vit
800 4921 1113 4977 praeponere
1163 4915 1309 4962 recta
1350 4907 1527 4976 pravis
1576 4914 1632 4961 et
1680 4906 1926 4961 ordinata
1971 4907 2264 4977 perversis.

679 5004 831 5072 Quod
861 5013 1036 5059 autem
1056 5019 1367 5075 perversum
1394 5015 1497 5069 est,
1545 5005 1647 5060 hoc
1671 5006 1832 5061 etiam
1861 5021 2083 5062 necesse
2107 5015 2191 5061 est
2215 5015 2271 5061 ut

683 5098 737 5151 in
772 5098 947 5167 aliqua
976 5107 1026 5152 et
1056 5113 1119 5152 cx
1146 5098 1322 5168 aliqua
1347 5108 1545 5153 etcum
1586 5098 1760 5168 aliqua
1788 5115 1966 5154 rerum
1997 5111 2148 5168 parte
2173 5113 2269 5169 pa-

683 5200 860 5242 catum
887 5189 975 5252 sit,
1007 5189 1061 5243 iu
1091 5189 1282 5259 quibus
1309 5198 1412 5257 est,
1434 5190 1518 5245 vel
1544 5205 1615 5244 ex
1643 5190 1835 5259 quibus
1859 5199 2102 5256 constat;
2134 5191 2270 5245 alio-

685 5283 812 5349 quin
855 5282 987 5337 nihil
1015 5291 1160 5337 esset
1204 5282 1443 5337 omnino.
1474 5282 1635 5338 Velut
1679 5284 1724 5337 si
1772 5284 2051 5353 quisquam
2098 5282 2272 5351 capite

686 5376 935 5429 deorsum
956 5376 1205 5445 pendeat,
1231 5390 1514 5445 perversus
1542 5384 1623 5430 est
1652 5376 1833 5445 utique
1859 5376 1994 5429 situs
2030 5374 2274 5444 corporis

686 5475 741 5515 et
767 5465 899 5518 ordo
925 5466 1327 5532 membrorum;
1354 5467 1477 5537 quia
1510 5467 1562 5521 id
1596 5467 1737 5535 quod
1765 5466 1999 5535 desuper
2026 5480 2147 5521 esse
2166 5480 2273 5519 na-

691 5562 805 5606 tura
825 5557 1076 5625 postulat,
1102 5538 1283 5612 subter
1298 5566 1399 5620 est,
1427 5565 1482 5613 et
1506 5556 1648 5627 quod
1668 5557 1756 5610 illa
1781 5556 1966 5612 subter
1992 5556 2105 5609 vult
2129 5568 2267 5618 esse,

689 5644 920 5710 desuper
948 5647 1144 5703 factum
1174 5659 1296 5713 est;
1323 5648 1657 5704 conturbavit
1681 5648 1703 5679 ยณ
1734 5648 1911 5703 carnis
1941 5661 2125 5717 pacem
2168 5646 2272 5701 ista

758 5734 776 5805 ฮพ
801 5732 1215 5805 Sientanttscripti.
1231 5740 1350 5805 Editi
1374 5752 1511 5797 vero,
1534 5738 1793 5805 satagebat.
2140 5797 2150 5805 _
2193 5795 2223 5805 ฮ,

756 5792 779 5863 ฮพ
803 5791 934 5863 ๏ฌniti,
958 5795 1053 5846 nisi
1072 5791 1195 5863 utin
1237 5800 1341 5857 eius
1568 5791 1737 5863 ฮแฟแฝณฮดแฟ,
1764 5806 1834 5861 ฮนฮนฮน,
1861 5810 1890 5850 ยณ
1915 5795 2268 5861 ฯฯแฝทแฟฮดแฝทแฝทฮน

758 5854 779 5885 ยณ
804 5854 875 5901 Sic
901 5861 1006 5906 Mss.
1028 5856 1147 5907 Editi
1162 5854 1300 5920 vero,
1324 5854 1634 5914 centurbabit.

1651 393 1741 449 DE
1776 391 2098 450 ClVlTATE
2138 395 2276 465 DEI,
2313 394 2372 451 แฝ.
2413 394 2779 451 AUGUSTINI
3793 412 3846 461 Et?)

2363 506 2718 576 perversitas,
2747 515 2802 562 et
2832 506 2951 563 ideo
2973 516 3056 563 est
3082 509 3318 564 molesta
3356 526 3373 563 :
3406 521 3732 567 verumtamen
3744 520 3845 573 animi

2356 598 2565 666 corpori
2589 612 2687 652 suo
2716 607 2902 666 pacata
2946 609 3050 664 est,
3096 608 3152 655 et
3178 616 3280 670 pro
3310 599 3436 669 ejus
3460 600 3622 657 salute
3644 609 3795 674 satagit.
3817 622 3846 661 et

2357 689 2478 743 ideo
2506 697 2589 744 est
2615 688 2940 759 quidoleat;
2968 707 3088 760 quae
3109 692 3154 746 si
3182 692 3457 748 molestiis
3486 693 3598 762 ejus
3614 695 3774 750 exclusa
3789 700 3847 752 dis.

2354 782 2608 846 cesserit,
2650 781 2882 851 quandiu
2913 784 3282 840 membrorum
3321 794 3510 842 manet
3545 802 3848 859 compago.na

2356 880 2441 926 est
2464 870 2581 927 sine
2602 872 2830 942 quadam
2856 874 3091 943 partium
3120 890 3256 945 pace
3288 876 3445 946 quod
3474 888 3708 942 remanet,
3730 890 3767 933 et
3787 882 3850 934 idea

2357 954 2534 1010 adhuc
2572 965 2655 1010 est
2680 957 2772 1025 qui
2821 957 3072 1027 pendeat.
3104 960 3172 1013 Et
3203 960 3358 1029 quod
3391 969 3654 1016 terrenum
3676 978 3810 1033 corpus
3826 969 3851 1017 แผฐ]

2360 1056 2555 1099 terram
2598 1046 2802 1113 nititur,
2848 1056 2903 1102 et
2928 1048 3144 1107 vinculo
3168 1065 3282 1119 quo
3310 1066 3631 1120 suspensum
3667 1063 3731 1106 est
3748 1058 3853 1107 rutili.

2359 1143 2463 1201 tur,
2492 1134 2546 1188 in
2567 1149 2677 1190 suae
2699 1136 2843 1205 pacis
2868 1138 3111 1192 ordinem
3132 1139 3332 1204 tendit,
3358 1140 3605 1196 etโlocum
3630 1158 3717 1211 quo
3736 1148 3856 1212 requis

2358 1234 2470 1279 scat
2495 1224 2892 1295 quodammodo
2930 1228 3186 1297 ponderis
3218 1245 3358 1285 voce
3387 1232 3580 1299 poscit,
3603 1232 3775 1301 jamque
3788 1251 3857 1286 eu-

2359 1314 2502 1369 nime
2517 1330 2581 1370 ac
2596 1316 2713 1371 sine
2728 1316 2834 1371 ullo
2851 1332 3032 1385 sensu,
3058 1334 3088 1373 a
3112 1335 3242 1389 pacc
3263 1332 3457 1376 tamen
3482 1323 3689 1380 naturali
3711 1325 3767 1377 sui
3783 1328 3855 1377 ora

2358 1407 2442 1463 nis
2468 1423 2576 1462 non
2604 1408 2830 1473 recedit,
2852 1410 2937 1465 vel
2961 1426 3083 1465 cum
3104 1420 3251 1466 tenet
3275 1428 3433 1478 eam,
3464 1414 3548 1467 vel
3572 1427 3679 1468 cum
3697 1412 3813 1468 fertur
3826 1416 3858 1466 al

2358 1514 2501 1555 eam.
2528 1499 2587 1555 Si
2606 1501 2750 1556 enim
2775 1500 3134 1559 adhibeantur
3176 1504 3603 1571 medicamenta,
3630 1514 3757 1575 atque
3771 1523 3861 1561 curยป

2360 1591 2457 1657 tio,
2497 1607 2615 1662 quze
2636 1591 2864 1647 formam
2891 1595 3171 1651 cadaveris
3198 1596 3437 1651 dissolvi
3478 1597 3719 1665 dilabique
3746 1600 3865 1651 mssi-

2360 1684 2506 1749 natโ,
2537 1684 2713 1741 adhuc
2742 1702 2845 1757 pax
2878 1686 3120 1756 quaedam
3151 1698 3340 1757 partes
3387 1690 3625 1759 partibus
3653 1689 3800 1760 jungit,
3820 1702 3864 1745 to-

2361 1780 2578 1845 tamque
2603 1776 2799 1831 molem
2820 1777 3051 1847 applicat
3077 1786 3299 1834 terreno
3322 1788 3382 1833 et
3409 1780 3799 1841 convenientiae
3815 1796 3867 1848 per

2362 1862 2466 1919 hoc
2530 1865 2653 1920 loco
2690 1877 2899 1936 pacato.
2930 1867 2985 1923 Si
3036 1875 3216 1923 autem
3270 1868 3429 1924 nulla
3499 1869 3868 1925 adhibeaturam

2361 1952 2645 2009 condiendi
2670 1957 2712 2021 โ,
2750 1955 2846 2012 sed
2889 1956 3114 2011 naturali
3159 1958 3351 2012 cursui
3401 1958 3867 2028 relinquatur,tamda

2362 2047 2513 2116 quasi
2582 2048 2929 2105 tumultuatur
2986 2049 3383 2107 dissidentibus
3442 2052 3802 2107 exaltationibus
3840 2062 3868 2104 tl

2365 2145 2551 2193 nostro
2589 2138 3081 2196 inconvenientibus
3117 2143 3306 2197 sensui
3355 2160 3370 2195 :
3425 2142 3479 2197 id
3532 2143 3667 2198 enim
3706 2153 3770 2197 est
3788 2142 3869 2211 qui

2362 2225 2418 2281 in
2469 2238 2657 2298 putore
2708 2231 2969 2297 sentitur,
3024 2230 3196 2287 donec
3263 2232 3464 2287 mundi
3522 2234 3770 2289 conveniat
3806 2232 3869 2287 cle-

2363 2319 2578 2386 mentis,
2609 2328 2665 2376 et
2695 2321 2748 2375 in
2769 2336 2957 2378 eorum
2999 2337 3183 2393 pacem
3212 2325 3590 2394 particulatim
3615 2325 3869 2394 paulatimque

2363 2413 2622 2469 discedat.
2675 2414 2833 2472 Nullo
2881 2416 3043 2472 modo
3096 2426 3275 2472 tamen
3341 2418 3475 2473 inde
3522 2417 3705 2488 aliquid
3742 2417 3869 2485 legibus

2362 2506 2557 2560 summi
2588 2506 2729 2562 illius
2753 2505 3024 2563 Creatoris
3067 2507 3527 2578 Ordinatorisque
3564 2508 3870 2567 subtrahitur,a

2363 2610 2471 2664 quo
2513 2611 2618 2665 pax
2666 2597 3033 2652 universitatis
3069 2598 3495 2654 administratur
3539 2617 3553 2653 :
3596 2599 3705 2671 quia
3744 2595 3870 2651 eniti

2363 2678 2629 2735 cadavere
2655 2680 2875 2750 majoris
2915 2681 3202 2737 animantis
3227 2683 3491 2738 animalia
3518 2684 3707 2737 minuta
3730 2696 3871 2735 nascan-

2366 2778 2454 2824 tur
2477 2812 2492 2835 ,
2525 2770 2713 2827 eadem
2739 2771 2857 2843 lege
2891 2772 3160 2828 Creatoris
3199 2789 3438 2844 qumque
3466 2773 3751 2843 corpuscula
3786 2774 3872 2825 ius:

2363 2860 2490 2916 lutis
2520 2877 2653 2933 pace
2699 2863 2811 2919 suis
2837 2864 3087 2919 animulis
3117 2864 3139 2897 ยณ
3164 2866 3419 2920 serviunt
3453 2886 3468 2921 :
3506 2867 3603 2921 etsi
3638 2876 3873 2920 mortuom

2365 2967 2559 3009 carnes
2585 2952 2655 3008 ab
2692 2954 2810 3009 aliis
2838 2954 3157 3010 animalibus
3181 2954 3543 3022 devorentur,
3587 2954 3769 3012 easdem
3793 2954 3873 3021 leges

2368 3060 2464 3114 per
2492 3052 2685 3100 cuncta
2715 3044 2934 3100 diffusas
2960 3044 3025 3099 ad
3050 3045 3278 3101 salutem
3305 3048 3529 3116 generis
3553 3046 3774 3116 cujusque
3792 3057 3875 3095 mor-

2367 3133 2575 3198 talium,
2603 3149 2841 3205 congrua
2869 3135 3123 3204 congruis
3144 3134 3525 3205 paci๏ฌcantes,
3553 3144 3873 3205 quaquaversum

2366 3223 2664 3293 trahantur,
2688 3234 2743 3280 et
2767 3224 2927 3280 rebus
2950 3225 3378 3295 quibuscumque
3402 3226 3703 3296 jungantur,
3720 3236 3761 3277 et
3776 3225 3873 3276 inre

2366 3316 2631 3388 quaslibet
2666 3310 3045 3374 convertantur
3083 3326 3138 3372 et
3191 3327 3632 3381 commutentur,
3670 3312 3873 3368 inveniunt

2364 3430 2593 3486 CAPUT
2632 3430 2773 3486 Xlll.
2801 3460 2874 3472 โ
2899 3430 2978 3487 De
3023 3447 3149 3501 pace
3187 3431 3495 3497 universali,
3535 3430 3766 3500 quantm
3791 3436 3875 3491 qur

2439 3522 2561 3576 libet
2589 3522 2989 3592 perturbationes
3030 3522 3220 3592 privari
3261 3538 3369 3576 non
3420 3530 3585 3592 potest
3624 3521 3873 3586 leaenam

2439 3612 2564 3665 dum
2581 3612 2675 3666 sub
2690 3613 2835 3682 justo
2867 3612 3046 3682 judice
3086 3613 3155 3665 ad
3179 3612 3235 3665 id
3255 3613 3475 3682 quisque
3506 3610 3715 3683 perrexit
3736 3606 3872 3661 ordin-

2440 3704 2594 3768 tione,
2621 3703 2757 3772 quod
2785 3704 2962 3757 meruit
2983 3702 3258 3756 voluntate.

2441 3816 2493 3869 โl.
2526 3814 2632 3869 Pax
2667 3815 2844 3884 itaque
2889 3814 3165 3885 corporis,
3194 3822 3281 3869 est
3325 3815 3577 3870 ordinata
3621 3816 3874 3880 temperaturl

2368 3906 2623 3975 partium.
2675 3905 2781 3959 Pax
2829 3905 3023 3959 anima:
3069 3906 3427 3971 irrationalis,
3477 3906 3703 3961 ordinata

2368 3997 2776 4065 appetitionum.
2822 3996 2929 4050 Pax
2960 3994 3159 4049 animae
3196 3997 3506 4061 rationalis,
3533 3996 3746 4050 ordinata
3765 3990 3875 4057 cogni-

2371 4088 2530 4143 tionis
2554 4087 2887 4156 actionisque
2912 4086 3217 4142 consensio.
3250 4086 3365 4142 Pax
3389 4088 3630 4159 corporis
3654 4094 3701 4141 et
3737 4083 3874 4139 attint.

2371 4178 2615 4234 ordinata
2640 4179 2750 4233 vita
2772 4187 2828 4234 et
2855 4177 3000 4232 salus
3028 4178 3345 4233 animantis.
3376 4179 3495 4233 Pax
3521 4178 3730 4233 hominis
3747 4181 3872 4227 morta-

2371 4271 2438 4326 lis
2461 4281 2517 4326 et
2542 4271 2635 4326 llei
2664 4270 2706 4337 โธ,
2729 4269 2973 4324 ordinata
2996 4271 3047 4323 in
3081 4269 3183 4325 lide
3202 4271 3306 4324 sub
3328 4279 3538 4325 aeterna
3564 4271 3671 4339 lege
3691 4262 3867 4323 obedien-

2372 4365 2465 4419 tia.
2495 4364 2607 4419 Pax
2646 4363 2944 4429 hominum,
2982 4361 3226 4417 ordinata
3262 4363 3583 4418 concordia.
3611 4363 3704 4416 Pax
3736 4358 3871 4413 domi.

2372 4458 2616 4513 ordinata
2643 4456 2938 4526 imperandi
2964 4466 3126 4525 atque
3160 4454 3454 4510 obediendi
3497 4450 3749 4510 concordia
3768 4445 3870 4502 eoin-

2372 4549 2677 4606 bitantium.
2720 4548 2832 4602 Pax
2880 4546 3141 4611 civitatis,
3175 4545 3430 4601 ordinata
3474 4542 3739 4615 imperandi
3772 4546 3869 4601 ฮตฮนฮนแฟฯฮต

2373 4638 2658 4695 obediendi
2699 4637 2987 4693 concordia
3032 4636 3249 4691 civium.
3282 4636 3403 4691 Pax
3447 4634 3673 4692 caelestis
3704 4624 3867 4685 civitatis.

2374 4717 2770 4786 ordinatisSima
2797 4736 2853 4784 et
2874 4726 3296 4782 concordissima
3339 4728 3581 4782 societas
3616 4718 3785 4779 fruendi
3806 4715 3868 4767 Deo

2373 4833 2428 4878 et
2452 4822 2680 4877 invicem
2706 4820 2760 4875 in
2803 4820 2934 4875 Deo.
2964 4818 3073 4872 Pax
3103 4818 3345 4872 omnium
3376 4832 3560 4872 rerum
3582 4856 3598 4882 ,
3627 4805 3868 4878 tranquile

2375 4914 2597 4969 ordinis.
2649 4911 2793 4968 Ordo
2846 4920 2930 4966 est
2970 4912 3175 4980 parium
3226 4908 3629 4979 dispariumque
3663 4908 3865 4960 rentme

2375 5008 2571 5077 cuique
2600 5006 2720 5060 loca
2740 5004 2980 5059 tribuens
3010 5001 3311 5071 dispositio.
3343 5001 3580 5055 Proinde
3598 4994 3762 5055 miseri,
3782 4987 3863 5057 quit.

2377 5099 2429 5152 in
2458 5106 2716 5168 quantum
2765 5093 2947 5149 miseri
2994 5100 3138 5156 sunt,
3172 5092 3357 5160 utique
3402 5091 3460 5145 in
3512 5106 3633 5162 pace
3666 5100 3747 5140 non
3774 5086 3862 5133 ฮตฯฮนแฝทฮฝ

2378 5187 2763 5257 tranquillitate
2799 5183 3015 5255 quidem
3045 5181 3255 5238 ordinis
3289 5190 3502 5245 carent,
3534 5180 3618 5237 ubi
3642 5170 3863 5255 perturbaโ?

2376 5279 2522 5333 nulla
2552 5286 2636 5332 est
2668 5295 2683 5332 :
2710 5284 3076 5330 verumtamen
3108 5271 3232 5341 quia
3278 5271 3478 5325 merito
3516 5270 3731 5339 justeque
3753 5260 3861 5357 ฮนฮพแฝถแฝณฮตฮท

2378 5379 2523 5435 sunt,
2551 5370 2604 5424 in
2629 5383 2693 5424 ea
2720 5381 2933 5439 quoque
2977 5365 3091 5436 ipsa
3138 5379 3237 5419 sua
3262 5363 3486 5419 miseria
3520 5369 3692 5432 prater
3711 5350 3861 5409 olim

2443 5546 2460 5578 ยน
2485 5542 2588 5594 Sola
2609 5542 2909 5609 editio_l.ov.,
2932 5538 3150 5609 sinant.โ

2441 5609 2462 5639 ยณ
2486 5606 2639 5655 Nostri
2660 5598 3226 5667 ฮตฮฟแฝฑแผฐฮฟฮธฮดแฝทฮตแพณฮทแฝฑฮตฮทแฝฑแฝถฮทฮท
3263 5605 3323 5646 ฮ.
3368 5666 3392 5667 ฮท
3604 5661 3677 5667 --ฮ
3744 5634 3847 5667 .4โ.

2444 5669 2466 5701 ยณ
2487 5650 2639 5717 vinci.
2655 5650 2711 5717 et
2728 5650 2991 5727 suis
3004 5657 3316 5711 animalibus.
3361 5655 3578 5709 Romani
3604 5661 3711 5709 Iss,
3742 5657 3789 5695 ฯฮท
3804 5650 3858 5685 ฯโ

2376 5729 2537 5780 malis.
2799 5784 2809 5787 _
3062 5783 3090 5787 __
3186 5784 3197 5787 ,
3574 5776 3601 5787 ..
3697 5773 3807 5787 ฮผฯแฝท

2488 5768 2624 5854 Eam,
2652 5795 2699 5842 et
2722 5783 3133 5843 Mimnermus.
3153 5784 3318 5845 Abest,
3345 5776 3636 5838 amntis.
3654 5786 3678 5825 ฮน
3694 5768 3857 5822 nam

2383 5855 2495 5915 ptis.
