3976 6520
112 413 207 471 6H

106 542 230 584 esse
255 539 359 581 non
388 531 646 596 possunt;
675 534 781 576 non
823 519 1035 590 quidem
1062 520 1331 589 conjuncti
1365 520 1554 582 beatis,
1593 516 1687 573 sed

106 617 176 670 ab
204 615 283 670 eis
318 624 494 668 tamen
517 612 717 667 ordinis
736 610 851 680 lege
870 610 1119 679 sejuncti.
1149 610 1249 676 Qui
1275 625 1395 664 cum
1424 611 1540 663 siue
1570 624 1693 677 per-

109 704 417 758 turbatione
441 710 567 755 sunt
593 701 633 765 ‘,
661 698 825 753 rebus
869 698 922 752 in
952 698 1142 767 quibus
1171 706 1315 765 sunt,
1348 706 1694 767 quantacum-

108 807 214 861 que
255 790 600 861 cungrueutia
640 795 955 856 coaptantur
992 805 1007 841 :
1041 802 1104 841 ac
1134 802 1228 856 per
1270 787 1371 841 hoc
1398 798 1481 842 est
1518 788 1570 841 in
1615 786 1694 842 eis

108 882 317 935 ordinis
365 879 620 933 nonnulla
669 878 1024 946 tranquillitas
1055 893 1069 930 :
1101 877 1240 931 inest
1282 892 1411 946 ergo
1439 878 1694 932 nonnulla

111 985 239 1040 pax.
299 969 492 1023 Verum
523 968 644 1021 ideo
683 966 864 1021 miseri
903 974 1048 1029 sunt,
1082 967 1226 1035 quia,
1275 967 1375 1020 etsi
1432 966 1483 1020 iu
1522 967 1695 1036 aliqua

113 1058 403 1113 securitate
430 1072 536 1110 non
561 1056 763 1120 dolent,
796 1070 902 1109 non
926 1064 1102 1109 tamen
1143 1056 1213 1109 ibi
1240 1064 1383 1121 sunt,
1406 1056 1497 1110 ubi
1523 1056 1695 1111 securi

111 1164 235 1204 esse
260 1164 321 1202 ac
342 1149 525 1202 dolere
555 1162 663 1202 non
679 1147 910 1202 debeant
932 1165 948 1201 :
972 1147 1278 1202 miseriores
1290 1156 1486 1213 autem,
1519 1148 1562 1202 si
1594 1164 1697 1218 pax

113 1241 194 1293 eis
221 1254 340 1293 cum
372 1239 482 1307 ipsa
514 1239 629 1307 lege
655 1252 761 1291 non
791 1246 893 1303 est,
935 1252 1036 1307 qua
1068 1239 1321 1311 naturalis
1358 1238 1489 1293 ordo
1530 1239 1700 1293 admio

114 1330 386 1384 nistratur.
411 1327 541 1383 Cum
565 1338 740 1381 autem
762 1328 962 1391 dolent,
988 1342 1057 1381 ex
1080 1342 1182 1396 qua
1211 1336 1359 1396 parte
1383 1328 1582 1391 dolent,
1610 1344 1700 1398 pa-

113 1419 196 1472 cis
222 1419 544 1487 perturbatio
569 1418 705 1473 facta
727 1427 838 1472 est:
867 1419 919 1471 in
949 1418 1037 1473 illa
1059 1433 1185 1471 vero
1208 1418 1380 1473 adhuc
1402 1433 1499 1486 pax
1521 1428 1623 1484 est,
1646 1419 1699 1472 iu

113 1523 221 1577 qua
244 1523 342 1564 nec
369 1509 523 1563 dolor
547 1509 669 1571 urit,
701 1522 799 1562 nec
823 1522 1077 1576 compago
1098 1508 1210 1576 ipsa
1237 1508 1560 1562 dissolvitur.
1582 1509 1702 1577 Sic-

115 1576 178 1650 ut
209 1612 337 1667 ergo
377 1606 461 1652 est
491 1597 732 1666 quadam
774 1598 880 1651 vita
930 1597 1046 1651 sine
1079 1595 1286 1661 dolore,
1328 1597 1481 1651 dolor
1523 1576 1699 1652 autem

114 1688 235 1741 sine
277 1688 449 1757 aliqua
494 1689 600 1741 vita
629 1702 748 1741 esse
794 1701 898 1741 non
950 1696 1126 1756 potest
1156 1704 1170 1739 :
1198 1688 1277 1741 sic
1302 1697 1383 1741 est
1412 1702 1513 1756 pax
1556 1704 1701 1757 quaa-

121 1776 248 1831 dam
271 1778 387 1831 sine
414 1778 520 1832 ullo
544 1777 703 1844 bello,
728 1777 925 1831 bellum
949 1791 1077 1831 vero
1099 1791 1218 1832 esse
1234 1777 1350 1831 sine
1372 1779 1545 1848 aliqua
1574 1793 1703 1848 pace

118 1882 231 1921 non
262 1876 475 1935 potest;
523 1882 633 1921 non
661 1866 951 1921 secundum
994 1866 1045 1920 id
1084 1867 1226 1935 quod
1254 1868 1451 1922 bellum
1482 1879 1581 1933 est,
1610 1868 1703 1923 sed

114 1957 409 2011 secundum
437 1957 487 2010 id
517 1956 657 2027 quod
685 1958 753 2011 ab
781 1958 860 2011 eis
879 1957 963 2011 vel
994 1957 1047 2010 in
1082 1957 1161 2011 eis
1186 1959 1388 2027 geritur
1410 1999 1426 2023 ,
1461 1974 1581 2027 quae
1604 1960 1701 2013 ali-

113 2060 237 2115 qua:
254 2058 455 2101 uaturze
478 2056 602 2101 sunt
630 2063 645 2099 :
670 2046 811 2116 quod
829 2046 977 2099 nullo
988 2046 1147 2101 modo
1165 2056 1364 2116 essent,
1382 2049 1427 2102 si
1448 2063 1552 2103 non
1573 2064 1704 2119 qua-

112 2129 382 2208 licumque
423 2152 550 2207 pace
584 2138 956 2193 subsisterent.

186 2226 242 2280 2.
275 2228 607 2296 Quapmpter
647 2237 835 2282 natura
877 2236 958 2281 est
981 2268 997 2293 ,
1030 2227 1083 2280 in
1114 2243 1217 2297 qtta
1248 2227 1453 2283 nullum
1498 2229 1696 2283 malum

113 2330 221 2386 est,
242 2320 327 2374 vel
355 2320 514 2374 etiam
542 2320 594 2373 in
620 2333 723 2388 qua
751 2318 954 2372 nullum
980 2328 1151 2387 potest
1176 2333 1296 2374 esse
1320 2320 1519 2374 malum
1545 2338 1559 2373 :
1581 2333 1702 2375 esse

112 2420 294 2465 autem
325 2418 534 2473 natura,
567 2410 620 2462 in
649 2423 754 2478 qua
785 2408 984 2462 nullum
1016 2408 1212 2463 benum
1243 2409 1333 2475 sit,
1366 2424 1473 2464 non
1503 2419 1697 2479 potest.

114 2504 349 2562 Proinde
375 2517 476 2560 nec
499 2502 665 2571 ipsius
692 2501 891 2557 diaboli
921 2509 1131 2567 natura,
1149 2501 1201 2555 in
1227 2509 1484 2571 quantum
1512 2511 1699 2558 natura

108 2602 237 2660 est,
282 2593 477 2647 malum
504 2599 589 2646 est
618 2606 634 2644 :
665 2591 759 2646 sed
804 2591 1126 2660 perversitas
1150 2606 1270 2646 eam
1310 2592 1507 2647 malam
1552 2590 1697 2648 facit.

112 2686 300 2755 Itaque
324 2683 377 2738 in
404 2685 629 2738 veritate
656 2697 760 2737 non
786 2682 933 2737 stetit
962 2682 1139 2753 (Joan.
1169 2698 1261 2737 vm
1280 2723 1296 2749 ,
1328 2683 1420 2755 44)
1446 2723 1464 2749 ,
1491 2684 1586 2739 sed
1609 2700 1701 2740 ve-

111 2773 289 2828 ritatis
309 2773 567 2842 judicium
594 2786 699 2826 non
729 2773 894 2826 evasit
919 2789 933 2825 :
960 2772 1013 2825 in
1036 2772 1057 2803 ⁸
1087 2771 1290 2827 ordinis
1318 2774 1701 2842 tranquillitate

112 2880 225 2920 non
263 2867 493 2931 mansit,
525 2880 624 2920 nec
664 2865 785 2919 ideo
816 2873 991 2918 tamen
1023 2879 1051 2916 a
1082 2872 1344 2934 potestate
1368 2864 1701 2922 Ordinatoris

112 2955 321 3024 etl'ugit.
352 2955 555 3009 Bonum
586 2955 703 3017 Dei,
735 2953 878 3023 quod
910 2954 987 3007 illi
1013 2964 1096 3007 est
1123 2954 1175 3008 in
1203 2962 1409 3017 natura,
1445 2970 1549 3009 non
1575 2971 1699 3011 eum

116 3046 383 3101 subtrahit
402 3046 623 3115 justitia:
650 3045 766 3110 Dei,
787 3059 889 3113 qua
917 3042 1193 3098 ordinatur
1217 3045 1270 3099 iu
1296 3059 1453 3114 poena
1472 3061 1487 3097 :
1509 3060 1609 3101 nec
1628 3047 1699 3101 ibi

112 3136 258 3195 Deus
304 3137 502 3191 bonum
547 3136 843 3206 insequitur
888 3135 1029 3205 quod
1073 3136 1312 3203 creavit,
1361 3136 1455 3191 sed
1498 3138 1699 3193 malum

107 3231 258 3302 quod
301 3227 390 3285 ille
432 3228 717 3285 commisit.
765 3225 948 3296 Neque
974 3226 1115 3281 enim
1144 3234 1312 3280 totum
1340 3226 1515 3283 aufert
1556 3228 1699 3298 quod

107 3333 319 3379 natura:
344 3324 528 3389 dedit;
561 3323 654 3379 sed
679 3322 729 3377 al
753 3318 876 3392 quid
907 3318 1128 3385 adimit,
1159 3317 1358 3388 aliquid
1401 3319 1696 3388 relinquit,

108 3422 174 3468 ut
215 3414 286 3468 sit
328 3414 419 3484 qui
445 3414 624 3468 doleat
649 3411 791 3482 quod
834 3406 1021 3464 adimit
1050 3406 1093 3461 ³.
1126 3406 1195 3462 Ει
1223 3407 1337 3477 ipse
1362 3406 1518 3463 dolor
1547 3409 1699 3464 testi-

107 3504 352 3560 monium
395 3511 479 3559 est
504 3503 627 3557 boni
654 3501 886 3571 adempti
931 3509 987 3556 et
1028 3500 1153 3554 boni
1179 3498 1375 3555 relicti.
1402 3498 1513 3553 Nisi
1554 3500 1697 3554 enim

104 3595 312 3650 bonum
357 3593 601 3649 relictum
628 3600 808 3657 esset,
853 3592 1047 3645 bonum
1089 3591 1345 3645 amissum
1373 3588 1563 3646 dolere
1589 3604 1696 3645 non

103 3692 313 3754 posset.
332 3682 462 3737 Nam
484 3682 575 3753 qui
600 3690 805 3750 peccat,
828 3680 976 3750 pejor
1001 3687 1100 3745 est,
1121 3679 1166 3734 si
1191 3681 1401 3734 laetatur
1424 3679 1478 3735 in
1499 3679 1697 3737 damno

104 3772 395 3843 mquitatis.
425 3772 526 3840 Qui
554 3784 685 3826 vero
724 3771 994 3825 cruciatur
1016 3810 1032 3834 ,
1060 3770 1105 3824 si
1146 3768 1280 3825 nihil
1306 3769 1429 3825 inde
1456 3771 1697 3841 acquirat

102 3861 281 3927 boni,
324 3861 471 3917 dolet
513 3860 764 3915 damnum
811 3860 1017 3915 salutis.
1062 3859 1133 3914 Et
1176 3860 1424 3929 quoniam
1473 3860 1696 3931 tequitas

102 3968 176 4007 ac
225 3952 370 4008 salus
418 3962 701 4022 utrumque
749 3951 949 4007 bonum
978 3959 1097 4019 est,
1130 3951 1359 4022 bonique
1407 3952 1696 4011 amissione

103 4043 402 4100 dolendum
430 4052 511 4098 est
535 4043 711 4113 potius
736 4057 894 4112 quam
938 4041 1224 4097 lmtandum
1252 4041 1337 4113 (si
1368 4050 1545 4098 tamen
1587 4058 1694 4100 non

105 4135 186 4191 sit
225 4134 586 4204 compensatio
630 4132 906 4197 melioris,
950 4132 1139 4186 melior
1184 4140 1266 4187 est
1307 4142 1485 4188 autem
1529 4134 1695 4190 animi

103 4226 355 4297 mquitas,
384 4240 541 4295 quam
569 4225 813 4295 corporis
838 4223 1081 4293 sanitas),
1110 4223 1350 4293 profecto
1374 4226 1697 4281 convenien-

105 4322 221 4376 tius
264 4319 491 4389 injustus
515 4318 661 4373 dolet
702 4318 753 4372 in
780 4315 1043 4387 supplicio
1065 4357 1081 4382 ,
1109 4331 1269 4387 quam
1296 4316 1503 4371 laetatus
1529 4326 1612 4372 est
1639 4316 1694 4373 in

104 4412 333 4468 delicto.
379 4410 529 4467 Sicut
567 4424 697 4480 ergo
743 4409 926 4463 laetitia
969 4407 1165 4463 deserti
1208 4408 1334 4463 boui
1374 4408 1430 4463 in
1474 4418 1694 4478 peccato

103 4505 266 4561 testis
306 4513 388 4558 est
415 4502 701 4557 voluntatis
731 4501 924 4564 malm;
956 4500 1027 4553 ita
1066 4498 1220 4554 dolor
1261 4500 1443 4555 amissi
1473 4499 1598 4555 boni
1638 4500 1693 4556 in

102 4594 371 4665 supplicio
415 4593 566 4648 testis
611 4600 694 4646 est
737 4598 942 4644 natura
985 4588 1161 4644 bonae.
1211 4588 1311 4656 Qui
1357 4588 1500 4644 enim
1547 4588 1696 4645 dolet

104 4688 363 4743 amissam
407 4695 609 4739 natura:
652 4698 763 4737 sua:
807 4696 990 4751 pacem
1015 4723 1031 4747 ,
1060 4696 1128 4734 ex
1168 4680 1430 4749 aliquibus
1456 4680 1694 4751 reliquiis

104 4776 259 4848 pacis
301 4775 352 4829 id
378 4774 521 4829 dolet
544 4813 557 4836 ,
585 4772 776 4841 quibus
819 4771 875 4823 fit
898 4810 913 4836 ,
961 4776 1017 4823 ut
1046 4768 1148 4822 sibi
1174 4769 1342 4822 amica
1369 4777 1559 4824 natura
1600 4770 1687 4825 sit.

103 4867 226 4923 Hoc
267 4873 444 4918 autem
468 4864 521 4918 in
563 4872 806 4917 extremo
833 4860 1093 4930 supplicio
1116 4868 1261 4914 recte
1300 4859 1397 4926 ﬁt,
1427 4869 1486 4913 ut
1528 4861 1693 4930 iniqui

103 4967 170 5014 et.
210 4955 357 5024 impii
401 4954 719 5009 naturalium
749 4951 1011 5006 bonorum
1039 4950 1233 5005 damna
1273 4950 1327 5003 in
1372 4949 1693 5007 cruciatibus

100 5026 383 5111 deﬂeant,
433 5044 725 5100 sentientes
770 5056 954 5097 eorum
1002 5041 1293 5095 ablatorem
1336 5038 1691 5109 justissimum

103 5142 319 5202 Deum,
365 5151 525 5207 quem
567 5141 1005 5203 contempserunt
1048 5132 1486 5202 benignissimum
1534 5132 1694 5203 largi-

104 5241 303 5287 torem.
333 5230 473 5285 Deus
498 5242 626 5298 ergo
654 5236 960 5282 naturarum
986 5223 1224 5279 omnium
1266 5223 1692 5293 sapientissimus

101 5322 350 5378 conditor
399 5328 454 5374 et
493 5317 819 5388 iustissimus
864 5315 1178 5382 ordinator,
1222 5315 1311 5384 qui
1356 5322 1692 5370 terrenorum

104 5403 545 5470 ornamentorum
588 5409 877 5463 maximum
904 5406 1132 5462 instituit
1154 5406 1376 5462 mortale
1400 5422 1566 5476 genus
1594 5406 1693 5462 bu-

105 5520 325 5562 manum
350 5545 367 5571 ,
408 5501 569 5565 dedit
594 5500 897 5556 hominibus
935 5497 1178 5568 quazdam
1220 5499 1359 5554 bona
1401 5497 1524 5555 huic
1566 5500 1691 5555 vita:

105 5610 344 5666 congrua
368 5633 384 5659 ,
435 5592 490 5648 id
537 5601 654 5657 est,
705 5605 891 5661 pacem
939 5588 1285 5658 temporalem
1328 5602 1427 5659 pro
1475 5588 1690 5645 modulo

172 5709 190 5740 ι
219 5708 292 5755 sic
307 5694 415 5755 ass.
438 5703 556 5753 Editi
580 5713 714 5762 vero,

170 5770 192 5831 ξ
215 5767 352 5824 Editi,
377 5778 489 5829 quia
508 5764 577 5818 in.
594 5771 651 5831 at
812 5774 910 5811 non
928 5761 1130 5821 habent,
1155 5760 1283 5823 quia.

171 5830 195 5862 ³
218 5834 293 5879 Fx.
316 5834 369 5877 et
390 5824 517 5886 itas,
540 5824 732 5874 adeunt.

1310 406 1510 463 LIBER
1553 402 1845 461 DECIMUS
1880 402 2124 461 NONUS.

3270 414 3373 470 ΜΞ

1802 516 2044 569 mortalis
2070 516 2191 569 vita:
2232 514 2284 569 in
2325 515 2436 585 ipsa
2462 516 2631 573 salute
2655 525 2709 572 et
2735 518 3093 576 incolumitate
3118 533 3182 577 ac
3204 524 3379 578 socie-

1797 614 1907 660 tate
1952 606 2033 660 sui
2077 606 2289 673 generis
2312 645 2328 672 ,
2358 617 2413 660 et
2453 621 2680 676 qumque
2724 607 2848 664 huic
2891 610 3005 678 paci
3035 612 3120 665 vel
3164 612 3377 667 tuendae

1796 697 1881 751 vel
1906 696 2285 766 recuperandte
2324 699 2622 752 necessaria
2654 709 2816 767 sunt,
2844 700 2981 755 sicut
3004 716 3065 756 ea
3091 716 3211 771 qua:
3252 710 3376 770 apte

1798 801 1861 841 ac
1884 786 2263 842 convenienter
2287 786 2528 855 adjacent
2550 789 2794 843 sensibus
2817 829 2832 855 ,
2862 790 2949 844 lux
2971 831 2986 855 ,
3015 806 3119 844 nox
3141 792 3159 822 ί
3187 831 3204 855 ,
3231 805 3380 844 auras

1798 876 2077 947 spirabiles
2101 918 2117 943 ,
2148 892 2299 946 aqua:
2326 878 2582 945 potabiles
2603 920 2618 943 ,
2648 888 2702 933 et
2729 880 2979 950 quidqttid
3006 881 3073 935 ad
3098 881 3372 946 alendum,

1800 967 2105 1036 tegendum,
2133 966 2425 1022 curandum
2449 968 2849 1037 ornandumque
2877 986 3069 1040 corpus
3090 974 3373 1041 congruit:

1800 1072 1868 1113 eo
1892 1066 2045 1126 pacto
2070 1057 2394 1126 aequissimo,
2417 1066 2474 1111 ut
2492 1058 2581 1126 qui
2606 1060 2842 1113 mortalis
2868 1062 3059 1115 talibus
3084 1062 3236 1117 bonis
3258 1061 3376 1131 paci

1801 1148 2106 1202 mortalium
2133 1148 2546 1201 accommodatis
2588 1157 2735 1202 recte
2762 1165 2887 1203 usus
2916 1150 3112 1217 fuerit,
3155 1151 3380 1220 accipiat

1802 1239 2058 1309 ampliora
2103 1245 2261 1306 atque
2302 1238 2522 1292 meliora
2548 1279 2563 1304 ,
2609 1239 2777 1307 ipsam
2820 1239 3024 1295 scilicet
3065 1241 3381 1295 immortali~
3440 1292 3443 1295 γ

1803 1328 1927 1381 tatis
1950 1342 2154 1395 pacem,
2185 1328 2340 1397 eique
2364 1329 2767 1383 convenientem
2793 1330 3015 1399 gloriam
3041 1339 3095 1385 et
3120 1331 3379 1386 honorem

1806 1416 1857 1470 in
1906 1417 2013 1469 vita
2057 1425 2255 1470 aeterna
2302 1417 2367 1470 ad
2417 1418 2694 1472 fruendum
2744 1419 2889 1483 Deo,
2938 1430 2992 1474 et
3037 1422 3283 1489 proximo
3324 1422 3381 1476 in

1805 1508 1918 1561 Deo
1948 1525 1961 1559 :
1992 1508 2081 1576 qui
2108 1518 2287 1563 autem
2316 1524 2593 1579 perperam
2617 1551 2633 1576 ,
2662 1525 2761 1564 nec
2784 1511 2873 1565 illa
2899 1511 3162 1581 accipiat,
3189 1521 3244 1567 et
3268 1512 3383 1566 bmc

1804 1599 2028 1652 amittat.

1806 1706 2029 1764 CAPUT
2056 1708 2197 1764 XIV.
2227 1740 2297 1750 —
2326 1709 2403 1764 De
2427 1710 2603 1765 ordine
2627 1728 2688 1764 ac
2716 1711 2821 1783 lege
2843 1754 2858 1778 ,
2889 1714 2992 1767 sive
3032 1715 3219 1768 caelesti
3240 1755 3257 1781 ,
3284 1715 3385 1769 sive

1876 1810 2092 1867 terrena,
2116 1818 2207 1871 per
2228 1819 2377 1872 quant
2400 1804 2625 1856 societati
2648 1804 2883 1858 humana:
2903 1806 3051 1859 etiam
3078 1806 3386 1860 dontinando

1875 1893 2173 1960 consulitur,
2195 1893 2277 1946 cui
2294 1902 2342 1947 et
2362 1894 2669 1948 consulendo
2688 1896 2919 1949 servitur.

1876 2002 2060 2057 Omnis
2101 2004 2258 2073 igitur
2285 2019 2414 2058 usus
2442 2020 2619 2059 rerum
2664 2006 3035 2075 temporalium
3061 2005 3295 2061 refertur
3318 2004 3386 2061 ad

1804 2084 2034 2145 fructum
2060 2101 2288 2147 terrente
2313 2094 2458 2161 pacis
2486 2094 2537 2147 in
2563 2093 2774 2148 civitate
2813 2106 3023 2149 terrena
3056 2112 3070 2147 :
3104 2095 3155 2149 in
3181 2093 3388 2151 caelesti

1804 2190 1980 2237 autem
2027 2182 2242 2237 civitate
2287 2181 2518 2237 refertur
2564 2183 2632 2237 ad
2681 2183 2909 2238 fructum
2958 2186 3103 2255 pacis
3148 2195 3386 2240 :eteruae.

1796 2274 2137 2344 Quapropter
2169 2275 2217 2329 si
2262 2274 2587 2330 irrationalia
2613 2291 2855 2332 essemus
2895 2277 3182 2332 animantia
3207 2320 3224 2346 ,
3254 2279 3388 2335 nihil

1802 2372 2177 2433 appeteremus
2200 2371 2394 2433 prteter
2407 2363 2703 2419 ordinatam
2731 2358 3139 2437 temperaturam
3159 2368 3388 2438 partium

1803 2454 2043 2523 corporis
2069 2461 2127 2508 et
2157 2454 2393 2523 requiem
2419 2455 2804 2524 appetitionum
2839 2472 2852 2508 :
2886 2457 3015 2511 nihil
3041 2472 3169 2526 ergo
3196 2466 3389 2527 praeter

1803 2545 2035 2614 quietem
2061 2544 2237 2599 carnis
2262 2552 2317 2599 et
2342 2544 2550 2614 copiam
2576 2545 2929 2615 voluptatum,
2951 2556 3011 2601 ut
3029 2549 3050 2578 ²
3075 2562 3173 2616 pax
3198 2562 3390 2617 corpo-

1803 2635 1877 2691 ris
1901 2634 2179 2705 prodesset
2202 2634 2319 2705 paci
2343 2636 2557 2690 auima:.
2583 2636 2639 2690 Si
2665 2638 2806 2691 enim
2828 2637 2966 2693 desit
2992 2653 3095 2708 pax
3123 2638 3387 2709 corporis,

1802 2724 2090 2795 impeditur
2106 2725 2265 2781 etiam
2283 2726 2606 2781 irrationalis
2632 2742 2733 2797 pax
2756 2728 2979 2794 animae;
2998 2729 3121 2798 quia
3148 2730 3388 2800 requiem

1802 2819 2189 2889 appetitionum
2216 2818 2471 2888 consequi
2511 2834 2619 2874 non
2660 2829 2858 2891 potest.
2890 2820 3183 2891 Utrumque
3210 2831 3390 2877 autem

1802 2910 1963 2965 simul
1987 2911 2035 2966 ei
2064 2912 2178 2981 paci
2205 2910 2442 2981 prodest,
2473 2926 2633 2981 quam
2665 2913 2805 2967 inter
2830 2927 2888 2968 se
2912 2912 3109 2968 habent
3134 2913 3309 2968 anima
3334 2922 3392 2971 et

1802 3015 1998 3072 corpus
2022 3041 2038 3068 ,
2067 3001 2119 3056 id
2146 3010 2265 3069 est,
2295 3002 2553 3057 ordinate
2575 3003 2696 3058 vita:
2722 3018 2785 3058 ac
2827 3003 3031 3059 salutis.
3058 3003 3206 3060 Sicut
3245 3004 3390 3063 enim

1803 3106 1987 3161 pacem
2015 3093 2254 3162 corporis
2280 3107 2463 3149 amare
2500 3108 2560 3149 se
2590 3094 2877 3149 ostendunt
2904 3095 3194 3149 animantia
3219 3137 3235 3160 ,
3265 3110 3390 3151 cum

1805 3184 2008 3254 fugiunt
2022 3183 2283 3249 dolorem;
2304 3194 2355 3239 et
2372 3200 2555 3255 pacem
2574 3187 2786 3253 animae,
2804 3202 2927 3243 cum
2946 3198 3163 3259 propter
3178 3189 3391 3259 explen-

1802 3274 1900 3330 das
1936 3274 2254 3346 indigentias
2275 3277 2658 3346 appetitionum
2696 3280 3019 3349 voluptatem
3045 3290 3340 3349 sequuntur
3371 3297 3389 3335 :

1804 3365 1874 3420 ita
1918 3373 2145 3421 mortem
2175 3365 2423 3436 fugiendo
2451 3368 2581 3423 satis
2608 3368 2846 3424 indicant
2885 3380 3141 3440 quantum
3167 3370 3393 3442 diligant

1802 3475 1991 3531 pacem
2014 3503 2031 3529 ,
2058 3475 2160 3532 qua
2196 3461 2298 3517 sibi
2340 3463 2694 3519 conciliantur
2720 3464 2895 3519 anima
2938 3474 2994 3521 et
3035 3479 3250 3535 corpus.
3281 3464 3393 3520 Sed

1801 3551 1925 3620 quia
1954 3550 2157 3605 homini
2183 3551 2458 3607 rationalis
2483 3553 2660 3608 anima
2702 3554 2879 3621 inest,
2910 3564 3078 3610 totum
3108 3555 3211 3611 hoc
3248 3554 3391 3626 quod

1802 3640 1964 3697 habet
1989 3655 2276 3696 commune
2299 3656 2420 3695 cum
2449 3642 2634 3697 bestiis
2656 3683 2672 3709 ,
2715 3644 2895 3699 subdit
2921 3644 3040 3713 paci
3081 3647 3274 3713 animm
3299 3659 3390 3699 rao

1802 3732 2037 3797 tionalis,
2066 3740 2127 3786 ut
2150 3739 2329 3787 mente
2351 3732 2548 3800 aliquid
2575 3734 2986 3803 contempletur,
3013 3744 3069 3789 et
3093 3735 3387 3793 secundum

1800 3824 1905 3879 hoc
1928 3823 2130 3893 aliquid
2155 3830 2315 3893 agat,
2356 3831 2415 3878 ut
2437 3823 2507 3878 sit
2529 3824 2581 3879 ei
2604 3824 2845 3879 ordinata
2872 3826 3193 3896 cognitionis
3215 3827 3388 3882 actio-

1800 3915 1992 3985 nisque
2019 3914 2301 3970 consensio
2324 3955 2339 3979 ,
2366 3928 2526 3984 quam
2546 3906 2736 3984 pacem
2764 3916 3043 3971 rationalis
3082 3917 3276 3973 animae
3300 3918 3388 3973 di-

1800 4018 2069 4060 xeramus.
2098 4002 2181 4060 Ad
2210 4004 2310 4059 hoc
2334 4006 2476 4058 enim
2518 4006 2656 4061 velle
2680 4005 2842 4061 debet
2881 4022 2981 4063 nec
3006 4007 3195 4065 dolore
3220 4009 3389 4065 mole-

1798 4093 1950 4162 stari,
1978 4107 2078 4149 nec
2105 4093 2373 4149 desiderio
2399 4095 2719 4164 perturbari,
2742 4110 2844 4151 nec
2868 4106 3040 4154 morte
3064 4098 3307 4166 dissolvi,
3329 4108 3389 4156 ut

1798 4186 1995 4257 aliquid
2019 4186 2149 4241 utile
2164 4194 2469 4256 cognoscat,
2487 4196 2542 4241 et
2566 4188 2859 4243 secundum
2883 4203 3003 4244 eam
3027 4192 3386 4262 cognitionem

1798 4277 1961 4332 vitam
2003 4290 2287 4348 moresque
2330 4287 2637 4347 componat.
2670 4278 2775 4335 Sed
2820 4294 2890 4337 ne
2932 4281 3049 4351 ipso
3091 4283 3270 4339 studio
3296 4299 3390 4339 co-

1797 4368 2052 4438 gnitionis
2100 4376 2319 4437 propter
2367 4367 2617 4424 humana:
2668 4371 2863 4426 mentis
2915 4372 3277 4429 infirmitatem
3331 4375 3388 4431 in

1799 4470 2004 4531 pestem
2022 4460 2247 4531 alicujus
2261 4462 2462 4518 erroris
2479 4464 2734 4529 incurrat,
2754 4479 2889 4533 opus
2908 4464 3065 4520 habet
3081 4466 3389 4536 magisterio

1799 4554 1980 4609 divino
2002 4596 2018 4619 ,
2049 4555 2134 4609 cui
2160 4564 2338 4609 certus
2358 4554 2730 4623 obtemperet,
2758 4565 2812 4609 et
2837 4555 3105 4623 adjutorio
3127 4597 3144 4622 ,
3172 4566 3228 4611 ut
3249 4556 3389 4612 liber

1798 4646 2152 4714 obtemperet.
2184 4645 2251 4699 Et
2276 4645 2549 4714 quoniam,
2574 4645 2826 4715 quamdiu
2852 4655 2935 4700 est
2960 4647 3011 4699 in
3041 4648 3144 4702 isto
3169 4649 3385 4704 mortali

1798 4750 2044 4806 corpore,
2068 4736 2436 4804 peregrinatur
2460 4751 2491 4790 a
2522 4735 2749 4790 Domino
2773 4752 2787 4801 ;
2816 4737 3053 4791 ambulat
3076 4753 3175 4807 per
3200 4738 3382 4806 fidem,

1799 4841 1905 4881 non
1932 4840 2028 4895 per
2054 4825 2286 4893 Speciem
2305 4824 2370 4897 (ll
2386 4824 2504 4879 Cor.
2521 4840 2574 4892 v,
2599 4828 2634 4881 ϐ
2650 4836 2698 4880 et
2718 4826 2806 4898 7):
2832 4842 2895 4882 ac
2919 4843 3015 4897 per
3042 4828 3144 4883 hoc
3169 4844 3385 4886 omnem

1798 4930 1983 4985 pacem
2008 4915 2094 4970 vel
2136 4914 2377 4985 corporis
2400 4956 2416 4981 ,
2445 4915 2531 4970 vel
2573 4916 2765 4971 anima:
2788 4958 2803 4983 ,
2833 4918 2917 4972 vel
2944 4919 3099 4973 simul
3144 4921 3389 4989 corporis

1796 5014 1853 5061 et
1877 5005 2088 5071 animm,
2115 5007 2279 5060 refert
2303 5005 2370 5059 ad
2396 5006 2539 5061 illam
2566 5021 2774 5076 pacem,
2800 5023 2918 5078 quae
2945 5008 3147 5063 homini
3175 5011 3385 5065 mortali

1799 5104 1883 5151 est
1906 5111 2027 5150 cum
2056 5096 2342 5149 immortali
2372 5095 2517 5161 Deo;
2550 5104 2608 5150 ut
2631 5095 2682 5151 ei
2711 5098 2782 5151 sit
2806 5098 3048 5152 ordinata
3074 5099 3126 5153 in
3154 5099 3259 5154 fide
3284 5099 3385 5154 sub

1801 5195 2003 5242 aeterna
2026 5186 2145 5256 lege
2169 5185 2496 5241 obedientia.
2536 5185 2654 5240 Jam
2685 5201 2813 5242 vero
2836 5189 2958 5257 quia
2984 5189 3091 5243 duo
3117 5189 3385 5258 praecipua

1800 5283 2103 5347 praecepta,
2151 5275 2256 5329 hoc
2278 5284 2399 5341 est,
2444 5274 2782 5331 dilectionem
2810 5277 2905 5331 Dei
2948 5286 3004 5332 et
3042 5277 3382 5335 dilectionem

1800 5367 2069 5437 proximi,
2099 5367 2257 5423 docet
2279 5367 2534 5438 magister
2557 5366 2734 5431 Deus;
2763 5366 2819 5421 in
2842 5368 3034 5437 quibus
3060 5370 3159 5423 tria
3183 5369 3388 5424 invenit

1802 5459 1965 5514 homo
1992 5472 2114 5528 quae
2136 5457 2358 5528 diligat,
2388 5457 2555 5512 Deum
2579 5497 2593 5522 ,
2623 5471 2682 5512 se
2708 5457 2881 5527 ipsum
2902 5498 2918 5524 ,
2946 5466 3002 5513 et
3042 5458 3383 5528 proximum;

1860 5638 1878 5667 ι
1919 5636 1993 5683 sic
2025 5646 2098 5701 ex
2114 5634 2399 5701 auctoritate
2403 5643 2528 5701 __Mss.
2552 5636 2825 5701 legendum
2856 5637 3039 5701 iudicat
3057 5638 3203 5701 ntere!
3220 5672 3237 5698 ,
3276 5639 3386 5690 Ele-

1796 5696 2167 5764 menuitxitic"
2196 5707 2307 5758 pag.
2355 5697 2462 5747 153.
2503 5703 2555 5748 tn
2589 5696 2658 5762 si,
2684 5697 2771 5750 luas
2805 5696 2901 5752 isia
2936 5698 3134 5753 visibilis
3156 5737 3172 5763 ,
3214 5696 3386 5764 (iure,

1799 5764 1896 5807 etC.
1960 5763 2020 5804 Μ.

1863 5819 1884 5848 ¹
1907 5817 2012 5868 Sola
2035 5816 2184 5869 editio
2200 5823 2311 5870 ων.
2331 5823 2396 5871 et.
