4004 6530
586 383 689 435 ὓδίε

590 504 749 561 atque
774 488 861 543 ille
890 487 941 542 in
968 501 1026 540 se
1052 480 1313 552 diligendo
1340 494 1441 533 non
1467 487 1611 531 errat
1635 479 1724 547 qui
1746 477 1916 546 diligit
1944 479 2105 532 Deum
2134 495 2145 529 :

593 594 922 649 consequens
968 584 1086 639 est,
1132 582 1191 627 ut
1230 571 1392 625 etiam
1436 569 1679 639 proximo
1720 568 1786 621 ad
1830 568 2150 636 diligendum

593 671 757 725 Deum
783 666 1041 728 consulat,
1064 678 1220 733 quem
1246 661 1455 730 jubetur
1480 660 1618 712 sicut
1641 673 1699 713 se
1719 658 1889 727 ipsum
1910 657 2147 726 diligere.

591 762 679 817 Sic
708 760 874 822 uxori,
903 758 978 811 sic
1004 755 1143 819 ﬁliis,
1173 754 1249 808 sic
1274 750 1600 816 domesticis,
1628 751 1706 803 sic
1731 749 1935 803 caeteris
1962 747 2153 817 quibus

588 849 819 917 potuerit
858 844 1194 907 hominibus;
1243 849 1297 895 et
1340 840 1405 894 ad
1450 839 1550 893 hoc
1591 839 1692 893 sibi
1720 854 1749 891 a
1780 838 2020 907 proximo
2044 878 2059 902 ,
2107 837 2152 890 si

589 937 725 992 forte
751 937 985 1006 indiget,
1012 933 1216 989 consuli
1240 932 1367 986 velit
1397 946 1410 982 :
1441 945 1504 984 ac
1528 944 1622 998 per
1648 928 1748 981 hoc
1772 928 1873 982 erit
1898 935 2112 995 pacatus
2136 966 2150 989 ,

587 1036 842 1097 quantum
870 1026 922 1079 in
965 1025 1081 1094 ipso
1105 1029 1188 1077 est
1208 1064 1222 1086 ,
1251 1021 1395 1075 omni
1422 1019 1620 1073 homini
1645 1059 1660 1083 ,
1688 1032 1815 1087 pace
1841 1016 2109 1070 hominum
2134 1056 2150 1081 ,

587 1116 639 1170 id
666 1126 747 1171 est
767 1115 1006 1169 ordinata
1031 1111 1345 1168 concordia:
1366 1110 1514 1178 cujus
1540 1108 1625 1162 hic
1649 1108 1778 1161 ordo
1800 1115 1901 1171 est,
1924 1107 2150 1175 primum

589 1215 646 1259 ut
673 1205 803 1258 nulli
846 1211 1070 1267 noceat,
1098 1199 1291 1256 deinde
1317 1208 1372 1253 ut
1410 1200 1565 1252 etiam
1590 1198 1755 1267 prosit
1778 1197 1861 1251 cui
1901 1197 2148 1264 potuerit.

588 1295 836 1348 Primitus
879 1308 1005 1363 ergo
1031 1293 1169 1346 inest
1209 1290 1257 1344 ei
1284 1303 1496 1343 suorum
1540 1302 1664 1340 cura
1700 1304 1712 1339 :
1744 1286 1809 1339 ad
1844 1301 1935 1339 eos
1960 1284 2153 1353 quippe

588 1383 749 1437 habet
764 1382 1195 1451 opportuniorem
1209 1379 1598 1445 facilioremque
1612 1376 1809 1429 aditum
1822 1375 2149 1439 consulendi,

588 1473 678 1527 vel
723 1481 927 1525 natura:
969 1471 1191 1532 ordine,
1238 1468 1322 1521 vel
1369 1466 1532 1535 ipsius
1576 1465 1843 1519 societatis
1886 1464 2149 1517 humanm.

588 1562 742 1617 Unde
766 1562 1048 1630 Apostolus
1072 1559 1198 1613 dicit
1228 1575 1240 1609 :
1277 1556 1509 1624 Quisquis
1533 1564 1699 1607 autem
1722 1556 1846 1619 suis,
1871 1563 1915 1607 et
1939 1555 2154 1607 maxime

589 1653 870 1706 domesticis
898 1667 997 1704 non
1025 1649 1282 1719 providet,
1310 1647 1462 1715 ﬁdem
1488 1646 1695 1716 denegat
1720 1685 1736 1711 ,
1777 1654 1821 1697 et
1863 1654 1933 1697 est
1958 1644 2153 1711 infideli

589 1742 803 1796 deterior
821 1741 859 1811 (Ι
883 1740 1016 1793 Tim.
1033 1756 1085 1803 v,
1104 1739 1179 1810 8).
1199 1738 1333 1792 Hinc
1359 1737 1536 1805 itaque
1562 1736 1718 1789 etiam
1747 1750 1848 1802 pax
1865 1733 2151 1787 domestica

587 1832 776 1895 oritur,
810 1829 861 1883 id
890 1837 990 1894 est,
1020 1827 1257 1881 ordinata
1289 1823 1579 1894 imperandi
1607 1822 1991 1889 obediendique
2018 1836 2149 1875 cou-

590 1919 770 1972 cordia
794 1917 1227 1971 cohabitantium.
1258 1914 1524 1982 Imperant
1551 1912 1692 1966 enim
1717 1911 1804 1980 qui
1830 1910 2110 1965 consulunt
2133 1926 2147 1961 :

587 2010 723 2064 sicut
748 2010 829 2062 vir
866 2008 1022 2063 uxori
1048 2048 1061 2067 ,
1095 2012 1342 2075 parentes
1369 2003 1490 2056 ﬁliis
1514 2042 1529 2068 ,
1557 2000 1756 2054 domini
1798 2000 1987 2053 servis.
2017 1998 2153 2053 Obc-

591 2100 740 2153 tliunt
778 2107 954 2152 autem
979 2097 1168 2166 quibus
1211 2094 1503 2149 consulitur
1534 2110 1548 2145 :
1582 2092 1719 2145 sicut
1763 2090 2011 2143 mulieres
2040 2103 2151 2141 ma-

588 2189 702 2241 ritis
725 2228 740 2253 ,
772 2187 865 2241 ﬁlii
910 2185 1215 2256 parentibus
1239 2225 1253 2249 ,
1286 2184 1429 2237 servi
1471 2180 1718 2235 dominis.
1747 2179 1849 2234 Sed
1894 2180 1945 2231 iu
1992 2178 2150 2233 domo

583 2277 712 2344 justi
739 2276 965 2331 viventis
991 2290 1052 2329 ex
1099 2274 1200 2328 ﬁde
1225 2315 1239 2339 ,
1270 2282 1325 2326 et
1360 2270 1533 2325 adhuc
1576 2270 1641 2324 ab
1670 2271 1756 2324 illa
1781 2268 1982 2323 caelesti
2024 2263 2160 2322 civi?

589 2376 695 2421 tate
743 2366 1161 2436 peregrinantis,
1215 2364 1374 2416 etiam
1420 2360 1511 2429 qui
1560 2362 1855 2428 imperant,
1911 2358 2152 2411 serviunt

588 2458 704 2522 eis,
737 2458 924 2526 quibus
968 2455 1215 2509 videntur
1258 2454 1539 2521 imperare.
1570 2450 1750 2518 Neque
1794 2449 1933 2503 enim
1976 2448 2149 2502 domi-

588 2547 746 2601 nandi
788 2546 1075 2615 cupiditate
1121 2546 1422 2613 imperant,
1454 2540 1547 2595 sed
1593 2540 1770 2593 oflicio
1799 2539 2145 2603 consulendi;

586 2652 684 2691 nec
729 2635 1057 2707 principandi
1102 2634 1387 2704 superbia,
1438 2631 1531 2686 scd
1579 2628 1893 2701 providendi
1937 2627 2149 2682 miscri-

581 2728 779 2782 cordia.

583 2840 806 2895 CAPUT
834 2839 949 2894 XV.
981 2868 1051 2879 -
1080 2838 1153 2893 De
1192 2838 1414 2891 libertate
1439 2833 1658 2888 naturali
1683 2873 1695 2894 ,
1726 2842 1770 2885 et
1797 2831 1857 2884 de
1881 2832 2109 2885 servitute
2129 2863 2151 2898 ,

654 2932 799 2999 cujus
844 2931 1005 2999 prima
1033 2945 1186 2982 causa
1232 2937 1487 2998 peccatum
1528 2935 1599 2979 est
1625 2965 1638 2989 ,
1670 2940 1769 2993 qua
1812 2924 1958 2976 homo
2003 2923 2151 2976 mala:

650 3018 920 3072 voluntatis
937 3018 1130 3071 etiamsi
1155 3033 1253 3069 non
1269 3026 1341 3069 est
1365 3015 1671 3083 mancipium
1685 3013 1890 3066 alterius
1911 3012 2145 3076 hominis,

652 3123 818 3160 servus
837 3118 908 3160 est
928 3107 1147 3177 propria:
1171 3106 1410 3159 libidinis.

652 3219 764 3272 Hoc
792 3219 1046 3273 naturalis
1074 3216 1207 3273 ordo
1235 3214 1524 3286 priescribit
1550 3231 1565 3280 ;
1596 3214 1665 3268 ita
1696 3212 1841 3269 Deus
1883 3211 2148 3268 hominem

582 3310 839 3365 condidit.
883 3310 1013 3363 Nam
1035 3350 1050 3375 ,
1080 3308 1379 3362 Dominetur
1401 3347 1417 3373 ,
1449 3307 1655 3375 inquit,
1703 3306 1916 3375 piscium
1956 3306 2109 3359 maris
2132 3346 2147 3370 ,

582 3414 630 3456 ct
673 3403 949 3455 volatilium
992 3401 1101 3455 caeli
1125 3441 1140 3465 ,
1168 3409 1212 3453 et
1255 3400 1477 3453 omnium
1520 3398 1793 3467 repentium
1819 3412 1931 3466 qua:
1972 3404 2150 3467 repunt

579 3509 730 3563 super
775 3502 958 3545 terram
1003 3489 1172 3561 (Gen.
1220 3505 1274 3554 ι,
1305 3488 1437 3558 26).
1469 3487 1795 3541 Rationalem
1840 3486 2035 3541 factum
2080 3486 2147 3540 ad

579 3582 860 3651 imaginem
888 3594 1035 3634 suam
1063 3579 1226 3633 noluit
1249 3579 1349 3632 nisi
1380 3576 1823 3632 irrationabilibus
1848 3576 2105 3630 dominari
2130 3592 2142 3627 :

577 3689 682 3727 non
727 3672 995 3726 hominem
1046 3670 1282 3735 homini,
1328 3668 1424 3724 sed
1470 3668 1736 3721 hominem
1780 3667 1977 3737 pecori.
2022 3666 2148 3721 Inde

576 3764 732 3833 primi
777 3763 945 3833 justi,
995 3772 1233 3831 pastores
1281 3774 1530 3831 pecorum
1580 3759 1746 3828 magis
1788 3773 1947 3828 quam
1994 3772 2147 3827 reges

574 3855 845 3909 hominum
864 3855 1132 3909 constituti
1154 3864 1308 3908 sunt:
1328 3860 1385 3907 ut
1402 3852 1560 3906 etiam
1578 3850 1656 3905 sic
1675 3850 1964 3904 insinuaret
1985 3850 2141 3912 Deus,

574 3946 698 4015 quid
723 3945 954 4015 postulet
979 3944 1111 3999 ordo
1134 3952 1517 4007 creaturarum,
1546 3939 1671 4010 quid
1697 3940 1871 4008 exigat
1898 3939 2144 3993 meritum

572 4047 929 4107 peccatorum.
948 4034 1191 4090 Conditio
1205 4034 1399 4103 quippe
1416 4031 1688 4086 servitutis
1701 4029 1819 4098 jure
1837 4028 2147 4099 intelligitur

574 4126 821 4194 imposita
877 4123 1160 4193 peccatori.
1190 4120 1421 4177 Proinde
1464 4134 1722 4189 nusquam
1753 4117 2143 4189 Scripturarum

570 4215 794 4285 legimus
818 4228 1028 4268 servum
1055 4254 1070 4276 ,
1116 4221 1394 4280 antequam
1436 4210 1538 4264 hoc
1562 4208 1817 4263 vocabulo
1840 4208 1952 4262 Noe
1973 4207 2145 4276 justus

572 4316 848 4377 peccatum
877 4304 966 4359 ﬁlii
992 4304 1284 4357 vindicaret
1311 4300 1433 4371 (Id.
1463 4317 1518 4355 ix
1541 4342 1555 4364 ,
1585 4300 1656 4352 25
1673 4297 1712 4369 ).
1742 4299 1943 4352 Nomen
1969 4299 2145 4367 itaque

574 4395 713 4451 istud
736 4396 889 4463 culpa
916 4393 1129 4456 meruit,
1158 4407 1262 4445 non
1288 4398 1491 4443 natura.
1519 4388 1678 4457 Origo
1703 4396 1876 4440 autem
1902 4387 2143 4440 vocabuli

572 4501 851 4561 servorum
875 4486 927 4539 in
956 4485 1115 4538 latina
1141 4482 1317 4551 lingua
1360 4480 1483 4534 inde
1523 4478 1759 4533 creditur
1781 4478 1934 4532 ducta
1958 4518 1973 4543 ,
2002 4476 2142 4547 quod

570 4582 625 4637 bi
670 4582 758 4652 qui
798 4581 917 4649 jure
962 4578 1088 4633 belli
1135 4583 1353 4646 possent
1396 4571 1601 4631 occidi,
1634 4586 1665 4624 a
1695 4570 1981 4624 victoribus
2021 4584 2142 4623 cum

565 4674 929 4734 servabantur,
953 4670 1091 4725 servi
1114 4669 1327 4730 ﬁebant,
1360 4680 1391 4719 a
1420 4663 1678 4720 servando
1700 4662 1977 4731 appellati;
2000 4660 2141 4731 quod

566 4765 725 4819 etiam
754 4762 923 4831 ipsum
952 4761 1068 4815 sine
1088 4758 1286 4828 peccati
1311 4756 1499 4810 merito
1521 4768 1626 4808 non
1651 4763 1753 4807 est.
1779 4752 1908 4805 Nam
1936 4761 1989 4806 et
2016 4766 2139 4805 cum

563 4856 766 4924 justum
812 4852 1011 4922 geritur
1056 4848 1251 4903 bellum
1275 4890 1291 4912 ,
1340 4860 1435 4915 pro
1477 4852 1696 4915 peccato
1737 4852 1792 4897 et
1818 4858 1846 4895 a
1875 4842 2140 4897 contrario

569 4944 852 4997 dimicatur
882 4942 897 4971 ¹
934 4958 946 4993 :
978 4948 1032 4994 ct
1054 4938 1227 4993 omnis
1250 4935 1488 4998 victoria,
1516 4949 1635 4989 cum
1661 4933 1818 4987 etiam
1843 4934 1995 4987 malis
2020 4947 2144 5001 pro—

569 5034 752 5097 venit,
779 5030 958 5086 divino
992 5029 1190 5098 judicio
1213 5028 1380 5082 victos
1418 5026 1660 5079 humiliat
1685 5065 1699 5087 ,
1727 5023 1809 5077 vel
1852 5022 2140 5077 emendans

562 5133 780 5195 peccata
804 5165 820 5189 ,
852 5123 933 5177 vel
975 5122 1218 5190 puniens.
1265 5118 1437 5173 Testis
1464 5124 1547 5171 est
1588 5116 1747 5168 homo
1776 5114 1869 5167 Dei
1915 5113 2135 5177 Daniel,

561 5230 681 5268 cum
726 5215 777 5267 in
825 5212 1128 5281 captivitate
1172 5209 1414 5279 positus,
1443 5214 1658 5277 peccata
1703 5219 1797 5258 sua
1825 5214 1880 5257 et
1923 5212 2137 5272 peccata

562 5306 744 5374 populi
769 5303 851 5357 sui
876 5302 1157 5357 conﬁtetur
1184 5300 1292 5353 Deo
1317 5337 1332 5363 ,
1360 5306 1415 5352 et
1438 5297 1575 5349 hanc
1598 5309 1718 5349 esse
1756 5308 1968 5347 causam
1998 5292 2137 5345 illius

565 5394 880 5463 captivitatis
904 5393 990 5461 pio
1014 5391 1194 5445 dolore
1222 5396 1441 5442 testatur
1470 5385 1626 5455 (Dan.
1656 5399 1733 5448 tx,
1761 5383 1932 5451 549).
1960 5383 2137 5437 Prima

568 5497 694 5552 ergo
730 5482 997 5537 servitutis
1022 5494 1179 5535 causa
1206 5486 1480 5547 peccatum
1506 5482 1588 5527 est
1611 5490 1625 5538 ;
1655 5481 1712 5525 ut
1751 5472 1909 5526 homo
1937 5470 2136 5525 homini

636 5593 675 5639 ί.
697 5591 832 5640 Vind.
858 5598 957 5639 Am.
984 5596 1037 5639 et
1074 5588 1254 5650 aliquot
1278 5593 1403 5637 Mss..
1426 5594 1515 5645 pro
1534 5587 1726 5642 peccato
1744 5593 1771 5630 e
1803 5580 2041 5650 contrario
2062 5579 2138 5650 di-

569 5639 793 5700 micaturi.
827 5658 904 5697 Er.
931 5657 983 5698 et
998 5650 1077 5697 alii
1098 5639 1293 5709 quidam
1314 5639 1440 5700 Mss;
1464 5639 1553 5704 pro
1573 5650 1765 5703 peccato
1786 5639 2022 5709 contrario
2040 5639 2151 5709 ,αξ--

562 5711 795 5821 ἶηξεαωτή
811 5735 874 5746 -
907 5712 1057 5757 Nostri
1078 5700 1288 5765 codices,
1311 5716 1399 5767 pro
1419 5700 1609 5766 peccato
1628 5716 1653 5752 e
1678 5700 1917 5751 contrario
1933 5700 2136 5751 dimica-

587 5784 660 5820 ur.
802 5808 813 5819 .
1566 5800 1569 5803 ‹

587 5784 660 5820 ur.
757 5784 813 5819 il.
1566 5800 1569 5803 ‹

1659 365 1743 419 DE
1782 363 2098 421 CIVITATE
2139 366 2271 431 DEI,
2313 365 2371 421 S.
2406 365 2765 423 AUGUSTINI
3586 372 3597 381 ’
3712 382 3803 439 6H

2259 478 2573 533 conditionis
2592 480 2797 533 vinculo
2821 477 3135 533 subderetur
3168 496 3181 532 :
3213 482 3353 550 quod
3382 497 3488 538 non
3514 486 3570 540 ﬁt
3594 488 3687 544 nisi
3709 492 3807 548 Deo

2252 569 2521 638 judicante
2544 612 2559 636 ,
2608 569 2743 639 apud
2774 584 2931 639 quem
2980 584 3085 623 non
3116 579 3197 625 est
3242 571 3494 641 iniquitas
3518 615 3535 640 ,
3582 586 3632 630 et
3672 586 3809 638 novit

2255 659 2495 713 diversas
2542 674 2725 728 ptenas
2774 658 2979 713 meritis
3022 655 3345 716 distribuere
3390 662 3805 733 delinquentium.

2255 749 2402 805 Sicut
2427 760 2602 804 autem
2640 765 2899 819 supernus
2927 750 3181 804 Dominus
3206 751 3371 818 dicit,
3405 752 3580 809 Omnis
3603 759 3685 827 qui
3704 761 3811 827 facit

2256 851 2511 911 peccatum
2535 882 2549 907 ,
2578 858 2744 896 servus
2770 852 2843 896 est
2868 843 3056 909 peccati
3078 844 3097 912 (
3119 842 3274 896 Joan.
3304 860 3395 898 vnt
3418 885 3433 909 ,
3464 845 3571 917 5i)
3605 865 3616 899 :
3645 864 3704 904 ac
3726 867 3812 919 per

2257 930 2358 984 hoc
2383 931 2755 999 multiquitlem
2783 930 3013 999 religiosi
3032 931 3260 985 dominis
3286 933 3501 1002 iniquis,
3522 951 3622 989 non
3650 947 3811 994 tamen

2258 1019 2434 1073 liberis
2461 1020 2697 1074 serviunt
2729 1037 2742 1074 :
2773 1021 2816 1071 A
2844 1036 2943 1090 quo
2969 1021 3100 1074 enim
3123 1022 3233 1090 quis
3255 1023 3480 1077 devictus
3504 1034 3574 1077 est
3596 1069 3606 1090 ,
3640 1028 3747 1081 huic
3771 1041 3811 1083 et

2254 1126 2421 1164 servus
2447 1112 2672 1164 addictus
2699 1122 2771 1164 est
2799 1110 2866 1181 (ll
2894 1110 3037 1165 Petr.
3067 1127 3104 1165 ιι
3129 1153 3144 1176 ,
3178 1112 3286 1181 l9).
3321 1114 3390 1167 Et
3418 1116 3597 1184 utique
3623 1117 3813 1174 felicius

2255 1200 2482 1253 servitur
2525 1200 2722 1253 homini
2747 1240 2763 1265 ,
2790 1214 2948 1268 quam
2989 1200 3193 1253 libidini
3218 1217 3232 1265 ;
3263 1217 3385 1255 cum
3416 1205 3702 1260 saevissimo
3728 1207 3812 1261 do-

2255 1290 2454 1342 minatu
2484 1298 2653 1343 vastet
2692 1288 2851 1343 corda
2899 1291 3238 1355 mortalium,
3271 1299 3329 1345 ut
3374 1292 3508 1347 alias
3549 1296 3811 1362 omittam,

2255 1379 2417 1432 libido
2465 1380 2575 1449 ipsa
2604 1379 2930 1434 dominandi.
2964 1380 3274 1433 Hominibus
3324 1390 3506 1436 autem
3553 1383 3640 1438 illo
3683 1388 3813 1454 pacis

2254 1470 2476 1532 ordine,
2506 1485 2610 1539 quo
2656 1470 2772 1524 aliis
2818 1470 2905 1522 alii
2957 1470 3182 1538 subjecti
3234 1479 3397 1536 sunt,
3430 1472 3570 1527 sicut
3616 1476 3816 1542 prodest

2254 1560 2522 1615 humilitas
2573 1560 2928 1615 servientibus
2959 1602 2975 1627 ,
3029 1562 3101 1613 ita
3153 1570 3311 1615 nocet
3360 1563 3609 1630 superbia
3657 1564 3815 1620 domi-

2255 1650 2519 1703 nantibus.
2550 1649 2734 1703 Nullus
2777 1657 2954 1703 autem
2997 1658 3184 1705 natura
3209 1689 3223 1712 ,
3256 1650 3309 1702 in
3355 1666 3463 1719 qua
3508 1653 3651 1720 prius
3692 1655 3818 1709 Deus

2255 1739 2522 1792 hominem
2550 1738 2823 1803 condidit,
2849 1753 3033 1792 servus
3074 1747 3155 1792 est
3182 1738 3414 1792 hominis
3440 1779 3456 1802 ,
3487 1751 3578 1793 aut
3607 1743 3815 1810 peccati.

2254 1828 2447 1883 Verum
2478 1838 2531 1882 et
2558 1827 2781 1896 poenalis
2823 1826 3051 1881 servitus
3094 1842 3156 1880 ea
3201 1828 3318 1896 lege
3346 1828 3665 1892 ordinatur,
3711 1846 3819 1900 quas

2253 1917 2541 1971 naturalem
2560 1916 2798 1970 ordinem
2813 1918 3116 1969 conservari
3139 1916 3310 1984 jubet,
3330 1918 3635 1985 perturbari
3652 1928 3813 1973 vetat:

2252 2006 2371 2074 quia
2388 2006 2433 2063 si
2457 2014 2638 2060 contra
2664 2019 2781 2059 eam
2808 2005 2974 2074 legem
2991 2020 3098 2058 non
3125 2012 3267 2058 esset
3291 2004 3517 2071 factum,
3535 2007 3663 2060 nihil
3690 2018 3821 2064 esset

2253 2096 2449 2165 ptenali
2502 2096 2758 2150 servitute
2815 2094 3189 2171 coercendum.
3254 2095 3491 2164 Ideoque
3546 2099 3819 2166 Apostolus

2251 2184 2409 2239 etiam
2436 2198 2616 2238 servos
2643 2192 2822 2238 monet
2846 2184 3083 2237 subditos
3109 2198 3227 2238 esse
3251 2184 3488 2240 dominis
3514 2188 3625 2240 suis
3647 2228 3661 2251 ,
3692 2197 3744 2241 et
3762 2205 3823 2243 ex

2250 2274 2429 2327 animo
2457 2274 2535 2327 eis
2561 2288 2677 2327 cum
2705 2272 2842 2326 bona
2862 2273 3131 2327 voluntate
3161 2274 3362 2328 servire
3384 2274 3609 2343 (Ephes.
3640 2294 3709 2342 v1,
3731 2280 3780 2347 5)
3806 2297 3818 2333 :

2252 2373 2312 2420 ut
2360 2365 2596 2429 scilicet,
2628 2365 2672 2419 si
2719 2380 2825 2418 non
2875 2374 3151 2433 possunta
3186 2365 3421 2419 dominis
3477 2368 3628 2421 liberi
3676 2368 3818 2435 ﬁeri,

2251 2470 2398 2510 suam
2427 2455 2734 2511 servitutem
2778 2456 2877 2523 ipsi
2908 2456 3298 2525 quodammodo
3324 2457 3556 2512 liberam
3603 2460 3817 2526 faciant;

2251 2560 2357 2600 non
2384 2547 2572 2599 timore
2597 2544 2819 2599 subdolo
2842 2585 2859 2610 ,
2888 2544 2981 2599 sed
3020 2545 3162 2598 ﬁdeli
3189 2545 3486 2605 dilectione
3512 2550 3784 2603 serviendo
3803 2590 3818 2615 ,

2250 2634 2421 2687 donec
2464 2642 2698 2687 transeat
2726 2633 2975 2702 iniquitas
2999 2674 3013 2696 ,
3044 2642 3099 2687 et
3143 2646 3437 2688 evacuetur
3482 2640 3658 2691 omnis
3687 2641 3820 2707 prin-

2250 2724 2453 2792 cipatus
2476 2762 2492 2789 ,
2520 2732 2574 2778 et
2611 2731 2845 2792 potestas
2889 2724 3113 2778 humana
3141 2765 3156 2791 ,
3187 2732 3243 2779 et
3271 2726 3340 2779 sit
3369 2726 3519 2781 Deus
3562 2730 3736 2783 omnia
3777 2731 3822 2784 in

2250 2812 2515 2867 omnibus.

2410 2922 2631 2979 CAPUT
2672 2922 2808 2977 XVI.
2830 2952 2901 2963 —
2941 2923 3015 2978 De
3038 2940 3181 2994 azquo
3200 2926 3323 2996 jure
3349 2928 3666 2983 dominandi.

2320 3035 2574 3103 Quocirca
2603 3036 2810 3089 etiamsi
2842 3034 3141 3090 habuerunt
3162 3052 3346 3092 servos
3371 3039 3508 3107 justi
3540 3050 3714 3108 patres
3741 3056 3823 3093 no-

2251 3127 2368 3190 stri,
2385 3127 2459 3180 sic
2489 3124 2701 3195 quidem
2728 3124 3201 3179 administrabant‘
3232 3126 3588 3183 domesticam
3611 3144 3786 3204 pacem
3806 3169 3820 3195 ,

2250 3223 2309 3271 ut
2324 3214 2611 3272 secundum
2644 3214 2758 3276 htcc
2782 3214 3089 3287 temporalia
3118 3213 3276 3286 bona,
3312 3218 3550 3278 ﬁliorum
3580 3236 3769 3280 sortem
3795 3241 3823 3278 a

2251 3320 2524 3363 servorum
2550 3309 2853 3365 conditione
2890 3310 3276 3380 distinguerent
3305 3329 3319 3379 ;
3364 3315 3431 3368 ad
3465 3316 3636 3371 Deum
3661 3327 3821 3371 autem

2250 3399 2554 3465 colendum,
2584 3400 2637 3453 in
2664 3416 2769 3469 quo
2797 3408 2996 3455 azterna
3023 3401 3158 3455 bona
3191 3406 3462 3470 speranda
3494 3416 3642 3471 sunt,
3665 3408 3823 3460 omni-

2249 3488 2348 3543 bus
2371 3490 2559 3543 domus
2588 3504 2696 3543 sua:
2721 3491 2974 3544 membris
3003 3492 3116 3559 pari
3149 3492 3441 3549 dilectione
3469 3496 3821 3551 consulerent.

2249 3578 2398 3645 Quod
2418 3580 2672 3633 naturalis
2690 3579 2821 3634 ordo
2847 3581 2918 3633 ita
2945 3582 3264 3649 prmscribit,
3291 3592 3351 3637 ut
3372 3600 3574 3640 nomen
3600 3597 3823 3656 patrum-

2250 3669 2476 3725 familias
2502 3671 2625 3724 hinc
2650 3680 2892 3725 exortum
2922 3673 2991 3725 sit
3012 3713 3027 3737 ,
3056 3681 3111 3726 et
3140 3681 3245 3726 tam
3286 3675 3394 3729 late
3424 3678 3702 3747 vulgatum
3722 3720 3736 3745 ,
3772 3686 3825 3731 ut

2250 3761 2426 3829 inique
2454 3762 2611 3815 etiam
2643 3761 2977 3816 dominantes
3009 3762 3111 3817 hoc
3152 3779 3210 3817 se
3250 3765 3527 3834 gaudeant
3558 3771 3823 3838 appellari.

2248 3852 2346 3918 Qui
2367 3861 2539 3905 autem
2564 3852 2673 3905 veri
2695 3853 3103 3921 patresfamilias
3126 3865 3269 3922 sunt,
3288 3860 3544 3913 omnibus
3568 3862 3619 3914 in
3644 3861 3823 3913 familia

2249 3955 2342 3994 sua
2388 3952 2636 4011 tanquam
2686 3943 2805 3996 ﬁliis
2854 3944 2918 3997 ad
2969 3945 3255 4000 colendum
3304 3957 3360 4001 et
3416 3952 3823 4017 promerendum

2253 4031 2413 4085 Deum
2441 4031 2753 4097 consulunt;
2786 4032 3148 4088 desiderantes
3173 4044 3335 4104 atque
3365 4048 3623 4107 Optantes
3656 4041 3824 4092 venire

2249 4122 2314 4175 ad
2336 4121 2604 4176 cmlestem
2631 4121 2865 4185 domum,
2888 4124 2975 4177 ubi
2999 4127 3356 4179 necessarium
3382 4145 3495 4183 non
3519 4132 3822 4185 sitofliciunt

2248 4212 2541 4280 imperandi
2572 4213 2904 4278 mortalibus,
2935 4215 3057 4284 quia
3085 4220 3453 4272 necessarium
3485 4236 3595 4275 non
3627 4222 3725 4276 erit
3748 4221 3822 4274 of-

2249 4302 2424 4356 ﬁcium
2455 4302 2763 4357 consulendi
2785 4303 2894 4372 jam
2926 4305 2979 4357 in
3006 4305 3098 4359 illa
3124 4306 3537 4367 immortalitate
3562 4312 3819 4367 felicibus:

2248 4409 2353 4462 quo
2374 4393 2543 4448 donec
2564 4394 2825 4453 veniatur,
2854 4396 3023 4465 magis
3045 4395 3243 4451 debent
3270 4409 3457 4467 patres
3484 4403 3631 4471 quod
3657 4403 3819 4456 domi-

2248 4484 2463 4544 nantur,’
2500 4497 2656 4555 quam
2697 4484 2836 4537 servi
2869 4485 3098 4540 tolerare
3125 4487 3268 4555 quod
3312 4493 3588 4546 serviunt.
3628 4493 3680 4548 Si
3715 4491 3821 4560 quis

2246 4582 2422 4626 autem
2468 4572 2520 4625 in
2561 4570 2721 4625 domo
2760 4588 2856 4642 per
2899 4575 3318 4633 inobcdieutiam
3356 4580 3674 4638 domesticae
3716 4582 3818 4652 paci

2246 4661 2573 4725 adversatur,
2617 4662 2923 4730 corripitur,
2954 4679 3048 4719 seu
3076 4666 3241 4721 verbo
3261 4710 3277 4735 ,
3306 4684 3403 4724 seu
3438 4672 3699 4737 verbere,
3737 4688 3819 4726 seu

2246 4749 2479 4820 quolibet
2504 4750 2609 4804 alio
2630 4765 2825 4820 genere
2866 4768 3037 4821 ptenze
3071 4755 3217 4822 justo
3247 4766 3410 4827 atque
3442 4761 3632 4826 licito,
3668 4777 3817 4831 quan-

2248 4850 2354 4895 tum
2380 4841 2607 4895 societas
2636 4841 2866 4896 humana
2895 4846 3175 4911 concedit,
3208 4862 3305 4915 pro
3335 4849 3458 4917 ejus
3486 4852 3579 4920 qui
3608 4851 3817 4919 corripi-

2244 4942 2330 4983 tur
2359 4928 2603 4994 utilitate,
2626 4937 2684 4983 ut
2708 4931 2823 4997 paci
2848 4930 2989 4985 unde
3015 4931 3322 4988 dissiluerat
3342 4948 3653 5004 coaptetur.
3685 4938 3817 4993 Sicut

2244 5021 2386 5075 enim
2418 5034 2521 5074 non
2548 5027 2631 5073 est
2657 5019 3038 5085 beneﬁcentiae,
3069 5023 3375 5091 adjuvando
3402 5028 3628 5084 eflicere
3653 5038 3709 5082 ut
3736 5029 3817 5081 bo-

2244 5126 2372 5165 num
2400 5109 2539 5179 quod
2568 5108 2739 5177 majus
2765 5119 2848 5163 est
2875 5111 3183 5177 amittatur;
3218 5114 3289 5167 ita
3321 5130 3430 5170 non
3466 5128 3554 5172 est
3584 5120 3816 5172 innocen-

2248 5203 2331 5255 tite
2350 5242 2365 5266 ,
2396 5198 2663 5270 parcendo
2694 5200 2871 5255 sinere
2900 5211 2956 5255 ut
2984 5201 3037 5255 in
3067 5204 3265 5258 malum
3291 5208 3517 5275 gravius
3547 5209 3813 5264 incidatur.

2246 5292 2484 5346 Pertinet
2509 5305 2635 5359 ergo
2671 5290 2735 5344 ad
2764 5291 3064 5346 innocentis
3094 5294 3330 5351 ofﬁcium
3352 5340 3365 5361 ,
3394 5314 3510 5353 non
3539 5302 3704 5355 solum
3733 5314 3815 5353 ne-

2245 5381 2373 5435 mini
2394 5381 2588 5434 malum
2618 5379 2832 5444 inferre,
2856 5397 3039 5436 verum
3062 5385 3224 5438 etiam
3245 5387 3511 5445 cohibere
3538 5407 3566 5443 a
3594 5400 3811 5461 peccato,

2246 5471 2324 5524 vel
2354 5470 2543 5539 punire
2574 5478 2874 5538 peccatum;
2906 5480 2961 5524 ut
2986 5480 3078 5526 aut
3104 5474 3222 5541 ipse
3246 5479 3336 5544 qui
3365 5479 3644 5546 plectitur,
3668 5480 3813 5534 corri-

2243 5568 2395 5630 gatur
2418 5559 2801 5628 experimento,
2831 5568 2922 5613 aut
2949 5561 3037 5615 alii
3067 5571 3377 5619 terreantur
3402 5571 3675 5639 exemplo.
3696 5568 3812 5637 Quia

2244 5650 2400 5719 igitur
2416 5647 2645 5702 hominis
2661 5646 2850 5702 domus
2871 5649 3074 5703 initium
3098 5652 3214 5706 sive
3240 5656 3509 5722 particula
3532 5659 3687 5715 debet
3705 5669 3812 5712 esse

2310 5761 2327 5791 ⁸
2362 5766 2485 5821 uss,
2510 5756 2581 5809 sic
2597 5755 3028 5822 administrabant,
3053 5762 3261 5825 omisso,
3286 5763 3510 5825 quidem.
