4004 6536
220 403 302 455 665

219 510 437 572 civitatis,
464 517 622 559 omne
651 514 828 555 autem
855 496 1063 551 initium
1090 494 1157 549 ad
1182 495 1413 564 aliquem
1443 493 1526 547 sui
1549 492 1764 561 generis

219 606 374 665 ﬁnem,
401 605 453 651 et
475 593 649 650 omnis
678 604 801 661 pars
828 588 895 642 ad
922 587 1154 642 universi
1175 626 1189 649 ,
1212 586 1366 655 cujus
1396 599 1520 654 pars
1544 591 1649 645 est,
1682 582 1766 635 in-

218 692 484 763 tegritatem
526 684 757 739 refertur
791 699 804 734 :
838 680 968 735 satis
993 686 1217 748 apparet
1246 691 1366 732 esse
1394 689 1765 745 consequens,

218 792 263 837 ut
284 781 341 834 ad
370 790 545 847 pacem
572 773 795 828 civicam
830 786 929 839 pax
956 768 1248 823 domestica
1272 765 1557 829 referatur,
1583 764 1637 819 id
1664 774 1766 830 est,

218 883 265 927 ut
288 870 513 926 ordinata
547 862 846 934 imperandi
875 859 1270 929 obediendique
1295 856 1582 913 concordia
1603 854 1767 909 coha-

218 962 470 1017 bitantium
492 955 752 1010 referatur
771 952 839 1006 ad
865 950 1166 1005 ordinatam
1194 947 1489 1017 imperandi
1517 945 1770 1001 obedien-

220 1053 357 1121 diquc
385 1046 725 1103 concordiam
756 1042 972 1098 civium.
1009 1041 1083 1095 Ita
1116 1041 1195 1107 ﬁt,
1218 1050 1277 1095 ut
1302 1056 1366 1095 ex
1397 1040 1513 1109 lege
1541 1038 1771 1092 civitatis

220 1147 457 1212 prmeepta
485 1151 699 1191 sumere
728 1132 1165 1204 patremfamilias
1186 1139 1449 1201 oporteat,
1467 1129 1657 1199 quibus
1676 1127 1773 1180 do-

220 1247 340 1286 mum
369 1245 513 1285 suam
541 1228 619 1283 sic
646 1235 831 1297 regat,
869 1233 928 1279 ut
955 1224 1025 1278 sit
1062 1223 1179 1292 paci
1210 1220 1609 1277 accommodata
1640 1222 1655 1250 ¹
1689 1220 1768 1273 ci-

218 1323 388 1375 vitatis.

218 1432 413 1487 C.\PUT
451 1428 615 1484 XVII.
645 1459 715 1469 —
777 1428 924 1482 Unde
952 1428 1162 1480 caelestis
1190 1427 1401 1479 societas
1426 1442 1541 1478 cum
1572 1436 1769 1479 terrena

369 1522 564 1574 civitate
590 1535 763 1587 pacem
792 1517 1000 1581 habeat,
1030 1528 1077 1570 et
1109 1515 1240 1569 unde
1265 1515 1590 1568 discordiam.

274 1634 367 1689 Sed
388 1634 575 1687 domus
602 1631 877 1684 hominum
899 1630 988 1699 qui
1014 1644 1121 1683 non
1142 1628 1329 1682 vivunt
1349 1642 1415 1682 ex
1440 1626 1562 1691 ﬁde,
1588 1642 1770 1696 pacem

215 1736 456 1779 terrenam
486 1740 555 1777 ex
583 1721 741 1789 hujus
773 1719 1084 1789 temporalis
1111 1719 1235 1772 vita:
1261 1717 1420 1772 rebus
1446 1716 1770 1772 commodis-

214 1831 301 1885 que
324 1824 571 1871 sectatur.
605 1815 802 1867 Domus
828 1819 1005 1865 autem
1049 1810 1324 1864 hominum
1356 1823 1421 1863 ex
1455 1808 1559 1863 ﬁde
1584 1809 1767 1862 viven-

215 1909 358 1972 tium,
389 1914 663 1976 exspectat
690 1920 752 1959 ea
779 1920 899 1973 quae
925 1904 977 1957 in
1005 1902 1239 1957 futurum
1280 1912 1478 1956 aeterna
1510 1902 1771 1970 promissa

213 2004 337 2062 sunt,
360 1997 689 2065 terrenisque
714 1994 885 2063 rebus,
899 2009 960 2048 ac
987 1991 1367 2061 temporalibus
1383 1999 1631 2061 tanquam
1650 2007 1772 2062 per-

212 2089 369 2156 egrina
396 2091 579 2149 utitur,
608 2102 713 2141 non
755 2086 945 2155 quibus
992 2085 1233 2154 capiatur
1270 2091 1325 2139 et
1360 2091 1631 2138 avertatur
1668 2098 1775 2153 quo

213 2178 361 2231 tendit
383 2180 432 2232 in
463 2179 651 2244 Deum,
678 2176 774 2232 sed
797 2176 989 2246 quibus
1015 2185 1342 2231 sustentetur
1367 2176 1434 2229 ad
1461 2174 1666 2230 facilius
1697 2182 1776 2228 to-

210 2268 403 2324 lemnda
434 2270 761 2339 minimeque
786 2268 1030 2338 augenda
1056 2282 1221 2322 onera
1247 2267 1487 2337 corporis
1510 2268 1775 2336 corrupti-

210 2358 332 2426 bilis,
358 2360 494 2429 quod
543 2368 797 2431 aggravat
840 2358 1073 2412 animam
1117 2356 1275 2427 (Sap.
1303 2372 1357 2415 tx
1381 2397 1396 2422 ,
1427 2356 1539 2424 15).
1570 2354 1774 2410 Idcirco

209 2466 364 2506 rerum
397 2453 518 2507 vitae
562 2452 684 2506 huic
711 2450 924 2505 mortali
954 2450 1376 2504 necessariarum
1407 2448 1643 2518 utrisque
1672 2449 1773 2503 ho-

209 2543 420 2598 minibus
440 2546 459 2575 ‘
486 2552 544 2599 et
574 2544 783 2614 utrique
811 2542 993 2597 domui
1037 2541 1334 2596 communis
1364 2549 1448 2595 est
1473 2555 1636 2605 usus;
1680 2541 1776 2595 sed

207 2633 314 2687 finis
343 2635 523 2689 utendi
549 2635 741 2704 cuique
768 2648 897 2688 suus
923 2633 1170 2702 proprius
1189 2673 1204 2696 ,
1237 2632 1567 2701 multumque
1588 2632 1775 2685 diver-

208 2736 305 2777 sus.
334 2724 404 2778 Ita
429 2726 592 2780 etiam
622 2734 832 2779 terrena
858 2719 1051 2777 civitas
1069 2763 1083 2787 ,
1110 2738 1229 2793 quae
1255 2738 1359 2775 non
1394 2721 1525 2775 vivit
1550 2738 1614 2775 ex
1640 2721 1741 2777 ﬁde
1760 2763 1775 2785 ,

210 2823 455 2871 terrenam
496 2831 685 2886 pacem
716 2814 947 2885 appetit;
982 2814 1033 2867 in
1064 2828 1236 2882 eoque
1266 2812 1450 2882 deﬁgit
1475 2812 1775 2882 imperandi

208 2906 582 2978 obetliendique
616 2906 958 2962 concordiam
983 2905 1209 2971 civium,
1239 2912 1297 2957 ut
1322 2904 1393 2957 sit
1419 2904 1499 2958 eis
1525 2903 1592 2958 de
1617 2904 1777 2959 rebus

207 2997 264 3052 ad
298 3000 573 3055 mortalem
610 2998 772 3053 vitam
816 2997 1202 3067 pertinentibus
1244 2995 1598 3050 humanarum
1626 3011 1776 3065 qum-

208 3090 314 3143 dam
352 3091 677 3161 compositio
701 3090 1067 3143 voluntatum:
1084 3086 1282 3142 Civitas
1306 3096 1482 3142 autem
1509 3088 1741 3143 cmlestis
1761 3130 1776 3153 ,

208 3183 279 3235 vel
308 3184 481 3252 potius
513 3197 637 3253 pars
662 3182 807 3251 ejus,
837 3197 955 3251 qute
982 3181 1036 3235 in
1058 3181 1155 3235 hac
1182 3180 1507 3234 mortalitate
1536 3180 1774 3248 peregri-

207 3284 366 3338 natur,
389 3285 442 3330 et
483 3274 617 3329 vivit
661 3290 728 3329 ex
769 3272 906 3337 ﬁde,
934 3272 1094 3325 etiam
1138 3272 1237 3324 ista
1276 3284 1406 3340 pace
1444 3284 1664 3325 necesse
1697 3277 1783 3326 est

208 3375 388 3431 utatur,
422 3367 598 3421 donec
627 3366 737 3435 ipsa
765 3364 850 3419 cui
882 3364 999 3418 talis
1031 3377 1131 3431 pax
1153 3360 1459 3416 necessaria
1484 3370 1568 3415 est
1586 3401 1601 3426 ,
1629 3375 1779 3415 mor-

207 3455 367 3511 talitas
395 3466 652 3512 transeat.
675 3458 753 3511 Ac
784 3471 876 3524 per
904 3454 1005 3508 hoc
1028 3453 1153 3507 dum
1183 3452 1321 3521 apud
1359 3462 1625 3506 terrenam
1651 3452 1782 3506 civi-

206 3554 376 3611 tatem,
400 3548 545 3602 velut
571 3547 833 3615 captivam
860 3545 1021 3599 vitam
1050 3558 1159 3597 sua:
1184 3540 1622 3611 peregrinationis
1646 3541 1775 3611 agit,

204 3638 300 3707 jam
324 3639 681 3709 promissione
712 3635 1090 3705 redemptionis
1117 3641 1172 3687 et
1196 3632 1337 3686 dono
1366 3631 1625 3701 spirituali
1661 3640 1780 3686 tan-

207 3746 351 3796 quam
383 3731 605 3801 pignore
634 3736 873 3796 accepto,
906 3725 1111 3796 legibus
1141 3733 1367 3778 terrente
1395 3721 1645 3785 civitatis,
1669 3721 1779 3791 qui-

207 3819 297 3874 bus
338 3822 453 3874 inec
499 3818 961 3881 administrantur,
1004 3830 1121 3884 quze
1165 3810 1527 3867 sustentanda:
1566 3810 1779 3865 mortali

206 3911 316 3965 vita:
336 3908 737 3966 accommodata
758 3916 899 3972 sunt,
920 3906 1288 3973 obtemperare
1308 3916 1415 3957 non
1439 3900 1645 3955 dubitat
1668 3918 1680 3953 :
1701 3908 1778 3967 ut,

205 4004 443 4069 quoniam
473 3995 773 4057 communis
801 4005 884 4053 est
927 3997 1040 4066 ipsa
1083 3992 1379 4048 mortalitas
1399 4031 1415 4057 ,
1448 3999 1690 4046 servetur
1726 3990 1780 4045 in

208 4092 356 4147 rebus
382 4093 448 4147 ad
475 4107 598 4147 eam
631 4088 1017 4160 pertinentibus
1044 4086 1180 4139 inter
1208 4084 1474 4138 civitatem
1502 4090 1783 4150 utramque

207 4182 715 4238 eoncordia.Verum
736 4180 860 4249 quia
883 4189 1092 4233 terrena
1111 4172 1300 4230 civitas
1324 4172 1509 4227 habuit
1526 4171 1782 4242 quosdam

206 4290 321 4329 suos
349 4276 648 4343 sapientes,
676 4284 810 4341 quos
839 4268 1018 4324 divina
1047 4264 1313 4335 improbat
1339 4262 1618 4331 disciplina
1638 4303 1654 4329 ,
1692 4262 1784 4332 qui

206 4365 278 4419 vel
302 4365 559 4435 suSpicati
580 4362 664 4417 vel
691 4360 899 4430 decepti
928 4374 959 4413 a
985 4355 1319 4412 daemonibus
1343 4353 1626 4409 crederent
1651 4353 1786 4405 mul-

207 4466 279 4510 tos
296 4456 425 4511 deos
446 4452 813 4511 conciliandos
839 4464 959 4506 esse
984 4448 1145 4503 rebus
1176 4445 1442 4509 humanis,
1470 4443 1536 4497 ad
1560 4456 1787 4513 quorum

206 4548 406 4604 diversa
431 4544 833 4619 quodammodo
857 4541 1030 4598 ofﬁcia
1062 4540 1278 4595 diversa
1307 4535 1520 4592 subdita
1549 4535 1785 4605 pertine-

208 4647 335 4705 rent,
358 4640 426 4693 ad
453 4640 622 4693 alium
650 4648 861 4704 corpus,
891 4630 958 4687 ad
986 4630 1151 4685 alium
1177 4628 1386 4682 animus
1410 4624 1452 4690 ³,
1489 4626 1649 4695 inque
1675 4624 1790 4693 ipso

202 4744 419 4800 corpore
448 4729 519 4784 ad
547 4726 709 4781 alium
739 4731 900 4794 caput
919 4762 933 4788 ,
964 4720 1033 4777 ad
1071 4720 1232 4775 alium
1257 4716 1472 4781 cervix,
1501 4723 1558 4770 et
1597 4723 1791 4769 caetera

208 4822 407 4891 singula
434 4821 505 4874 ad
536 4817 803 4888 singulos;
834 4812 1080 4869 similiter
1108 4812 1159 4865 in
1186 4810 1365 4864 animo
1390 4806 1458 4862 ad
1495 4805 1657 4860 alium
1702 4806 1787 4859 in-

204 4912 436 4981 genium,
466 4911 538 4966 ad
568 4910 732 4964 alium
772 4906 1038 4970 doctrina,
1067 4901 1134 4957 ad
1171 4901 1333 4955 alium
1374 4899 1484 4963 ira,
1524 4896 1591 4952 ad
1629 4898 1792 4951 alium

204 5001 667 5074 concupiscentia;
699 5000 862 5068 inque
891 4996 1021 5066 ipsis
1048 4994 1210 5049 rebus
1237 4992 1359 5046 vitae
1387 4988 1753 5058 adjacentibus
1772 5028 1789 5054 ,

205 5094 263 5148 ad
293 5096 458 5149 alium
491 5106 676 5164 pecus,
707 5089 773 5143 ad
802 5088 963 5142 alium
996 5085 1230 5140 triticum
1252 5124 1268 5149 ,
1300 5080 1366 5136 ad
1393 5080 1555 5134 alium
1586 5079 1789 5143 vinum,

206 5188 265 5242 ad
290 5190 453 5243 alium
484 5187 687 5249 oleum,
718 5182 785 5237 ad
812 5182 974 5236 alium
1003 5179 1175 5241 silvae,
1198 5177 1265 5230 ad
1291 5174 1453 5229 alium
1480 5169 1703 5230 nummi,
1724 5169 1793 5223 ad

263 5368 278 5397 ¹
317 5356 1057 5427 I‘Ierique_itt$.,naccq_inntoda._
1099 5412 1126 5427 ρ
1150 5413 1161 5427 Ι
1197 5413 1226 5427 μ

263 5429 281 5457 ¹
307 5409 934 5483 έλίἷίὶήςῖιῖᾱιιιιι,’ῇᾴειὶὺιιδ-
957 5423 1002 5465 et
1030 5411 1333 5483 inﬁdelibus,
1365 5409 1459 5459 Sed
1497 5409 1573 5483 bis
1594 5415 1796 5483 prze‘ter-

207 5468 565 5538 missis"vtiet'nwow
578 5468 707 5532 iidh'
722 5468 872 5530 facile
917 5468 1190 5544 intelligit,
1234 5472 1450 5544 utrisque
1504 5468 1798 5544 honiinibyf.

208 5528 379 5598 aiEiiiin
396 5528 549 5599 ’ἐξὲῖ
570 5528 733 5609 pro—et
754 5528 827 5591 iis
848 5528 929 5603 qui
954 5553 1014 5589 ex
1042 5528 1155 5597 fide,
1176 5528 1229 5586 et
1248 5538 1308 5584 iis
1342 5528 1426 5596 qui
1466 5545 1563 5582 non
1598 5543 1662 5579 ex
1703 5528 1801 5579 ﬁde

208 5622 450 5728 ῃζυὲδῖιὶ,
480 5671 549 5720 ad
566 5667 717 5720 alitan
732 5664 945 5715 animum
970 5674 990 5728 :_
1020 5668 1072 5710 et
1103 5658 1227 5709 infra
1247 5660 1525 5728 constanter
1549 5649 1802 5728 accusandi

209 5711 948 5788 casufiki’ta'iéﬁfiibéiiemm,
972 5723 1115 5788 iram,
1148 5715 1596 5788 concupiscemiam,
1632 5711 1801 5788 situas,

210 5778 837 5857 τῖηᾶιῖἇέξίιᾶινίᾇωὶοηειη,
862 5778 957 5837 etc.
980 5778 1278 5846 Castigautur
1300 5778 1375 5828 ad
1397 5779 1596 5838 Regium
1629 5784 1799 5823 manu-

209 5860 458 5918 scriptum.

1420 381 1621 436 LIBER
1662 378 1955 435 DECIMUS
1993 377 2235 435 NONUS.

3350 374 3453 431 616

1881 490 2042 544 alium
2077 487 2373 557 navigatio,
2399 485 2466 540 ad
2511 486 2669 539 alium
2715 484 2855 540 bella
2894 495 3053 555 atque
3095 484 3360 549 victorire,
3388 487 3455 541 ad

1872 582 2036 635 alium
2064 580 2340 650 conjugia,
2368 579 2433 633 ad
2463 579 2624 633 alium
2656 587 2836 648 partus
2860 591 2923 632 ac
2950 577 3246 633 fecunditas
3266 618 3282 643 ,
3309 589 3364 632 et
3388 579 3455 632 ad

1874 672 2011 727 alios
2035 672 2139 727 alia
2165 680 2387 737 caetera;
2420 672 2653 727 caelestis
2681 680 2859 724 autem
2888 670 3073 725 civitas
3095 686 3255 723 unum
3286 669 3456 725 Deum

1875 763 2047 817 solum
2078 761 2361 816 colendum
2389 771 2602 828 nosset,
2638 761 2792 830 eique
2824 759 3187 814 tantummodo
3216 761 3457 815 servien-

1881 852 2005 905 dum
2035 854 2288 907 servitute
2319 851 2425 915 illa,
2458 867 2576 921 quae
2606 866 2778 921 grzece
2804 858 3001 917 λατρεία
3025 850 3240 917 dicitur,
3267 858 3321 903 et
3350 864 3458 903 non

1876 944 1979 996 nisi
2012 944 2120 997 Deo
2150 942 2393 1007 debetur,
2416 942 2563 997 ﬁdeli
2610 941 2803 1010 pietate
2840 949 3084 995 censeret
3117 939 3196 1009 (a)
3223 958 3235 993 :
3260 938 3456 994 factum

1876 1042 1979 1099 est,
2008 1042 2065 1087 ut
2095 1033 2366 1103 religionis
2397 1033 2544 1102 leges
2572 1046 2692 1087 cum
2725 1040 2934 1086 terrena
2962 1031 3174 1086 civitate
3199 1046 3303 1085 non
3332 1046 3457 1100 pos-

1876 1134 1959 1179 set
2000 1124 2198 1180 babere
2236 1139 2584 1191 communes,
2623 1138 2825 1193 proque
2864 1122 2948 1177 Itis
2976 1124 3043 1177 ab
3072 1138 3134 1178 ea
3173 1123 3458 1177 dissentire

1879 1216 2097 1271 haberet
2115 1231 2354 1285 necesse,
2373 1225 2532 1287 atque
2550 1216 2697 1270 oneri
2721 1231 2838 1270 esse
2854 1216 3060 1269 diversa
3083 1216 3454 1281 sentientibus,

1877 1322 2168 1377 eorumque
2198 1309 2304 1362 iras
2328 1317 2382 1363 et
2411 1308 2533 1362 odia
2560 1316 2612 1362 et
2630 1308 3057 1377 persecutionum
3079 1309 3304 1376 impetus
3332 1323 3454 1363 sus-

1881 1400 2067 1465 tinere,
2091 1400 2191 1453 nisi
2220 1415 2341 1454 cum
2382 1400 2591 1455 animos
2618 1399 3016 1454 adversantium
3047 1399 3324 1468 aliquando
3353 1408 3461 1454 ter-

1876 1504 1998 1543 rore
2044 1504 2153 1543 suae
2196 1490 2585 1552 multitudinis,
2620 1498 2674 1545 et
2720 1504 2934 1559 semper
2977 1488 3158 1542 divino
3196 1489 3459 1559 adjutorio

1876 1580 2227 1648 prepulsaret.
2270 1580 2396 1635 Haec
2432 1596 2560 1650 ergo
2589 1581 2826 1636 caelestis
2851 1582 3041 1635 civitas
3068 1580 3192 1635 dum
3218 1582 3457 1651 pcregri-

1877 1679 2033 1724 natur
2063 1670 2113 1724 in
2145 1679 2306 1737 terra,
2333 1686 2399 1726 ex
2424 1672 2672 1727 omnibus
2698 1672 2946 1741 gentibus
2971 1673 3116 1726 cives
3142 1680 3349 1735 evocat,
3376 1680 3461 1726 at-

1876 1776 1981 1831 que
2014 1761 2065 1815 in
2096 1763 2345 1819 omnibus
2376 1763 2569 1833 linguis
2614 1763 2948 1833 peregrinam
2993 1763 3192 1833 colligit
3232 1762 3461 1817 societa-

1880 1863 2018 1918 tem;
2052 1870 2159 1909 non
2190 1870 2385 1909 curans
2410 1854 2664 1925 quidquid
2696 1856 2746 1908 in
2774 1854 3026 1919 moribus,
3057 1855 3282 1925 legibus,
3311 1855 3463 1908 insti-

1879 1946 2113 2015 tutisque
2141 1946 2410 2000 diversum
2431 1954 2533 2009 est,
2554 1946 2743 2014 quibus
2771 1960 2867 2014 pax
2896 1954 3105 1999 terrena
3134 1945 3219 1999 vel
3246 1944 3465 2013 conqui-

1878 2037 2033 2103 ritur,
2058 2039 2137 2093 vel
2170 2046 2410 2103 tenctur;
2444 2037 2574 2091 nihil
2615 2052 2799 2091 eorum
2842 2034 3154 2091 rescindens
3175 2077 3190 2101 ,
3237 2050 3336 2089 nec
3364 2035 3461 2089 de—

1879 2136 2089 2183 struens
2115 2169 2130 2193 ,
2164 2128 2272 2181 imo
2314 2128 2471 2181 etiam
2518 2141 2735 2180 servans
2779 2142 2841 2180 ac
2870 2140 3099 2195 sequens
3125 2143 3136 2178 :
3168 2125 3310 2197 quod
3341 2124 3467 2178 licet

1878 2218 2145 2273 diversum
2196 2219 2248 2272 in
2296 2218 2525 2273 diversis
2570 2218 2873 2272 nationibus
2901 2259 2915 2282 ,
2960 2218 3025 2271 ad
3072 2233 3237 2271 unum
3283 2224 3463 2270 tamen

1879 2310 2232 2379 eumtlemque
2270 2308 2429 2363 ﬁnem
2470 2319 2695 2363 terrenae
2728 2310 2873 2377 pacis
2899 2307 3209 2372 intenditur,
3254 2307 3300 2360 si
3340 2305 3466 2360 reli-

1879 2400 2092 2469 gionem
2134 2415 2236 2469 qua
2280 2415 2416 2454 unus
2461 2415 2702 2454 summus
2750 2407 2805 2453 et
2845 2414 3002 2452 verus
3044 2398 3182 2452 Dens
3207 2396 3468 2451 colendus

1883 2493 2125 2559 docetur,
2158 2507 2265 2547 non
2305 2493 2544 2561 impedit.
2589 2491 2767 2546 Utitur
2796 2505 2923 2560 ergo
2948 2491 3106 2544 etiam
3134 2488 3367 2544 etelestis
3394 2488 3468 2542 ei-

1884 2584 2021 2637 vitas
2060 2584 2111 2636 in
2156 2583 2254 2636 hac
2296 2598 2388 2637 sua
2421 2583 2851 2651 peregrinatione
2886 2596 3017 2650 pace
3043 2591 3252 2635 terrena
3274 2622 3289 2647 ,
3321 2579 3469 2634 etde

1884 2674 2045 2728 rebus
2070 2673 2133 2727 ad
2165 2675 2444 2728 mortalem
2474 2674 2748 2727 hominum
2779 2682 3022 2727 naturam
3054 2672 3465 2741 pertinentibus,

1885 2765 2237 2818 humanarum
2288 2764 2620 2818 voluntatum
2672 2764 3155 2832 compOsitionem,
3209 2771 3466 2831 quantum

1884 2856 2029 2909 salva
2074 2858 2271 2924 pietate
2308 2869 2371 2909 ac
2412 2856 2671 2925 religione
2705 2854 3037 2919 conceditur,
3088 2862 3264 2907 tuetur
3307 2861 3468 2922 atque

1885 2948 2103 3017 appetit,
2136 2962 2359 3016 eamque
2389 2956 2655 3001 terrenam
2689 2962 2875 3015 pacem
2906 2946 3071 3000 refert
3098 2946 3162 3000 ad
3191 2944 3468 3000 ctelestem

1889 3051 2072 3105 pacem
2097 3053 2111 3088 :
2140 3052 2259 3106 qua:
2288 3052 2415 3091 vere
2437 3037 2507 3090 ita
2538 3052 2637 3105 pax
2666 3044 2783 3100 est,
2811 3045 2869 3090 ut
2913 3035 3190 3089 rationalis
3213 3034 3471 3089 duntaxat

1888 3136 2149 3183 creaturae
2177 3127 2287 3181 sola
2315 3142 2415 3196 pax
2444 3125 2686 3181 habenda
2710 3136 2867 3195 atque
2890 3125 3115 3180 dicenda
3140 3124 3232 3190 sit,
3255 3123 3472 3178 ordina-

1888 3218 2092 3272 tissima
2138 3218 2341 3271 scilicet
2396 3226 2449 3271 ct
2505 3216 2926 3271 concordissima
2974 3216 3204 3270 societas
3259 3212 3470 3270 fruendi

1890 3308 2024 3373 Deo,
2053 3317 2107 3363 et
2133 3308 2359 3362 invicem
2386 3308 2441 3362 in
2463 3308 2604 3371 Deo;
2636 3322 2741 3377 quo
2766 3321 2887 3361 cum
2910 3314 3127 3361 ventum
3156 3304 3335 3370 fuerit,
3364 3318 3472 3359 non

1888 3400 1991 3454 erit
2029 3399 2133 3453 vita
2180 3398 2452 3464 mortalis,
2480 3396 2575 3453 sed
2617 3398 2775 3467 plane
2800 3398 2816 3429 ⁸
2847 3406 3100 3466 certeque
3120 3395 3330 3459 vitalis;
3375 3409 3474 3449 nec

1887 3504 2081 3560 corpus
2106 3491 2359 3556 animale,
2384 3488 2523 3559 quod
2548 3489 2673 3542 dum
2696 3489 3075 3557 corrumpitur,
3094 3494 3345 3558 aggravat
3369 3486 3477 3540 ani-

1885 3596 2059 3646 mam,
2089 3579 2184 3634 sed
2234 3580 2508 3649 spirituale
2554 3579 2674 3633 sine
2718 3579 2822 3632 ulla
2870 3578 3160 3648 indigentia
3186 3619 3201 3645 ,
3238 3592 3303 3633 ex
3328 3579 3476 3632 omni

1886 3678 2035 3740 parte
2057 3668 2327 3724 subditum
2356 3668 2635 3722 voluntati.
2667 3668 2816 3721 Hanc
2844 3683 3049 3736 pacem,
3081 3667 3207 3721 dum
3233 3668 3472 3735 pcregri-

1883 3772 2042 3817 natur
2066 3762 2117 3816 in
2142 3760 2266 3827 ﬁde,
2294 3760 2485 3825 habet;
2508 3768 2668 3829 atque
2685 3775 2747 3813 ex
2774 3760 2871 3813 hac
2896 3759 2999 3813 fide
3022 3758 3165 3828 juste
3182 3759 3329 3822 vivit,
3349 3772 3475 3812 cum

1885 3852 1952 3908 ad
1974 3852 2117 3907 illam
2142 3866 2325 3923 pacem
2343 3848 2739 3920 adipiscendam
2758 3849 2921 3904 refert
2936 3847 3189 3918 quidquid
3211 3847 3473 3902 bonarum

1886 3949 2154 4001 actionum
2201 3944 2336 4014 gerit
2376 3958 2501 4013 erga
2546 3942 2714 3996 Deum
2761 3950 2815 3996 et
2860 3941 3186 4011 proximum,
3219 3940 3473 4010 quoniam

1888 4037 1996 4089 vita
2019 4034 2246 4089 civitatis
2273 4032 2457 4103 utique
2487 4032 2699 4087 socialis
2729 4038 2832 4085 est.

1888 4148 2114 4206 CAPUT
2152 4148 2338 4203 XVIII.
2364 4178 2434 4188 —
2477 4147 2640 4214 Quam
2676 4144 2871 4199 diversa
2910 4145 2977 4198 sit
3009 4144 3294 4197 Academia:
3332 4158 3475 4197 novae

2102 4239 2403 4309 ambiguitas
2430 4255 2462 4291 a
2490 4237 2773 4290 constantia
2808 4234 2925 4305 ﬁdei
2953 4234 3261 4289 christianw.

1961 4353 2113 4422 Quod
2141 4362 2316 4407 autem
2342 4351 2530 4406 attinet
2555 4349 2623 4404 ad
2653 4349 2798 4403 illam
2825 4346 3205 4410 differentiam,
3226 4360 3383 4417 quam
3409 4344 3477 4399 de

1892 4446 2234 4502 Academicis
2263 4443 2416 4498 novis
2433 4442 2603 4497 Varro
2630 4440 2893 4503 adhibuit,
2912 4439 3107 4510 quibus
3131 4438 3331 4493 incerta
3358 4447 3480 4492 sunt

1891 4539 2071 4594 omnia
2091 4578 2108 4601 ,
2139 4537 2358 4592 omnino
2393 4535 2580 4589 civitas
2622 4534 2715 4588 Dei
2749 4533 2908 4586 talem
2939 4530 3326 4584 dubitationem
3357 4537 3478 4581 tan-

1893 4643 2051 4700 quam
2083 4627 2406 4683 dementiam
2437 4625 2753 4686 detestatur,
2800 4621 3004 4674 habens
3029 4618 3097 4674 de
3123 4619 3282 4673 rebus
3300 4658 3316 4681 ,
3344 4633 3479 4687 quas

1895 4725 2075 4774 mente
2102 4726 2263 4786 atque
2300 4713 2509 4768 ratione
2538 4710 2976 4779 comprehendit,
3003 4709 3212 4764 etiamsi
3252 4722 3476 4777 parvam

1894 4816 2118 4881 propter
2143 4820 2334 4877 corpus
2360 4802 2705 4872 corruptibile
2724 4842 2739 4868 ,
2762 4800 2904 4871 quod
2928 4808 3179 4871 aggravat
3202 4799 3433 4853 animam
3454 4839 3471 4864 ,

1896 4898 2147 4971 quoniam
2177 4897 2314 4951 sicut
2334 4894 2461 4949 dicit
2489 4893 2797 4962 Apostolus,
2822 4890 2906 4946 Ea:
2927 4900 3070 4961 parte
3087 4891 3271 4945 scimus
3295 4889 3336 4960 (I
3353 4889 3474 4945 Cor.

1898 5005 2011 5056 xm,
2037 4988 2115 5059 9),
2140 4996 2316 5042 tamen
2344 4984 2698 5041 certissimam
2721 4982 2997 5038 scientiam
3023 5000 3037 5036 :
3060 4981 3331 5050 creditque
3350 4994 3476 5034 sen-

1898 5081 2044 5135 sibus
2090 5079 2144 5132 in
2186 5077 2263 5132 rei
2304 5077 2563 5145 cujusque
2601 5073 2866 5130 evidentia
2889 5115 2903 5139 ,
2935 5072 3127 5142 quibus
3162 5085 3255 5141 per
3280 5084 3479 5140 corpus

1900 5172 2107 5226 animus
2128 5170 2324 5224 utitur:
2348 5169 2598 5239 quoniam
2619 5163 2974 5220 miserabilius
2993 5162 3210 5227 fallitur,
3229 5162 3318 5230 qui
3341 5177 3480 5214 nun-

1900 5279 2057 5335 quam
2080 5271 2227 5333 putat
2248 5262 2327 5316 eis
2347 5275 2466 5316 esse
2486 5256 2831 5314 credendum.
2851 5254 3034 5315 Credit
3056 5254 3215 5308 etiam
3242 5252 3482 5320 Scriptu-

1901 5357 1976 5410 ris
2002 5352 2199 5409 sanctis
2225 5359 2280 5406 et
2306 5349 2572 5405 veteribus
2597 5356 2651 5402 et
2677 5346 2828 5401 novis
2851 5387 2867 5413 ,
2899 5359 3029 5416 quas
3057 5343 3354 5399 Canonicas
3379 5356 3482 5411 ap-

1902 5443 2181 5515 pellamus,
2211 5440 2350 5496 unde
2380 5438 2510 5494 ﬁdes
2540 5438 2653 5507 ipsa
2679 5443 2938 5504 concepta
2966 5442 3067 5499 est,
3092 5448 3157 5487 ex
3178 5447 3279 5501 qua
3305 5431 3482 5501 justus

1904 5536 2032 5589 vivit
2058 5532 2323 5603 (Habacuc
2344 5546 2379 5585 n
2401 5569 2416 5594 ,
2442 5528 2529 5598 4);
2561 5542 2656 5597 per
2680 5541 2838 5596 quam
2866 5525 2981 5580 sine
3006 5523 3335 5578 dubitatione
3360 5537 3482 5578 am-

1904 5629 2166 5691 bulamus,
2194 5623 2443 5696 quamdiu
2466 5622 2867 5692 peregrinamur
2885 5633 2915 5673 a
2948 5617 3173 5672 Domino
3194 5615 3262 5689 (II
3288 5614 3406 5672 Cor.
3424 5629 3479 5683 v,

1969 5756 2419 5826 1L0v.,sed.plen_e.
2522 5802 2623 5826 ,___

1974 5825 2045 5887 (a)
2068 5811 2231 5885 Su'pra,
2256 5811 2338 5870 l'ib.
2364 5819 2411 5881 5,
2435 5828 2539 5879 cap.
2566 5816 2643 5876 i5,
2666 5819 2717 5865 et
2738 5811 2824 5864 lib.
2849 5811 2897 5875 6,
2920 5823 3025 5875 cap.
3051 5812 3090 5861 i.

3386 5874 3467 5903 ,λέ
