3976 6518
642 403 748 459 647

641 513 698 584 6)
729 530 742 566 :
770 528 875 585 qua
900 513 1047 568 salva
1071 521 1232 581 atque
1256 520 1422 574 certa,
1450 509 1519 565 de
1548 508 1864 578 quibusdam
1890 506 2075 569 rebus,
2093 520 2226 574 quas

642 618 818 673 neque
841 618 1020 666 sensu,
1044 617 1216 671 neque
1238 602 1443 655 ratione
1463 600 1800 670 percepimus
1816 597 1860 661 ί,
1878 610 2052 664 neque
2074 594 2226 648 nobis

641 710 739 765 per
769 694 1096 764 Scripturam
1131 693 1440 747 canonicam
1466 691 1794 753 claruerunt,
1825 702 1923 741 nec
1943 701 2040 755 per
2065 696 2227 740 testes

639 784 834 853 quibus
864 799 969 837 non
998 783 1221 838 credere
1251 780 1543 836 absurdum
1572 788 1654 833 est
1673 819 1688 841 ,
1735 779 1789 832 in
1819 786 2056 831 nostram
2088 775 2227 827 noti-

640 876 767 929 tiam
806 883 1195 944 pervenerunt,
1235 875 1352 929 sine
1390 872 1533 942 justa
1568 870 1985 941 reprehensione
2011 868 2224 923 dubita-

638 981 758 1020 mus
786 966 881 1035 (a).
1688 966 1697 971 ’

662 1074 891 1132 CAPUT
930 1074 1076 1130 XIX.
1097 1106 1168 1116 ——
1205 1076 1283 1131 De
1313 1074 1485 1129 habitu
1515 1082 1560 1127 et
1599 1072 1821 1126 moribus
1850 1071 2028 1142 populi
2057 1070 2194 1124 chri-

1350 1166 1522 1220 stiani.

709 1257 847 1312 Nihil
875 1274 1004 1314 sane
1030 1258 1096 1312 ad
1133 1259 1287 1312 istam
1329 1257 1559 1327 pertinet
1602 1255 1868 1309 civitatem
1896 1268 2000 1320 quo
2040 1252 2222 1305 habitu

634 1349 722 1403 vel
750 1365 900 1405 more
926 1348 1174 1415 vivendi,
1203 1348 1247 1402 si
1279 1363 1383 1401 non
1406 1355 1486 1401 est
1510 1355 1696 1399 contra
1723 1345 1899 1398 divina
1930 1352 2219 1413 praecepta,

637 1440 792 1493 istam
822 1439 1005 1504 ﬁdem,
1034 1455 1139 1509 qua
1167 1438 1474 1507 pervenitur
1501 1436 1567 1490 ad
1600 1436 1788 1499 Deum,
1817 1435 2041 1505 quisque
2061 1442 2226 1487 secte-

636 1538 763 1584 tur:
789 1531 928 1585 unde
963 1532 1106 1601 ipsus
1153 1545 1365 1599 quoque
1414 1528 1761 1598 philosophos
1781 1568 1796 1591 ,
1824 1526 2037 1596 quando
2062 1525 2219 1580 Chri-

634 1622 791 1675 stiani
820 1621 989 1688 fiunt,
1023 1637 1129 1676 non
1156 1621 1396 1674 habitum
1429 1621 1512 1675 vel
1540 1618 1982 1674 consuetudinem
2012 1617 2182 1671 victus
2209 1656 2224 1680 ,

632 1729 755 1784 qua:
780 1714 912 1769 nihil
943 1714 1162 1782 impedit
1189 1713 1536 1782 religionem,
1562 1710 1653 1766 sed
1680 1710 1809 1765 falsa
1832 1710 2079 1779 dogmata
2100 1724 2221 1761 mu-

634 1815 748 1860 tare
784 1806 1075 1874 compellit.
1118 1804 1272 1860 Unde
1305 1804 1448 1857 illam
1480 1818 1637 1872 quam
1667 1802 1835 1855 Varro
1873 1800 2116 1855 adhibuit
2154 1817 2220 1854 ex

634 1896 849 1968 Cynicis
874 1897 1249 1962 differentiam,
1282 1896 1326 1950 si
1358 1895 1487 1949 nihil
1520 1895 1743 1965 turpiter
1766 1904 1926 1963 atque
1958 1895 2221 1961 intempe-

631 1998 814 2043 ranter
840 1997 961 2058 agat
981 1990 1023 2054 ⁸,
1051 1989 1271 2042 omnino
1299 2004 1402 2041 non
1432 1997 1602 2041 curat.
1650 1986 1730 2040 Ex
1760 1986 1931 2039 tribus
1957 2000 2087 2039 vero
2118 1986 2221 2039 illis

632 2078 752 2132 vitae
778 2078 1081 2148 generibus,
1106 2079 1300 2143 otioso,
1329 2087 1571 2138 actuoso,
1598 2086 1653 2131 et
1675 2092 1741 2132 ex
1764 2085 1987 2146 utroque
2009 2089 2221 2144 compo-

627 2168 752 2232 sito,
786 2170 1029 2238 quamvis
1069 2169 1216 2224 salva
1261 2168 1363 2222 ﬁde
1404 2169 1631 2238 quisque
1676 2168 1845 2237 possit
1887 2168 1939 2221 in
1979 2167 2220 2237 quolibet

627 2274 812 2314 eorum
839 2261 999 2315 vitam
1025 2260 1243 2322 ducere,
1275 2270 1327 2313 et
1347 2260 1414 2313 ad
1443 2260 1770 2328 sempiterna
1793 2258 2009 2327 prtcmia
2034 2274 2217 2327 pervc-

629 2352 775 2417 nire;
807 2353 1028 2408 interest
1053 2361 1232 2407 tamen
1253 2352 1378 2421 quid
1400 2367 1582 2407 amore
1604 2360 1782 2407 teneat
1804 2351 2065 2417 veritatis,
2089 2351 2217 2422 quid

626 2442 806 2497 ofﬁcio
825 2442 1102 2498 charitatis
1124 2443 1415 2511 impendat.
1438 2441 1550 2496 Nec
1576 2442 1653 2495 sic
1674 2440 1896 2510 quisque
1918 2440 2077 2495 debet
2098 2455 2216 2495 esse

625 2534 873 2599 otiosus,
926 2543 982 2587 ut
1034 2534 1086 2587 in
1134 2533 1324 2588 eodem
1373 2533 1481 2586 otio
1534 2533 1815 2586 utilitatem
1862 2546 1970 2585 non
2019 2532 2217 2601 engitet

626 2624 891 2694 proximi;
927 2640 1026 2679 nec
1068 2625 1146 2679 sic
1183 2632 1453 2689 actuosus,
1485 2632 1542 2677 ut
1569 2622 2073 2692 contemplationem
2109 2639 2214 2677 non

623 2717 865 2786 requirat
887 2716 998 2771 Dei.
1022 2716 1074 2769 In
1094 2717 1204 2769 otio
1227 2731 1331 2770 non
1358 2716 1501 2769 iners
1516 2713 1724 2769 vacatio
1740 2714 2009 2768 delectare
2030 2713 2212 2777 debet;

624 2807 719 2861 scd
755 2814 849 2860 aut
878 2807 1186 2877 inquisitio,
1229 2816 1321 2860 aut
1364 2806 1602 2859 inventio
1650 2805 1928 2860 veritatis:
1960 2814 2017 2859 ut
2059 2804 2109 2858 in
2151 2820 2213 2860 ea

622 2898 851 2967 quisque
881 2899 1158 2968 proﬁciat,
1191 2908 1244 2953 et
1270 2898 1411 2968 quod
1441 2898 1703 2953 invenerit
1726 2905 1943 2965 teneat,
1974 2907 2028 2953 ct
2058 2899 2212 2953 alteri

625 3005 732 3044 non
770 2990 1003 3046 invideat
1023 2991 1065 3042 ³.
1110 2990 1167 3045 ιη
1193 2991 1404 3045 actione
1432 3004 1559 3045 vero
1583 3004 1689 3044 non
1714 2990 1976 3045 amandus
2004 2998 2085 3045 est
2112 2990 2213 3044 ho-

624 3095 724 3133 nor
752 3080 805 3133 in
836 3079 938 3135 hac
967 3081 1093 3146 vita,
1126 3081 1242 3137 sive
1282 3082 1549 3151 potentia;
1578 3081 1829 3150 quoniam
1870 3082 2051 3136 omnia
2077 3096 2207 3135 vana

622 3173 725 3228 sub
753 3173 866 3228 sole
892 3190 904 3226 :
929 3173 1024 3228 sed
1055 3189 1189 3242 opus
1215 3174 1389 3242 ipsum
1411 3216 1426 3239 ,
1458 3173 1600 3243 quod
1642 3188 1735 3243 per
1760 3173 2007 3229 eumdem
2038 3174 2201 3229 hono-

621 3279 739 3319 rem
784 3265 867 3319 vel
911 3266 1203 3334 potentiam
1237 3264 1328 3331 ﬁt,
1360 3266 1405 3319 si
1432 3274 1579 3319 recte
1606 3276 1767 3335 atque
1796 3265 2001 3321 utiliter
2030 3268 2087 3320 ﬁt
2112 3308 2127 3332 ,
2162 3266 2211 3320 id

620 3365 724 3417 est,
745 3364 803 3409 ut
824 3356 995 3410 valeat
1016 3356 1081 3410 ad
1109 3371 1227 3411 eam
1256 3356 1482 3410 salutem
1506 3355 1862 3421 subditorum,
1881 3371 1999 3426 quae
2018 3372 2214 3411 secun-

624 3446 751 3500 dum
802 3446 970 3501 Deum
1017 3455 1101 3502 est
1136 3463 1151 3513 ;
1194 3445 1334 3500 unde
1373 3446 1482 3516 jam
1530 3446 1778 3515 superius
1821 3446 2214 3517 disputavimus

622 3539 777 3609 (Cap.
801 3538 877 3609 6).
903 3539 1126 3609 Propter
1152 3539 1292 3609 quod
1313 3540 1387 3594 ait
1407 3539 1713 3609 Apostolus,
1743 3537 1845 3607 Qui
1863 3541 2213 3611 episcopatum

620 3632 891 3693 desiderat,
920 3632 1107 3686 bonum
1132 3648 1260 3702 opus
1287 3632 1536 3687 desiderat
1562 3631 1613 3703 (1
1648 3630 1783 3687 Tim.
1810 3649 1890 3700 ιιι,
1921 3634 2000 3705 1).
2031 3635 2211 3705 Expo~

619 3739 753 3780 nere
773 3725 939 3779 voluit
962 3724 1089 3795 quid
1115 3725 1185 3779 sit
1206 3724 1580 3796 episcopatus;
1611 3724 1734 3794 quia
1764 3740 1960 3781 nomen
1988 3736 2069 3781 est
2091 3742 2214 3795 ope-

617 3817 693 3870 ris
712 3858 728 3881 ,
757 3831 863 3870 non
890 3815 1111 3871 honoris
1140 3815 1240 3885 (b).
1283 3815 1530 3871 Gratcum
1556 3822 1641 3870 est
1663 3814 1808 3871 enim
1830 3857 1848 3879 ,
1887 3824 2048 3887 atque
2087 3818 2210 3874 inde

619 3906 838 3962 ductum
867 3906 1206 3971 vocabulum,
1235 3906 1377 3977 quod
1407 3906 1495 3961 ille
1521 3905 1612 3976 qui
1638 3905 1945 3974 praeﬁcitur,
1978 3906 2056 3963 eis
2084 3909 2208 3979 qui-

616 3996 717 4052 bus
739 3996 1025 4067 praaﬁcitur
1045 3996 1457 4066 superintendit,
1480 4011 1666 4052 curam
1683 4011 1866 4051 eorum
1895 3997 2099 4052 scilicet
2118 4014 2210 4069 ge-

616 4104 779 4143 rens:
812 4095 892 4142 ἕπι
925 4089 1123 4158 quippe
1147 4129 1165 4154 ,
1197 4088 1401 4157 Super;
1434 4095 1603 4148 σκοπός
1628 4100 1789 4151 vero,
1817 4085 2046 4142 Intentio
2084 4098 2205 4143 est:

616 4192 746 4247 ergo
775 4184 1061 4241 ἐπισκοπεῖν,
1084 4178 1129 4230 si
1158 4177 1402 4239 velimus,
1430 4176 1591 4229 latine
1614 4175 2067 4244 Superintendere
2091 4192 2208 4248 pos-

617 4283 805 4323 sumus
821 4268 1002 4322 dicere
1025 4267 1130 4338 (c);
1155 4276 1212 4321 ut
1237 4267 1499 4336 intelligat
1520 4281 1625 4319 non
1648 4281 1705 4321 se
1727 4281 1846 4321 esse
1870 4267 2204 4338 episc0pum,

615 4358 707 4427 qui
738 4372 971 4426 prteesse
999 4356 1288 4421 dilexerit,
1319 4371 1424 4410 non
1455 4356 1730 4424 prodesse.
1764 4355 1944 4425 Itaque
1972 4373 2002 4411 a
2030 4359 2207 4415 studio

617 4446 1003 4519 cognoscenda:
1025 4448 1265 4502 veritatis
1290 4461 1450 4501 nemo
1471 4446 1802 4516 prohibetur,
1827 4448 1967 4516 quod
1995 4448 2059 4503 ad
2093 4450 2209 4504 lau-

617 4540 796 4595 dabile
822 4540 1053 4610 pertinet
1078 4541 1247 4594 otium
1280 4555 1293 4593 :
1327 4539 1475 4594 locus
1500 4554 1630 4594 vero
1657 4539 1923 4608 superior,
1957 4542 2074 4597 sine
2100 4558 2206 4612 quo

616 4634 727 4704 regi
758 4634 986 4703 p0pnlus
1017 4647 1122 4688 non
1149 4642 1346 4702 potest,
1371 4633 1471 4686 etsi
1495 4631 1565 4685 ita
1593 4616 1835 4687 teneatur
1858 4641 2017 4703 atque
2036 4634 2207 4689 admi~

615 4729 872 4781 nistretur
902 4735 959 4781 ut
986 4727 1174 4791 decet,
1219 4734 1397 4781 tamen
1444 4724 1751 4780 indecenter
1792 4727 2059 4796 appetitur
2101 4727 2202 4797 (ά).

615 4820 974 4887 Quamobrem
1005 4819 1171 4873 otium
1199 4826 1440 4872 sanctum
1466 4818 1658 4888 qurerit
1675 4817 1909 4873 charitas
1929 4820 2200 4875 veritatis:

603 4909 889 4987 negotium
917 4910 1119 4978 justum
1151 4907 1374 4978 suscipit
1398 4908 1689 4964 necessitas
1710 4907 2005 4965 charitatis.
2033 4911 2202 4977 Quam

680 5043 697 5072 ι
727 5039 922 5096 quidam
960 5045 1070 5089 Mss.
1127 5039 1433 5103 percipimus.
1459 5046 1516 5088 Μ.

678 5104 699 5133 ²
724 5102 829 5151 Sola
854 5103 1004 5150 editio
1022 5111 1153 5159 I.ov.,
1178 5102 1336 5164 agant.

685 5165 706 5196 ³
735 5164 912 5226 Plures
937 5172 1059 5221 Mss,
1084 5171 1130 5212 et
1153 5161 1280 5226 quod
1303 5161 1550 5226 intenet‘it,
1574 5174 1633 5210 ne
1654 5161 1795 5226 alteri
1816 5161 2039 5213 invideat.

680 5224 754 5287 (α)
778 5225 907 5275 conf.
927 5239 1038 5274 cum
1061 5226 1153 5274 hoc
1168 5224 1240 5288 ea]
1258 5228 1327 5275 ite
1366 5224 1728 5284 Tertulliauum,
1750 5225 1799 5272 in
1822 5226 1907 5275 lib.
1931 5226 1996 5274 de
2016 5228 2197 5287 anima,

616 5298 720 5347 cap.
748 5288 822 5335 f7.
845 5295 1091 5342 Coqua-:05.

682 5345 955 5456 '|(b)9citatur
989 5350 1038 5396 in
1076 5347 1447 5410 Aquisgrauensi
1485 5345 1687 5397 concilio
1727 5348 1839 5396 anni
1880 5346 1989 5407 816,
2030 5347 2115 5397 lib.
2153 5351 2199 5410 1,

695 5426 723 5454 ι.
783 5443 796 5456 .

617 5418 723 5466 cap.
748 5418 796 5456 υ.

687 5467 756 5532 (εν)
782 5472 1098 5532 Hieronymus
1131 5482 1346 5532 quoque,
1370 5471 1419 5518 in
1443 5468 1647 5532 Epistola
1668 5469 1716 5529 8,
1753 5470 1811 5517 ad
1842 5472 2110 5532 Evagrium,
2133 5472 2200 5521 ita

620 5531 785 5593 vertit,
809 5530 1178 5590 épiscobmlntes,
1212 5548 1236 5576 ct
1252 5530 1738 5593 'superintentlentes.
1756 5548 1778 5575 ι
1800 5530 2050 5586 Coomizus.

682 5588 761 5654 (ά)
785 5588 1159 5654 bexbt'lodicis,
1184 5593 1248 5642 de
1286 5588 1523 5654 Episc0pis
1546 5601 1596 5640 et
1616 5592 1841 5641 clericis:
1875 5611 1899 5639 ι
1919 5600 2119 5642 Tantum
2136 5595 2198 5643 ab

628 5664 650 5691 ι
673 5650 852 5716 ambitu
873 5651 1024 5699 debet
1048 5665 1164 5716 esse
1181 5650 1422 5715 sepositus
1437 5650 1659 5716 Antistes,
1679 5662 1732 5702 ut
1755 5663 1999 5716 qumratur
2014 5668 2197 5716 cogen-

627 5723 651 5751 s
671 5708 780 5780 dus,
805 5718 1001 5780 rogatus
1021 5708 1487 5780 recedat,'invitatus
1504 5708 1729 5777 effugiat;
1750 5708 1850 5780 sola
1870 5715 1937 5764 illi
1960 5708 2196 5780 sntit-age-

626 5783 649 5812 ι
671 5775 751 5839 tur
771 5775 1036 5839 necessitas
1052 5778 1329 5839 excusandi.
1352 5792 1373 5819 ι
1399 5783 1450 5839 tit
1472 5775 1625 5838 post;
1661 5795 1683 5821 ι
1716 5776 1931 5827 Profecto
1969 5775 2193 5839 indiguus

627 5844 653 5877 ι
675 5837 753 5881 est
774 5830 1058 5893 sacerdotio,
1083 5836 1174 5882 nisi
1195 5835 1343 5888 fuerit
1364 5830 1609 5887 ordinatus
1631 5840 1823 5888 invitus.
1842 5856 1865 5885 »
1887 5830 2133 5896 cogamus.

1689 397 1779 451 DE
1816 392 2138 451 CIVITATE
2177 391 2310 456 DEI.
2349 392 2409 448 S.
2439 392 2801 449 AUGUSTINI
3746 392 3805 446 (iis

2336 502 2601 557 sarcinam
2641 505 2684 557 si
2728 505 2906 559 nullus
2946 505 3192 575 imponit,
3226 504 3570 576 percipiendae
3609 518 3726 580 atque
3754 517 3803 569 iu-

2335 592 2553 646 tuendze
2592 594 2887 648 vacandum
2910 605 2997 650 est
3020 596 3236 650 veritati
3262 612 3275 648 :
3298 596 3345 649 si
3387 607 3554 653 autem
3593 600 3804 669 imponitur,

2334 682 2671 752 suscipienda
2716 693 2799 739 est
2842 696 3060 755 propter
3084 686 3366 741 charitatis
3398 690 3714 745 necessitatem
3737 695 3804 763 (a):

2334 772 2427 827 sed
2453 788 2551 828 nec
2580 774 2657 829 sic
2687 776 2827 828 omni
2851 775 3010 830 modo
3038 778 3280 831 veritatis
3311 777 3583 832 delectatio
3606 782 3805 837 deserent:

2333 872 2437 928 est,
2464 879 2532 919 ne
2558 865 2904 920 subtrahatur
2930 866 3021 920 illa
3050 868 3309 933 suavitas,
3337 877 3391 923 et
3412 871 3649 938 opprimat
3671 873 3741 925 ista
3758 892 3809 929 ne-

2331 956 2575 1010 cessitas.

2330 1063 2560 1122 CAPUT
2596 1066 2716 1122 XX.
2753 1100 2824 1108 —
2866 1069 3015 1135 Quod
3044 1072 3175 1125 cives
3217 1082 3509 1125 sanctorum
3532 1074 3581 1128 in
3608 1075 3696 1128 tite
3720 1078 3812 1147 hujus

2806 1171 3025 1230 tempore
3048 1180 3137 1231 spe
3164 1162 3299 1215 beati
3327 1164 3449 1216 sint.

2401 1267 2761 1333 Quamobrem
2789 1286 3054 1326 summum
3081 1274 3283 1328 bonum
3318 1274 3542 1329 civitatis
3570 1277 3646 1330 Dei
3670 1294 3755 1332 cum
3774 1284 3814 1333 sit

2330 1366 2527 1411 mtcrna
2555 1374 2658 1428 pax
2687 1372 2847 1431 atque
2878 1362 3110 1431 perfecta
3132 1405 3147 1430 ,
3190 1382 3297 1419 non
3334 1382 3430 1434 per
3466 1383 3609 1434 quam
3643 1373 3813 1423 mortales

2333 1455 2607 1503 transeant
2633 1452 2900 1505 nascendo
2927 1463 3086 1522 atque
3114 1456 3430 1520 moriendo,
3469 1456 3557 1511 sed
3595 1458 3637 1510 in
3658 1475 3733 1527 qua
3752 1461 3813 1512 im-

2328 1539 2582 1595 mortales
2605 1553 2851 1597 maneant
2873 1545 3001 1598 nihil
3025 1546 3235 1601 adversi
3253 1549 3477 1602 omnino
3499 1552 3815 1620 patiendo;tu

2326 1638 2410 1684 est
2437 1630 2528 1700 qui
2555 1632 2701 1687 illam
2730 1634 2890 1688 vitam
2917 1636 3002 1690 vel
3029 1637 3396 1692 beatissimam
3423 1650 3589 1709 neget,
3610 1643 3674 1694 vel
3692 1642 3729 1695 in
3745 1644 3815 1710 ejus

2327 1722 2728 1790 comparatione
2754 1725 2928 1785 istam,
2956 1742 3074 1795 qua:
3096 1727 3183 1781 hic
3208 1730 3405 1797 agitur,
3431 1734 3817 1800 qttantislibetaui-

2327 1812 2398 1865 mi
2421 1822 2474 1867 et
2499 1816 2747 1884 corporis
2776 1826 3228 1889 externarumque
3250 1837 3435 1877 rerum
3462 1825 3600 1879 bouis
3626 1826 3743 1894 plena
3760 1828 3815 1887 sit,

2326 1919 2431 1959 non
2455 1907 2808 1963 miserrimam
2832 1911 3067 1981 judicet?
3087 1913 3257 1981 Quam
3289 1926 3470 1971 tamen
3492 1920 3753 1989 quicumque
3770 1922 3816 1972 sic

2327 1992 2507 2060 habet,
2543 2006 2599 2051 ut
2624 1998 2741 2068 ejus
2770 2015 2923 2054 usum
2950 2002 3147 2057 referat
3176 2004 3243 2058 ad
3274 2005 3419 2060 illius
3452 2009 3616 2074 ﬁnem,
3636 2025 3753 2078 quam
3771 2012 3819 2062 di.

2324 2085 2441 2155 ligit
2465 2087 2860 2157 ardentissime,
2890 2108 2951 2147 ac
2981 2093 3295 2151 ﬁdelissime
3326 2108 3523 2167 sperat,
3545 2115 3637 2153 non
3661 2101 3819 2153 absurde

2324 2174 2428 2229 dici
2460 2177 2621 2232 etiam
2648 2195 2792 2235 nunc
2819 2181 3005 2236 beatus
3034 2194 3244 2253 potest,
3274 2202 3374 2256 spe
3402 2188 3491 2241 illa
3523 2190 3689 2257 potius,
3713 2206 3816 2257 quam

2324 2280 2383 2319 re
2410 2266 2531 2320 ista.
2555 2267 2663 2323 Res
2682 2285 2810 2325 vero
2836 2272 2934 2326 ista
2965 2275 3079 2328 sine
3104 2290 3201 2344 spe
3230 2277 3322 2330 illa
3346 2320 3361 2344 ,
3399 2278 3650 2333 beatitudo
3671 2280 3767 2333 falsa
3786 2292 3819 2335 et

2322 2371 2513 2427 magna
2541 2359 2756 2416 miseria
2782 2370 2865 2416 est
2892 2379 2906 2416 :
2934 2378 3040 2419 non
3070 2366 3214 2419 enim
3245 2368 3393 2421 veris
3427 2370 3582 2422 animi
3607 2369 3730 2423 bonis
3751 2372 3815 2421 uti-

2323 2456 2427 2503 tur.
2445 2451 2708 2517 Quoniam
2727 2469 2835 2509 non
2857 2464 2938 2511 est
2956 2471 3083 2511 vera
3105 2459 3390 2527 sapientia,
3409 2477 3524 2531 qua:
3552 2462 3817 2515 intentionem

2321 2555 2471 2595 suam
2504 2542 2554 2596 in
2593 2541 2676 2598 his
2712 2560 2831 2614 qua:
2861 2546 3151 2615 prudenter
3174 2548 3473 2615 discernit,
3500 2553 3625 2621 gerit
3658 2552 3817 2613 fortiter,

2321 2629 2537 2686 cohibet
2582 2641 2967 2704 temperanter,
3004 2638 3255 2708 justeque
3284 2640 3587 2708 distribuit,
3613 2658 3699 2697 non
3724 2645 3818 2697 inil-

2322 2722 2430 2776 lum
2462 2724 2642 2796 dirigit
2670 2728 2866 2795 finem,
2900 2730 2986 2784 ubi
3028 2731 3131 2785 erit
3175 2732 3318 2787 Deus
3354 2736 3528 2789 omnia
3566 2735 3611 2789 in
3646 2736 3819 2789 omnibus

2322 2811 2375 2885 (l
2406 2813 2521 2868 Cor.
2550 2832 2640 2881 xv,
2662 2817 2786 2887 28),
2817 2820 3113 2876 aeternitate
3139 2831 3284 2877 certa
3314 2834 3371 2878 et
3398 2839 3525 2894 pace
3551 2826 3760 2895 perfecta.

2319 2945 2545 3003 CAPUT
2584 2948 2727 3005 XXI.
2757 2981 2830 2993 ——
2864 2953 2944 3007 An
2973 2957 3249 3010 secundum
3274 2959 3589 3027 deﬁnitiones
3616 2961 3815 3029 Scipionis,

2392 3053 2505 3107 qua!
2523 3040 2576 3094 in
2599 3042 2801 3113 dialogo
2824 3043 3075 3098 Ciceronis
3096 3057 3233 3113 sunt,
3254 3065 3481 3118 unquam
3503 3054 3639 3123 fuerit
3660 3051 3820 3103 Ruinam

2390 3130 2695 3198 respublica.

2395 3262 2446 3316 Ι.
2473 3263 2809 3336 Quapropter
2832 3284 2972 3324 nunc
3001 3280 3083 3325 est
3110 3272 3279 3336 locus,
3305 3285 3365 3328 ut
3390 3290 3544 3345 quam
3567 3286 3723 3345 potero
3743 3275 3817 3328 bre-

2318 3353 2459 3410 viter
2479 3370 2541 3411 ac
2566 3357 2798 3414 dilucide
2822 3362 3101 3430 expediam
3123 3405 3138 3428 ,
3166 3367 3311 3434 quod
3364 3367 3419 3422 in
3469 3369 3682 3424 secundo
3718 3369 3818 3435 hujus

2317 3446 2499 3516 operis
2537 3447 2674 3503 libro
2702 3465 2788 3505 me
2814 3451 3306 3510 demonstraturum
3334 3473 3456 3513 esse
3493 3460 3687 3528 promisi
3719 3458 3816 3527 (op.

2317 3533 2408 3599 2|,
2439 3553 2492 3591 η.
2515 3538 2607 3607 4),
2638 3541 2931 3596 secundum
2957 3543 3323 3609 deﬁnitiones,
3355 3548 3545 3618 quibus
3574 3550 3691 3618 apud
3716 3548 3817 3603 Cice-

2315 3641 2504 3684 ronem
2533 3631 2700 3685 utitur
2726 3630 2904 3703 Scipio
2933 3634 2983 3687 in
3014 3635 3164 3690 libris
3190 3636 3257 3691 de
3285 3638 3595 3710 Republica,
3622 3654 3817 3709 nunquam

2314 3721 2699 3789 rempublicam
2728 3723 2891 3780 fuisse
2916 3726 3233 3781 Romanam.
3258 3729 3503 3786 Breviter
3523 3732 3649 3786 enim
3670 3746 3818 3798 rempu

2315 3810 2505 3866 blicam
2537 3813 2723 3868 deﬁnit
2746 3829 2865 3870 esse
2890 3831 3004 3871 rem
3033 3819 3233 3888 populi.
3265 3819 3399 3886 Qua:
3412 3821 3655 3887 deﬁnitio,
3681 3824 3714 3875 si
3734 3836 3816 3873 vera

2313 3910 2415 3966 est,
2440 3918 2708 3973 nunquam
2730 3904 2832 3959 fuit
2856 3905 3095 3961 Romana
3118 3911 3427 3978 respublica
3451 3930 3464 3964 :
3489 3913 3602 3982 quia
3622 3926 3814 3981 nunquam

2314 3994 2414 4050 fuit
2442 4011 2530 4052 res
2558 3998 2772 4068 populi;
2804 4014 2961 4069 quam
2992 4000 3365 4057 deﬁnitionem
3391 4005 3552 4058 voluit
3576 4020 3678 4060 esse
3697 4004 3816 4070 reipu-

2312 4085 2486 4142 blicae.
2536 4087 2795 4157 Populum
2823 4090 2964 4145 enim
2995 4105 3115 4145 esse
3143 4090 3389 4147 deﬁnivit
3418 4103 3606 4149 emtum
3644 4093 3813 4146 multitu-

2311 4178 2453 4233 dinis
2471 4220 2486 4244 ,
2509 4180 2647 4249 juris
2671 4195 2937 4236 consensu
2967 4190 3021 4237 et
3050 4183 3297 4237 utilitatis
3325 4187 3679 4240 communione
3697 4185 3814 4237 socia-

2310 4278 2446 4327 tum.
2474 4272 2613 4340 Quid
2641 4282 2818 4328 autem
2844 4274 2985 4329 dicat
3026 4274 3165 4343 juris
3194 4291 3517 4333 consensum
3540 4320 3553 4340 ,
3576 4274 3813 4347 disputando

2310 4365 2579 4435 explicat;
2610 4382 2705 4437 per
2752 4367 2853 4423 hoc
2894 4370 3186 4425 ostendens
3225 4373 3341 4440 geri
3390 4375 3505 4427 sine
3540 4373 3712 4443 justiti:
3746 4384 3811 4421 non

2310 4473 2469 4527 posse
2508 4460 2890 4529 rempublicam
2924 4480 2938 4517 :
2970 4463 3058 4518 ubi
3085 4479 3213 4534 ergo
3234 4466 3445 4534 justitia
3472 4483 3589 4522 vera
3626 4481 3709 4520 non
3736 4472 3808 4521 est.

2312 4564 2413 4605 nec
2435 4549 2522 4619 jus
2547 4560 2723 4620 potest
2750 4568 2889 4607 esse.
2921 4553 3073 4621 Quod
3104 4557 3246 4609 enim
3271 4558 3396 4624 jure
3427 4558 3502 4625 ﬁt,
3536 4557 3733 4629 profecto
3754 4556 3809 4620 ju-

2310 4649 2393 4696 stc
2431 4642 2525 4696 ﬁt:
2550 4643 2693 4713 quod
2716 4653 2895 4699 autem
2928 4648 2987 4699 fit
3013 4647 3239 4716 injuste,
3270 4665 3375 4704 nec
3410 4650 3528 4720 jure
3555 4650 3651 4704 ﬁeri
3679 4653 3807 4716 potest

2308 4730 2424 4786 Non
2455 4734 2598 4787 enim
2634 4734 2756 4803 jura
2782 4735 3008 4791 dicenda
3036 4745 3160 4791 sunt
3194 4739 3282 4792 vel
3330 4741 3561 4808 putanda
3590 4742 3729 4807 iniqua
3751 4736 3808 4785 ita.

2310 4822 2510 4876 miuum
2551 4826 2839 4880 constituta
2866 4844 2879 4880 :
2903 4842 3023 4880 cum
3064 4827 3190 4881 illud
3221 4831 3386 4883 etiam
3422 4831 3519 4902 ipsi
3544 4831 3622 4901 jus
3646 4825 3807 4884 essedi-

2307 4922 2451 4978 cant,
2484 4915 2626 4984 quod
2670 4915 2738 4970 de
2776 4916 2998 4985 justitite
3042 4917 3189 4972 fonte
3235 4923 3563 4985 manaverit;
3593 4920 3807 4983 falsumque

2256 5013 2261 5017 '
2308 5018 2462 5069 esse,
2490 5005 2630 5073 quod
2670 5021 2701 5060 a
2740 5006 3055 5076 quibusdam
3098 5023 3203 5062 non
3234 5022 3383 5065 recte
3407 5010 3721 5067 sentientibus
3741 5003 3802 5057 diti

2307 5094 2475 5157 solet,
2511 5095 2563 5148 id
2614 5110 2736 5151 esse
2785 5098 2908 5165 jus,
2942 5099 3080 5165 quod
3125 5100 3173 5153 ei
3218 5102 3309 5169 qui
3358 5103 3478 5168 plus
3522 5096 3805 5171 potest.nti|e

2307 5194 2389 5239 est
2420 5186 2514 5255 (ὁ).
2545 5184 2805 5252 Quocirca
2838 5188 2926 5242 ubi
2954 5204 3060 5242 non
3088 5197 3171 5244 est
3195 5205 3321 5245 vera
3347 5193 3569 5260 justitia,
3589 5190 3701 5261 juris
3719 5200 3801 5239 cun—

2306 5293 2465 5332 scnsu
2507 5278 2741 5333 sociatus
2778 5288 2949 5335 caatus
2979 5280 3254 5335 hominum
3289 5299 3399 5338 non
3439 5294 3744 5354 potestesse;
3770 5283 3802 5327 εί

2306 5369 2428 5423 ideo
2456 5385 2553 5424 nec
2585 5373 2831 5440 populus,
2860 5373 3009 5441 juxta
3045 5374 3188 5428 illam
3219 5375 3489 5445 Scipionis
3512 5377 3586 5432 vel
3609 5370 3797 5431 Ciceronis

2305 5460 2669 5518 deﬁnitionem
2697 5482 2711 5518 :
2738 5472 2792 5519 et
2819 5466 2864 5520 si
2892 5481 2998 5520 nou
3029 5470 3277 5537 populus,
3305 5484 3407 5526 nec
3438 5486 3524 5525 res
3546 5469 3717 5541 populi;
3741 5460 3796 5515 St“

2366 5654 2439 5779 3a;
2460 5652 2591 5728 conf.
2620 5658 2763 5719 epist.
2785 5657 2863 5713 48,
2889 5672 2937 5707 u.
2958 5658 3007 5709 2.
3768 5714 3772 5721 ,

2391 5714 2417 5766 b
2464 5726 2536 5766 Sic
2550 5720 2733 5779 justum
2756 5720 2974 5770 definivit
2997 5722 3375 5779 Thrasymachus
3397 5726 3520 5779 apud
3552 5724 3772 5773 Platonem.l

2363 5714 2439 5787 .(b)
2464 5721 2536 5788 sic
2550 5714 2733 5788 justum
2756 5720 2974 5788 definivit
2997 5722 3375 5788 Thrasymachus
3397 5726 3520 5788 apud
3552 5724 3752 5773 Platonem
3766 5714 3791 5758 i3

2323 5780 2456 5889 ῧηὲιὲο
2479 5779 2601 5831 libro
2623 5781 2688 5831 de
2713 5781 2983 5845 Republica.
3015 5779 3162 5843 Quarti
3192 5779 3525 5837 deﬁnitionem
3564 5788 3792 5836 mw"
