3976 6512
144 378 245 434 649

138 490 533 560 qualiscumque
561 488 936 553 multitudinis,
959 506 1077 561 quae
1104 494 1282 563 populi
1312 496 1525 551 nomine
1544 496 1704 565 digna

139 595 242 634 non
268 589 369 633 est.
401 581 478 634 Ae
507 594 600 648 per
628 579 727 634 hoc
746 622 760 645 ,
785 581 832 635 si
861 583 1158 651 respublica
1189 599 1275 638 res
1311 586 1489 655 populi
1520 596 1623 653 est,
1651 595 1707 641 et

140 672 362 742 populus
390 686 494 725 non
519 672 713 741 estqui
741 686 1006 727 consensu
1036 690 1142 727 non
1172 676 1404 731 sociatus
1427 687 1511 731 est
1533 678 1702 745 juris,

140 776 244 814 non
268 770 348 814 est
376 770 554 815 autem
577 760 686 830 jus,
717 762 806 815 ubi
834 763 979 816 nulla
1004 762 1210 832 justitia
1240 773 1360 819 est:
1389 766 1573 834 procul
1609 766 1707 820 du-

139 851 224 903 bio
248 851 545 921 colligitur,
577 851 664 905 ubi
690 852 893 921 justitia
924 868 1031 906 non
1058 862 1140 907 est
1162 894 1177 917 ,
1220 869 1324 908 non
1349 869 1470 910 esse
1494 869 1706 923 rempu-

138 940 349 994 blicam.
393 940 605 995 Iustitia
644 956 805 1010 porro
828 957 889 997 ea
916 943 1084 997 virtus
1110 951 1224 1008 est,
1248 960 1367 1013 qua:
1395 958 1488 998 sua
1513 945 1706 1015 cuique

137 1032 421 1087 distribuit.
454 1034 582 1099 Qua:
610 1033 769 1102 igitur
791 1033 994 1103 justitia
1013 1042 1098 1088 est
1120 1033 1377 1100 hominis,
1395 1049 1514 1103 quae
1535 1035 1706 1103 ipsum

138 1121 403 1175 hominem
449 1122 560 1176 Deo
603 1138 728 1177 vero
767 1124 935 1186 tollit,
961 1131 1016 1177 et
1053 1123 1337 1177 immundis
1376 1123 1707 1180 dzemonibus

136 1210 347 1265 subdit?
373 1212 607 1265 Iloccine
646 1222 728 1265 est
767 1226 862 1266 sua
898 1213 1087 1280 cuique
1119 1210 1471 1267 distribuere?
1498 1214 1581 1267 An
1618 1214 1708 1282 qui

136 1302 357 1357 fundum
387 1303 558 1357 aufert
585 1306 631 1357 ei
662 1318 691 1356 a
720 1318 827 1373 quo
850 1312 1061 1372 emptus
1099 1313 1183 1357 est
1203 1342 1219 1367 ,
1262 1312 1319 1357 et
1356 1304 1517 1357 tradit
1540 1304 1589 1357 ei
1616 1304 1707 1373 qui

137 1394 267 1448 nihil
298 1394 348 1447 in
374 1409 440 1448 eo
469 1393 629 1447 habet
654 1393 1081 1462 juris,vinjustus
1119 1402 1228 1457 est;
1260 1401 1314 1447 et
1333 1393 1426 1462 qui
1448 1406 1507 1447 se
1535 1393 1707 1462 ipsum

135 1482 310 1536 aufert
341 1481 633 1535 dominanti
675 1481 783 1537 Deo
803 1521 818 1545 ,
846 1495 876 1535 a
900 1496 1008 1551 quo
1033 1480 1203 1536 factus
1232 1489 1347 1547 est,
1374 1491 1429 1538 et
1464 1482 1705 1553 malignis

134 1573 303 1629 servit
325 1574 618 1641 spiritibus,
644 1573 818 1642 justus
847 1572 964 1627 est?

202 1665 259 1718 2.
301 1666 609 1734 Disputatur
635 1675 781 1720 certe
820 1666 1077 1720 acerrime
1122 1674 1281 1735 atque
1323 1664 1615 1721 fortissime
1656 1666 1710 1720 in

134 1754 340 1810 eisdem
370 1756 499 1824 ipsis
526 1755 593 1810 de
622 1754 912 1823 Republica
938 1754 1086 1810 libris
1113 1755 1375 1809 adversus
1396 1755 1708 1823 injustitiam

134 1861 232 1916 pro
252 1846 475 1915 justitia.
505 1846 572 1899 Et
595 1845 865 1914 quoniam,
895 1860 1014 1900 cum
1046 1846 1189 1914 prius
1216 1856 1460 1916 ageretur
1499 1862 1595 1915 pro
1624 1847 1709 1900 in-

130 1939 347 2007 justitia:
391 1937 629 2006 partibus
669 1946 853 1991 contra
890 1936 1170 2006 justitiam,
1219 1947 1276 1991 et
1313 1937 1581 1991 diceretur
1608 1938 1708 1992 nisi

134 2043 233 2097 per
284 2027 596 2096 injustitiam
644 2026 1025 2095 rempublicam
1074 2036 1216 2081 stare
1258 2028 1547 2097 augerique
1601 2043 1707 2082 non

132 2132 318 2187 posse;
352 2116 454 2173 hoc
480 2118 643 2172 veluti
684 2117 1063 2171 validissimum
1107 2118 1337 2186 positum
1386 2126 1522 2181 erat,
1567 2116 1709 2184 iniu-

131 2218 272 2262 stum
300 2224 438 2271 esse,
467 2216 525 2262 ut
563 2207 804 2261 homines
831 2207 1133 2261 hominibus
1178 2207 1570 2262 dominantibus
1595 2222 1709 2261 ser-

131 2298 307 2361 viant;
334 2312 491 2368 quam
511 2307 687 2351 tamen
708 2296 1017 2366 injustitiam
1036 2296 1137 2350 nisi
1158 2305 1409 2365 sequatur
1428 2296 1708 2365 imperiosa

127 2389 340 2454 civitas,
388 2387 538 2456 cujus
577 2396 658 2441 est
697 2401 887 2456 magna
926 2386 1245 2455 respublica,
1274 2401 1379 2440 non
1401 2401 1520 2441 eam
1547 2400 1707 2456 posse

127 2476 416 2547 provinciis
444 2477 707 2545 imperare
742 2494 756 2529 :
786 2491 1100 2545 responsum
1129 2486 1210 2530 est
1232 2491 1261 2529 a
1295 2485 1442 2544 parte
1464 2476 1705 2545 justitize,

127 2571 251 2625 ideo
273 2570 474 2638 justum
502 2583 641 2634 esse,
687 2568 827 2637 quod
871 2569 1062 2623 talibus
1107 2568 1414 2623 hominibus
1452 2568 1521 2622 sit
1561 2568 1707 2622 utilis

123 2662 375 2725 servitus,
406 2668 459 2714 et
486 2675 582 2729 pro
610 2658 834 2713 utilitate
859 2672 1043 2712 eorum
1074 2657 1186 2711 ﬁeri
1211 2672 1332 2711 cum
1377 2665 1521 2711 recte
1546 2657 1623 2719 fit,
1652 2655 1705 2711 id

122 2759 225 2817 est,
255 2765 376 2804 cum
418 2749 670 2817 improbis
717 2746 955 2802 aufertur
1000 2746 1310 2815 injuriarum
1359 2746 1601 2811 licentia;
1650 2754 1706 2801 et

120 2842 311 2896 domiti
342 2856 399 2896 se
428 2841 618 2894 melius
648 2839 939 2903 habebunt,
969 2839 1089 2908 quia
1117 2837 1357 2892 indomiti
1385 2837 1619 2891 deterius
1643 2851 1703 2891 se

121 2933 459 2989 habuerunt:
481 2930 856 2998 subditumque
884 2939 987 2995 est,
1018 2937 1076 2983 ut
1098 2929 1195 2982 ista
1219 2927 1355 2982 ratio
1376 2926 1699 2992 ﬁrmaretur,

118 3026 286 3081 veluti
312 3040 342 3078 a
368 3034 556 3079 natura
585 3030 853 3091 sumptum
884 3021 1059 3075 nobile
1084 3021 1406 3089 exemplum,
1437 3030 1597 3089 atque
1628 3019 1702 3073 dio

116 3126 264 3170 ctum
294 3122 395 3178 est,
425 3113 528 3167 Cur
552 3113 705 3182 igitur
727 3111 865 3165 Deus
895 3111 1105 3172 homini,
1132 3111 1329 3163 animus
1355 3110 1565 3179 imperat
1590 3125 1703 3164 cor-

116 3204 250 3274 pori,
298 3204 428 3257 ratio
453 3202 652 3257 libidini
695 3202 979 3271 caeterisque
1015 3201 1201 3255 vitiosis
1245 3200 1401 3253 animi
1440 3200 1703 3269 partibus?

113 3294 288 3347 Plane
313 3292 414 3347 hoc
441 3291 688 3361 exemplo
716 3292 844 3346 satis
869 3290 1112 3345 edoctum
1131 3297 1229 3351 est,
1254 3289 1566 3361 quibusdam
1582 3305 1703 3346 esse

112 3382 305 3437 utilem
333 3384 672 3444 servitutem;
703 3390 757 3435 et
784 3380 894 3434 Deo
916 3379 1128 3448 quidem
1169 3388 1227 3432 ut
1263 3380 1544 3443 serviatur,
1574 3379 1701 3435 utile

111 3487 237 3526 esse
256 3472 524 3525 omnibus.
550 3469 800 3526 Serviens
819 3479 997 3523 autem
1025 3470 1135 3524 Deo
1162 3469 1391 3536 animus,
1422 3478 1568 3525 recte
1596 3470 1698 3524 im-

112 3571 271 3631 perat
296 3562 531 3631 corpori,
579 3562 737 3631 inque
785 3560 901 3629 ipso
950 3559 1129 3613 animo
1156 3560 1293 3613 ratio
1339 3560 1562 3614 Domino
1586 3561 1699 3616 Deo

111 3653 352 3719 subdita,
380 3663 526 3706 recte
556 3652 785 3721 imperat
809 3650 1012 3705 libidini
1043 3650 1288 3719 vitiisque
1316 3651 1544 3706 czeteris.
1566 3652 1699 3719 Qua-

111 3755 336 3816 propter
355 3745 440 3799 ubi
464 3744 623 3799 homo
644 3745 753 3799 Deo
777 3758 883 3798 non
904 3742 1086 3809 servit,
1108 3743 1233 3812 quid
1255 3743 1307 3796 in
1329 3757 1394 3797 eo
1408 3744 1697 3811 putandum

109 3846 343 3893 estesse
367 3836 615 3904 justitim;
660 3834 1089 3906 quandoquidem
1130 3834 1240 3887 Deo
1285 3848 1390 3887 non
1434 3832 1694 3900 serviens,

109 3928 264 3982 nullo
294 3925 457 3980 modo
486 3934 662 3995 potest
685 3925 828 3994 juste
857 3924 1065 3977 animus
1087 3923 1318 3992 corpori,
1346 3932 1439 3978 aut
1467 3923 1695 3977 humana

107 4020 249 4074 ratio
308 4017 484 4072 vitiis‘
517 4018 814 4087 imperare?
848 4018 911 4070 Et
953 4017 996 4070 si
1027 4017 1079 4071 in
1126 4016 1338 4069 homine
1365 4014 1456 4068 tali
1485 4029 1590 4068 non
1614 4021 1697 4069 est

107 4113 214 4166 ulla
235 4111 463 4179 justitia,
500 4111 678 4178 procul
705 4109 866 4163 dubio
896 4124 996 4163 nec
1023 4110 1074 4163 in
1115 4108 1387 4162 hominum
1416 4116 1580 4171 emtu,
1604 4108 1695 4176 qui

106 4218 174 4256 ex
221 4201 531 4255 hominibus
559 4201 751 4254 talibus
776 4208 1004 4253 constat.
1036 4199 1150 4252 Non
1178 4208 1259 4251 est
1289 4198 1372 4252 hic
1399 4212 1527 4267 ergo
1560 4198 1697 4266 juris

106 4294 198 4348 ille
238 4307 553 4356 consensus,
588 4293 673 4361 qui
709 4292 980 4345 hominum
1014 4290 1402 4345 multitudinem
1441 4290 1692 4359 populum

106 4384 258 4449 facit,
291 4383 444 4450 cujus
470 4398 556 4436 res
585 4382 777 4437 dicitur
804 4397 924 4436 esse
976 4382 1295 4450 reSpublica.
1326 4380 1459 4435 Nam
1489 4380 1556 4435 de
1585 4382 1694 4434 uti-

106 4475 259 4529 litate
302 4473 429 4543 quid
473 4474 668 4537 dicam,
697 4473 848 4541 cujus
876 4473 1034 4527 etiam
1062 4473 1435 4527 communione
1463 4472 1697 4527 sociatus

104 4574 285 4621 castus
312 4564 609 4627 hominum,
638 4563 776 4616 sicut
802 4577 861 4616 se
891 4561 1049 4616 habet
1071 4562 1169 4615 ista
1190 4560 1445 4626 definitio,
1469 4560 1696 4630 populus

104 4659 484 4729 nuncupatur?
513 4658 765 4726 Quamvis
802 4656 967 4721 enim,
1017 4656 1060 4710 si
1108 4656 1389 4725 diligenter
1432 4654 1695 4717 attendas.

104 4766 209 4804 nec
237 4749 444 4803 utilitas
469 4750 540 4804 sit
560 4748 664 4803 ulla
684 4746 998 4812 viventium,
1030 4746 1119 4815 qui
1145 4746 1329 4799 vivunt
1352 4745 1539 4813 impie;
1562 4744 1699 4799 sicut

104 4842 242 4894 vivit
266 4840 444 4894 omnis
464 4840 552 4909 qui
581 4854 685 4893 non
709 4839 872 4893 servit
891 4838 1024 4901 Deo,
1053 4836 1321 4905 servitque
1342 4834 1694 4900 daamonibus,

104 4940 261 4985 tanto
306 4930 477 4998 magis
505 4928 701 4998 impiis,
732 4935 931 4998 quanto
968 4926 1136 4995 magis
1160 4925 1281 4989 sibi,
1308 4939 1428 4978 cum
1456 4924 1562 4979 siit
1593 4923 1698 4977 im-

104 5020 456 5075 mundissimi
486 5020 725 5088 spiritus,
758 5028 1008 5088 tanquam
1035 5017 1137 5071 diis
1160 5015 1447 5070 sacrificari
1471 5014 1695 5068 volunt:

107 5122 297 5166 tamen
325 5109 466 5178 quod
493 5109 561 5164 de
581 5109 719 5178 juris
746 5122 1007 5163 consensu
1039 5108 1289 5171 diximus,
1318 5106 1448 5160 satis
1467 5119 1587 5160 esse
1614 5120 1701 5159 ar-

104 5200 308 5261 hitror,
340 5197 483 5252 unde
506 5206 760 5267 appareat
789 5213 882 5266 per
906 5196 1044 5250 hanc
1072 5194 1429 5250 deﬁnitionem
1456 5208 1561 5249 non
1580 5209 1702 5249 esse

104 5289 395 5359 populum,
418 5288 570 5356 cujus
590 5287 886 5357 respublica
911 5302 1030 5342 esse
1051 5287 1276 5350 dicatur,
1298 5286 1350 5340 in
1377 5302 1482 5355 quo
1497 5284 1701 5355 juSIitia

106 5394 219 5431 non
250 5385 356 5430 est.
386 5375 442 5431 Si
472 5377 612 5430 enim
641 5377 825 5430 dicunt
848 5391 951 5430 nou
978 5376 1251 5445 spiritibus
1281 5374 1584 5437 immundis,
1608 5372 1703 5427 sed

106 5469 212 5523 diis
250 5467 409 5521 bonis
437 5476 598 5537 atque
621 5467 818 5521 sanctis
849 5467 901 5520 in
928 5481 1021 5520 sua
1052 5467 1319 5536 republica
1345 5466 1574 5521 servisse
1596 5465 1703 5519 Ro-

106 5573 338 5617 manos;
368 5557 623 5626 numquid
648 5557 835 5612 eadem
866 5558 1021 5612 toties
1064 5555 1352 5627 repetenda
1396 5564 1538 5617 sunt,
1585 5570 1704 5624 quae

101 5648 217 5717 jam
247 5646 404 5711 satis,
435 5647 543 5699 imo
582 5646 719 5700 ultra
762 5658 921 5715 quam
963 5647 1093 5700 satis
1134 5655 1236 5713 est,
1280 5644 1547 5701 diximus?
1575 5643 1705 5711 Quis

177 5786 196 5816 ⁸
222 5781 336 5834 Sola
354 5782 502 5831 edttlo
516 5786 647 5834 Lov.,
680 5776 805 5828 vitiis
828 5777 1030 5832 ca’teris.

448 5861 724 5919 PATROL.
768 5853 916 5915 XLI.

1297 381 1494 437 LIBER
1537 382 1831 441 DECIMUS
1866 383 2109 444 NONUS.

3280 412 3387 470 650

1810 498 1954 591 enim
1984 500 2049 555 ad
2081 500 2221 557 hunc
2246 503 2419 562 locum
2450 524 2544 577 per
2572 515 2874 581 superiores
2903 500 3057 589 hujus
3099 526 3276 591 operis
3326 529 3388 582 li-

1810 588 1936 643 bros
1984 593 2241 660 pervenit,
2288 598 2379 665 qui
2428 600 2672 657 dubitare
2712 606 2885 661 adhuc
2928 588 3113 677 possit,
3139 588 3306 670 vmalis
3333 626 3387 673 et

1812 678 2031 748 impuris
2078 682 2408 741 dzemonibus
2453 692 2681 747 servisse
2718 694 3006 763 Romanos,
3037 701 3136 755 nisi
3181 705 3265 758 vel
3308 708 3391 759 ni—

1812 769 1978 824 mium
2006 772 2249 839 stolidus,
2275 777 2357 830 vel
2386 778 2839 848 impudentissime
2866 792 3229 847 contentiosus
3246 794 3385 850 iScd

1812 869 1870 913 ut
1902 871 2104 917 taceam
2132 866 2315 933 quales
2358 869 2484 935 sint,
2528 888 2661 941 quos
2709 878 2982 933 sacriﬁciis
3025 881 3299 949 colebant;
3332 886 3385 939 in
3448 942 3453 945 ,

1812 951 1927 1020 lege
1956 953 2067 1006 veri
2097 954 2187 1009 Dei
2213 957 2467 1026 scriptum
2511 972 2612 1025 est,
2653 964 2962 1033 Sacriﬁcans
2989 969 3085 1024 diis
3111 974 3386 1027 erodit-abi-

1812 1050 1914 1104 tur,
1955 1043 2052 1096 nisi
2076 1042 2291 1099 Domino
2332 1057 2527 1103 tantum
2568 1053 2757 1121 (Exod.
2788 1072 2921 1121 χιιι,
2948 1058 3060 1129 20).
3100 1060 3208 1116 Nec
3234 1063 3387 1118 bonis

1812 1131 1989 1200 igitur,
2021 1150 2120 1190 nec
2150 1138 2302 1192 malis
2342 1140 2446 1195 diis
2488 1145 2771 1201 sacrificari
2803 1151 2985 1217 voluit,
3017 1153 3107 1222 qui
3139 1153 3240 1208 hoc
3262 1171 3385 1210 cum

1814 1231 1957 1297 tanta
1976 1227 2389 1287 comminatione
2410 1234 2678 1303 praecepit.

1813 1379 2037 1437 CAPUT
2076 1382 2241 1439 XXII.
2267 1417 2334 1426 —
2363 1388 2444 1442 An
2481 1406 2625 1445 verus
2668 1391 2730 1445 sit
2776 1393 2948 1460 Deus,
2988 1398 3068 1451 cui
3117 1400 3386 1456 Christiani

2093 1476 2344 1543 serviunt,
2372 1479 2455 1531 cui
2480 1481 2574 1534 soli
2607 1482 2782 1538 debeat
2808 1488 3105 1555 sacriﬁcari.

1884 1602 1988 1657 Sed
2041 1608 2352 1676 responderi
2401 1620 2575 1679 potest
2607 1631 2621 1667 :
2651 1614 2781 1680 Quis
2830 1616 2929 1672 iste
2968 1618 3108 1673 Deus
3152 1630 3270 1689 est,
3300 1632 3389 1678 aut

1814 1694 1954 1747 unde
1977 1692 2171 1763 dignus
2199 1699 2471 1765 probatur,
2502 1704 2585 1757 cui
2612 1705 2870 1760 deberent
2893 1708 3258 1779 obtemperare
3279 1712 3389 1767 Ro-

1815 1783 1955 1835 mani
1982 1825 1995 1845 ,
2026 1793 2085 1837 ut
2110 1787 2310 1841 nullum
2340 1788 2560 1845 deorum
2601 1804 2794 1862 prazter
2820 1797 2989 1865 ipsum
3027 1800 3264 1855 colerent
3304 1818 3390 1856 sa-

1814 1872 2066 1927 eriliciis?
2104 1875 2303 1945 Magnae
2342 1881 2593 1937 caecitatis
2633 1892 2751 1948 est,
2780 1886 2953 1941 adhuc
2997 1904 3235 1957 quaerere
3273 1895 3391 1961 quis

1814 1962 1913 2053 iste
1950 1964 2017 2016 sit
2042 1964 2202 2020 Deus.
2233 1967 2350 2036 Ipse
2391 1979 2474 2024 est
2520 1972 2695 2041 Deus,
2725 1975 2875 2044 cujus
2922 1977 3203 2049 Prophetas
3251 1998 3391 2053 pra:-

1812 2052 2061 2108 dixerunt
2103 2056 2201 2111 ista
2238 2074 2356 2127 qua:
2391 2063 2678 2120 cernimus.
2711 2064 2827 2134 Ipse
2872 2076 2954 2121 est
2994 2068 3167 2138 Deus,
3206 2052 3391 2142 aquo

1812 2159 2126 2213 responsum
2162 2151 2366 2218 accepit
2394 2152 2660 2209 Abraham
2685 2195 2701 2221 ,
2732 2155 2798 2211 In
2832 2160 3020 2213 semine
3056 2170 3141 2215 tuo
3186 2163 3391 2218 benedi-

1812 2247 1984 2289 centur
2026 2254 2197 2292 omnes
2224 2250 2391 2310 gentes
2413 2242 2565 2312 (Gen.
2592 2262 2698 2300 xxn
2726 2288 2740 2310 ,
2774 2249 2887 2320 i8).
2918 2250 3071 2317 Quod
3094 2253 3147 2307 in
3177 2252 3391 2310 Christo

1812 2326 1956 2391 fieri,
1983 2328 2073 2398 qui
2115 2331 2408 2387 secundum
2449 2348 2663 2390 carnem
2692 2337 2759 2392 de
2802 2340 2893 2393 illo
2928 2342 3131 2397 semine
3172 2355 3390 2400 exortus

1810 2426 1931 2483 est,
1961 2418 2119 2474 iidem
2165 2422 2264 2490 ipsi
2293 2424 2382 2493 qui
2420 2437 2793 2482 remanserunt
2825 2430 2983 2499 hujus
3026 2434 3255 2487 nominis
3283 2434 3388 2489 ini-

1810 2508 1966 2576 mici,
1996 2512 2159 2566 velint
2208 2514 2482 2580 nolintve,
2523 2529 2867 2587 cognoscunt.
2917 2521 3036 2592 Ipse
3079 2533 3162 2578 est
3196 2504 3348 2581 Deus
3370 2567 3386 2591 ,

1809 2602 1959 2670 cujus
2002 2602 2209 2660 divinus
2253 2605 2480 2677 Spiritus
2525 2625 2620 2678 per
2648 2626 2740 2666 eos
2766 2613 2973 2669 locutus
3015 2624 3135 2679 est,
3161 2632 3386 2687 quorum

1809 2692 2061 2761 praedicta
2086 2704 2246 2764 atque
2286 2700 2548 2769 completa
2578 2716 2671 2770 per
2697 2703 2989 2759 Ecclesiam
3012 2747 3027 2771 ,
3052 2720 3208 2775 quam
3243 2707 3388 2762 vide-

1809 2799 1926 2839 mus
1955 2794 2066 2840 toto
2089 2788 2218 2844 orbe
2238 2789 2482 2845 dili‘usam
2502 2832 2518 2857 ,
2550 2793 2601 2846 in
2632 2793 2783 2848 libris
2819 2796 3181 2864 superioribus
3208 2799 3383 2866 posui.

1808 2874 1927 2942 Ipse
1954 2886 2037 2931 est
2062 2878 2202 2933 Deus
2220 2921 2235 2947 ,
2264 2896 2421 2950 quem
2444 2882 2613 2937 Varro
2650 2883 2988 2940 doctissimus
3028 2886 3386 2944 Romanorum

1803 2964 1989 3023 Jovem
2037 2979 2221 3039 putat,
2258 2974 2497 3042 quamvis
2542 2976 2787 3030 nesciens
2826 2976 2951 3046 quid
2997 2977 3240 3045 IOquatur
3264 2977 3385 3047 (a):

1804 3058 1948 3128 quod
1976 3069 2151 3117 tamen
2180 3061 2302 3117 ideo
2331 3066 2851 3121 commemorandum
2896 3068 3111 3136 putavi,
3140 3068 3385 3137 quoniam

1806 3150 1887 3203 vir
1938 3158 2099 3206 tantae
2139 3154 2375 3208 scientia:
2410 3169 2509 3210 nec
2560 3157 2761 3210 nullum
2801 3157 2959 3212 istum
3009 3158 3166 3213 deum
3218 3159 3388 3227 potuit

1805 3240 2109 3296 existimare
2127 3283 2141 3307 ,
2169 3258 2266 3298 nec
2288 3245 2467 3300 vilem.
2499 3246 2649 3301 Hune
2678 3248 2817 3302 enim
2844 3263 2965 3303 eum
2990 3264 3108 3305 esse
3136 3250 3385 3315 credidit,

1805 3346 1965 3396 quem
2017 3348 2283 3389 summum
2337 3339 2541 3405 putavit
2588 3338 2775 3393 Deum.
2824 3340 3097 3396 Postremo
3144 3342 3259 3413 ipse
3306 3355 3387 3399 cst

1805 3422 1947 3477 Deus
1992 3464 2007 3486 ,
2040 3440 2196 3493 quem
2247 3426 2584 3483 doctissimus
2631 3428 3101 3501 philosophorum,
3146 3435 3390 3505 quamvis

1802 3510 2225 3570 Christianorum
2252 3519 2548 3574 acerrimus
2581 3520 2825 3576 inimicus
2848 3563 2863 3587 ,
2895 3522 3055 3577 etiam
3082 3539 3176 3592 per
3199 3539 3385 3580 eorum

1803 3603 2017 3656 oracula
2036 3644 2051 3668 ,
2074 3618 2206 3673 quos
2228 3605 2358 3662 deos
2382 3618 2530 3677 putat
2555 3650 2570 3675 ,
2595 3611 2759 3665 Deum
2784 3628 3030 3683 magnum
3058 3614 3385 3685 Porphyrius

1803 3694 2102 3749 conﬁtetur.

1827 3846 2052 3903 CAPUT
2097 3848 2285 3903 XXIII.
2316 3852 2531 3917 —Quw
2588 3840 2903 3924 Porphyrius
2949 3858 3083 3911 dicat
3130 3861 3352 3914 oraculis

2114 3941 2319 3994 deorum
2344 3959 2585 4011 responsa
2620 3962 2725 3998 esse
2748 3947 2813 4001 de
2842 3945 3060 4001 Christo.

1876 4073 1926 4126 1.
1964 4072 2095 4127 Nam
2127 4074 2179 4127 in
2207 4075 2353 4131 libris
2377 4093 2510 4145 quos
2530 4083 2579 4132 Ix
2606 4086 2768 4145 λογίων
2791 4088 3055 4152 φιλοσοφίας
3083 4084 3099 4114 ¹
3129 4084 3382 4154 appellat,

1803 4162 1856 4215 in
1887 4162 2078 4232 quibus
2117 4165 2424 4234 exsequitur
2451 4177 2610 4237 atque
2636 4171 2925 4225 conscribit
2961 4188 3138 4227 rerum
3169 4174 3235 4229 ad
3266 4176 3384 4245 phi-

1802 4251 2093 4321 losophiam
2121 4256 2495 4324 pertinentium
2524 4258 2667 4314 velut
2690 4260 2862 4315 divina
2902 4278 3155 4333 responsa
3187 4264 3262 4339 (b)
3285 4308 3302 4334 ,
3329 4277 3388 4322 ut

1804 4345 1917 4413 ipsa
1962 4346 2122 4401 verba
2162 4348 2278 4417 ejus
2297 4391 2313 4412 ,
2343 4352 2790 4420 quemadmodum
2832 4370 2898 4410 ex
2929 4356 3104 4428 lingua
3129 4375 3298 4425 grates
3328 4361 3381 4415 in

1802 4435 2018 4490 latinam
2058 4438 2403 4508 interpretata
2432 4450 2556 4497 sunt
2577 4485 2592 4508 ,
2634 4458 2825 4513 ponam
2860 4464 2873 4499 :
2905 4447 3276 4519 lnterroganti,
3304 4452 3386 4506 in-

1802 4528 1949 4596 quit,
2000 4545 2146 4597 quem
2189 4531 2338 4585 deum
2388 4533 2639 4603 placando
2684 4552 2917 4590 revocare
2959 4541 3115 4605 possit
3174 4556 3382 4593 uxorem

1802 4635 1947 4672 suam
1972 4636 2004 4672 a
2032 4619 2412 4675 Christianismo
2430 4664 2444 4685 ,
2472 4625 2579 4678 hwc
2606 4626 2675 4677 ait
2703 4625 2919 4680 versibus
2948 4627 3152 4697 Apollo.
3184 4631 3385 4685 Deinde

1805 4711 1964 4765 verba
2007 4712 2151 4767 velut
2177 4713 2435 4782 Apollinis
2475 4715 2575 4769 ista
2618 4726 2741 4770 sunt
2772 4734 2784 4769 :
2814 4715 2972 4788 Forte
3013 4720 3175 4790 magis
3199 4723 3384 4789 poteris

1803 4805 1856 4859 in
1880 4821 2012 4875 aqua
2036 4806 2291 4876 impressis
2320 4807 2497 4861 litteris
2525 4809 2738 4863 scribere
2760 4851 2775 4877 ,
2802 4820 2890 4863 aut
2925 4810 3180 4880 adinﬂans
3207 4814 3228 4844 ³
3253 4830 3385 4881 pen-

1869 4978 1886 5010 ι
1933 4983 1982 5023 In
2006 4984 2111 5042 Mss.
2134 4976 2383 5042 plerisque
2409 4986 2508 5042 est,
2546 4975 2760 5042 eglogion
2791 4977 3149 5042 philosophias;
3178 4991 3384 5042 proque

1806 5049 2062 5108 perperam
2084 5038 2243 5088 fuerat
2263 5038 2313 5086 in
2336 5039 2530 5087 excusis
2552 5038 2860 5090 emendatam
2882 5038 3145 5103 theologion
3175 5038 3384 5105 philoso-

1871 5132 1988 5223 ξ’ἓῖο
2028 5166 2136 5223 uss,
2160 5159 2304 5223 mm,
2330 5158 2521 5223 inﬂaris.

1872 5222 1945 5345 Ea;
1966 5222 2093 5295 conf.
2119 5220 2203 5270 lib.
2230 5222 2260 5292 1.
2275 5221 2340 5270 de
2360 5220 2709 5294 Cons.'Evang.,
2733 5233 2785 5271 n.
2808 5221 2888 5272 30.
3152 5285 3163 5297 .

1897 5283 1923 5332 b
1961 5283 2216 5345 citantbos
2229 5281 2376 5345 hbros
2389 5294 2564 5343 passum
2577 5282 2910 5345 Theodoretus
2923 5296 2979 5334 ac
2993 5285 3163 5333 Eusebi

1897 5281 1945 5352 lg)
1961 5283 2216 5352 citant‘hos
2229 5281 2376 5352 libros
2389 5284 2564 5343 passim
2577 5281 2910 5352 Theodoretus
2923 5296 2980 5352 ae
2993 5285 3385 5352 Eusebiushocco

1809 5342 1968 5403 titulo,
1991 5343 2053 5393 de
2071 5342 2371 5406 Philosophia
2385 5342 2455 5406 ex,
2468 5343 2694 5406 oraculis,
2716 5345 2788 5393 uti
2811 5352 2949 5394 recte
2967 5347 3017 5394 in
3047 5348 3237 5395 Eusebii
3262 5347 3381 5397 libre

1809 5407 1841 5454 4
1864 5404 2568 5467 Ριιεερειειίοιιὶεᾼεγειιςειίεεε,
2608 5404 2711 5467 cap.
2748 5406 2794 5466 6,
2833 5420 2929 5455 non
2964 5414 3128 5455 autem
3158 5408 3301 5458 sicuti
3336 5410 3378 5459 in

1812 5465 2031 5540 ejtisdem
2069 5466 2190 5514 libro
2212 5465 2244 5513 ὅ
2263 5465 2327 5513 de
2352 5465 2788 5517 D’emonstratione'
2812 5467 3113 5539 evangelica,
3136 5481 3242 5539 cap.
3267 5470 3316 5529 6,
3337 5479 3386 5539 et

1812 5529 2067 5581 aliquoties
2088 5527 2213 5581 apud
2235 5526 2588 5576 Theodoretum
2611 5527 2737 5581 male
2757 5528 2991 5581 redditur.
3007 5528 3069 5578 de
3087 5528 3391 5581 Philostmhut

1809 5542 2067 5590 aliquoues
2088 5542 2213 5589 apud
2235 5542 2588 5576 'meoooretum
2611 5542 2737 5581 male
2757 5542 2991 5587 redditur,
3007 5542 3069 5578 ae
3087 5542 3391 5593 Pmtosopmu

1809 5589 2109 5659 selectorum.
2135 5589 2493 5659 inscriptionis
2517 5602 2709 5659 causam
2754 5596 2807 5638 et
2842 5591 3018 5659 aperis
3048 5600 3393 5659 argumentum

1810 5652 1969 5706 aperit
1990 5651 2414 5712 cum_Augu_stinus
2448 5650 2525 5698 hic
2548 5652 2821 5712 perspicue,
2867 5650 2969 5699 tum
3007 5650 3391 5704 luculentissima

1722 5740 1728 5747 -
1811 5712 2073 5774 Eusebius,
2105 5707 2214 5759 loco
2245 5709 2356 5759 libri
2400 5707 2761 5773 Prwparationis
2791 5707 3091 5774 evangelica
3128 5728 3254 5765 nunc
3291 5715 3385 5763 lau-

1816 5773 1943 5822 dato.

2692 5858 3154 5940 (Vingt—une.)
