3976 6516
580 382 679 439 051

575 514 667 553 nas
693 497 821 551 leues
839 509 928 567 per
946 507 1067 547 aera
1095 501 1150 544 ut
1172 488 1278 542 auis
1314 486 1483 542 colare
1506 525 1520 550 ,
1551 499 1701 554 quam
1731 483 1939 553 polluta:
1965 482 1981 514 ¹
2013 496 2156 535 revo-

573 606 656 644 ces
680 586 852 655 impiae
874 583 1048 638 uxoris
1076 596 1297 635 sensum.
1323 577 1511 646 Pergnt
1537 576 1560 609 ⁸
1585 573 1837 646 quomodo
1864 572 1972 627 vult
1997 571 2166 625 inani-

576 679 668 734 bus
707 674 927 747 fallaciis
976 685 1333 744 perseverans,
1362 676 1409 722 et
1452 663 1893 721 lamentationibus
1933 662 2149 733 fallaris-

574 768 716 823 simis
745 772 997 819 mortuum
1025 761 1188 816 Deum
1210 768 1419 814 cantans
1445 756 1490 823 ³,
1521 772 1670 826 quem
1694 772 1728 808 a
1749 754 2007 825 iudicibus
2030 760 2165 806 recta

577 854 907 914 sentientibus
936 854 1191 926 perditum
1212 892 1225 917 ,
1248 851 1467 924 pessima
1490 849 1541 904 in
1568 846 1805 919 speciosis
1835 850 1971 917 ferro
1999 844 2167 898 uincta

580 968 714 1006 mors
736 947 1007 1018 interfecit.
1035 945 1239 1001 Deinde
1268 951 1389 1013 post
1421 943 1519 997 hos
1542 953 1729 996 versus
1749 937 2008 1009 Apollinis
2027 975 2043 1001 ,
2074 935 2165 1005 qui

580 1054 687 1096 non
714 1047 898 1093 stante
914 1044 1085 1092 metro
1101 1034 1263 1090 latine
1283 1030 1611 1100 interpretati
1632 1037 1774 1094 sunt,
1794 1025 2060 1095 subjunin
2079 1033 2165 1079 at-

576 1146 683 1200 que
703 1129 778 1183 ait
807 1144 820 1181 :
849 1127 918 1182 In
935 1127 1013 1181 his
1032 1125 1233 1195 quidem
1263 1121 1718 1193 tergiversationem
1735 1116 1759 1150 ⁸
1785 1115 2168 1171 irremediabilis

577 1220 837 1276 sententiis
850 1234 1016 1272 eorum
1033 1214 1370 1286 ma‘nifestavit
1378 1256 1390 1275 .
1405 1212 1575 1267 dicens
1586 1210 1822 1283 quoniam
1832 1207 1866 1263 J
1872 1207 2005 1262 adici
2016 1206 2168 1261 susci-

578 1312 720 1383 piunt
738 1309 896 1364 Deum
918 1307 1079 1379 magis
1102 1322 1255 1377 quam
1276 1305 1377 1359 isti.
1400 1304 1536 1358 Ecce
1560 1301 1649 1358 ubi
1675 1300 1990 1356 decolorans
2014 1296 2169 1352 Chri-

577 1408 737 1464 stum.
754 1398 968 1455 Judzeos
989 1397 1279 1468 prmposuit
1293 1391 1626 1458 Christianis,
1650 1389 1908 1446 conﬁtens
1922 1387 2062 1459 quod
2075 1387 2169 1443 Ju-

580 1491 681 1546 dmi
701 1489 993 1559 suscipiant
1010 1488 1195 1542 Deum.
1215 1486 1306 1541 Sic
1328 1483 1472 1540 enim
1493 1480 1746 1551 exposuit
1766 1493 1951 1535 versus
1968 1476 2170 1547 Apolli—

579 1584 683 1651 nis,
700 1580 789 1637 ubi
800 1598 830 1637 a
848 1580 1114 1652 iudicibus
1128 1586 1272 1635 recta
1285 1574 1635 1633 sentientibus
1654 1571 1923 1629 Christum
1935 1570 2063 1625 dicit
2078 1583 2169 1624 oc-

577 1675 768 1739 cisum,
792 1663 1041 1740 tanquam
1072 1668 1176 1724 illis
1197 1669 1342 1738 juste
1364 1663 1742 1736 iudicantibus,
1766 1660 1958 1717 merito
1985 1661 2054 1714 sit
2082 1659 2169 1714 ille

580 1766 819 1835 punitus.
842 1761 1049 1817 Viderit
1075 1759 1200 1831 quid
1228 1758 1296 1814 de
1327 1757 1543 1814 Christo
1573 1763 1722 1810 vates
1742 1752 1970 1808 mendax
2000 1750 2168 1820 Apol-

583 1855 706 1910 linis
730 1854 806 1926 (a)
840 1851 1067 1916 dixerit,
1116 1857 1276 1918 atque
1324 1848 1425 1903 iste
1470 1842 1907 1909 crediderit,aut
1946 1841 2169 1895 fortasse

580 1952 781 2009 vatem,
812 1941 955 2013 quod
986 1955 1091 1995 non
1116 1939 1285 2007 dixit,
1312 1937 1511 1993 dixisse
1534 1934 1636 1991 iste
1668 1933 1783 2002 ipse
1806 1929 2122 1987 confinxerit
2151 1946 2164 1982 :

580 2051 739 2107 quam
779 2049 909 2090 vero
945 2032 1048 2088 sibi
1074 2038 1320 2096 constet,
1350 2028 1438 2083 vel
1464 2027 1577 2098 ipsa
1603 2023 1817 2079 oracula
1844 2022 1982 2077 inter
2000 2036 2060 2077 se
2086 2019 2167 2074 fa-

580 2128 687 2182 ciat
706 2124 1014 2189 convenire,
1043 2130 1228 2194 postea
1256 2119 1573 2175 videbimus.
1603 2116 1703 2172 Hic
1724 2123 1902 2170 tamen
1930 2112 2166 2177 Judaeos,

580 2227 830 2287 tanquam
873 2214 970 2270 Dei
1018 2221 1396 2281 susceptores,
1438 2217 1583 2265 recte
1628 2207 1757 2263 dicit
1797 2205 2065 2275 iudicasse
2101 2204 2170 2260 de

578 2306 816 2371 Christo,
846 2302 988 2375 quod
1017 2318 1137 2358 eum
1161 2310 1332 2357 morte
1356 2300 1583 2371 pessima
1610 2297 2022 2353 excruciandum
2049 2311 2171 2352 esse

579 2398 904 2453 censuerint.
935 2396 1074 2451 Deus
1103 2396 1280 2465 itaque
1301 2392 1628 2458 Judaeorum,
1647 2391 1733 2446 cui
1754 2392 1997 2461 perhibet
2022 2390 2169 2445 testi—

578 2489 815 2546 monium
850 2529 866 2554 ,
923 2485 1217 2543 audiendus
1260 2484 1393 2551 fuit,
1441 2483 1625 2539 dicens
1655 2498 1669 2535 :
1698 2480 2011 2550 Sacrificans
2067 2481 2168 2535 diis

579 2580 947 2644 cradicabitur,
991 2577 1091 2632 nisi
1140 2575 1361 2630 Domino
1399 2582 1595 2629 tantum
1624 2573 1643 2642 (
1673 2572 1842 2627 Exod.
1877 2588 1984 2626 xxn
2005 2615 2018 2639 ,
2047 2571 2164 2641 20).

579 2670 685 2727 Sed
732 2669 800 2724 ad
846 2666 1206 2723 manifestiora
1245 2665 1553 2731 veniamus,
1594 2672 1647 2718 ct
1688 2662 1966 2718 audiamus
2008 2678 2167 2732 quam

577 2774 825 2830 magnum
854 2758 1021 2813 Deum
1043 2758 1184 2811 dicat
1209 2770 1327 2811 esse
1352 2753 1678 2811 Judzeorum.
1710 2753 1839 2808 Item
1869 2752 1936 2807 ad
1966 2766 2025 2805 ea
2047 2768 2167 2821 qua:

576 2849 922 2921 interrogavit
960 2848 1293 2918 Apollinem,
1334 2843 1461 2916 quid
1516 2844 1741 2909 melius,
1782 2843 2001 2898 verbum
2055 2844 2167 2898 sive

577 2941 714 2996 ratio
735 2982 749 3004 ,
778 2955 847 2995 an
874 2939 993 3006 lex;
1026 2938 1283 3010 respondit
1308 2977 1323 3001 ,
1356 2936 1561 3007 inquit,
1589 2935 1811 2990 versibus
1838 2935 1945 2988 lure
1972 2934 2163 2989 dicens.

580 3033 657 3086 Ac
685 3032 879 3087 deinde
908 3030 1123 3101 subjicit
1154 3029 1415 3099 Apollinis
1452 3041 1674 3093 versus,
1700 3027 1751 3082 in
1784 3028 1977 3096 quibus
1999 3036 2054 3082 et
2079 3028 2164 3082 isti

577 3134 740 3189 sunt,
772 3134 830 3179 ut
852 3131 1105 3194 quantum
1131 3123 1262 3177 satis
1295 3130 1378 3176 est
1397 3119 1519 3175 inde
1551 3118 1834 3188 decerpant
1869 3136 1883 3171 :
1914 3118 1979 3172 In
2005 3118 2168 3173 Deum

575 3228 732 3279 vero,
789 3212 997 3283 inquit,
1056 3219 1435 3282 generatorem,
1482 3218 1530 3261 et
1580 3207 1633 3261 in
1679 3223 1845 3278 regem
1882 3218 1999 3261 ante
2051 3224 2165 3261 om-

578 3306 665 3359 nia
694 3303 716 3337 ³
747 3302 842 3374 (b),
875 3320 1020 3373 quem
1047 3301 1213 3355 tremit
1237 3310 1285 3354 et
1306 3299 1483 3354 calum
1504 3339 1519 3363 ,
1548 3308 1594 3352 et
1630 3307 1764 3352 terra
1784 3338 1798 3363 ,
1830 3308 1979 3366 atque
2004 3314 2162 3364 mare,

576 3407 625 3449 et
653 3378 968 3465 infernarum
1006 3393 1213 3457 abdita,
1242 3400 1290 3444 et
1333 3392 1445 3459 ipsa
1489 3390 1697 3442 numina
1741 3389 2167 3459 perhorrescunt:

576 3500 791 3555 quorum
818 3482 902 3538 lex
928 3491 999 3537 est
1028 3480 1185 3535 Pater
1203 3520 1218 3546 ,
1242 3495 1387 3549 quem
1411 3479 1557 3534 valde
1583 3480 1743 3532 sancti
1777 3479 2024 3532 honorant
2056 3477 2167 3534 He-

577 3575 700 3629 braei
720 3573 812 3646 (c).
835 3573 950 3628 Tali
991 3571 1212 3627 oraculo
1253 3570 1337 3625 dei
1382 3568 1465 3625 sui
1510 3569 1799 3638 Apollinis,
1843 3569 2167 3640 Porphyrius

578 3674 685 3724 tam
712 3681 961 3737 magnum
989 3665 1157 3719 Deum
1180 3663 1311 3718 dixit
1332 3662 1675 3717 Hebrmorum
1700 3700 1718 3729 ,
1746 3670 1805 3715 ut
1829 3676 1950 3715 cum
1972 3672 2025 3717 et
2053 3664 2167 3733 ipsa

578 3760 794 3814 numina
833 3757 1265 3829 perhorrescant.
1312 3754 1446 3813 Cum
1474 3768 1603 3823 ergo
1635 3754 1773 3808 Deus
1804 3754 1903 3808 iste
1932 3754 2164 3815 dixerit,

584 3850 900 3919 Saeri/icans
919 3848 1016 3902 diis
1041 3845 1401 3911 eradicabitur,
1430 3845 1596 3898 miror
1621 3844 1763 3913 quod
1792 3844 1904 3913 ipse
1931 3844 2168 3916 Porphy-

578 3944 694 3998 rius
730 3956 837 3997 non
881 3940 1287 4012 perhorruerit,
1319 3948 1375 3994 et
1423 3937 1731 4000 sacrificans
1777 3937 1880 3991 diis
1909 3938 2166 3992 cradicari

579 4050 685 4089 non
719 4032 1101 4087 formidaverit.

648 4122 707 4178 2.
745 4122 883 4177 Dicit
907 4122 1065 4176 etiam
1104 4120 1239 4175 bona
1284 4117 1633 4189 philosophus
1676 4118 1775 4173 iste
1805 4116 1871 4172 de
1913 4116 2124 4175 Christo
2148 4161 2163 4187 ,

580 4213 732 4281 quasi
758 4211 956 4265 oblitus
983 4209 1124 4265 illius
1144 4248 1163 4276 ,
1185 4208 1252 4263 de
1281 4223 1383 4278 qua
1416 4207 1576 4277 paulo
1603 4216 1727 4261 ante
1761 4208 1918 4262 locuti
1940 4223 2126 4263 sumus
2147 4251 2164 4277 ,

580 4303 916 4361 contumeliae
941 4317 1085 4368 suae;
1120 4310 1215 4356 aut
1237 4300 1389 4371 quasi
1432 4300 1483 4353 in
1513 4299 1716 4354 somnis
1738 4300 1809 4354 dii
1844 4300 1961 4368 ejus
1998 4302 2166 4357 male-

646 4397 666 4430 ι
688 4396 761 4445 Sic
772 4393 958 4456 habent
978 4392 1307 4454 manuscripti.
1325 4390 1441 4439 aliti
1458 4402 1597 4450 vero,
1614 4402 1760 4453 quam
1781 4390 1928 4442 semel
1953 4390 2165 4456 palliata.

642 4459 666 4491 ¹
685 4455 1007 4514 ca'belensis,
1034 4457 1255 4514 Peragat.

644 4518 861 4581 mestus
902 4510 1043 4566 vetns
1076 4510 1599 4581 culex,_perseueram
1634 4510 1888 4562 lamentari
1930 4520 2169 4581 mortuum

584 4574 805 4632 Deum'el
824 4584 1039 4629 cantans.
1062 4576 1233 4626 caeteri
1259 4574 1367 4623 fere
1391 4580 1497 4623 Mss.
1519 4607 1535 4633 ,
1570 4585 1881 4635 perseverans
1914 4581 1960 4624 et
1984 4574 2166 4625 lamm-

582 4648 678 4693 tan
716 4638 923 4703 fallaciis
961 4644 1200 4703 mortuum
1248 4640 1403 4703 Deum
1440 4641 1637 4703 cantans
1664 4646 1682 4684 :
1708 4643 1919 4703 excepto
1956 4635 2112 4703 altero
2137 4651 2168 4687 e

580 4696 970 4760 Corbéiensibus,
1008 4701 1090 4762 qui
1113 4699 1264 4748 habet
1304 4698 1389 4756 sic,
1440 4700 1613 4760 vergat
1656 4696 2020 4762 quomodqvna
2055 4696 2165 4749 im.

581 4764 717 4814 nibus
732 4762 938 4827 fallaciis
951 4757 1195 4827 mortuum
1210 4768 1373 4827 Dawn.
1384 4757 1740 4827 («menstruam
1752 4772 1785 4827 ᾳ
1796 4757 2165 4827 jttdicibus,e_tc.

646 4826 670 4857 δ
689 4818 910 4892 ,νἐειετεε
929 4821 1060 4892 ﬁbri
1094 4826 1263 4892 erant
1294 4820 1447 4892 verba
1481 4818 1952 4892 εςῖθέυεηίξςξοηφεπς
1990 4820 2168 4892 etpla-

583 4898 672 4936 res
689 4886 899 4943 habent,
920 4878 1656 4943 irremediabilemserucntiam;
1696 4878 1774 4929 alii
1792 4915 1807 4941 ,
1831 4878 2167 4933 irremediabi-

583 4946 619 4996 li
640 4940 916 5005 sententiae,
936 4940 1034 5001 vel,
1058 4940 1415 4993 irremediabile
1434 4941 1693 5005 sententia.

646 5009 669 5040 ⁸
692 5005 798 5057 sola
819 5002 970 5056 editio
990 5009 1131 5074 l.o_v.:
1159 5011 1391 5074 In_Deum
1413 5014 1539 5061 vero,
1554 5002 1725 5067 inquit,
1741 5014 1903 5068 regem
1921 5010 2169 5067 generato-

589 5080 695 5116 rcm
729 5074 775 5117 et
796 5078 959 5127 regem
978 5071 1086 5127 ante
1107 5071 1280 5114 omnia.

649 5128 723 5249 έῗῖ
746 5126 1134 5249 ﬁﬁlﬁmﬁ

674 5183 723 5250 ὑ)
747 5196 926 5239 Versus
941 5183 1026 5238 ill'e
1043 5187 1168 5251 apud
1191 5186 1499 5246 laetantium,
1537 5183 1624 5237 lib.
1647 5186 1714 5236 de
1736 5191 1808 5235 ira
1830 5188 1934 5247 Dei,
1960 5198 2065 5250 cap.
2084 5184 2167 5247 εδ,

582 5252 651 5301 sic
674 5251 823 5322 habet
842 5262 1005 5322 graece
1028 5261 1043 5300 :

732 5318 822 5366 Ηόὶ
849 5321 964 5383 Θεὸν
990 5318 1173 5383 pasth
1198 5319 1278 5383 noti

648 5383 720 5447 (e)
744 5384 826 5432 llis
848 5377 1001 5447 afﬁne'
1016 5387 1093 5431 est
1113 5379 1241 5447 aliud
1265 5377 1528 5447 oraculum,
1551 5377 1690 5447 cuius
1707 5380 1930 5447 meminit
1954 5379 2171 5447 lustinus

584 5445 633 5493 in
657 5441 888 5494 Sérmone
912 5442 1242 5493 exhortatoria
1264 5441 1324 5503 ad
1345 5447 1543 5503 Gentes.
1578 5441 1856 5503 Sciscitante
1895 5442 2026 5488 enim
2046 5454 2169 5503 quo-

586 5506 716 5566 dam,
733 5507 821 5613 lqui
845 5516 1059 5568 unquam
1098 5504 1188 5553 viri
1216 5500 1437 5565 religiosi
1459 5501 1683 5560 fuissent,
1708 5502 1775 5551 ita
1798 5500 2084 5563 responsum
2107 5502 2170 5550 ab

586 5580 729 5613 oracu
750 5580 780 5613 Ο
804 5581 817 5613 2

585 5580 780 5617 Ol'aCUIO
804 5581 817 5615 ἶ

763 5615 945 5682 Memor.
966 5631 1209 5680 Χαλδαῖοι
1228 5634 1389 5696 σοφίην
1414 5629 1555 5693 λάχον
1577 5615 1644 5686 ἧδ’
1680 5617 1749 5693 rip.
1790 5618 2006 5691 Ἐϐραῖοί,

764 5704 1075 5763 Abraham-ev
1102 5704 1288 5749 ἄνακτα
1306 5704 1609 5763 “Cautum
1626 5701 1739 5748 Θεὸν
1760 5697 1925 5756 ἁγνῶς.
2038 5762 2043 5763 7
2074 5738 2083 5741 -

587 5768 637 5819 td
662 5774 773 5819 est:
800 5760 904 5817 soli
916 5764 1135 5817 Chaldaei
1157 5763 1438 5828 sapientiam
1453 5761 1611 5828 sortiti
1651 5768 1759 5812 sunt
1789 5768 1931 5823 atque
1958 5760 2167 5824 Hebra’i,

592 5844 657 5883 ex
677 5844 729 5883 ss
750 5827 853 5892 ipso
876 5833 1034 5877 ortum
1049 5823 1391 5893 regrm'sancte
1413 5823 1634 5884 colentes,
1661 5832 1831 5873 Deum.
1855 5829 2105 5879 Εορυευίι.

1306 5326 1560 5391 miram
1588 5319 1677 5391 πρὸ
1706 5315 1907 5391 troia-ruis:

1656 366 1743 422 DE
1780 363 2099 423 CIVITATE
2130 363 2263 423 DEI.
2301 362 2363 420 S.
2404 364 2770 423 AUGUSTINI
3725 371 3805 429 652

2272 482 2505 537 dixerint
2552 481 2805 545 Christo,
2854 489 2907 536 et
2950 481 3261 551 evigilantes
3313 497 3437 537 eum
3490 482 3675 540 bonum
3716 504 3808 545 esse

2267 572 2651 643 cognoverint,
2679 572 2941 643 digneque
2962 574 3316 628 laudaverint.
3346 574 3585 645 Denique
3603 586 3805 647 tanquam

2268 662 2512 718 mirabile
2536 662 2733 733 aliquid
2762 671 2922 734 atque
2949 663 3257 720 incredibile
3283 665 3589 734 prolaturus
3607 706 3623 732 ,
3656 667 3809 723 Prcter

2268 753 2557 822 opinionem
2581 794 2598 821 ,
2647 754 2843 823 inquit,
2878 755 3103 825 profecto
3139 755 3443 825 quibusdam
3489 757 3705 812 uidentur
3730 776 3810 814 esse

2268 845 2404 913 quod
2429 844 2614 898 dicturi
2636 861 2830 900 sumus.
2854 844 3109 901 Christum
3129 847 3265 900 enim
3293 846 3369 899 dii
3417 847 3688 917 piissimum
3720 867 3794 918 pro

2271 937 2624 991 nuntiaverunt
2642 946 2688 990 et
2715 937 3051 991 immortalem
3090 939 3281 1008 factum
3305 977 3321 1000 ,
3348 946 3397 991 et
3425 954 3540 991 cum
3570 938 3689 992 bona
3712 958 3812 1009 pre.

2271 1027 2523 1081 dicatione
2547 1028 2657 1099 ejus
2699 1028 3078 1082 meminerunt:
3104 1026 3423 1082 Christianos
3452 1044 3568 1082 vero
3595 1030 3813 1099 pollutos,

2271 1116 2482 1188 inquit,
2512 1126 2560 1172 et
2582 1119 2951 1173 contaminatos
2972 1160 2988 1185 ,
3018 1127 3066 1172 et
3111 1134 3280 1172 errore
3317 1119 3609 1188 implicatos
3644 1123 3815 1175 essedi-

2270 1218 2426 1274 cunt;
2452 1218 2497 1261 et
2516 1209 2686 1263 multis
2710 1209 2895 1263 talibus
2913 1209 3151 1264 adversus
3175 1224 3258 1263 eos
3283 1209 3609 1279 blasphemiis
3628 1220 3817 1267 utuntur.

2274 1296 2475 1352 Deinde
2517 1298 2729 1367 subjicit
2771 1299 2917 1354 velut
2956 1298 3179 1356 deorum
3225 1300 3443 1354 oracula
3490 1300 3820 1370 blaspheman-

2273 1388 2403 1441 tium
2435 1386 2787 1443 Christianos.
2842 1389 2910 1445 Et
2957 1399 3077 1459 post
3127 1391 3240 1444 hare
3263 1431 3278 1455 ,
3311 1389 3393 1443 De
3421 1388 3623 1445 Christo
3648 1402 3817 1455 autem,

2271 1476 2480 1547 inquit,
2512 1477 2934 1550 interrogantibus
2972 1480 3016 1533 si
3058 1489 3131 1534 est
3158 1478 3295 1534 Deus
3313 1521 3329 1547 ,
3351 1481 3427 1533 ait
3453 1479 3645 1534 Hecate
3663 1496 3682 1535 ι
3706 1480 3819 1548 Quo-

2270 1569 2411 1622 niam
2432 1569 2636 1641 quidem
2660 1571 2963 1626 immortalis
2988 1571 3160 1624 anima
3188 1582 3300 1643 post
3325 1589 3521 1643 corpus
3547 1583 3601 1627 ut
3626 1575 3817 1638 incedit,

2271 1658 2445 1726 nosti,
2473 1676 2506 1713 a
2555 1660 2807 1731 sapientia
2848 1669 3016 1715 autem
3055 1662 3276 1717 abscissa
3319 1678 3524 1731 semper
3558 1674 3713 1726 errat,
3746 1664 3820 1717 φίτὶ

2270 1749 2457 1819 pietate
2484 1750 2888 1820 praestantissimi
2909 1764 2983 1807 est
3002 1752 3095 1807 illa
3113 1753 3284 1807 anima
3304 1794 3320 1820 ,
3349 1753 3486 1807 hanc
3509 1755 3821 1809 colunlalim

2271 1857 2304 1894 α
2330 1858 2384 1897 se
2408 1843 2637 1897 veritate.
2675 1843 2875 1900 Deinde
2913 1853 3035 1915 post
3066 1844 3228 1901 verba
3266 1845 3427 1915 hujus
3472 1847 3620 1916 quasi
3654 1848 3821 1903 oraculi

2271 1947 2367 1989 sua
2402 1933 2519 2004 ipse
2542 1944 2835 1992 contexens
2856 1977 2873 2003 ,
2903 1935 3195 1991 Piissimum
3219 1938 3378 2009 igitur
3416 1940 3580 1993 virum
3602 1982 3617 2006 ,
3649 1941 3820 2010 inquit,

2271 2040 2385 2079 eum
2409 2025 2539 2079 dixit
2563 2066 2578 2091 ,
2608 2035 2657 2080 et
2690 2027 2802 2096 ejus
2847 2027 3100 2094 animam,
3130 2028 3261 2081 sicut
3286 2037 3334 2083 et
3372 2030 3594 2083 aliorum
3619 2030 3821 2098 piorum,

2273 2123 2387 2185 post
2433 2115 2621 2169 obitum
2663 2116 3044 2171 immortalitate
3093 2118 3335 2172 donatam
3365 2119 3382 2151 ⁸
3408 2160 3421 2185 ,
3445 2128 3495 2173 et
3532 2120 3657 2173 hanc
3689 2122 3823 2174 colere

2273 2203 2587 2259 Christianos
2615 2205 2902 2276 ignorantes
2921 2208 2960 2260 ².
2986 2205 3428 2278 Interrogantibus
3452 2218 3640 2275 autent,
3665 2209 3821 2279 inquit,

2272 2292 2376 2351 Cur
2399 2311 2519 2365 ergo
2544 2296 2815 2352 damnatus
2839 2298 2960 2352 est?
2982 2297 3192 2352 oraculo
3217 2298 3483 2369 respondit
3512 2300 3605 2352 dea
3620 2339 3638 2365 ,
3661 2298 3823 2367 Corpus

2270 2385 2473 2454 quidem
2501 2384 2877 2442 debilitantibus
2919 2388 3177 2443 tormentis
3202 2404 3402 2457 semper
3430 2389 3707 2458 appositum
3730 2398 3823 2441 est:

2272 2481 2445 2533 anima
2485 2488 2651 2534 autem
2696 2480 2896 2551 piorum
2941 2482 3127 2536 caelesti
3174 2482 3282 2536 sedi
3331 2483 3541 2537 insidet.
3597 2482 3694 2537 Illa
3732 2499 3823 2536 vero

2272 2572 2444 2625 anima
2472 2571 2589 2627 aliis
2618 2573 2883 2629 animabus
2908 2574 3138 2644 fataliter
3173 2575 3342 2641 dedit,
3384 2576 3569 2645 quibus
3612 2578 3711 2645 fata
3745 2593 3822 2629 non

2271 2674 2558 2718 annuerant
2601 2664 2810 2719 deorum
2850 2666 3070 2719 obtinere
3110 2666 3243 2719 dona
3267 2707 3282 2731 ,
3314 2682 3477 2733 neque
3515 2666 3689 2720 habere
3710 2666 3824 2719 locis

2272 2754 2575 2811 immortalis
2636 2758 2976 2828 agnitionem,
3029 2773 3199 2811 errore
3244 2756 3523 2826 implicari.
3583 2757 3824 2828 Propterea

2271 2865 2390 2919 ergo
2415 2850 2513 2903 diis
2542 2850 2683 2903 exosi
2715 2865 2735 2903 :
2762 2850 2879 2916 quia
2903 2850 3081 2918 quibus
3111 2853 3215 2919 fato
3240 2866 3341 2902 non
3369 2851 3467 2919 fuit
3500 2866 3643 2903 nosse
3666 2849 3819 2911 Deum,

2271 2957 2363 2995 nec
2390 2942 2525 2996 dona
2556 2959 2587 2996 a
2613 2944 2713 2997 diis
2741 2945 2969 3010 accipere
2988 2986 3003 3009 ,
3036 2944 3113 2997 his
3142 2943 3368 3013 fataliter
3393 2944 3535 2996 dedit
3568 2944 3657 2997 iste
3685 2958 3823 2995 errore

2272 3033 2545 3104 implicari.
2569 3034 2692 3105 Ipse
2718 3052 2833 3089 vero
2864 3037 2977 3105 pius
3003 3078 3015 3098 ,
3045 3046 3091 3089 et
3120 3036 3171 3089 in
3198 3036 3379 3088 etclam
3400 3076 3414 3097 ,
3448 3036 3578 3089 sicut
3607 3037 3673 3105 pii
3689 3078 3702 3095 .
3726 3052 3823 3088 con-

2271 3125 2442 3178 cessit.
2470 3123 2655 3196 Itaque
2683 3126 2817 3179 hunc
2855 3127 3056 3196 quidem
3085 3142 3184 3178 non
3214 3126 3620 3194 blaspltemabis,
3651 3127 3823 3179 misere-

2273 3215 2402 3268 beris
2428 3225 2595 3269 autem
2622 3216 2880 3270 hominum
2923 3215 3266 3269 dementiam:
3297 3231 3359 3269 ex
3404 3231 3463 3269 eo
3498 3216 3552 3269 in
3598 3218 3665 3270 eis
3698 3215 3821 3287 facile

2271 3323 2595 3377 praecepsque
2615 3307 2899 3379 periculum
2924 3306 3019 3381 (α).

2339 3397 2394 3452 5.
2434 3395 2565 3464 Quis
2606 3398 2677 3451 ita
2721 3398 2914 3452 stultus
2948 3405 3066 3461 est,
3107 3407 3164 3453 ut
3206 3412 3312 3454 non
3363 3400 3620 3472 intelligat
3653 3411 3734 3456 aut
3763 3400 3819 3453 ab

2271 3488 2488 3544 homine
2511 3488 2704 3544 callido
2731 3530 2746 3555 ,
2782 3504 2952 3559 eoque
2989 3488 3306 3544 Christianis
3341 3491 3700 3547 inimicissimo
3726 3491 3819 3545 hac

2270 3580 2483 3635 oracula
2516 3580 2679 3636 fuisse
2704 3582 2927 3636 conficta
2957 3623 2972 3647 ,
3017 3589 3109 3635 aut
3144 3582 3369 3637 consilio
3394 3584 3555 3637 simili
3584 3584 3647 3637 ab
3674 3583 3820 3649 impu-

2271 3672 2348 3727 ris
2373 3671 2705 3727 daamonibns
2735 3671 2835 3726 ista
2863 3672 3024 3727 fuisse
3044 3686 3298 3742 responsa
3326 3689 3341 3737 ;
3368 3681 3425 3727 ut
3452 3673 3689 3736 scilicet,
3714 3686 3822 3740 quo-

2272 3765 2415 3819 niam
2447 3765 2663 3818 laudant
2689 3764 2957 3819 Christum
2984 3805 3000 3827 ,
3029 3776 3309 3835 praplcrea
3338 3764 3624 3820 credantur
3649 3764 3817 3819 veraci-

2273 3863 2356 3909 tcr
2382 3855 2684 3924 vituperare
2708 3853 3075 3919 Christianos;
3103 3865 3260 3924 atque
3289 3857 3355 3909 ita
3380 3898 3396 3922 ,
3427 3856 3471 3909 si
3504 3858 3729 3926 possint,
3758 3856 3820 3907 in.

2273 3944 2573 4000 tercludant
2601 3944 2739 3998 viam
2768 3943 2957 3999 salutis
2993 3956 3205 3999 :nternaz
3231 3987 3246 4011 ,
3287 3946 3341 4001 in
3385 3962 3488 4016 qua
3535 3948 3591 3999 fit
3630 3944 3819 4014 quisque

2271 4035 2595 4090 christianos
2614 4035 2639 4090 ἲ
2660 4035 2782 4091 Sua:
2810 4036 3005 4106 quippe
3040 4036 3265 4091 nocendi
3301 4038 3511 4091 astutia:
3552 4032 3818 4090 milleformi

2270 4128 2506 4182 sentiunt
2535 4143 2640 4181 non
2672 4142 2793 4182 esse
2820 4127 3141 4182 contrarium
3164 4126 3205 4193 ³,
3252 4127 3295 4181 si
3334 4127 3586 4181 credatur
3619 4126 3692 4180 cis
3730 4125 3818 4177 lau-

2273 4217 2522 4273 dantibus
2548 4218 2819 4272 Christnm
2842 4258 2859 4284 ,
2891 4216 3015 4271 dum
3048 4224 3223 4271 tamen
3252 4217 3679 4273 credatur‘etiam
3709 4214 3816 4267 vitu-

2272 4308 2577 4377 perantihus
2600 4307 2968 4371 Christianos;
3006 4315 3064 4361 ut
3101 4321 3221 4362 eum
3252 4308 3338 4377 qui
3366 4317 3646 4377 utrumque
3672 4302 3815 4359 credi-

2271 4398 2446 4463 derit,
2478 4398 2636 4452 talem
2662 4395 2857 4454 Christi
2886 4396 3079 4451 faciant
3104 4397 3436 4451 laudatorem
3461 4439 3479 4464 ,
3506 4413 3573 4452 ne
3592 4396 3817 4451 velitcssc

2272 4488 2595 4544 christianns
2622 4504 2636 4543 :
2667 4502 2731 4542 ac
2751 4488 2829 4542 sic
2852 4488 3094 4558 quamvis
3112 4488 3180 4542 ab
3206 4486 3296 4541 illo
3322 4487 3565 4542 laudatus
3586 4528 3601 4553 ,
3630 4485 3691 4539 ab
3714 4484 3816 4539 isto-

2272 4596 2391 4635 rum
2446 4589 2624 4635 tameu
2671 4580 2973 4633 daemonum
3018 4579 3293 4634 dominatu
3342 4594 3463 4634 eum
3511 4595 3615 4633 non
3659 4577 3814 4631 liberet

2272 4671 2534 4728 Christus.
2579 4671 2883 4726 Prmsertim
2927 4671 3048 4740 quia
3095 4671 3165 4724 ita
3208 4670 3423 4725 laudant
3459 4670 3815 4728 Christum,nt

2272 4764 2512 4835 quisquis
2536 4762 2587 4816 in
2615 4777 2736 4817 eum
2764 4762 2921 4817 talem
2947 4760 3232 4816 crediderit
3256 4802 3271 4827 ,
3308 4761 3480 4830 qualis
3517 4760 3584 4813 ab
3608 4760 3681 4813 eis
3702 4770 3814 4826 pne-

2273 4852 2482 4908 dicatur
2504 4891 2519 4914 ,
2548 4850 2880 4905 Christianus
2904 4865 3061 4905 verus
3087 4866 3190 4904 non
3220 4851 3325 4915 sit,
3374 4850 3468 4906 sed
3510 4847 3815 4905 Photinianus

2276 4944 2561 5000 lucreticus
2585 4985 2601 5011 ,
2648 4944 2738 5013 qui
2777 4941 3143 4997 tantummodo
3184 4942 3451 4996 hominem
3477 4984 3490 5005 ,
3548 4956 3649 4996 non
3685 4938 3812 4992 etiam

2276 5035 2443 5089 Deum
2475 5035 2681 5088 noverit
2707 5032 2976 5088 Christum
3005 5033 3076 5104 (b)
3105 5049 3117 5085 :
3146 5042 3199 5087 et
3227 5033 3343 5086 ideo
3381 5047 3476 5101 per
3518 5047 3634 5087 eum
3670 5029 3814 5083 salvus

2274 5144 2396 5184 esse
2421 5144 2525 5182 non
2556 5127 2757 5197 possit,
2796 5141 2895 5180 nec
2934 5126 3154 5179 istorum
3186 5123 3699 5194 mendaciloquorum
3725 5119 3813 5174 d1-

2277 5234 2493 5273 monum
2524 5218 2743 5287 laqueos
2771 5218 2938 5271 vitare
2964 5216 3045 5271 vel
3076 5215 3305 5270 solvere.
3335 5214 3444 5269 Nos
3477 5223 3649 5268 autem
3674 5221 3815 5279 neque

2360 5332 2378 5361 ί
2406 5338 2610 5392 veteres
2650 5328 2757 5392 libri
2775 5363 2791 5387 ,
2836 5327 3189 5378 immortalitate
3233 5326 3497 5392 dignatam.
3544 5324 3665 5389 Apud
3698 5328 3816 5370 Eusta-

2277 5393 2428 5449 hium,
2455 5390 2537 5439 lib.
2562 5391 2612 5449 5,
2633 5390 2699 5439 de
2722 5396 2966 5439 Demonst.
2992 5396 3188 5451 Evang,
3211 5388 3317 5451 cap.
3342 5388 3390 5449 6,
3416 5388 3591 5451 graece
3620 5393 3705 5445 est,
3726 5394 3816 5441 αρυ-

2275 5451 2661 5503 thanatisllténai.

2342 5517 2361 5545 ³
2379 5517 2452 5563 Sic
2473 5519 2579 5561 Mss.
2599 5513 2718 5561 Editi
2741 5520 2921 5569 autem,
2944 5516 3179 5560 errantes.
3356 5568 3359 5569 ν
3716 5564 3729 5569 ,
3810 5556 3816 5563 .

2340 5576 2361 5608 ³
2383 5572 2487 5623 Sola
2499 5574 2659 5642 editio
2682 5580 2808 5630 lov.,
2966 5570 3141 5634 quippe
3160 5568 3367 5621 nocendi
3385 5571 3572 5622 astutia
3585 5564 3816 5623 millewa

2276 5649 2370 5687 non
2391 5636 2593 5685 credunt
2607 5648 2708 5684 esse
2730 5636 3040 5685 contrarium.
3604 5660 3605 5663 η

2339 5695 2738 5803 ξραιιωοίὲξδίὲθω
2761 5703 2922 5746 Graece
2940 5694 3065 5757 apud
3080 5694 3355 5750 Eusebium,
3379 5692 3463 5745 lib.
3480 5695 3511 5744 3
3530 5692 3592 5744 de
3609 5688 3813 5741 nemon-'3.

2278 5764 2476 5814 Evang.,
2504 5769 2609 5814 cap.
2630 5764 2678 5803 b'.

2345 5770 2476 5819 ang.,
2504 5770 2609 5817 cap.
2630 5770 2678 5803 υ.

2345 5820 2419 5881 (b)
2442 5817 2570 5866 Couf.
2598 5816 2681 5866 lib.
2707 5816 2769 5867 dc
2789 5824 2989 5877 "mres,
3015 5816 3135 5866 hrcr.
3160 5815 3239 5873 44.
3264 5815 3343 5864 45.
