  <div class='ocr_page' id='page_1' title='image "/cluster/home/n/w/nwhite01/storage/ocr_20150623/40-41/uc1.31175026811482/103.png"; bbox 0 0 4072 6534; ppageno 0'>
   <div class='ocr_carea' id='block_1_1' title="bbox 549 461 2808 525">
    <p class='ocr_par' dir='ltr' id='par_1_1' title="bbox 549 461 2808 525">
     <span class='ocr_line' id='line_1_1' title="bbox 549 461 2808 525; baseline -0 -3"><span class='ocrx_word' id='word_1_1' title='bbox 549 469 645 523; x_wconf 68' lang='lat' dir='ltr'><strong>illi</strong></span> <span class='ocrx_word' id='word_1_2' title='bbox 1518 467 1609 524; x_wconf 81' lang='lat' dir='ltr'><strong>DE</strong></span> <span class='ocrx_word' id='word_1_3' title='bbox 1648 466 1807 525; x_wconf 83' lang='lat' dir='ltr'><strong>FIDE</strong></span> <span class='ocrx_word' id='word_1_4' title='bbox 1845 466 1933 522; x_wconf 79' lang='lat' dir='ltr'><strong>ET</strong></span> <span class='ocrx_word' id='word_1_5' title='bbox 1971 461 2303 525; x_wconf 77' lang='lat' dir='ltr'><strong>SYMBOLU.</strong></span> <span class='ocrx_word' id='word_1_6' title='bbox 2343 463 2399 517; x_wconf 83' lang='lat' dir='ltr'><strong>S.</strong></span> <span class='ocrx_word' id='word_1_7' title='bbox 2443 464 2808 523; x_wconf 65' lang='lat' dir='ltr'><strong>AUGUSTINI</strong></span> 
     </span>
    </p>
   </div>
   <div class='ocr_carea' id='block_1_2' title="bbox 546 581 2127 654">
    <p class='ocr_par' dir='ltr' id='par_1_2' title="bbox 546 581 2127 654">
     <span class='ocr_line' id='line_1_2' title="bbox 546 581 2127 654; baseline 0.003 -18"><span class='ocrx_word' id='word_1_8' title='bbox 546 584 797 654; x_wconf 71' lang='lat' dir='ltr'><strong>subjectus</strong></span> <span class='ocrx_word' id='word_1_9' title='bbox 822 583 913 636; x_wconf 85' lang='lat' dir='ltr'><strong>erit</strong></span> <span class='ocrx_word' id='word_1_10' title='bbox 933 583 980 634; x_wconf 91' lang='lat' dir='ltr'><strong>ei</strong></span> <span class='ocrx_word' id='word_1_11' title='bbox 999 582 1083 651; x_wconf 86' lang='lat' dir='ltr'><strong>qui</strong></span> <span class='ocrx_word' id='word_1_12' title='bbox 1104 581 1180 635; x_wconf 86' lang='lat' dir='ltr'><strong>illi</strong></span> <span class='ocrx_word' id='word_1_13' title='bbox 1204 583 1415 654; x_wconf 73' lang='lat' dir='ltr'><strong>subjecit</strong></span> <span class='ocrx_word' id='word_1_14' title='bbox 1431 584 1621 653; x_wconf 84' lang='lat' dir='ltr'><strong>omnia(</strong></span> <span class='ocrx_word' id='word_1_15' title='bbox 1645 584 1664 639; x_wconf 92' lang='lat' dir='ltr'><strong>l</strong></span> <span class='ocrx_word' id='word_1_16' title='bbox 1694 583 1812 638; x_wconf 82' lang='lat' dir='ltr'><strong>Cor.</strong></span> <span class='ocrx_word' id='word_1_17' title='bbox 1841 598 1935 650; x_wconf 93' lang='lat' dir='ltr'><strong>xv,</strong></span> <span class='ocrx_word' id='word_1_18' title='bbox 1964 581 2036 637; x_wconf 74' lang='lat'><strong>28</strong></span> <span class='ocrx_word' id='word_1_19' title='bbox 2064 581 2080 646; x_wconf 90' lang='lat'>)</span> <span class='ocrx_word' id='word_1_20' title='bbox 2112 596 2127 641; x_wconf 72' lang='grc' dir='ltr'>ξ</span> 
     </span>
    </p>
   </div>
   <div class='ocr_carea' id='block_1_3' title="bbox 542 674 2135 743">
    <p class='ocr_par' dir='ltr' id='par_1_3' title="bbox 542 674 2135 743">
     <span class='ocr_line' id='line_1_3' title="bbox 542 674 2135 743; baseline -0.004 -11"><span class='ocrx_word' id='word_1_21' title='bbox 542 688 632 743; x_wconf 83' lang='lat' dir='ltr'><strong>et,</strong></span> <span class='ocrx_word' id='word_1_22' title='bbox 673 674 811 730; x_wconf 84' lang='lat' dir='ltr'><strong>Vada</strong></span> <span class='ocrx_word' id='word_1_23' title='bbox 850 675 916 728; x_wconf 90' lang='lat' dir='ltr'><strong>ad</strong></span> <span class='ocrx_word' id='word_1_24' title='bbox 940 674 1148 729; x_wconf 84' lang='lat' dir='ltr'><strong>Patrem</strong></span> <span class='ocrx_word' id='word_1_25' title='bbox 1173 692 1341 730; x_wconf 88' lang='lat' dir='ltr'><strong>meum</strong></span> <span class='ocrx_word' id='word_1_26' title='bbox 1368 686 1415 730; x_wconf 90' lang='lat' dir='ltr'><strong>et</strong></span> <span class='ocrx_word' id='word_1_27' title='bbox 1442 675 1649 731; x_wconf 88' lang='lat' dir='ltr'><strong>Patrem</strong></span> <span class='ocrx_word' id='word_1_28' title='bbox 1688 686 1935 743; x_wconf 77' lang='lat' dir='ltr'><strong>uestrum,</strong></span> <span class='ocrx_word' id='word_1_29' title='bbox 1971 674 2135 727; x_wconf 87' lang='lat' dir='ltr'><strong>Deum</strong></span> 
     </span>
    </p>
   </div>
   <div class='ocr_carea' id='block_1_4' title="bbox 546 766 2132 841">
    <p class='ocr_par' dir='ltr' id='par_1_4' title="bbox 546 766 2132 841">
     <span class='ocr_line' id='line_1_4' title="bbox 546 766 2132 841; baseline -0.003 -17"><span class='ocrx_word' id='word_1_30' title='bbox 546 786 711 824; x_wconf 86' lang='lat' dir='ltr'><strong>meum</strong></span> <span class='ocrx_word' id='word_1_31' title='bbox 735 779 783 823; x_wconf 89' lang='lat' dir='ltr'><strong>et</strong></span> <span class='ocrx_word' id='word_1_32' title='bbox 824 768 988 822; x_wconf 89' lang='lat' dir='ltr'><strong>Deum</strong></span> <span class='ocrx_word' id='word_1_33' title='bbox 1025 778 1243 823; x_wconf 86' lang='lat' dir='ltr'><strong>uestrum</strong></span> <span class='ocrx_word' id='word_1_34' title='bbox 1276 768 1464 841; x_wconf 82' lang='lat' dir='ltr'><strong>(Joan.</strong></span> <span class='ocrx_word' id='word_1_35' title='bbox 1490 786 1558 824; x_wconf 88' lang='lat' dir='ltr'><strong>xx</strong></span> <span class='ocrx_word' id='word_1_36' title='bbox 1579 811 1594 833; x_wconf 91' lang='lat'><strong>,</strong></span> <span class='ocrx_word' id='word_1_37' title='bbox 1628 769 1727 840; x_wconf 77' lang='grc'><strong>17)</strong></span> <span class='ocrx_word' id='word_1_38' title='bbox 1755 785 1771 834; x_wconf 93' lang='lat'><strong>;</strong></span> <span class='ocrx_word' id='word_1_39' title='bbox 1800 778 1855 824; x_wconf 92' lang='lat' dir='ltr'><strong>et</strong></span> <span class='ocrx_word' id='word_1_40' title='bbox 1880 766 2132 823; x_wconf 90' lang='lat' dir='ltr'><strong>nonnulla</strong></span> 
     </span>
    </p>
   </div>
   <div class='ocr_carea' id='block_1_5' title="bbox 543 860 2133 931">
    <p class='ocr_par' dir='ltr' id='par_1_5' title="bbox 543 860 2133 931">
     <span class='ocr_line' id='line_1_5' title="bbox 543 860 2133 931; baseline -0.002 -17"><span class='ocrx_word' id='word_1_41' title='bbox 543 860 848 931; x_wconf 86' lang='lat' dir='ltr'><strong>hujusmodi</strong></span> <span class='ocrx_word' id='word_1_42' title='bbox 883 879 896 916; x_wconf 94' lang='lat'><strong>:</strong></span> <span class='ocrx_word' id='word_1_43' title='bbox 928 876 1048 931; x_wconf 67' lang='lat' dir='ltr'><strong>qua:</strong></span> <span class='ocrx_word' id='word_1_44' title='bbox 1072 862 1249 915; x_wconf 85' lang='lat' dir='ltr'><strong>omnia</strong></span> <span class='ocrx_word' id='word_1_45' title='bbox 1280 862 1451 929; x_wconf 85' lang='lat' dir='ltr'><strong>posita</strong></span> <span class='ocrx_word' id='word_1_46' title='bbox 1489 870 1651 927; x_wconf 90' lang='lat' dir='ltr'><strong>sunt,</strong></span> <span class='ocrx_word' id='word_1_47' title='bbox 1694 875 1803 914; x_wconf 91' lang='lat' dir='ltr'><strong>non</strong></span> <span class='ocrx_word' id='word_1_48' title='bbox 1838 868 1897 913; x_wconf 92' lang='lat' dir='ltr'><strong>ut</strong></span> <span class='ocrx_word' id='word_1_49' title='bbox 1932 866 2133 913; x_wconf 76' lang='lat' dir='ltr'><strong>natura:</strong></span> 
     </span>
    </p>
   </div>
   <div class='ocr_carea' id='block_1_6' title="bbox 543 950 2132 1022">
    <p class='ocr_par' dir='ltr' id='par_1_6' title="bbox 543 950 2132 1022">
     <span class='ocr_line' id='line_1_6' title="bbox 543 950 2132 1022; baseline -0.001 -17"><span class='ocrx_word' id='word_1_50' title='bbox 543 962 703 1022; x_wconf 88' lang='lat' dir='ltr'><strong>atque</strong></span> <span class='ocrx_word' id='word_1_51' title='bbox 728 953 1041 1008; x_wconf 66' lang='lat' dir='ltr'><strong>substantiae</strong></span> <span class='ocrx_word' id='word_1_52' title='bbox 1072 951 1483 1022; x_wconf 69' lang='lat' dir='ltr'><strong>inzequalitatem</strong></span> <span class='ocrx_word' id='word_1_53' title='bbox 1513 952 1849 1021; x_wconf 82' lang='lat' dir='ltr'><strong>significent,</strong></span> <span class='ocrx_word' id='word_1_54' title='bbox 1899 967 1967 1005; x_wconf 90' lang='lat' dir='ltr'><strong>ne</strong></span> <span class='ocrx_word' id='word_1_55' title='bbox 2004 950 2132 1004; x_wconf 86' lang='lat' dir='ltr'><strong>falsa</strong></span> 
     </span>
    </p>
   </div>
   <div class='ocr_carea' id='block_1_7' title="bbox 543 1040 2130 1113">
    <p class='ocr_par' dir='ltr' id='par_1_7' title="bbox 543 1040 2130 1113">
     <span class='ocr_line' id='line_1_7' title="bbox 543 1040 2130 1113; baseline 0 -18"><span class='ocrx_word' id='word_1_56' title='bbox 543 1042 653 1096; x_wconf 90' lang='lat' dir='ltr'><strong>sint</strong></span> <span class='ocrx_word' id='word_1_57' title='bbox 676 1041 764 1097; x_wconf 87' lang='lat' dir='ltr'><strong>illa</strong></span> <span class='ocrx_word' id='word_1_58' title='bbox 790 1083 806 1107; x_wconf 92' lang='lat'><strong>,</strong></span> <span class='ocrx_word' id='word_1_59' title='bbox 834 1040 948 1113; x_wconf 86' lang='lat' dir='ltr'><strong>Ego</strong></span> <span class='ocrx_word' id='word_1_60' title='bbox 974 1052 1019 1096; x_wconf 89' lang='lat' dir='ltr'><strong>et</strong></span> <span class='ocrx_word' id='word_1_61' title='bbox 1050 1041 1208 1096; x_wconf 88' lang='lat' dir='ltr'><strong>Pater</strong></span> <span class='ocrx_word' id='word_1_62' title='bbox 1234 1059 1391 1095; x_wconf 88' lang='lat' dir='ltr'><strong>unum</strong></span> <span class='ocrx_word' id='word_1_63' title='bbox 1413 1059 1585 1097; x_wconf 90' lang='lat' dir='ltr'><strong>sumus</strong></span> <span class='ocrx_word' id='word_1_64' title='bbox 1607 1042 1626 1113; x_wconf 96' lang='lat'><strong>(</strong></span> <span class='ocrx_word' id='word_1_65' title='bbox 1648 1041 1733 1096; x_wconf 87' lang='lat' dir='ltr'><strong>Id.</strong></span> <span class='ocrx_word' id='word_1_66' title='bbox 1758 1059 1810 1107; x_wconf 93' lang='lat' dir='ltr'><strong>x,</strong></span> <span class='ocrx_word' id='word_1_67' title='bbox 1854 1041 1957 1111; x_wconf 78' lang='lat'><strong>30)</strong></span> <span class='ocrx_word' id='word_1_68' title='bbox 1988 1059 2002 1106; x_wconf 87' lang='lat'><strong>;</strong></span> <span class='ocrx_word' id='word_1_69' title='bbox 2043 1051 2130 1109; x_wconf 91' lang='lat' dir='ltr'><strong>et,</strong></span> 
     </span>
    </p>
   </div>
   <div class='ocr_carea' id='block_1_8' title="bbox 547 1131 2129 1205">
    <p class='ocr_par' dir='ltr' id='par_1_8' title="bbox 547 1131 2129 1205">
     <span class='ocr_line' id='line_1_8' title="bbox 547 1131 2129 1205; baseline 0.001 -19"><span class='ocrx_word' id='word_1_70' title='bbox 547 1133 650 1196; x_wconf 97' lang='lat' dir='ltr'><strong>Qui</strong></span> <span class='ocrx_word' id='word_1_71' title='bbox 675 1149 755 1186; x_wconf 89' lang='lat' dir='ltr'><strong>me</strong></span> <span class='ocrx_word' id='word_1_72' title='bbox 774 1134 917 1197; x_wconf 83' lang='lat' dir='ltr'><strong>uidit,</strong></span> <span class='ocrx_word' id='word_1_73' title='bbox 943 1133 1064 1187; x_wconf 81' lang='lat' dir='ltr'><strong>vidit</strong></span> <span class='ocrx_word' id='word_1_74' title='bbox 1083 1144 1128 1187; x_wconf 90' lang='lat' dir='ltr'><strong>et</strong></span> <span class='ocrx_word' id='word_1_75' title='bbox 1158 1131 1368 1186; x_wconf 88' lang='lat' dir='ltr'><strong>Patrem</strong></span> <span class='ocrx_word' id='word_1_76' title='bbox 1399 1150 1566 1187; x_wconf 89' lang='lat' dir='ltr'><strong>meum</strong></span> <span class='ocrx_word' id='word_1_77' title='bbox 1593 1131 1711 1204; x_wconf 87' lang='lat' dir='ltr'><strong>(Id.</strong></span> <span class='ocrx_word' id='word_1_78' title='bbox 1740 1149 1831 1188; x_wconf 80' lang='lat' dir='ltr'><strong>xiv</strong></span> <span class='ocrx_word' id='word_1_79' title='bbox 1852 1174 1867 1197; x_wconf 92' lang='lat'><strong>,</strong></span> <span class='ocrx_word' id='word_1_80' title='bbox 1894 1132 1967 1205; x_wconf 91' lang='lat'><strong>9)</strong></span> <span class='ocrx_word' id='word_1_81' title='bbox 1993 1150 2007 1198; x_wconf 92' lang='lat'><strong>;</strong></span> <span class='ocrx_word' id='word_1_82' title='bbox 2039 1144 2129 1197; x_wconf 93' lang='lat' dir='ltr'><strong>et,</strong></span> 
     </span>
    </p>
   </div>
   <div class='ocr_carea' id='block_1_9' title="bbox 548 1223 2129 1292">
    <p class='ocr_par' dir='ltr' id='par_1_9' title="bbox 548 1223 2129 1292">
     <span class='ocr_line' id='line_1_9' title="bbox 548 1223 2129 1292; baseline 0.001 -14"><span class='ocrx_word' id='word_1_83' title='bbox 548 1223 684 1279; x_wconf 87' lang='lat' dir='ltr'><strong>Deus</strong></span> <span class='ocrx_word' id='word_1_84' title='bbox 714 1235 821 1279; x_wconf 88' lang='lat' dir='ltr'><strong>erat</strong></span> <span class='ocrx_word' id='word_1_85' title='bbox 866 1224 1122 1292; x_wconf 86' lang='lat' dir='ltr'><strong>Verbum,-</strong></span> <span class='ocrx_word' id='word_1_86' title='bbox 1152 1241 1256 1281; x_wconf 91' lang='lat' dir='ltr'><strong>non</strong></span> <span class='ocrx_word' id='word_1_87' title='bbox 1282 1227 1424 1281; x_wconf 89' lang='lat' dir='ltr'><strong>enim</strong></span> <span class='ocrx_word' id='word_1_88' title='bbox 1457 1227 1622 1280; x_wconf 86' lang='lat' dir='ltr'><strong>lactus</strong></span> <span class='ocrx_word' id='word_1_89' title='bbox 1643 1236 1725 1280; x_wconf 91' lang='lat' dir='ltr'><strong>est</strong></span> <span class='ocrx_word' id='word_1_90' title='bbox 1745 1268 1760 1289; x_wconf 96' lang='lat'><strong>,</strong></span> <span class='ocrx_word' id='word_1_91' title='bbox 1793 1241 1913 1280; x_wconf 93' lang='lat' dir='ltr'><strong>cum</strong></span> <span class='ocrx_word' id='word_1_92' title='bbox 1952 1226 2129 1281; x_wconf 91' lang='lat' dir='ltr'><strong>omnia</strong></span> 
     </span>
    </p>
   </div>
   <div class='ocr_carea' id='block_1_10' title="bbox 545 1316 2131 1390">
    <p class='ocr_par' dir='ltr' id='par_1_10' title="bbox 545 1316 2131 1390">
     <span class='ocr_line' id='line_1_10' title="bbox 545 1316 2131 1390; baseline 0.001 -19"><span class='ocrx_word' id='word_1_93' title='bbox 545 1332 643 1387; x_wconf 86' lang='lat' dir='ltr'><strong>per</strong></span> <span class='ocrx_word' id='word_1_94' title='bbox 670 1316 841 1385; x_wconf 87' lang='lat' dir='ltr'><strong>ipsum</strong></span> <span class='ocrx_word' id='word_1_95' title='bbox 870 1317 1003 1371; x_wconf 87' lang='lat' dir='ltr'><strong>facta</strong></span> <span class='ocrx_word' id='word_1_96' title='bbox 1033 1318 1139 1372; x_wconf 90' lang='lat' dir='ltr'><strong>sint</strong></span> <span class='ocrx_word' id='word_1_97' title='bbox 1168 1318 1293 1390; x_wconf 79' lang='grc' dir='ltr'><strong>(Μ.</strong></span> <span class='ocrx_word' id='word_1_98' title='bbox 1318 1334 1357 1383; x_wconf 87' lang='grc' dir='ltr'><strong>ι,</strong></span> <span class='ocrx_word' id='word_1_99' title='bbox 1388 1319 1441 1382; x_wconf 81' lang='lat' dir='ltr'><strong>l,</strong></span> <span class='ocrx_word' id='word_1_100' title='bbox 1473 1318 1543 1388; x_wconf 79' lang='lat'><strong>5)</strong></span> <span class='ocrx_word' id='word_1_101' title='bbox 1577 1336 1590 1373; x_wconf 93' lang='lat'><strong>:</strong></span> <span class='ocrx_word' id='word_1_102' title='bbox 1617 1327 1671 1374; x_wconf 87' lang='lat' dir='ltr'><strong>et</strong></span> <span class='ocrx_word' id='word_1_103' title='bbox 1692 1360 1708 1384; x_wconf 97' lang='lat'><strong>,</strong></span> <span class='ocrx_word' id='word_1_104' title='bbox 1739 1318 1860 1372; x_wconf 84' lang='lat' dir='ltr'><strong>Non</strong></span> <span class='ocrx_word' id='word_1_105' title='bbox 1898 1319 2131 1389; x_wconf 85' lang='lat' dir='ltr'><strong>rapinam</strong></span> 
     </span>
    </p>
   </div>
   <div class='ocr_carea' id='block_1_11' title="bbox 545 1407 2129 1479">
    <p class='ocr_par' dir='ltr' id='par_1_11' title="bbox 545 1407 2129 1479">
     <span class='ocr_line' id='line_1_11' title="bbox 545 1407 2129 1479; baseline 0.003 -19"><span class='ocrx_word' id='word_1_106' title='bbox 545 1407 819 1462; x_wconf 89' lang='lat' dir='ltr'><strong>arbitratus</strong></span> <span class='ocrx_word' id='word_1_107' title='bbox 857 1418 930 1463; x_wconf 87' lang='lat' dir='ltr'><strong>est</strong></span> <span class='ocrx_word' id='word_1_108' title='bbox 956 1425 1061 1463; x_wconf 86' lang='lat' dir='ltr'><strong>esse</strong></span> <span class='ocrx_word' id='word_1_109' title='bbox 1096 1410 1307 1479; x_wconf 72' lang='lat' dir='ltr'><strong>(aqualis</strong></span> <span class='ocrx_word' id='word_1_110' title='bbox 1337 1409 1487 1473; x_wconf 88' lang='lat' dir='ltr'><strong>Deo;</strong></span> <span class='ocrx_word' id='word_1_111' title='bbox 1526 1419 1581 1464; x_wconf 92' lang='lat' dir='ltr'><strong>et</strong></span> <span class='ocrx_word' id='word_1_112' title='bbox 1614 1420 1804 1464; x_wconf 56' lang='lat' dir='ltr'><strong>castera</strong></span> <span class='ocrx_word' id='word_1_113' title='bbox 1833 1412 1954 1464; x_wconf 90' lang='lat' dir='ltr'><strong>talia</strong></span> <span class='ocrx_word' id='word_1_114' title='bbox 1990 1428 2003 1465; x_wconf 93' lang='lat'>:</span> <span class='ocrx_word' id='word_1_115' title='bbox 2035 1410 2129 1465; x_wconf 89' lang='lat' dir='ltr'><strong>sed</strong></span> 
     </span>
    </p>
   </div>
   <div class='ocr_carea' id='block_1_12' title="bbox 545 1497 2130 1572">
    <p class='ocr_par' dir='ltr' id='par_1_12' title="bbox 545 1497 2130 1572">
     <span class='ocr_line' id='line_1_12' title="bbox 545 1497 2130 1572; baseline 0.004 -21"><span class='ocrx_word' id='word_1_116' title='bbox 545 1497 633 1552; x_wconf 87' lang='lat' dir='ltr'><strong>illa</strong></span> <span class='ocrx_word' id='word_1_117' title='bbox 667 1500 833 1569; x_wconf 89' lang='lat' dir='ltr'><strong>posita</strong></span> <span class='ocrx_word' id='word_1_118' title='bbox 852 1510 993 1566; x_wconf 90' lang='lat' dir='ltr'><strong>sunt,</strong></span> <span class='ocrx_word' id='word_1_119' title='bbox 1014 1502 1206 1572; x_wconf 80' lang='lat' dir='ltr'><strong>partim</strong></span> <span class='ocrx_word' id='word_1_120' title='bbox 1239 1512 1454 1572; x_wconf 83' lang='lat' dir='ltr'><strong><em>propter</em></strong></span> <span class='ocrx_word' id='word_1_121' title='bbox 1474 1501 1986 1557; x_wconf 82' lang='lat' dir='ltr'><strong>administrationem</strong></span> <span class='ocrx_word' id='word_1_122' title='bbox 2008 1516 2130 1557; x_wconf 83' lang='lat' dir='ltr'><strong>sus-</strong></span> 
     </span>
    </p>
   </div>
   <div class='ocr_carea' id='block_1_13' title="bbox 542 1591 2129 1665">
    <p class='ocr_par' dir='ltr' id='par_1_13' title="bbox 542 1591 2129 1665">
     <span class='ocr_line' id='line_1_13' title="bbox 542 1591 2129 1665; baseline 0.003 -21"><span class='ocrx_word' id='word_1_123' title='bbox 542 1591 683 1658; x_wconf 90' lang='lat' dir='ltr'><strong>cepti</strong></span> <span class='ocrx_word' id='word_1_124' title='bbox 724 1592 985 1658; x_wconf 85' lang='lat' dir='ltr'><strong>hominis,</strong></span> <span class='ocrx_word' id='word_1_125' title='bbox 1042 1610 1145 1664; x_wconf 88' lang='lat' dir='ltr'><strong>qua</strong></span> <span class='ocrx_word' id='word_1_126' title='bbox 1189 1594 1420 1658; x_wconf 87' lang='lat' dir='ltr'><strong>dicitur,</strong></span> <span class='ocrx_word' id='word_1_127' title='bbox 1478 1594 1817 1665; x_wconf 83' lang='lat' dir='ltr'><strong>Semetipsum</strong></span> <span class='ocrx_word' id='word_1_128' title='bbox 1853 1596 2129 1650; x_wconf 74' lang='lat' dir='ltr'><strong>exinanivit</strong></span> 
     </span>
    </p>
   </div>
   <div class='ocr_carea' id='block_1_14' title="bbox 543 1679 2126 1755">
    <p class='ocr_par' dir='ltr' id='par_1_14' title="bbox 543 1679 2126 1755">
     <span class='ocr_line' id='line_1_14' title="bbox 543 1679 2126 1755; baseline 0.002 -20"><span class='ocrx_word' id='word_1_129' title='bbox 543 1680 564 1751; x_wconf 92' lang='lat'><strong>(</strong></span> <span class='ocrx_word' id='word_1_130' title='bbox 588 1679 821 1752; x_wconf 77' lang='lat' dir='ltr'><strong>Philipp,</strong></span> <span class='ocrx_word' id='word_1_131' title='bbox 852 1701 908 1749; x_wconf 97' lang='grc' dir='ltr'><strong>ιι,</strong></span> <span class='ocrx_word' id='word_1_132' title='bbox 941 1684 974 1739; x_wconf 89' lang='grc'>6</span> <span class='ocrx_word' id='word_1_133' title='bbox 1004 1684 1021 1754; x_wconf 96' lang='grc'><strong>)</strong></span> <span class='ocrx_word' id='word_1_134' title='bbox 1048 1701 1063 1749; x_wconf 90' lang='lat'><strong>;</strong></span> <span class='ocrx_word' id='word_1_135' title='bbox 1094 1699 1199 1739; x_wconf 92' lang='lat' dir='ltr'><strong>non</strong></span> <span class='ocrx_word' id='word_1_136' title='bbox 1224 1686 1346 1755; x_wconf 84' lang='lat' dir='ltr'><strong>quia</strong></span> <span class='ocrx_word' id='word_1_137' title='bbox 1386 1695 1589 1740; x_wconf 89' lang='lat' dir='ltr'><strong>mutata</strong></span> <span class='ocrx_word' id='word_1_138' title='bbox 1610 1695 1694 1740; x_wconf 92' lang='lat' dir='ltr'><strong>est</strong></span> <span class='ocrx_word' id='word_1_139' title='bbox 1721 1686 1811 1740; x_wconf 90' lang='lat' dir='ltr'><strong>illa</strong></span> <span class='ocrx_word' id='word_1_140' title='bbox 1836 1685 2126 1755; x_wconf 75' lang='lat' dir='ltr'><strong>Sapientia,</strong></span> 
     </span>
    </p>
   </div>
   <div class='ocr_carea' id='block_1_15' title="bbox 543 1775 2127 1848">
    <p class='ocr_par' dir='ltr' id='par_1_15' title="bbox 543 1775 2127 1848">
     <span class='ocr_line' id='line_1_15' title="bbox 543 1775 2127 1848; baseline 0.004 -21"><span class='ocrx_word' id='word_1_141' title='bbox 543 1787 667 1828; x_wconf 90' lang='lat' dir='ltr'><strong>cum</strong></span> <span class='ocrx_word' id='word_1_142' title='bbox 695 1775 763 1830; x_wconf 87' lang='lat' dir='ltr'><strong>sit</strong></span> <span class='ocrx_word' id='word_1_143' title='bbox 785 1776 1005 1832; x_wconf 89' lang='lat' dir='ltr'><strong>omnino</strong></span> <span class='ocrx_word' id='word_1_144' title='bbox 1030 1777 1477 1832; x_wconf 82' lang='lat' dir='ltr'><strong>incommutabilis</strong></span> <span class='ocrx_word' id='word_1_145' title='bbox 1505 1794 1519 1842; x_wconf 95' lang='lat'><strong>;</strong></span> <span class='ocrx_word' id='word_1_146' title='bbox 1549 1777 1644 1833; x_wconf 89' lang='lat' dir='ltr'><strong>sed</strong></span> <span class='ocrx_word' id='word_1_147' title='bbox 1672 1779 1795 1848; x_wconf 89' lang='lat' dir='ltr'><strong>quia</strong></span> <span class='ocrx_word' id='word_1_148' title='bbox 1826 1785 1931 1832; x_wconf 91' lang='lat' dir='ltr'><strong>tam</strong></span> <span class='ocrx_word' id='word_1_149' title='bbox 1955 1777 2127 1833; x_wconf 88' lang='lat' dir='ltr'><strong>humi-</strong></span> 
     </span>
    </p>
   </div>
   <div class='ocr_carea' id='block_1_16' title="bbox 544 1865 2127 1941">
    <p class='ocr_par' dir='ltr' id='par_1_16' title="bbox 544 1865 2127 1941">
     <span class='ocr_line' id='line_1_16' title="bbox 544 1865 2127 1941; baseline 0.003 -23"><span class='ocrx_word' id='word_1_150' title='bbox 544 1865 666 1921; x_wconf 84' lang='lat' dir='ltr'><strong><em>liter</em></strong></span> <span class='ocrx_word' id='word_1_151' title='bbox 707 1867 1007 1924; x_wconf 90' lang='lat' dir='ltr'><strong>bominibus</strong></span> <span class='ocrx_word' id='word_1_152' title='bbox 1034 1869 1371 1925; x_wconf 84' lang='lat' dir='ltr'><strong>innotescere</strong></span> <span class='ocrx_word' id='word_1_153' title='bbox 1397 1870 1562 1923; x_wconf 86' lang='lat' dir='ltr'><strong>voluit</strong></span> <span class='ocrx_word' id='word_1_154' title='bbox 1591 1887 1604 1924; x_wconf 91' lang='lat'><strong>:</strong></span> <span class='ocrx_word' id='word_1_155' title='bbox 1634 1870 1823 1939; x_wconf 83' lang='lat' dir='ltr'><strong>partim</strong></span> <span class='ocrx_word' id='word_1_156' title='bbox 1849 1884 1977 1939; x_wconf 90' lang='lat' dir='ltr'><strong>ergo</strong></span> <span class='ocrx_word' id='word_1_157' title='bbox 2001 1884 2127 1941; x_wconf 84' lang='lat' dir='ltr'><strong>pro-</strong></span> 
     </span>
    </p>
   </div>
   <div class='ocr_carea' id='block_1_17' title="bbox 540 1959 2129 2031">
    <p class='ocr_par' dir='ltr' id='par_1_17' title="bbox 540 1959 2129 2031">
     <span class='ocr_line' id='line_1_17' title="bbox 540 1959 2129 2031; baseline 0.003 -20"><span class='ocrx_word' id='word_1_158' title='bbox 540 1966 662 2025; x_wconf 87' lang='lat' dir='ltr'><strong>pter</strong></span> <span class='ocrx_word' id='word_1_159' title='bbox 687 1959 823 2014; x_wconf 86' lang='lat' dir='ltr'><strong>hanc</strong></span> <span class='ocrx_word' id='word_1_160' title='bbox 858 1960 1373 2016; x_wconf 83' lang='lat' dir='ltr'><strong>administrationem</strong></span> <span class='ocrx_word' id='word_1_161' title='bbox 1404 1962 1492 2015; x_wconf 88' lang='lat' dir='ltr'><strong>illa</strong></span> <span class='ocrx_word' id='word_1_162' title='bbox 1535 1962 1606 2016; x_wconf 89' lang='lat' dir='ltr'><strong>ita</strong></span> <span class='ocrx_word' id='word_1_163' title='bbox 1634 1962 1829 2031; x_wconf 91' lang='lat' dir='ltr'><strong>scripta</strong></span> <span class='ocrx_word' id='word_1_164' title='bbox 1869 1972 1993 2016; x_wconf 88' lang='lat' dir='ltr'><strong>sunt</strong></span> <span class='ocrx_word' id='word_1_165' title='bbox 2015 2004 2029 2027; x_wconf 96' lang='lat'><strong>,</strong></span> <span class='ocrx_word' id='word_1_166' title='bbox 2059 1962 2129 2017; x_wconf 90' lang='lat' dir='ltr'><strong>de</strong></span> 
     </span>
    </p>
   </div>
   <div class='ocr_carea' id='block_1_18' title="bbox 536 2049 2124 2123">
    <p class='ocr_par' dir='ltr' id='par_1_18' title="bbox 536 2049 2124 2123">
     <span class='ocr_line' id='line_1_18' title="bbox 536 2049 2124 2123; baseline 0.004 -22"><span class='ocrx_word' id='word_1_167' title='bbox 536 2049 731 2116; x_wconf 90' lang='lat' dir='ltr'><strong>quibus</strong></span> <span class='ocrx_word' id='word_1_168' title='bbox 760 2049 994 2105; x_wconf 74' lang='lat' dir='ltr'><strong>hzuretici</strong></span> <span class='ocrx_word' id='word_1_169' title='bbox 1030 2052 1428 2106; x_wconf 90' lang='lat' dir='ltr'><strong>calumniantur</strong></span> <span class='ocrx_word' id='word_1_170' title='bbox 1459 2072 1473 2119; x_wconf 88' lang='lat'><strong>;</strong></span> <span class='ocrx_word' id='word_1_171' title='bbox 1522 2054 1712 2122; x_wconf 90' lang='lat' dir='ltr'><strong>partim</strong></span> <span class='ocrx_word' id='word_1_172' title='bbox 1745 2064 1959 2123; x_wconf 87' lang='lat' dir='ltr'><strong>propter</strong></span> <span class='ocrx_word' id='word_1_173' title='bbox 1987 2054 2089 2109; x_wconf 88' lang='lat' dir='ltr'><strong>hoc</strong></span> <span class='ocrx_word' id='word_1_174' title='bbox 2108 2096 2124 2120; x_wconf 95' lang='lat'><strong>,</strong></span> 
     </span>
    </p>
   </div>
   <div class='ocr_carea' id='block_1_19' title="bbox 536 2140 2127 2214">
    <p class='ocr_par' dir='ltr' id='par_1_19' title="bbox 536 2140 2127 2214">
     <span class='ocr_line' id='line_1_19' title="bbox 536 2140 2127 2214; baseline 0.006 -22"><span class='ocrx_word' id='word_1_175' title='bbox 536 2141 660 2206; x_wconf 83' lang='lat' dir='ltr'><strong>quia</strong></span> <span class='ocrx_word' id='word_1_176' title='bbox 687 2140 852 2197; x_wconf 85' lang='lat' dir='ltr'><strong>Filius</strong></span> <span class='ocrx_word' id='word_1_177' title='bbox 891 2144 1032 2198; x_wconf 81' lang='lat' dir='ltr'><strong>Patri</strong></span> <span class='ocrx_word' id='word_1_178' title='bbox 1061 2143 1221 2199; x_wconf 82' lang='lat' dir='ltr'><strong>debet</strong></span> <span class='ocrx_word' id='word_1_179' title='bbox 1251 2144 1393 2214; x_wconf 88' lang='lat' dir='ltr'><strong>quod</strong></span> <span class='ocrx_word' id='word_1_180' title='bbox 1434 2156 1547 2209; x_wconf 88' lang='lat' dir='ltr'><strong>est,</strong></span> <span class='ocrx_word' id='word_1_181' title='bbox 1597 2144 1701 2200; x_wconf 88' lang='lat' dir='ltr'><strong>hoc</strong></span> <span class='ocrx_word' id='word_1_182' title='bbox 1738 2148 1898 2201; x_wconf 88' lang='lat' dir='ltr'><strong>etiam</strong></span> <span class='ocrx_word' id='word_1_183' title='bbox 1926 2146 2127 2202; x_wconf 83' lang='lat' dir='ltr'><strong>debeas</strong></span> 
     </span>
    </p>
   </div>
   <div class='ocr_carea' id='block_1_20' title="bbox 539 2222 2122 2308">
    <p class='ocr_par' dir='ltr' id='par_1_20' title="bbox 539 2222 2122 2308">
     <span class='ocr_line' id='line_1_20' title="bbox 539 2222 2122 2308; baseline 0.007 -26"><span class='ocrx_word' id='word_1_184' title='bbox 539 2232 722 2300; x_wconf 84' lang='lat' dir='ltr'><strong>utique</strong></span> <span class='ocrx_word' id='word_1_185' title='bbox 761 2234 898 2287; x_wconf 90' lang='lat' dir='ltr'><strong>Patri</strong></span> <span class='ocrx_word' id='word_1_186' title='bbox 926 2235 1063 2303; x_wconf 84' lang='lat' dir='ltr'><strong>quod</strong></span> <span class='ocrx_word' id='word_1_187' title='bbox 1108 2235 1280 2290; x_wconf 91' lang='lat' dir='ltr'><strong>eidem</strong></span> <span class='ocrx_word' id='word_1_188' title='bbox 1325 2222 1466 2289; x_wconf 88' lang='lat' dir='ltr'><strong>Patri</strong></span> <span class='ocrx_word' id='word_1_189' title='bbox 1495 2237 1715 2306; x_wconf 69' lang='lat' dir='ltr'><strong>arqualis</strong></span> <span class='ocrx_word' id='word_1_190' title='bbox 1759 2247 1852 2292; x_wconf 88' lang='lat' dir='ltr'><strong>aut</strong></span> <span class='ocrx_word' id='word_1_191' title='bbox 1878 2253 1975 2308; x_wconf 89' lang='lat' dir='ltr'><strong>par</strong></span> <span class='ocrx_word' id='word_1_192' title='bbox 2000 2249 2122 2305; x_wconf 87' lang='lat' dir='ltr'><strong>est;</strong></span> 
     </span>
    </p>
   </div>
   <div class='ocr_carea' id='block_1_21' title="bbox 538 2320 1653 2395">
    <p class='ocr_par' dir='ltr' id='par_1_21' title="bbox 538 2320 1653 2395">
     <span class='ocr_line' id='line_1_21' title="bbox 538 2320 1653 2395; baseline 0.004 -20"><span class='ocrx_word' id='word_1_193' title='bbox 538 2320 699 2376; x_wconf 85' lang='lat' dir='ltr'><strong>Pater</strong></span> <span class='ocrx_word' id='word_1_194' title='bbox 725 2333 900 2378; x_wconf 91' lang='lat' dir='ltr'><strong>autem</strong></span> <span class='ocrx_word' id='word_1_195' title='bbox 929 2325 1057 2379; x_wconf 88' lang='lat' dir='ltr'><strong>nulli</strong></span> <span class='ocrx_word' id='word_1_196' title='bbox 1083 2325 1244 2380; x_wconf 83' lang='lat' dir='ltr'><strong>debet</strong></span> <span class='ocrx_word' id='word_1_197' title='bbox 1272 2325 1525 2395; x_wconf 87' lang='lat' dir='ltr'><strong>quidquid</strong></span> <span class='ocrx_word' id='word_1_198' title='bbox 1552 2335 1653 2381; x_wconf 86' lang='lat' dir='ltr'><strong>est.</strong></span> 
     </span>
    </p>
   </div>
   <div class='ocr_carea' id='block_1_22' title="bbox 608 2414 2162 2489">
    <p class='ocr_par' dir='ltr' id='par_1_22' title="bbox 608 2414 2162 2489">
     <span class='ocr_line' id='line_1_22' title="bbox 608 2414 2162 2489; baseline 0.007 -24"><span class='ocrx_word' id='word_1_199' title='bbox 608 2414 694 2469; x_wconf 82' lang='lat' dir='ltr'><strong>l9.</strong></span> <span class='ocrx_word' id='word_1_200' title='bbox 739 2415 813 2470; x_wconf 89' lang='lat' dir='ltr'><strong>De</strong></span> <span class='ocrx_word' id='word_1_201' title='bbox 853 2414 1053 2483; x_wconf 84' lang='lat' dir='ltr'><strong>Spiritu</strong></span> <span class='ocrx_word' id='word_1_202' title='bbox 1082 2426 1267 2470; x_wconf 90' lang='lat' dir='ltr'><strong>sancto</strong></span> <span class='ocrx_word' id='word_1_203' title='bbox 1300 2425 1477 2471; x_wconf 89' lang='lat' dir='ltr'><strong>autem</strong></span> <span class='ocrx_word' id='word_1_204' title='bbox 1509 2417 1742 2473; x_wconf 89' lang='lat' dir='ltr'><strong>nondum</strong></span> <span class='ocrx_word' id='word_1_205' title='bbox 1773 2428 1878 2473; x_wconf 87' lang='lat' dir='ltr'><strong>tam</strong></span> <span class='ocrx_word' id='word_1_206' title='bbox 1908 2421 2125 2489; x_wconf 88' lang='lat' dir='ltr'><strong>copiose</strong></span> <span class='ocrx_word' id='word_1_207' title='bbox 2155 2450 2162 2456; x_wconf 86' lang='lat'><strong><em>-</em></strong></span> 
     </span>
    </p>
   </div>
   <div class='ocr_carea' id='block_1_23' title="bbox 533 2507 2124 2580">
    <p class='ocr_par' dir='ltr' id='par_1_23' title="bbox 533 2507 2124 2580">
     <span class='ocr_line' id='line_1_23' title="bbox 533 2507 2124 2580; baseline 0.005 -21"><span class='ocrx_word' id='word_1_208' title='bbox 533 2520 598 2560; x_wconf 86' lang='lat' dir='ltr'><strong>ac</strong></span> <span class='ocrx_word' id='word_1_209' title='bbox 633 2507 916 2576; x_wconf 80' lang='lat' dir='ltr'><strong>diligenter</strong></span> <span class='ocrx_word' id='word_1_210' title='bbox 943 2508 1269 2577; x_wconf 90' lang='lat' dir='ltr'><strong>disputatum</strong></span> <span class='ocrx_word' id='word_1_211' title='bbox 1296 2518 1381 2564; x_wconf 93' lang='lat' dir='ltr'><strong>est</strong></span> <span class='ocrx_word' id='word_1_212' title='bbox 1408 2526 1436 2562; x_wconf 91' lang='lat' dir='ltr'><strong>a</strong></span> <span class='ocrx_word' id='word_1_213' title='bbox 1465 2510 1635 2565; x_wconf 91' lang='lat' dir='ltr'><strong>doctis</strong></span> <span class='ocrx_word' id='word_1_214' title='bbox 1674 2519 1728 2566; x_wconf 90' lang='lat' dir='ltr'><strong>et</strong></span> <span class='ocrx_word' id='word_1_215' title='bbox 1758 2512 1961 2580; x_wconf 88' lang='lat' dir='ltr'><strong>magnis</strong></span> <span class='ocrx_word' id='word_1_216' title='bbox 1991 2513 2124 2567; x_wconf 92' lang='lat' dir='ltr'><strong>divi-</strong></span> 
     </span>
    </p>
   </div>
   <div class='ocr_carea' id='block_1_24' title="bbox 533 2600 2123 2674">
    <p class='ocr_par' dir='ltr' id='par_1_24' title="bbox 533 2600 2123 2674">
     <span class='ocr_line' id='line_1_24' title="bbox 533 2600 2123 2674; baseline 0.006 -22"><span class='ocrx_word' id='word_1_217' title='bbox 533 2614 721 2653; x_wconf 89' lang='lat' dir='ltr'><strong>narum</strong></span> <span class='ocrx_word' id='word_1_218' title='bbox 763 2600 1156 2669; x_wconf 84' lang='lat' dir='ltr'><strong>Scripturarutn</strong></span> <span class='ocrx_word' id='word_1_219' title='bbox 1198 2604 1591 2669; x_wconf 88' lang='lat' dir='ltr'><strong>tractatoribus,</strong></span> <span class='ocrx_word' id='word_1_220' title='bbox 1622 2612 1681 2658; x_wconf 91' lang='lat' dir='ltr'><strong>ut</strong></span> <span class='ocrx_word' id='word_1_221' title='bbox 1710 2605 1927 2674; x_wconf 76' lang='lat' dir='ltr'><strong>intelligi</strong></span> <span class='ocrx_word' id='word_1_222' title='bbox 1970 2605 2123 2662; x_wconf 83' lang='lat' dir='ltr'><strong>facile</strong></span> 
     </span>
    </p>
   </div>
   <div class='ocr_carea' id='block_1_25' title="bbox 532 2691 2123 2767">
    <p class='ocr_par' dir='ltr' id='par_1_25' title="bbox 532 2691 2123 2767">
     <span class='ocr_line' id='line_1_25' title="bbox 532 2691 2123 2767; baseline 0.004 -22"><span class='ocrx_word' id='word_1_223' title='bbox 532 2692 702 2758; x_wconf 85' lang='lat' dir='ltr'><strong>possit</strong></span> <span class='ocrx_word' id='word_1_224' title='bbox 730 2700 784 2746; x_wconf 89' lang='lat' dir='ltr'><strong>et</strong></span> <span class='ocrx_word' id='word_1_225' title='bbox 807 2691 923 2760; x_wconf 84' lang='lat' dir='ltr'><strong>ejus</strong></span> <span class='ocrx_word' id='word_1_226' title='bbox 944 2696 1237 2763; x_wconf 88' lang='lat' dir='ltr'><strong>proprium,</strong></span> <span class='ocrx_word' id='word_1_227' title='bbox 1267 2711 1373 2763; x_wconf 91' lang='lat' dir='ltr'><strong>quo</strong></span> <span class='ocrx_word' id='word_1_228' title='bbox 1397 2696 1609 2764; x_wconf 89' lang='lat' dir='ltr'><strong>proprio</strong></span> <span class='ocrx_word' id='word_1_229' title='bbox 1639 2696 1695 2748; x_wconf 90' lang='lat' dir='ltr'><strong>lit</strong></span> <span class='ocrx_word' id='word_1_230' title='bbox 1716 2704 1772 2749; x_wconf 93' lang='lat' dir='ltr'><strong>ut</strong></span> <span class='ocrx_word' id='word_1_231' title='bbox 1799 2711 1921 2749; x_wconf 89' lang='lat' dir='ltr'><strong>eum</strong></span> <span class='ocrx_word' id='word_1_232' title='bbox 1951 2713 2123 2767; x_wconf 88' lang='lat' dir='ltr'><strong>neque</strong></span> 
     </span>
    </p>
   </div>
   <div class='ocr_carea' id='block_1_26' title="bbox 530 2782 2120 2857">
    <p class='ocr_par' dir='ltr' id='par_1_26' title="bbox 530 2782 2120 2857">
     <span class='ocr_line' id='line_1_26' title="bbox 530 2782 2120 2857; baseline 0.006 -20"><span class='ocrx_word' id='word_1_233' title='bbox 530 2782 723 2838; x_wconf 87' lang='lat' dir='ltr'><strong>Filium</strong></span> <span class='ocrx_word' id='word_1_234' title='bbox 769 2801 941 2855; x_wconf 89' lang='lat' dir='ltr'><strong>neque</strong></span> <span class='ocrx_word' id='word_1_235' title='bbox 970 2786 1179 2843; x_wconf 88' lang='lat' dir='ltr'><strong>Patrem</strong></span> <span class='ocrx_word' id='word_1_236' title='bbox 1221 2789 1398 2844; x_wconf 88' lang='lat' dir='ltr'><strong>dicere</strong></span> <span class='ocrx_word' id='word_1_237' title='bbox 1449 2790 1734 2857; x_wconf 77' lang='lat' dir='ltr'><strong>possimus,</strong></span> <span class='ocrx_word' id='word_1_238' title='bbox 1781 2791 1875 2845; x_wconf 91' lang='lat' dir='ltr'><strong>scd</strong></span> <span class='ocrx_word' id='word_1_239' title='bbox 1915 2800 2120 2847; x_wconf 88' lang='lat' dir='ltr'><strong>tantum</strong></span> 
     </span>
    </p>
   </div>
   <div class='ocr_carea' id='block_1_27' title="bbox 527 2874 2122 2948">
    <p class='ocr_par' dir='ltr' id='par_1_27' title="bbox 527 2874 2122 2948">
     <span class='ocr_line' id='line_1_27' title="bbox 527 2874 2122 2948; baseline 0.006 -20"><span class='ocrx_word' id='word_1_240' title='bbox 527 2874 782 2944; x_wconf 90' lang='lat' dir='ltr'><strong>Spiritum</strong></span> <span class='ocrx_word' id='word_1_241' title='bbox 819 2888 1099 2943; x_wconf 73' lang='lat' dir='ltr'><strong>sanctum;</strong></span> <span class='ocrx_word' id='word_1_242' title='bbox 1132 2879 1231 2933; x_wconf 90' lang='lat' dir='ltr'><strong>nisi</strong></span> <span class='ocrx_word' id='word_1_243' title='bbox 1276 2878 1415 2948; x_wconf 90' lang='lat' dir='ltr'><strong>quod</strong></span> <span class='ocrx_word' id='word_1_244' title='bbox 1453 2894 1575 2934; x_wconf 92' lang='lat' dir='ltr'><strong>eum</strong></span> <span class='ocrx_word' id='word_1_245' title='bbox 1619 2880 1819 2935; x_wconf 92' lang='lat' dir='ltr'><strong>donum</strong></span> <span class='ocrx_word' id='word_1_246' title='bbox 1862 2882 1955 2936; x_wconf 91' lang='lat' dir='ltr'><strong>Dei</strong></span> <span class='ocrx_word' id='word_1_247' title='bbox 2002 2897 2122 2938; x_wconf 89' lang='lat' dir='ltr'><strong>esse</strong></span> 
     </span>
    </p>
   </div>
   <div class='ocr_carea' id='block_1_28' title="bbox 529 2966 2122 3040">
    <p class='ocr_par' dir='ltr' id='par_1_28' title="bbox 529 2966 2122 3040">
     <span class='ocr_line' id='line_1_28' title="bbox 529 2966 2122 3040; baseline 0.008 -21"><span class='ocrx_word' id='word_1_248' title='bbox 529 2966 840 3034; x_wconf 69' lang='lat' dir='ltr'><strong>praedicant,</strong></span> <span class='ocrx_word' id='word_1_249' title='bbox 884 2976 943 3021; x_wconf 90' lang='lat' dir='ltr'><strong>ut</strong></span> <span class='ocrx_word' id='word_1_250' title='bbox 981 2968 1147 3023; x_wconf 91' lang='lat' dir='ltr'><strong>Deum</strong></span> <span class='ocrx_word' id='word_1_251' title='bbox 1190 2969 1473 3024; x_wconf 90' lang='lat' dir='ltr'><strong>credamus</strong></span> <span class='ocrx_word' id='word_1_252' title='bbox 1502 2985 1606 3025; x_wconf 92' lang='lat' dir='ltr'><strong>non</strong></span> <span class='ocrx_word' id='word_1_253' title='bbox 1636 2986 1697 3025; x_wconf 92' lang='lat' dir='ltr'><strong>se</strong></span> <span class='ocrx_word' id='word_1_254' title='bbox 1738 2972 1852 3040; x_wconf 91' lang='lat' dir='ltr'><strong>ipso</strong></span> <span class='ocrx_word' id='word_1_255' title='bbox 1899 2972 2122 3031; x_wconf 87' lang='lat' dir='ltr'><strong>inferius</strong></span> 
     </span>
    </p>
   </div>
   <div class='ocr_carea' id='block_1_29' title="bbox 526 3054 2118 3134">
    <p class='ocr_par' dir='ltr' id='par_1_29' title="bbox 526 3054 2118 3134">
     <span class='ocr_line' id='line_1_29' title="bbox 526 3054 2118 3134; baseline 0.006 -27"><span class='ocrx_word' id='word_1_256' title='bbox 526 3054 727 3110; x_wconf 89' lang='lat' dir='ltr'><strong>donum</strong></span> <span class='ocrx_word' id='word_1_257' title='bbox 772 3056 921 3113; x_wconf 88' lang='lat' dir='ltr'><strong>dare.</strong></span> <span class='ocrx_word' id='word_1_258' title='bbox 961 3056 1185 3114; x_wconf 87' lang='lat' dir='ltr'><strong>Servant</strong></span> <span class='ocrx_word' id='word_1_259' title='bbox 1232 3070 1406 3113; x_wconf 87' lang='lat' dir='ltr'><strong>tamen</strong></span> <span class='ocrx_word' id='word_1_260' title='bbox 1448 3070 1506 3114; x_wconf 92' lang='lat' dir='ltr'><strong>ut</strong></span> <span class='ocrx_word' id='word_1_261' title='bbox 1549 3076 1654 3116; x_wconf 93' lang='lat' dir='ltr'><strong>non</strong></span> <span class='ocrx_word' id='word_1_262' title='bbox 1684 3063 1917 3131; x_wconf 87' lang='lat' dir='ltr'><strong>genitum</strong></span> <span class='ocrx_word' id='word_1_263' title='bbox 1948 3064 2118 3134; x_wconf 85' lang='lat' dir='ltr'><strong>Spiri-</strong></span> 
     </span>
    </p>
   </div>
   <div class='ocr_carea' id='block_1_30' title="bbox 528 3149 2115 3221">
    <p class='ocr_par' dir='ltr' id='par_1_30' title="bbox 528 3149 2115 3221">
     <span class='ocr_line' id='line_1_30' title="bbox 528 3149 2115 3221; baseline 0.007 -23"><span class='ocrx_word' id='word_1_264' title='bbox 528 3155 641 3199; x_wconf 94' lang='lat' dir='ltr'><strong>tum</strong></span> <span class='ocrx_word' id='word_1_265' title='bbox 683 3156 924 3201; x_wconf 88' lang='lat' dir='ltr'><strong>sanctum</strong></span> <span class='ocrx_word' id='word_1_266' title='bbox 969 3159 1218 3218; x_wconf 89' lang='lat' dir='ltr'><strong>tanquam</strong></span> <span class='ocrx_word' id='word_1_267' title='bbox 1247 3149 1439 3204; x_wconf 86' lang='lat' dir='ltr'><strong>Filium</strong></span> <span class='ocrx_word' id='word_1_268' title='bbox 1479 3150 1548 3206; x_wconf 89' lang='lat' dir='ltr'><strong>de</strong></span> <span class='ocrx_word' id='word_1_269' title='bbox 1594 3152 1749 3207; x_wconf 90' lang='lat' dir='ltr'><strong>Patre</strong></span> <span class='ocrx_word' id='word_1_270' title='bbox 1793 3154 2115 3221; x_wconf 71' lang='lat' dir='ltr'><strong>prtedicent;</strong></span> 
     </span>
    </p>
   </div>
   <div class='ocr_carea' id='block_1_31' title="bbox 528 3236 2118 3317">
    <p class='ocr_par' dir='ltr' id='par_1_31' title="bbox 528 3236 2118 3317">
     <span class='ocr_line' id='line_1_31' title="bbox 528 3236 2118 3317; baseline 0.009 -28"><span class='ocrx_word' id='word_1_271' title='bbox 528 3236 715 3291; x_wconf 91' lang='lat' dir='ltr'><strong>unicus</strong></span> <span class='ocrx_word' id='word_1_272' title='bbox 756 3240 897 3292; x_wconf 90' lang='lat' dir='ltr'><strong>enim</strong></span> <span class='ocrx_word' id='word_1_273' title='bbox 927 3248 1010 3293; x_wconf 89' lang='lat' dir='ltr'><strong>est</strong></span> <span class='ocrx_word' id='word_1_274' title='bbox 1054 3240 1340 3296; x_wconf 88' lang='lat' dir='ltr'><strong>Christus:</strong></span> <span class='ocrx_word' id='word_1_275' title='bbox 1375 3257 1545 3312; x_wconf 90' lang='lat' dir='ltr'><strong>neque</strong></span> <span class='ocrx_word' id='word_1_276' title='bbox 1582 3242 1650 3298; x_wconf 92' lang='lat' dir='ltr'><strong>de</strong></span> <span class='ocrx_word' id='word_1_277' title='bbox 1690 3244 1824 3298; x_wconf 86' lang='lat' dir='ltr'><strong>Filio</strong></span> <span class='ocrx_word' id='word_1_278' title='bbox 1870 3254 2118 3317; x_wconf 89' lang='lat' dir='ltr'><strong>tanquam</strong></span> 
     </span>
    </p>
   </div>
   <div class='ocr_carea' id='block_1_32' title="bbox 527 3331 2115 3407">
    <p class='ocr_par' dir='ltr' id='par_1_32' title="bbox 527 3331 2115 3407">
     <span class='ocr_line' id='line_1_32' title="bbox 527 3331 2115 3407; baseline 0.009 -26"><span class='ocrx_word' id='word_1_279' title='bbox 527 3336 774 3397; x_wconf 90' lang='lat' dir='ltr'><strong>nepotem</strong></span> <span class='ocrx_word' id='word_1_280' title='bbox 804 3332 996 3384; x_wconf 91' lang='lat' dir='ltr'><strong>summi</strong></span> <span class='ocrx_word' id='word_1_281' title='bbox 1027 3331 1198 3388; x_wconf 86' lang='lat' dir='ltr'><strong>Patris</strong></span> <span class='ocrx_word' id='word_1_282' title='bbox 1226 3350 1239 3386; x_wconf 92' lang='lat'><strong>:</strong></span> <span class='ocrx_word' id='word_1_283' title='bbox 1273 3348 1371 3388; x_wconf 91' lang='lat' dir='ltr'><strong>nec</strong></span> <span class='ocrx_word' id='word_1_284' title='bbox 1398 3343 1573 3389; x_wconf 85' lang='lat' dir='ltr'><strong>tamen</strong></span> <span class='ocrx_word' id='word_1_285' title='bbox 1602 3335 1655 3390; x_wconf 91' lang='lat' dir='ltr'><strong>id</strong></span> <span class='ocrx_word' id='word_1_286' title='bbox 1681 3337 1823 3407; x_wconf 92' lang='lat' dir='ltr'><strong>quod</strong></span> <span class='ocrx_word' id='word_1_287' title='bbox 1854 3348 1955 3403; x_wconf 89' lang='lat' dir='ltr'><strong>est,</strong></span> <span class='ocrx_word' id='word_1_288' title='bbox 1989 3342 2115 3395; x_wconf 91' lang='lat' dir='ltr'><strong>nulli</strong></span> 
     </span>
    </p>
   </div>
   <div class='ocr_carea' id='block_1_33' title="bbox 525 3421 2118 3495">
    <p class='ocr_par' dir='ltr' id='par_1_33' title="bbox 525 3421 2118 3495">
     <span class='ocr_line' id='line_1_33' title="bbox 525 3421 2118 3495; baseline 0.011 -24"><span class='ocrx_word' id='word_1_289' title='bbox 525 3421 742 3485; x_wconf 86' lang='lat' dir='ltr'><strong>debere,</strong></span> <span class='ocrx_word' id='word_1_290' title='bbox 775 3423 867 3477; x_wconf 89' lang='lat' dir='ltr'><strong>sed</strong></span> <span class='ocrx_word' id='word_1_291' title='bbox 902 3424 1064 3489; x_wconf 86' lang='lat' dir='ltr'><strong>Patri,</strong></span> <span class='ocrx_word' id='word_1_292' title='bbox 1110 3441 1174 3480; x_wconf 93' lang='lat' dir='ltr'><strong>ex</strong></span> <span class='ocrx_word' id='word_1_293' title='bbox 1214 3442 1320 3495; x_wconf 91' lang='lat' dir='ltr'><strong>quo</strong></span> <span class='ocrx_word' id='word_1_294' title='bbox 1358 3428 1574 3494; x_wconf 88' lang='lat' dir='ltr'><strong>omnia;</strong></span> <span class='ocrx_word' id='word_1_295' title='bbox 1606 3446 1671 3485; x_wconf 92' lang='lat' dir='ltr'><strong>ne</strong></span> <span class='ocrx_word' id='word_1_296' title='bbox 1697 3431 1803 3485; x_wconf 91' lang='lat' dir='ltr'><strong>duo</strong></span> <span class='ocrx_word' id='word_1_297' title='bbox 1827 3435 2118 3488; x_wconf 84' lang='lat' dir='ltr'><strong>constitua-</strong></span> 
     </span>
    </p>
   </div>
   <div class='ocr_carea' id='block_1_34' title="bbox 527 3512 2117 3587">
    <p class='ocr_par' dir='ltr' id='par_1_34' title="bbox 527 3512 2117 3587">
     <span class='ocr_line' id='line_1_34' title="bbox 527 3512 2117 3587; baseline 0.011 -25"><span class='ocrx_word' id='word_1_298' title='bbox 527 3525 647 3564; x_wconf 85' lang='lat' dir='ltr'><strong>mus</strong></span> <span class='ocrx_word' id='word_1_299' title='bbox 675 3512 932 3582; x_wconf 87' lang='lat' dir='ltr'><strong>principia</strong></span> <span class='ocrx_word' id='word_1_300' title='bbox 959 3514 1076 3569; x_wconf 89' lang='lat' dir='ltr'><strong>sine</strong></span> <span class='ocrx_word' id='word_1_301' title='bbox 1104 3516 1386 3585; x_wconf 89' lang='lat' dir='ltr'><strong>principio,</strong></span> <span class='ocrx_word' id='word_1_302' title='bbox 1419 3518 1560 3587; x_wconf 90' lang='lat' dir='ltr'><strong>quod</strong></span> <span class='ocrx_word' id='word_1_303' title='bbox 1594 3520 1933 3576; x_wconf 86' lang='lat' dir='ltr'><strong>falsissimum</strong></span> <span class='ocrx_word' id='word_1_304' title='bbox 1956 3532 2037 3577; x_wconf 92' lang='lat' dir='ltr'><strong>est</strong></span> <span class='ocrx_word' id='word_1_305' title='bbox 2062 3533 2117 3579; x_wconf 91' lang='lat' dir='ltr'><strong>et</strong></span> 
     </span>
    </p>
   </div>
   <div class='ocr_carea' id='block_1_35' title="bbox 523 3601 2116 3685">
    <p class='ocr_par' dir='ltr' id='par_1_35' title="bbox 523 3601 2116 3685">
     <span class='ocr_line' id='line_1_35' title="bbox 523 3601 2116 3685; baseline 0.011 -31"><span class='ocrx_word' id='word_1_306' title='bbox 523 3601 986 3672; x_wconf 85' lang='lat' dir='ltr'><strong>absurdissimum,</strong></span> <span class='ocrx_word' id='word_1_307' title='bbox 1028 3614 1084 3661; x_wconf 89' lang='lat' dir='ltr'><strong>et</strong></span> <span class='ocrx_word' id='word_1_308' title='bbox 1109 3622 1216 3662; x_wconf 91' lang='lat' dir='ltr'><strong>non</strong></span> <span class='ocrx_word' id='word_1_309' title='bbox 1252 3609 1526 3665; x_wconf 67' lang='lat' dir='ltr'><strong>catholica:</strong></span> <span class='ocrx_word' id='word_1_310' title='bbox 1556 3612 1699 3679; x_wconf 89' lang='lat' dir='ltr'><strong>lidei,</strong></span> <span class='ocrx_word' id='word_1_311' title='bbox 1739 3614 1835 3668; x_wconf 87' lang='lat' dir='ltr'><strong>sed</strong></span> <span class='ocrx_word' id='word_1_312' title='bbox 1864 3632 2116 3685; x_wconf 89' lang='lat' dir='ltr'><strong>quorum-</strong></span> 
     </span>
    </p>
   </div>
   <div class='ocr_carea' id='block_1_36' title="bbox 523 3694 2111 3772">
    <p class='ocr_par' dir='ltr' id='par_1_36' title="bbox 523 3694 2111 3772">
     <span class='ocr_line' id='line_1_36' title="bbox 523 3694 2111 3772; baseline 0.011 -25"><span class='ocrx_word' id='word_1_313' title='bbox 523 3694 645 3748; x_wconf 89' lang='lat' dir='ltr'><strong>dam</strong></span> <span class='ocrx_word' id='word_1_314' title='bbox 677 3694 1051 3753; x_wconf 66' lang='lat' dir='ltr'><strong>hereticorum</strong></span> <span class='ocrx_word' id='word_1_315' title='bbox 1093 3701 1262 3755; x_wconf 92' lang='lat' dir='ltr'><strong>errori</strong></span> <span class='ocrx_word' id='word_1_316' title='bbox 1292 3704 1589 3772; x_wconf 90' lang='lat' dir='ltr'><strong>proprium.</strong></span> <span class='ocrx_word' id='word_1_317' title='bbox 1631 3707 1759 3760; x_wconf 78' lang='lat' dir='ltr'><strong>Ausi</strong></span> <span class='ocrx_word' id='word_1_318' title='bbox 1787 3718 1910 3762; x_wconf 90' lang='lat' dir='ltr'><strong>sunt</strong></span> <span class='ocrx_word' id='word_1_319' title='bbox 1937 3718 2111 3765; x_wconf 91' lang='lat' dir='ltr'><strong>tamen</strong></span> 
     </span>
    </p>
   </div>
   <div class='ocr_carea' id='block_1_37' title="bbox 521 3784 2115 3870">
    <p class='ocr_par' dir='ltr' id='par_1_37' title="bbox 521 3784 2115 3870">
     <span class='ocr_line' id='line_1_37' title="bbox 521 3784 2115 3870; baseline 0.012 -33"><span class='ocrx_word' id='word_1_320' title='bbox 521 3784 736 3854; x_wconf 90' lang='lat' dir='ltr'><strong>quidam</strong></span> <span class='ocrx_word' id='word_1_321' title='bbox 766 3787 930 3856; x_wconf 89' lang='lat' dir='ltr'><strong>ipsam</strong></span> <span class='ocrx_word' id='word_1_322' title='bbox 959 3792 1391 3847; x_wconf 87' lang='lat' dir='ltr'><strong>communionem</strong></span> <span class='ocrx_word' id='word_1_323' title='bbox 1416 3793 1587 3849; x_wconf 88' lang='lat' dir='ltr'><strong>Patris</strong></span> <span class='ocrx_word' id='word_1_324' title='bbox 1608 3804 1662 3851; x_wconf 90' lang='lat' dir='ltr'><strong>et</strong></span> <span class='ocrx_word' id='word_1_325' title='bbox 1688 3795 1828 3865; x_wconf 83' lang='lat' dir='ltr'><strong>Filii,</strong></span> <span class='ocrx_word' id='word_1_326' title='bbox 1851 3809 2030 3870; x_wconf 91' lang='lat' dir='ltr'><strong>atque,</strong></span> <span class='ocrx_word' id='word_1_327' title='bbox 2054 3811 2115 3856; x_wconf 89' lang='lat' dir='ltr'><strong>ut</strong></span> 
     </span>
    </p>
   </div>
   <div class='ocr_carea' id='block_1_38' title="bbox 524 3877 2111 3959">
    <p class='ocr_par' dir='ltr' id='par_1_38' title="bbox 524 3877 2111 3959">
     <span class='ocr_line' id='line_1_38' title="bbox 524 3877 2111 3959; baseline 0.01 -29"><span class='ocrx_word' id='word_1_328' title='bbox 524 3877 593 3931; x_wconf 91' lang='lat' dir='ltr'><strong>ita</strong></span> <span class='ocrx_word' id='word_1_329' title='bbox 621 3877 815 3943; x_wconf 86' lang='lat' dir='ltr'><strong>dicam,</strong></span> <span class='ocrx_word' id='word_1_330' title='bbox 861 3880 1134 3948; x_wconf 87' lang='lat' dir='ltr'><strong>deitatem,</strong></span> <span class='ocrx_word' id='word_1_331' title='bbox 1178 3898 1337 3953; x_wconf 87' lang='lat' dir='ltr'><strong>quam</strong></span> <span class='ocrx_word' id='word_1_332' title='bbox 1364 3885 1533 3940; x_wconf 67' lang='lat' dir='ltr'><strong>Graeci</strong></span> <span class='ocrx_word' id='word_1_333' title='bbox 1559 3896 1760 3949; x_wconf 77' lang='grc' dir='ltr'><strong>ϐιότητα</strong></span> <span class='ocrx_word' id='word_1_334' title='bbox 1799 3892 2111 3959; x_wconf 82' lang='lat' dir='ltr'><strong>appellant,</strong></span> 
     </span>
    </p>
   </div>
   <div class='ocr_carea' id='block_1_39' title="bbox 521 3969 2113 4046">
    <p class='ocr_par' dir='ltr' id='par_1_39' title="bbox 521 3969 2113 4046">
     <span class='ocr_line' id='line_1_39' title="bbox 521 3969 2113 4046; baseline 0.011 -24"><span class='ocrx_word' id='word_1_335' title='bbox 521 3969 773 4039; x_wconf 83' lang='lat' dir='ltr'><strong>Spiritum</strong></span> <span class='ocrx_word' id='word_1_336' title='bbox 803 3984 1043 4029; x_wconf 90' lang='lat' dir='ltr'><strong>sanctum</strong></span> <span class='ocrx_word' id='word_1_337' title='bbox 1080 3976 1303 4033; x_wconf 83' lang='lat' dir='ltr'><strong>credere</strong></span> <span class='ocrx_word' id='word_1_338' title='bbox 1333 3994 1346 4031; x_wconf 91' lang='lat'><strong>:</strong></span> <span class='ocrx_word' id='word_1_339' title='bbox 1375 3987 1453 4046; x_wconf 92' lang='lat' dir='ltr'><strong>ut,</strong></span> <span class='ocrx_word' id='word_1_340' title='bbox 1495 3981 1745 4046; x_wconf 90' lang='lat' dir='ltr'><strong>quoniam</strong></span> <span class='ocrx_word' id='word_1_341' title='bbox 1786 3982 1945 4039; x_wconf 88' lang='lat' dir='ltr'><strong>Pater</strong></span> <span class='ocrx_word' id='word_1_342' title='bbox 1974 3985 2113 4039; x_wconf 88' lang='lat' dir='ltr'><strong>Deus</strong></span> 
     </span>
    </p>
   </div>
   <div class='ocr_carea' id='block_1_40' title="bbox 518 4064 2109 4144">
    <p class='ocr_par' dir='ltr' id='par_1_40' title="bbox 518 4064 2109 4144">
     <span class='ocr_line' id='line_1_40' title="bbox 518 4064 2109 4144; baseline 0.011 -27"><span class='ocrx_word' id='word_1_343' title='bbox 518 4074 573 4118; x_wconf 92' lang='lat' dir='ltr'><strong>et</strong></span> <span class='ocrx_word' id='word_1_344' title='bbox 601 4064 766 4120; x_wconf 84' lang='lat' dir='ltr'><strong>Filius</strong></span> <span class='ocrx_word' id='word_1_345' title='bbox 799 4068 955 4133; x_wconf 86' lang='lat' dir='ltr'><strong>Deus,</strong></span> <span class='ocrx_word' id='word_1_346' title='bbox 981 4068 1093 4138; x_wconf 91' lang='lat' dir='ltr'><strong>ipsa</strong></span> <span class='ocrx_word' id='word_1_347' title='bbox 1119 4070 1311 4135; x_wconf 88' lang='lat' dir='ltr'><strong>deitas,</strong></span> <span class='ocrx_word' id='word_1_348' title='bbox 1340 4088 1441 4141; x_wconf 87' lang='lat' dir='ltr'><strong>qua</strong></span> <span class='ocrx_word' id='word_1_349' title='bbox 1468 4073 1570 4129; x_wconf 88' lang='lat' dir='ltr'><strong>sibi</strong></span> <span class='ocrx_word' id='word_1_350' title='bbox 1600 4077 1919 4144; x_wconf 88' lang='lat' dir='ltr'><strong>copulantur</strong></span> <span class='ocrx_word' id='word_1_351' title='bbox 1945 4088 1997 4133; x_wconf 91' lang='lat' dir='ltr'><strong>et</strong></span> <span class='ocrx_word' id='word_1_352' title='bbox 2020 4079 2109 4134; x_wconf 90' lang='lat' dir='ltr'><strong>ille</strong></span> 
     </span>
    </p>
   </div>
   <div class='ocr_carea' id='block_1_41' title="bbox 517 4155 2113 4239">
    <p class='ocr_par' dir='ltr' id='par_1_41' title="bbox 517 4155 2113 4239">
     <span class='ocr_line' id='line_1_41' title="bbox 517 4155 2113 4239; baseline 0.011 -31"><span class='ocrx_word' id='word_1_353' title='bbox 517 4155 785 4225; x_wconf 88' lang='lat' dir='ltr'><strong>gignendo</strong></span> <span class='ocrx_word' id='word_1_354' title='bbox 810 4158 1003 4214; x_wconf 83' lang='lat' dir='ltr'><strong>Filium</strong></span> <span class='ocrx_word' id='word_1_355' title='bbox 1028 4171 1084 4215; x_wconf 90' lang='lat' dir='ltr'><strong>et</strong></span> <span class='ocrx_word' id='word_1_356' title='bbox 1112 4162 1199 4217; x_wconf 92' lang='lat' dir='ltr'><strong>ille</strong></span> <span class='ocrx_word' id='word_1_357' title='bbox 1233 4163 1373 4218; x_wconf 86' lang='lat' dir='ltr'><strong>Patri</strong></span> <span class='ocrx_word' id='word_1_358' title='bbox 1396 4164 1734 4232; x_wconf 72' lang='lat' dir='ltr'><strong>cohmrendo,</strong></span> <span class='ocrx_word' id='word_1_359' title='bbox 1767 4171 1814 4223; x_wconf 90' lang='lat' dir='ltr'><strong>ei</strong></span> <span class='ocrx_word' id='word_1_360' title='bbox 1836 4184 1866 4223; x_wconf 90' lang='lat' dir='ltr'><strong>a</strong></span> <span class='ocrx_word' id='word_1_361' title='bbox 1897 4185 2003 4239; x_wconf 90' lang='lat' dir='ltr'><strong>quo</strong></span> <span class='ocrx_word' id='word_1_362' title='bbox 2029 4181 2113 4226; x_wconf 90' lang='lat' dir='ltr'><strong>est</strong></span> 
     </span>
    </p>
   </div>
   <div class='ocr_carea' id='block_1_42' title="bbox 516 4248 2110 4329">
    <p class='ocr_par' dir='ltr' id='par_1_42' title="bbox 516 4248 2110 4329">
     <span class='ocr_line' id='line_1_42' title="bbox 516 4248 2110 4329; baseline 0.012 -31"><span class='ocrx_word' id='word_1_363' title='bbox 516 4248 730 4315; x_wconf 80' lang='lat' dir='ltr'><strong>genitus</strong></span> <span class='ocrx_word' id='word_1_364' title='bbox 766 4257 1024 4318; x_wconf 82' lang='lat' dir='ltr'><strong>aequetur.</strong></span> <span class='ocrx_word' id='word_1_365' title='bbox 1070 4251 1215 4307; x_wconf 88' lang='lat' dir='ltr'><strong>Hanc</strong></span> <span class='ocrx_word' id='word_1_366' title='bbox 1256 4269 1384 4324; x_wconf 87' lang='lat' dir='ltr'><strong>ergo</strong></span> <span class='ocrx_word' id='word_1_367' title='bbox 1427 4256 1700 4322; x_wconf 86' lang='lat' dir='ltr'><strong>deitatem,</strong></span> <span class='ocrx_word' id='word_1_368' title='bbox 1746 4274 1904 4329; x_wconf 90' lang='lat' dir='ltr'><strong>quam</strong></span> <span class='ocrx_word' id='word_1_369' title='bbox 1951 4263 2110 4317; x_wconf 88' lang='lat' dir='ltr'><strong>etiam</strong></span> 
     </span>
    </p>
   </div>
   <div class='ocr_carea' id='block_1_43' title="bbox 517 4334 2111 4423">
    <p class='ocr_par' dir='ltr' id='par_1_43' title="bbox 517 4334 2111 4423">
     <span class='ocr_line' id='line_1_43' title="bbox 517 4334 2111 4423; baseline 0.013 -35"><span class='ocrx_word' id='word_1_370' title='bbox 517 4334 858 4393; x_wconf 80' lang='lat' dir='ltr'><strong>dilectionem</strong></span> <span class='ocrx_word' id='word_1_371' title='bbox 904 4340 955 4394; x_wconf 92' lang='lat' dir='ltr'><strong>in</strong></span> <span class='ocrx_word' id='word_1_372' title='bbox 1000 4354 1059 4395; x_wconf 89' lang='lat' dir='ltr'><strong>se</strong></span> <span class='ocrx_word' id='word_1_373' title='bbox 1102 4342 1326 4398; x_wconf 89' lang='lat' dir='ltr'><strong>invicem</strong></span> <span class='ocrx_word' id='word_1_374' title='bbox 1368 4346 1643 4401; x_wconf 90' lang='lat' dir='ltr'><strong>amborum</strong></span> <span class='ocrx_word' id='word_1_375' title='bbox 1688 4350 2111 4423; x_wconf 86' lang='lat' dir='ltr'><strong>charitatemque</strong></span> 
     </span>
    </p>
   </div>
   <div class='ocr_carea' id='block_1_44' title="bbox 518 4428 2104 4512">
    <p class='ocr_par' dir='ltr' id='par_1_44' title="bbox 518 4428 2104 4512">
     <span class='ocr_line' id='line_1_44' title="bbox 518 4428 2104 4512; baseline 0.013 -34"><span class='ocrx_word' id='word_1_376' title='bbox 518 4428 702 4481; x_wconf 87' lang='lat' dir='ltr'><strong>volunt</strong></span> <span class='ocrx_word' id='word_1_377' title='bbox 731 4429 970 4500; x_wconf 88' lang='lat' dir='ltr'><strong>intelligi,</strong></span> <span class='ocrx_word' id='word_1_378' title='bbox 1002 4432 1256 4501; x_wconf 88' lang='lat' dir='ltr'><strong>Spiritum</strong></span> <span class='ocrx_word' id='word_1_379' title='bbox 1289 4445 1529 4491; x_wconf 86' lang='lat' dir='ltr'><strong>sanctum</strong></span> <span class='ocrx_word' id='word_1_380' title='bbox 1556 4441 1876 4509; x_wconf 88' lang='lat' dir='ltr'><strong>appellatum</strong></span> <span class='ocrx_word' id='word_1_381' title='bbox 1904 4444 2104 4512; x_wconf 91' lang='lat' dir='ltr'><strong>dicunt,</strong></span> 
     </span>
    </p>
   </div>
   <div class='ocr_carea' id='block_1_45' title="bbox 519 4517 2107 4605">
    <p class='ocr_par' dir='ltr' id='par_1_45' title="bbox 519 4517 2107 4605">
     <span class='ocr_line' id='line_1_45' title="bbox 519 4517 2107 4605; baseline 0.014 -37"><span class='ocrx_word' id='word_1_382' title='bbox 519 4517 805 4588; x_wconf 88' lang='lat' dir='ltr'><strong>multisque</strong></span> <span class='ocrx_word' id='word_1_383' title='bbox 825 4519 1219 4589; x_wconf 88' lang='lat' dir='ltr'><strong>Scripturarum</strong></span> <span class='ocrx_word' id='word_1_384' title='bbox 1257 4525 1592 4583; x_wconf 88' lang='lat' dir='ltr'><strong>documentis</strong></span> <span class='ocrx_word' id='word_1_385' title='bbox 1618 4530 1810 4585; x_wconf 89' lang='lat' dir='ltr'><strong>adsunt</strong></span> <span class='ocrx_word' id='word_1_386' title='bbox 1842 4532 1961 4588; x_wconf 90' lang='lat' dir='ltr'><strong>huic</strong></span> <span class='ocrx_word' id='word_1_387' title='bbox 1988 4538 2107 4605; x_wconf 88' lang='lat' dir='ltr'><strong>opi-</strong></span> 
     </span>
    </p>
   </div>
   <div class='ocr_carea' id='block_1_46' title="bbox 518 4606 2107 4688">
    <p class='ocr_par' dir='ltr' id='par_1_46' title="bbox 518 4606 2107 4688">
     <span class='ocr_line' id='line_1_46' title="bbox 518 4606 2107 4688; baseline 0.013 -28"><span class='ocrx_word' id='word_1_388' title='bbox 518 4606 661 4661; x_wconf 89' lang='lat' dir='ltr'><strong>nioni</strong></span> <span class='ocrx_word' id='word_1_389' title='bbox 687 4623 829 4674; x_wconf 73' lang='lat' dir='ltr'><strong>sum;</strong></span> <span class='ocrx_word' id='word_1_390' title='bbox 858 4611 972 4666; x_wconf 85' lang='lat' dir='ltr'><strong>sive</strong></span> <span class='ocrx_word' id='word_1_391' title='bbox 994 4613 1083 4666; x_wconf 88' lang='lat' dir='ltr'><strong>illo</strong></span> <span class='ocrx_word' id='word_1_392' title='bbox 1104 4616 1243 4683; x_wconf 88' lang='lat' dir='ltr'><strong>quod</strong></span> <span class='ocrx_word' id='word_1_393' title='bbox 1266 4616 1464 4671; x_wconf 88' lang='lat' dir='ltr'><strong>dictum</strong></span> <span class='ocrx_word' id='word_1_394' title='bbox 1488 4630 1588 4685; x_wconf 90' lang='lat' dir='ltr'><strong>est,</strong></span> <span class='ocrx_word' id='word_1_395' title='bbox 1617 4621 1868 4688; x_wconf 85' lang='lat' dir='ltr'><strong>Quoniam</strong></span> <span class='ocrx_word' id='word_1_396' title='bbox 1889 4627 2107 4682; x_wconf 85' lang='lat' dir='ltr'><strong>charitas</strong></span> 
     </span>
    </p>
   </div>
   <div class='ocr_carea' id='block_1_47' title="bbox 516 4695 2106 4779">
    <p class='ocr_par' dir='ltr' id='par_1_47' title="bbox 516 4695 2106 4779">
     <span class='ocr_line' id='line_1_47' title="bbox 516 4695 2106 4779; baseline 0.014 -30"><span class='ocrx_word' id='word_1_397' title='bbox 516 4695 615 4751; x_wconf 85' lang='lat' dir='ltr'><strong>Dei</strong></span> <span class='ocrx_word' id='word_1_398' title='bbox 640 4698 829 4766; x_wconf 72' lang='lat' dir='ltr'><strong>sli/fusa</strong></span> <span class='ocrx_word' id='word_1_399' title='bbox 848 4711 923 4755; x_wconf 86' lang='lat' dir='ltr'><strong>est</strong></span> <span class='ocrx_word' id='word_1_400' title='bbox 947 4702 998 4755; x_wconf 89' lang='lat' dir='ltr'><strong>in</strong></span> <span class='ocrx_word' id='word_1_401' title='bbox 1029 4705 1261 4759; x_wconf 77' lang='lat' dir='ltr'><strong>cordibus</strong></span> <span class='ocrx_word' id='word_1_402' title='bbox 1288 4710 1472 4762; x_wconf 82' lang='lat' dir='ltr'><strong>nostris</strong></span> <span class='ocrx_word' id='word_1_403' title='bbox 1499 4727 1587 4779; x_wconf 82' lang='lat' dir='ltr'><strong>per</strong></span> <span class='ocrx_word' id='word_1_404' title='bbox 1609 4711 1857 4779; x_wconf 86' lang='lat' dir='ltr'><strong>Spiritum</strong></span> <span class='ocrx_word' id='word_1_405' title='bbox 1877 4728 2106 4771; x_wconf 87' lang='lat' dir='ltr'><strong>sanctum</strong></span> 
     </span>
    </p>
   </div>
   <div class='ocr_carea' id='block_1_48' title="bbox 513 4790 2105 4868">
    <p class='ocr_par' dir='ltr' id='par_1_48' title="bbox 513 4790 2105 4868">
     <span class='ocr_line' id='line_1_48' title="bbox 513 4790 2105 4868; baseline 0.013 -26"><span class='ocrx_word' id='word_1_406' title='bbox 513 4790 600 4858; x_wconf 80' lang='lat' dir='ltr'><strong>qui</strong></span> <span class='ocrx_word' id='word_1_407' title='bbox 623 4791 772 4844; x_wconf 87' lang='lat' dir='ltr'><strong>datus</strong></span> <span class='ocrx_word' id='word_1_408' title='bbox 806 4802 878 4845; x_wconf 88' lang='lat' dir='ltr'><strong>est</strong></span> <span class='ocrx_word' id='word_1_409' title='bbox 917 4793 1060 4847; x_wconf 88' lang='lat' dir='ltr'><strong>nobis</strong></span> <span class='ocrx_word' id='word_1_410' title='bbox 1086 4794 1258 4862; x_wconf 83' lang='lat' dir='ltr'><strong>(Rom.</strong></span> <span class='ocrx_word' id='word_1_411' title='bbox 1293 4813 1343 4859; x_wconf 88' lang='lat' dir='ltr'><strong>v,</strong></span> <span class='ocrx_word' id='word_1_412' title='bbox 1373 4796 1465 4868; x_wconf 82' lang='lat'><strong>5);</strong></span> <span class='ocrx_word' id='word_1_413' title='bbox 1495 4802 1606 4855; x_wconf 81' lang='lat' dir='ltr'><strong>sive</strong></span> <span class='ocrx_word' id='word_1_414' title='bbox 1631 4803 1748 4857; x_wconf 83' lang='lat' dir='ltr'><strong>aliis</strong></span> <span class='ocrx_word' id='word_1_415' title='bbox 1778 4806 1957 4862; x_wconf 88' lang='lat' dir='ltr'><strong>multis</strong></span> <span class='ocrx_word' id='word_1_416' title='bbox 1987 4809 2105 4862; x_wconf 91' lang='lat' dir='ltr'><strong>tali-</strong></span> 
     </span>
    </p>
   </div>
   <div class='ocr_carea' id='block_1_49' title="bbox 515 4884 2102 4964">
    <p class='ocr_par' dir='ltr' id='par_1_49' title="bbox 515 4884 2102 4964">
     <span class='ocr_line' id='line_1_49' title="bbox 515 4884 2102 4964; baseline 0.011 -27"><span class='ocrx_word' id='word_1_417' title='bbox 515 4884 612 4938; x_wconf 89' lang='lat' dir='ltr'><strong>bus</strong></span> <span class='ocrx_word' id='word_1_418' title='bbox 636 4886 954 4940; x_wconf 90' lang='lat' dir='ltr'><strong>testimoniis</strong></span> <span class='ocrx_word' id='word_1_419' title='bbox 976 4904 989 4950; x_wconf 90' lang='lat'><strong>;</strong></span> <span class='ocrx_word' id='word_1_420' title='bbox 1012 4898 1067 4942; x_wconf 91' lang='lat' dir='ltr'><strong>et</strong></span> <span class='ocrx_word' id='word_1_421' title='bbox 1087 4904 1151 4942; x_wconf 92' lang='lat' dir='ltr'><strong>eo</strong></span> <span class='ocrx_word' id='word_1_422' title='bbox 1175 4890 1289 4957; x_wconf 78' lang='lat' dir='ltr'><strong>ipso</strong></span> <span class='ocrx_word' id='word_1_423' title='bbox 1308 4892 1448 4959; x_wconf 91' lang='lat' dir='ltr'><strong>quod</strong></span> <span class='ocrx_word' id='word_1_424' title='bbox 1476 4908 1571 4962; x_wconf 85' lang='lat' dir='ltr'><strong>per</strong></span> <span class='ocrx_word' id='word_1_425' title='bbox 1590 4894 1841 4964; x_wconf 88' lang='lat' dir='ltr'><strong>Spiritum</strong></span> <span class='ocrx_word' id='word_1_426' title='bbox 1860 4910 2102 4954; x_wconf 87' lang='lat' dir='ltr'><strong>sanctum</strong></span> 
     </span>
    </p>
   </div>
   <div class='ocr_carea' id='block_1_50' title="bbox 513 4975 2099 5045">
    <p class='ocr_par' dir='ltr' id='par_1_50' title="bbox 513 4975 2099 5045">
     <span class='ocr_line' id='line_1_50' title="bbox 513 4975 2099 5045; baseline 0.011 -17"><span class='ocrx_word' id='word_1_427' title='bbox 513 4975 922 5031; x_wconf 84' lang='lat' dir='ltr'><strong>reconciliamur</strong></span> <span class='ocrx_word' id='word_1_428' title='bbox 948 4977 1080 5044; x_wconf 91' lang='lat' dir='ltr'><strong>Deo,</strong></span> <span class='ocrx_word' id='word_1_429' title='bbox 1116 4979 1254 5034; x_wconf 92' lang='lat' dir='ltr'><strong>unde</strong></span> <span class='ocrx_word' id='word_1_430' title='bbox 1278 4982 1437 5035; x_wconf 90' lang='lat' dir='ltr'><strong>etiam</strong></span> <span class='ocrx_word' id='word_1_431' title='bbox 1468 4999 1588 5038; x_wconf 90' lang='lat' dir='ltr'><strong>cum</strong></span> <span class='ocrx_word' id='word_1_432' title='bbox 1619 4987 1816 5042; x_wconf 92' lang='lat' dir='ltr'><strong>donum</strong></span> <span class='ocrx_word' id='word_1_433' title='bbox 1848 4992 1937 5044; x_wconf 90' lang='lat' dir='ltr'><strong>Dei</strong></span> <span class='ocrx_word' id='word_1_434' title='bbox 1966 4990 2099 5045; x_wconf 85' lang='lat' dir='ltr'><strong>dici-</strong></span> 
     </span>
    </p>
   </div>
   <div class='ocr_carea' id='block_1_51' title="bbox 512 5071 2101 5153">
    <p class='ocr_par' dir='ltr' id='par_1_51' title="bbox 512 5071 2101 5153">
     <span class='ocr_line' id='line_1_51' title="bbox 512 5071 2101 5153; baseline 0.011 -35"><span class='ocrx_word' id='word_1_435' title='bbox 512 5076 613 5130; x_wconf 90' lang='lat' dir='ltr'><strong>tur,</strong></span> <span class='ocrx_word' id='word_1_436' title='bbox 660 5071 788 5123; x_wconf 79' lang='lat' dir='ltr'><strong>satis</strong></span> <span class='ocrx_word' id='word_1_437' title='bbox 820 5071 1105 5139; x_wconf 79' lang='lat' dir='ltr'><strong>significari</strong></span> <span class='ocrx_word' id='word_1_438' title='bbox 1150 5073 1332 5127; x_wconf 89' lang='lat' dir='ltr'><strong>volunt</strong></span> <span class='ocrx_word' id='word_1_439' title='bbox 1355 5075 1666 5133; x_wconf 78' lang='lat' dir='ltr'><strong>cliaritatcm</strong></span> <span class='ocrx_word' id='word_1_440' title='bbox 1700 5080 1796 5136; x_wconf 91' lang='lat' dir='ltr'><strong>Dei</strong></span> <span class='ocrx_word' id='word_1_441' title='bbox 1828 5097 1947 5138; x_wconf 88' lang='lat' dir='ltr'><strong>esse</strong></span> <span class='ocrx_word' id='word_1_442' title='bbox 1978 5085 2101 5153; x_wconf 91' lang='lat' dir='ltr'><strong>Spi-</strong></span> 
     </span>
    </p>
   </div>
   <div class='ocr_carea' id='block_1_52' title="bbox 514 5158 2103 5247">
    <p class='ocr_par' dir='ltr' id='par_1_52' title="bbox 514 5158 2103 5247">
     <span class='ocr_line' id='line_1_52' title="bbox 514 5158 2103 5247; baseline 0.016 -39"><span class='ocrx_word' id='word_1_443' title='bbox 514 5158 670 5210; x_wconf 86' lang='lat' dir='ltr'><strong>ritum</strong></span> <span class='ocrx_word' id='word_1_444' title='bbox 694 5172 957 5215; x_wconf 84' lang='lat' dir='ltr'><strong>sanctuin.</strong></span> <span class='ocrx_word' id='word_1_445' title='bbox 996 5162 1111 5218; x_wconf 87' lang='lat' dir='ltr'><strong>Non</strong></span> <span class='ocrx_word' id='word_1_446' title='bbox 1141 5167 1283 5219; x_wconf 83' lang='lat' dir='ltr'><strong>enim</strong></span> <span class='ocrx_word' id='word_1_447' title='bbox 1319 5170 1723 5225; x_wconf 77' lang='lat' dir='ltr'><strong>reconciliantur</strong></span> <span class='ocrx_word' id='word_1_448' title='bbox 1753 5174 1848 5239; x_wconf 89' lang='lat' dir='ltr'><strong>illi,</strong></span> <span class='ocrx_word' id='word_1_449' title='bbox 1879 5177 1980 5230; x_wconf 86' lang='lat' dir='ltr'><strong>nisi</strong></span> <span class='ocrx_word' id='word_1_450' title='bbox 2008 5193 2103 5247; x_wconf 90' lang='lat' dir='ltr'><strong>per</strong></span> 
     </span>
    </p>
   </div>
   <div class='ocr_carea' id='block_1_53' title="bbox 509 5246 2096 5335">
    <p class='ocr_par' dir='ltr' id='par_1_53' title="bbox 509 5246 2096 5335">
     <span class='ocr_line' id='line_1_53' title="bbox 509 5246 2096 5335; baseline 0.016 -38"><span class='ocrx_word' id='word_1_451' title='bbox 509 5246 870 5314; x_wconf 85' lang='lat' dir='ltr'><strong>dilectionem,</strong></span> <span class='ocrx_word' id='word_1_452' title='bbox 904 5268 1004 5321; x_wconf 89' lang='lat' dir='ltr'><strong>qua</strong></span> <span class='ocrx_word' id='word_1_453' title='bbox 1038 5256 1196 5310; x_wconf 77' lang='lat' dir='ltr'><strong>etiim</strong></span> <span class='ocrx_word' id='word_1_454' title='bbox 1228 5257 1318 5311; x_wconf 87' lang='lat' dir='ltr'><strong>lilii</strong></span> <span class='ocrx_word' id='word_1_455' title='bbox 1351 5259 1366 5288; x_wconf 85' lang='grc'>¹</span> <span class='ocrx_word' id='word_1_456' title='bbox 1394 5261 1723 5328; x_wconf 86' lang='lat' dir='ltr'><strong>appellamur</strong></span> <span class='ocrx_word' id='word_1_457' title='bbox 1763 5264 1806 5333; x_wconf 92' lang='grc' dir='ltr'><strong>(Ι</strong></span> <span class='ocrx_word' id='word_1_458' title='bbox 1832 5264 1987 5320; x_wconf 86' lang='lat' dir='ltr'><strong>Joan.</strong></span> <span class='ocrx_word' id='word_1_459' title='bbox 2010 5246 2096 5335; x_wconf 77' lang='grc' dir='ltr'><strong><em>ιιι,</em></strong></span> 
     </span>
    </p>
   </div>
   <div class='ocr_carea' id='block_1_54' title="bbox 512 5338 2097 5423">
    <p class='ocr_par' dir='ltr' id='par_1_54' title="bbox 512 5338 2097 5423">
     <span class='ocr_line' id='line_1_54' title="bbox 512 5338 2097 5423; baseline 0.013 -33"><span class='ocrx_word' id='word_1_460' title='bbox 512 5338 567 5405; x_wconf 82' lang='grc' dir='ltr'><strong>Ι)</strong></span> <span class='ocrx_word' id='word_1_461' title='bbox 598 5356 611 5390; x_wconf 87' lang='lat'><strong>:</strong></span> <span class='ocrx_word' id='word_1_462' title='bbox 646 5356 749 5392; x_wconf 88' lang='lat' dir='ltr'><strong>non</strong></span> <span class='ocrx_word' id='word_1_463' title='bbox 769 5340 877 5409; x_wconf 87' lang='lat' dir='ltr'><strong>jam</strong></span> <span class='ocrx_word' id='word_1_464' title='bbox 900 5344 1000 5398; x_wconf 90' lang='lat' dir='ltr'><strong>sub</strong></span> <span class='ocrx_word' id='word_1_465' title='bbox 1028 5348 1214 5402; x_wconf 87' lang='lat' dir='ltr'><strong>timore</strong></span> <span class='ocrx_word' id='word_1_466' title='bbox 1240 5356 1487 5418; x_wconf 89' lang='lat' dir='ltr'><strong>tanquam</strong></span> <span class='ocrx_word' id='word_1_467' title='bbox 1519 5353 1677 5415; x_wconf 81' lang='lat' dir='ltr'><strong>servi,</strong></span> <span class='ocrx_word' id='word_1_468' title='bbox 1704 5356 1823 5423; x_wconf 87' lang='lat' dir='ltr'><strong>quia</strong></span> <span class='ocrx_word' id='word_1_469' title='bbox 1846 5372 2097 5411; x_wconf 87' lang='lat' dir='ltr'><strong>consum-</strong></span> 
     </span>
    </p>
   </div>
   <div class='ocr_carea' id='block_1_55' title="bbox 507 5431 2099 5519">
    <p class='ocr_par' dir='ltr' id='par_1_55' title="bbox 507 5431 2099 5519">
     <span class='ocr_line' id='line_1_55' title="bbox 507 5431 2099 5519; baseline 0.014 -36"><span class='ocrx_word' id='word_1_470' title='bbox 507 5438 650 5483; x_wconf 81' lang='lat' dir='ltr'><strong>mata</strong></span> <span class='ocrx_word' id='word_1_471' title='bbox 682 5431 895 5486; x_wconf 90' lang='lat' dir='ltr'><strong>dilectio</strong></span> <span class='ocrx_word' id='word_1_472' title='bbox 943 5434 1084 5489; x_wconf 84' lang='lat' dir='ltr'><strong>foras</strong></span> <span class='ocrx_word' id='word_1_473' title='bbox 1126 5438 1288 5493; x_wconf 88' lang='lat' dir='ltr'><strong>mittit</strong></span> <span class='ocrx_word' id='word_1_474' title='bbox 1332 5443 1572 5498; x_wconf 89' lang='lat' dir='ltr'><strong>timorem</strong></span> <span class='ocrx_word' id='word_1_475' title='bbox 1623 5444 1732 5516; x_wconf 86' lang='lat' dir='ltr'><strong>(Id.</strong></span> <span class='ocrx_word' id='word_1_476' title='bbox 1765 5463 1835 5513; x_wconf 81' lang='lat' dir='ltr'><strong>IV,</strong></span> <span class='ocrx_word' id='word_1_477' title='bbox 1882 5450 2013 5519; x_wconf 76' lang='lat' dir='ltr'><strong>l8);</strong></span> <span class='ocrx_word' id='word_1_478' title='bbox 2047 5460 2099 5505; x_wconf 92' lang='lat' dir='ltr'><strong>et</strong></span> 
     </span>
    </p>
   </div>
   <div class='ocr_carea' id='block_1_56' title="bbox 507 5522 2098 5606">
    <p class='ocr_par' dir='ltr' id='par_1_56' title="bbox 507 5522 2098 5606">
     <span class='ocr_line' id='line_1_56' title="bbox 507 5522 2098 5606; baseline 0.012 -28"><span class='ocrx_word' id='word_1_479' title='bbox 507 5522 763 5594; x_wconf 89' lang='lat' dir='ltr'><strong>Spiritum</strong></span> <span class='ocrx_word' id='word_1_480' title='bbox 793 5526 1053 5583; x_wconf 85' lang='lat' dir='ltr'><strong>libertatis</strong></span> <span class='ocrx_word' id='word_1_481' title='bbox 1081 5533 1401 5601; x_wconf 90' lang='lat' dir='ltr'><strong>accepimus,</strong></span> <span class='ocrx_word' id='word_1_482' title='bbox 1428 5536 1481 5589; x_wconf 87' lang='lat' dir='ltr'><strong>in</strong></span> <span class='ocrx_word' id='word_1_483' title='bbox 1510 5553 1610 5601; x_wconf 88' lang='lat' dir='ltr'><strong>quo</strong></span> <span class='ocrx_word' id='word_1_484' title='bbox 1634 5539 1934 5606; x_wconf 75' lang='lat' dir='ltr'><strong>clamatus,</strong></span> <span class='ocrx_word' id='word_1_485' title='bbox 1958 5543 2098 5597; x_wconf 81' lang='lat' dir='ltr'><strong>Abba</strong></span> 
     </span>
    </p>
   </div>
   <div class='ocr_carea' id='block_1_57' title="bbox 512 5618 2096 5696">
    <p class='ocr_par' dir='ltr' id='par_1_57' title="bbox 512 5618 2096 5696">
     <span class='ocr_line' id='line_1_57' title="bbox 512 5618 2096 5696; baseline 0.012 -26"><span class='ocrx_word' id='word_1_486' title='bbox 512 5618 669 5672; x_wconf 80' lang='lat' dir='ltr'><strong>Pater</strong></span> <span class='ocrx_word' id='word_1_487' title='bbox 690 5618 868 5690; x_wconf 82' lang='lat' dir='ltr'><strong>(Rom.</strong></span> <span class='ocrx_word' id='word_1_488' title='bbox 900 5636 1014 5689; x_wconf 85' lang='lat' dir='ltr'><strong>vni,</strong></span> <span class='ocrx_word' id='word_1_489' title='bbox 1051 5623 1161 5689; x_wconf 73' lang='grc'><strong>15).</strong></span> <span class='ocrx_word' id='word_1_490' title='bbox 1204 5624 1270 5678; x_wconf 83' lang='grc' dir='ltr'><strong><em>Ει</em></strong></span> <span class='ocrx_word' id='word_1_491' title='bbox 1298 5628 1417 5696; x_wconf 86' lang='lat' dir='ltr'><strong>quia</strong></span> <span class='ocrx_word' id='word_1_492' title='bbox 1447 5631 1771 5686; x_wconf 82' lang='lat' dir='ltr'><strong>reconciliati</strong></span> <span class='ocrx_word' id='word_1_493' title='bbox 1802 5643 1855 5688; x_wconf 92' lang='lat' dir='ltr'><strong>et</strong></span> <span class='ocrx_word' id='word_1_494' title='bbox 1883 5634 1934 5688; x_wconf 91' lang='lat' dir='ltr'><strong>in</strong></span> <span class='ocrx_word' id='word_1_495' title='bbox 1966 5637 2096 5689; x_wconf 81' lang='lat' dir='ltr'><strong>ami-</strong></span> 
     </span>
    </p>
   </div>
   <div class='ocr_carea' id='block_1_58' title="bbox 510 5706 2093 5795">
    <p class='ocr_par' dir='ltr' id='par_1_58' title="bbox 510 5706 2093 5795">
     <span class='ocr_line' id='line_1_58' title="bbox 510 5706 2093 5795; baseline 0.016 -39"><span class='ocrx_word' id='word_1_496' title='bbox 510 5706 689 5761; x_wconf 90' lang='lat' dir='ltr'><strong>citiam</strong></span> <span class='ocrx_word' id='word_1_497' title='bbox 718 5712 950 5767; x_wconf 86' lang='lat' dir='ltr'><strong>revocati</strong></span> <span class='ocrx_word' id='word_1_498' title='bbox 992 5728 1086 5781; x_wconf 91' lang='lat' dir='ltr'><strong>per</strong></span> <span class='ocrx_word' id='word_1_499' title='bbox 1113 5713 1429 5771; x_wconf 85' lang='lat' dir='ltr'><strong>charitatem</strong></span> <span class='ocrx_word' id='word_1_500' title='bbox 1458 5717 1567 5785; x_wconf 84' lang='lat' dir='ltr'><strong>(Id.</strong></span> <span class='ocrx_word' id='word_1_501' title='bbox 1598 5736 1651 5784; x_wconf 93' lang='lat' dir='ltr'><strong>v,</strong></span> <span class='ocrx_word' id='word_1_502' title='bbox 1685 5722 1844 5795; x_wconf 77' lang='lat'><strong>8-10)</strong></span> <span class='ocrx_word' id='word_1_503' title='bbox 1893 5727 2093 5794; x_wconf 82' lang='lat' dir='ltr'><strong>poteri-</strong></span> 
     </span>
    </p>
   </div>
   <div class='ocr_carea' id='block_1_59' title="bbox 511 5802 2092 5885">
    <p class='ocr_par' dir='ltr' id='par_1_59' title="bbox 511 5802 2092 5885">
     <span class='ocr_line' id='line_1_59' title="bbox 511 5802 2092 5885; baseline 0.015 -31"><span class='ocrx_word' id='word_1_504' title='bbox 511 5813 630 5854; x_wconf 81' lang='lat' dir='ltr'><strong>nms</strong></span> <span class='ocrx_word' id='word_1_505' title='bbox 674 5802 849 5854; x_wconf 88' lang='lat' dir='ltr'><strong>omnia</strong></span> <span class='ocrx_word' id='word_1_506' title='bbox 904 5805 992 5858; x_wconf 87' lang='lat' dir='ltr'><strong>Dei</strong></span> <span class='ocrx_word' id='word_1_507' title='bbox 1043 5815 1246 5859; x_wconf 79' lang='lat' dir='ltr'><strong>secreta</strong></span> <span class='ocrx_word' id='word_1_508' title='bbox 1293 5823 1655 5879; x_wconf 81' lang='lat' dir='ltr'><strong>cognoscere,</strong></span> <span class='ocrx_word' id='word_1_509' title='bbox 1702 5825 1979 5885; x_wconf 80' lang='lat' dir='ltr'><strong>propterea</strong></span> <span class='ocrx_word' id='word_1_510' title='bbox 2026 5820 2092 5877; x_wconf 89' lang='lat' dir='ltr'><strong>dc</strong></span> 
     </span>
    </p>
   </div>
   <div class='ocr_carea' id='block_1_60' title="bbox 574 5907 1774 5984">
    <p class='ocr_par' dir='ltr' id='par_1_60' title="bbox 574 5907 1774 5984">
     <span class='ocr_line' id='line_1_60' title="bbox 574 5907 1774 5984; baseline 0.013 -29"><span class='ocrx_word' id='word_1_511' title='bbox 574 5910 588 5936; x_wconf 79' lang='grc' dir='ltr'><strong>ι</strong></span> <span class='ocrx_word' id='word_1_512' title='bbox 620 5910 671 5955; x_wconf 81' lang='grc' dir='ltr'><strong>ιιι</strong></span> <span class='ocrx_word' id='word_1_513' title='bbox 696 5907 900 5975; x_wconf 69' lang='lat' dir='ltr'><strong>vulgatis</strong></span> <span class='ocrx_word' id='word_1_514' title='bbox 916 5916 1104 5968; x_wconf 85' lang='lat' dir='ltr'><strong>additur</strong></span> <span class='ocrx_word' id='word_1_515' title='bbox 1122 5952 1137 5978; x_wconf 87' lang='lat'><strong>,</strong></span> <span class='ocrx_word' id='word_1_516' title='bbox 1167 5917 1284 5977; x_wconf 84' lang='lat' dir='ltr'><strong>Dei;</strong></span> <span class='ocrx_word' id='word_1_517' title='bbox 1303 5921 1431 5984; x_wconf 82' lang='lat' dir='ltr'><strong>quod</strong></span> <span class='ocrx_word' id='word_1_518' title='bbox 1455 5923 1595 5974; x_wconf 81' lang='lat' dir='ltr'><strong>abest</strong></span> <span class='ocrx_word' id='word_1_519' title='bbox 1618 5939 1646 5975; x_wconf 90' lang='lat' dir='ltr'><strong>a</strong></span> <span class='ocrx_word' id='word_1_520' title='bbox 1671 5934 1774 5975; x_wconf 66' lang='lat' dir='ltr'><strong>Mss.</strong></span> 
     </span>
    </p>
   </div>
   <div class='ocr_carea' id='block_1_61' title="bbox 3726 488 3834 543">
    <p class='ocr_par' dir='ltr' id='par_1_61' title="bbox 3726 488 3834 543">
     <span class='ocr_line' id='line_1_61' title="bbox 3726 488 3834 543; baseline 0.028 -3"><span class='ocrx_word' id='word_1_521' title='bbox 3726 488 3834 543; x_wconf 58' lang='grc'><strong>193</strong></span> 
     </span>
    </p>
   </div>
   <div class='ocr_carea' id='block_1_62' title="bbox 2244 575 3831 662">
    <p class='ocr_par' dir='ltr' id='par_1_62' title="bbox 2244 575 3831 662">
     <span class='ocr_line' id='line_1_62' title="bbox 2244 575 3831 662; baseline 0.019 -29"><span class='ocrx_word' id='word_1_522' title='bbox 2244 575 2439 647; x_wconf 90' lang='lat' dir='ltr'><strong>Spiritu</strong></span> <span class='ocrx_word' id='word_1_523' title='bbox 2465 591 2648 638; x_wconf 88' lang='lat' dir='ltr'><strong>sancto</strong></span> <span class='ocrx_word' id='word_1_524' title='bbox 2673 584 2886 651; x_wconf 89' lang='lat' dir='ltr'><strong>dicitur,</strong></span> <span class='ocrx_word' id='word_1_525' title='bbox 2919 586 2946 640; x_wconf 84' lang='grc' dir='ltr'><strong><em>Ι</em></strong></span> <span class='ocrx_word' id='word_1_526' title='bbox 2953 605 3041 657; x_wconf 88' lang='lat' dir='ltr'><strong>pse</strong></span> <span class='ocrx_word' id='word_1_527' title='bbox 3060 606 3145 646; x_wconf 85' lang='lat' dir='ltr'><strong>vos</strong></span> <span class='ocrx_word' id='word_1_528' title='bbox 3171 593 3374 651; x_wconf 75' lang='lat' dir='ltr'><strong>inducet</strong></span> <span class='ocrx_word' id='word_1_529' title='bbox 3393 598 3447 652; x_wconf 83' lang='lat' dir='ltr'><strong>in</strong></span> <span class='ocrx_word' id='word_1_530' title='bbox 3471 616 3668 658; x_wconf 86' lang='lat' dir='ltr'><strong>omnem</strong></span> <span class='ocrx_word' id='word_1_531' title='bbox 3694 611 3831 662; x_wconf 81' lang='lat' dir='ltr'><strong>ueri-</strong></span> 
     </span>
    </p>
   </div>
   <div class='ocr_carea' id='block_1_63' title="bbox 2240 671 3833 765">
    <p class='ocr_par' dir='ltr' id='par_1_63' title="bbox 2240 671 3833 765">
     <span class='ocr_line' id='line_1_63' title="bbox 2240 671 3833 765; baseline 0.021 -42"><span class='ocrx_word' id='word_1_532' title='bbox 2240 679 2389 725; x_wconf 85' lang='lat' dir='ltr'><strong>tatem</strong></span> <span class='ocrx_word' id='word_1_533' title='bbox 2410 671 2589 741; x_wconf 83' lang='lat' dir='ltr'><strong>(Joan.</strong></span> <span class='ocrx_word' id='word_1_534' title='bbox 2620 691 2732 742; x_wconf 75' lang='lat' dir='ltr'><strong>xvr,</strong></span> <span class='ocrx_word' id='word_1_535' title='bbox 2762 678 2874 749; x_wconf 77' lang='lat' dir='ltr'><strong>l3).</strong></span> <span class='ocrx_word' id='word_1_536' title='bbox 2916 679 3202 751; x_wconf 85' lang='lat' dir='ltr'><strong>Propterea</strong></span> <span class='ocrx_word' id='word_1_537' title='bbox 3220 696 3271 741; x_wconf 91' lang='lat' dir='ltr'><strong>et</strong></span> <span class='ocrx_word' id='word_1_538' title='bbox 3287 690 3609 749; x_wconf 81' lang='lat' dir='ltr'><strong>conﬁdentia</strong></span> <span class='ocrx_word' id='word_1_539' title='bbox 3634 701 3833 765; x_wconf 64' lang='lat' dir='ltr'><strong>praedi-</strong></span> 
     </span>
    </p>
   </div>
   <div class='ocr_carea' id='block_1_64' title="bbox 2238 764 3833 862">
    <p class='ocr_par' dir='ltr' id='par_1_64' title="bbox 2238 764 3833 862">
     <span class='ocr_line' id='line_1_64' title="bbox 2238 764 3833 862; baseline 0.017 -45"><span class='ocrx_word' id='word_1_540' title='bbox 2238 764 2423 820; x_wconf 76' lang='lat' dir='ltr'><strong>canda:</strong></span> <span class='ocrx_word' id='word_1_541' title='bbox 2444 768 2699 835; x_wconf 81' lang='lat' dir='ltr'><strong>veritatis,</strong></span> <span class='ocrx_word' id='word_1_542' title='bbox 2717 785 2819 840; x_wconf 88' lang='lat' dir='ltr'><strong>qua</strong></span> <span class='ocrx_word' id='word_1_543' title='bbox 2836 771 3038 842; x_wconf 90' lang='lat' dir='ltr'><strong>impleti</strong></span> <span class='ocrx_word' id='word_1_544' title='bbox 3056 785 3180 831; x_wconf 89' lang='lat' dir='ltr'><strong>sunt</strong></span> <span class='ocrx_word' id='word_1_545' title='bbox 3207 778 3259 833; x_wconf 94' lang='lat' dir='ltr'><strong>in</strong></span> <span class='ocrx_word' id='word_1_546' title='bbox 3285 780 3517 838; x_wconf 81' lang='lat' dir='ltr'><strong>adventu</strong></span> <span class='ocrx_word' id='word_1_547' title='bbox 3544 764 3661 856; x_wconf 84' lang='lat' dir='ltr'><strong>ejus</strong></span> <span class='ocrx_word' id='word_1_548' title='bbox 3682 791 3833 862; x_wconf 78' lang='lat' dir='ltr'><strong>Apu-</strong></span> 
     </span>
    </p>
   </div>
   <div class='ocr_carea' id='block_1_65' title="bbox 2238 858 3835 949">
    <p class='ocr_par' dir='ltr' id='par_1_65' title="bbox 2238 858 3835 949">
     <span class='ocr_line' id='line_1_65' title="bbox 2238 858 3835 949; baseline 0.018 -38"><span class='ocrx_word' id='word_1_549' title='bbox 2238 858 2361 913; x_wconf 86' lang='lat' dir='ltr'><strong>stoli</strong></span> <span class='ocrx_word' id='word_1_550' title='bbox 2409 858 2541 929; x_wconf 81' lang='lat' dir='ltr'><strong>(Act.</strong></span> <span class='ocrx_word' id='word_1_551' title='bbox 2583 875 2641 927; x_wconf 87' lang='grc' dir='ltr'><strong>ιι,</strong></span> <span class='ocrx_word' id='word_1_552' title='bbox 2690 861 2767 930; x_wconf 77' lang='grc'><strong>4),</strong></span> <span class='ocrx_word' id='word_1_553' title='bbox 2817 875 2963 921; x_wconf 87' lang='lat' dir='ltr'><strong>recte</strong></span> <span class='ocrx_word' id='word_1_554' title='bbox 3005 865 3252 923; x_wconf 85' lang='lat' dir='ltr'><strong>charitati</strong></span> <span class='ocrx_word' id='word_1_555' title='bbox 3292 871 3577 942; x_wconf 87' lang='lat' dir='ltr'><strong>tribuitur;</strong></span> <span class='ocrx_word' id='word_1_556' title='bbox 3610 858 3749 949; x_wconf 44' lang='lat' dir='ltr'><strong>quia-</strong></span> <span class='ocrx_word' id='word_1_557' title='bbox 3778 892 3835 939; x_wconf 80' lang='lat' dir='ltr'><strong>et</strong></span> 
     </span>
    </p>
   </div>
   <div class='ocr_carea' id='block_1_66' title="bbox 2238 948 3832 1028">
    <p class='ocr_par' dir='ltr' id='par_1_66' title="bbox 2238 948 3832 1028">
     <span class='ocr_line' id='line_1_66' title="bbox 2238 948 3832 1028; baseline 0.016 -26"><span class='ocrx_word' id='word_1_558' title='bbox 2238 948 2530 1007; x_wconf 79' lang='lat' dir='ltr'><strong>difﬁdentia</strong></span> <span class='ocrx_word' id='word_1_559' title='bbox 2559 954 2733 1010; x_wconf 90' lang='lat' dir='ltr'><strong>timori</strong></span> <span class='ocrx_word' id='word_1_560' title='bbox 2753 955 2931 1023; x_wconf 91' lang='lat' dir='ltr'><strong>datur,</strong></span> <span class='ocrx_word' id='word_1_561' title='bbox 2956 975 3111 1028; x_wconf 88' lang='lat' dir='ltr'><strong>quem</strong></span> <span class='ocrx_word' id='word_1_562' title='bbox 3134 968 3526 1021; x_wconf 86' lang='lat' dir='ltr'><strong>consummatio</strong></span> <span class='ocrx_word' id='word_1_563' title='bbox 3546 948 3832 1028; x_wconf 77' lang='lat' dir='ltr'><strong>cliaritatis</strong></span> 
     </span>
    </p>
   </div>
   <div class='ocr_carea' id='block_1_67' title="bbox 2238 1041 3827 1132">
    <p class='ocr_par' dir='ltr' id='par_1_67' title="bbox 2238 1041 3827 1132">
     <span class='ocr_line' id='line_1_67' title="bbox 2238 1041 3827 1132; baseline 0.016 -37"><span class='ocrx_word' id='word_1_564' title='bbox 2238 1041 2489 1098; x_wconf 81' lang='lat' dir='ltr'><strong>excludit.</strong></span> <span class='ocrx_word' id='word_1_565' title='bbox 2530 1043 2653 1101; x_wconf 90' lang='lat' dir='ltr'><strong>ldeo</strong></span> <span class='ocrx_word' id='word_1_566' title='bbox 2678 1048 2839 1102; x_wconf 89' lang='lat' dir='ltr'><strong>etiam</strong></span> <span class='ocrx_word' id='word_1_567' title='bbox 2870 1048 3065 1105; x_wconf 92' lang='lat' dir='ltr'><strong>donum</strong></span> <span class='ocrx_word' id='word_1_568' title='bbox 3114 1052 3209 1108; x_wconf 91' lang='lat' dir='ltr'><strong>Dei</strong></span> <span class='ocrx_word' id='word_1_569' title='bbox 3254 1055 3449 1112; x_wconf 89' lang='lat' dir='ltr'><strong>dicitur</strong></span> <span class='ocrx_word' id='word_1_570' title='bbox 3480 1058 3694 1131; x_wconf 85' lang='lat' dir='ltr'><strong>(Ephes.</strong></span> <span class='ocrx_word' id='word_1_571' title='bbox 3733 1080 3787 1119; x_wconf 87' lang='grc' dir='ltr'><strong>ιιι</strong></span> <span class='ocrx_word' id='word_1_572' title='bbox 3810 1104 3827 1132; x_wconf 84' lang='grc'><strong>,</strong></span> 
     </span>
    </p>
   </div>
   <div class='ocr_carea' id='block_1_68' title="bbox 2238 1132 3827 1217">
    <p class='ocr_par' dir='ltr' id='par_1_68' title="bbox 2238 1132 3827 1217">
     <span class='ocr_line' id='line_1_68' title="bbox 2238 1132 3827 1217; baseline 0.018 -32"><span class='ocrx_word' id='word_1_573' title='bbox 2238 1132 2314 1201; x_wconf 88' lang='grc'><strong>7),</strong></span> <span class='ocrx_word' id='word_1_574' title='bbox 2344 1135 2465 1204; x_wconf 88' lang='lat' dir='ltr'><strong>quia</strong></span> <span class='ocrx_word' id='word_1_575' title='bbox 2494 1151 2560 1191; x_wconf 92' lang='lat' dir='ltr'><strong>eo</strong></span> <span class='ocrx_word' id='word_1_576' title='bbox 2587 1138 2729 1208; x_wconf 90' lang='lat' dir='ltr'><strong>quod</strong></span> <span class='ocrx_word' id='word_1_577' title='bbox 2754 1142 2979 1212; x_wconf 88' lang='lat' dir='ltr'><strong>quisque</strong></span> <span class='ocrx_word' id='word_1_578' title='bbox 3008 1146 3154 1199; x_wconf 92' lang='lat' dir='ltr'><strong>novit</strong></span> <span class='ocrx_word' id='word_1_579' title='bbox 3183 1162 3290 1203; x_wconf 89' lang='lat' dir='ltr'><strong>non</strong></span> <span class='ocrx_word' id='word_1_580' title='bbox 3321 1149 3531 1217; x_wconf 89' lang='lat' dir='ltr'><strong>fruitur,</strong></span> <span class='ocrx_word' id='word_1_581' title='bbox 3567 1156 3667 1209; x_wconf 89' lang='lat' dir='ltr'><strong>nisi</strong></span> <span class='ocrx_word' id='word_1_582' title='bbox 3694 1166 3749 1211; x_wconf 92' lang='lat' dir='ltr'><strong>et</strong></span> <span class='ocrx_word' id='word_1_583' title='bbox 3773 1157 3827 1213; x_wconf 90' lang='lat' dir='ltr'><strong>id</strong></span> 
     </span>
    </p>
   </div>
   <div class='ocr_carea' id='block_1_69' title="bbox 2234 1598 3829 1671">
    <p class='ocr_par' dir='ltr' id='par_1_69' title="bbox 2234 1598 3829 1671">
     <span class='ocr_line' id='line_1_69' title="bbox 2234 1598 3829 1671; baseline 0.018 -28"><span class='ocrx_word' id='word_1_584' title='bbox 2234 1606 2581 1664; x_wconf 67' lang='lat' dir='ltr'><strong>quazcumque</strong></span> <span class='ocrx_word' id='word_1_585' title='bbox 2605 1598 2918 1654; x_wconf 88' lang='lat' dir='ltr'><strong>sanciuntur</strong></span> <span class='ocrx_word' id='word_1_586' title='bbox 2937 1602 2980 1668; x_wconf 89' lang='grc'><strong><em>¹,</em></strong></span> <span class='ocrx_word' id='word_1_587' title='bbox 3006 1618 3104 1658; x_wconf 92' lang='lat' dir='ltr'><strong>nec</strong></span> <span class='ocrx_word' id='word_1_588' title='bbox 3128 1604 3345 1663; x_wconf 90' lang='lat' dir='ltr'><strong>dubium</strong></span> <span class='ocrx_word' id='word_1_589' title='bbox 3375 1619 3457 1665; x_wconf 89' lang='lat' dir='ltr'><strong>est</strong></span> <span class='ocrx_word' id='word_1_590' title='bbox 3476 1628 3508 1667; x_wconf 88' lang='lat' dir='ltr'><strong>a</strong></span> <span class='ocrx_word' id='word_1_591' title='bbox 3534 1615 3829 1671; x_wconf 89' lang='lat' dir='ltr'><strong>sanciendo</strong></span> 
     </span>
    </p>
   </div>
   <div class='ocr_carea' id='block_1_70' title="bbox 2234 1686 3829 1766">
    <p class='ocr_par' dir='ltr' id='par_1_70' title="bbox 2234 1686 3829 1766">
     <span class='ocr_line' id='line_1_70' title="bbox 2234 1686 3829 1766; baseline 0.019 -31"><span class='ocrx_word' id='word_1_592' title='bbox 2234 1686 2564 1742; x_wconf 87' lang='lat' dir='ltr'><strong>sanctitatem</strong></span> <span class='ocrx_word' id='word_1_593' title='bbox 2620 1694 2819 1746; x_wconf 86' lang='lat' dir='ltr'><strong>vocari.</strong></span> <span class='ocrx_word' id='word_1_594' title='bbox 2866 1693 3091 1752; x_wconf 81' lang='lat' dir='ltr'><strong>Maxime</strong></span> <span class='ocrx_word' id='word_1_595' title='bbox 3138 1710 3315 1756; x_wconf 88' lang='lat' dir='ltr'><strong>autem</strong></span> <span class='ocrx_word' id='word_1_596' title='bbox 3366 1704 3457 1760; x_wconf 91' lang='lat' dir='ltr'><strong>illo</strong></span> <span class='ocrx_word' id='word_1_597' title='bbox 3512 1709 3829 1766; x_wconf 80' lang='lat' dir='ltr'><strong>testimonio</strong></span> 
     </span>
    </p>
   </div>
   <div class='ocr_carea' id='block_1_71' title="bbox 2235 1784 3824 1870">
    <p class='ocr_par' dir='ltr' id='par_1_71' title="bbox 2235 1784 3824 1870">
     <span class='ocr_line' id='line_1_71' title="bbox 2235 1784 3824 1870; baseline 0.018 -41"><span class='ocrx_word' id='word_1_598' title='bbox 2235 1784 2454 1832; x_wconf 91' lang='lat' dir='ltr'><strong>utuntur</strong></span> <span class='ocrx_word' id='word_1_599' title='bbox 2492 1789 2790 1839; x_wconf 89' lang='lat' dir='ltr'><strong>assertores</strong></span> <span class='ocrx_word' id='word_1_600' title='bbox 2831 1784 2988 1855; x_wconf 87' lang='lat' dir='ltr'><strong>hujus</strong></span> <span class='ocrx_word' id='word_1_601' title='bbox 3028 1792 3328 1861; x_wconf 68' lang='lat' dir='ltr'><strong>sementim,</strong></span> <span class='ocrx_word' id='word_1_602' title='bbox 3372 1797 3516 1866; x_wconf 89' lang='lat' dir='ltr'><strong>quod</strong></span> <span class='ocrx_word' id='word_1_603' title='bbox 3562 1801 3824 1870; x_wconf 83' lang='lat' dir='ltr'><strong>scriptum</strong></span> 
     </span>
    </p>
   </div>
   <div class='ocr_carea' id='block_1_72' title="bbox 2232 1869 3826 1960">
    <p class='ocr_par' dir='ltr' id='par_1_72' title="bbox 2232 1869 3826 1960">
     <span class='ocr_line' id='line_1_72' title="bbox 2232 1869 3826 1960; baseline 0.018 -40"><span class='ocrx_word' id='word_1_604' title='bbox 2232 1877 2335 1933; x_wconf 88' lang='lat' dir='ltr'><strong>est,</strong></span> <span class='ocrx_word' id='word_1_605' title='bbox 2370 1869 2519 1936; x_wconf 90' lang='lat' dir='ltr'><strong>Quod</strong></span> <span class='ocrx_word' id='word_1_606' title='bbox 2546 1883 2719 1928; x_wconf 90' lang='lat' dir='ltr'><strong>natum</strong></span> <span class='ocrx_word' id='word_1_607' title='bbox 2755 1886 2832 1930; x_wconf 87' lang='lat' dir='ltr'><strong>est</strong></span> <span class='ocrx_word' id='word_1_608' title='bbox 2854 1880 2917 1932; x_wconf 92' lang='lat' dir='ltr'><strong>de</strong></span> <span class='ocrx_word' id='word_1_609' title='bbox 2940 1896 3112 1948; x_wconf 86' lang='lat' dir='ltr'><strong>carne,</strong></span> <span class='ocrx_word' id='word_1_610' title='bbox 3136 1900 3255 1937; x_wconf 89' lang='lat' dir='ltr'><strong>caro</strong></span> <span class='ocrx_word' id='word_1_611' title='bbox 3274 1896 3389 1950; x_wconf 86' lang='lat' dir='ltr'><strong>est;</strong></span> <span class='ocrx_word' id='word_1_612' title='bbox 3414 1898 3461 1941; x_wconf 89' lang='lat' dir='ltr'><strong>et</strong></span> <span class='ocrx_word' id='word_1_613' title='bbox 3483 1892 3621 1960; x_wconf 85' lang='lat' dir='ltr'><strong>quod</strong></span> <span class='ocrx_word' id='word_1_614' title='bbox 3647 1869 3826 1948; x_wconf 83' lang='lat' dir='ltr'><strong>natum</strong></span> 
     </span>
    </p>
   </div>
   <div class='ocr_carea' id='block_1_73' title="bbox 2232 1962 3823 2050">
    <p class='ocr_par' dir='ltr' id='par_1_73' title="bbox 2232 1962 3823 2050">
     <span class='ocr_line' id='line_1_73' title="bbox 2232 1962 3823 2050; baseline 0.018 -37"><span class='ocrx_word' id='word_1_615' title='bbox 2232 1970 2304 2050; x_wconf 81' lang='lat' dir='ltr'><strong>est</strong></span> <span class='ocrx_word' id='word_1_616' title='bbox 2327 1962 2391 2015; x_wconf 92' lang='lat' dir='ltr'><strong>de</strong></span> <span class='ocrx_word' id='word_1_617' title='bbox 2412 1963 2630 2034; x_wconf 83' lang='lat' dir='ltr'><strong>Spiritu,</strong></span> <span class='ocrx_word' id='word_1_618' title='bbox 2659 1970 2871 2037; x_wconf 82' lang='lat' dir='ltr'><strong>spiritus</strong></span> <span class='ocrx_word' id='word_1_619' title='bbox 2889 1982 2963 2026; x_wconf 85' lang='lat' dir='ltr'><strong>est</strong></span> <span class='ocrx_word' id='word_1_620' title='bbox 2983 1972 3162 2044; x_wconf 75' lang='lat' dir='ltr'><strong>(Joan.</strong></span> <span class='ocrx_word' id='word_1_621' title='bbox 3190 1992 3266 2041; x_wconf 84' lang='lat' dir='ltr'><strong>tu,</strong></span> <span class='ocrx_word' id='word_1_622' title='bbox 3295 1979 3350 2049; x_wconf 85' lang='lat'><strong>6)</strong></span> <span class='ocrx_word' id='word_1_623' title='bbox 3381 1998 3393 2032; x_wconf 90' lang='lat'>:</span> <span class='ocrx_word' id='word_1_624' title='bbox 3422 1984 3661 2050; x_wconf 85' lang='lat' dir='ltr'><strong>quoniam</strong></span> <span class='ocrx_word' id='word_1_625' title='bbox 3682 1985 3823 2042; x_wconf 89' lang='lat' dir='ltr'><strong>Deus</strong></span> 
     </span>
    </p>
   </div>
   <div class='ocr_carea' id='block_1_74' title="bbox 2232 2049 3819 2141">
    <p class='ocr_par' dir='ltr' id='par_1_74' title="bbox 2232 2049 3819 2141">
     <span class='ocr_line' id='line_1_74' title="bbox 2232 2049 3819 2141; baseline 0.019 -38"><span class='ocrx_word' id='word_1_626' title='bbox 2232 2049 2459 2117; x_wconf 87' lang='lat' dir='ltr'><strong>Spiritus</strong></span> <span class='ocrx_word' id='word_1_627' title='bbox 2506 2067 2579 2109; x_wconf 83' lang='lat' dir='ltr'><strong>est</strong></span> <span class='ocrx_word' id='word_1_628' title='bbox 2618 2057 2731 2125; x_wconf 78' lang='lat' dir='ltr'><strong>(Id.</strong></span> <span class='ocrx_word' id='word_1_629' title='bbox 2772 2076 2845 2127; x_wconf 87' lang='lat' dir='ltr'><strong>tv,</strong></span> <span class='ocrx_word' id='word_1_630' title='bbox 2878 2061 2995 2133; x_wconf 73' lang='grc'><strong>24).</strong></span> <span class='ocrx_word' id='word_1_631' title='bbox 3041 2065 3135 2120; x_wconf 88' lang='lat' dir='ltr'><strong>Hic</strong></span> <span class='ocrx_word' id='word_1_632' title='bbox 3173 2069 3314 2123; x_wconf 90' lang='lat' dir='ltr'><strong>enim</strong></span> <span class='ocrx_word' id='word_1_633' title='bbox 3354 2077 3819 2141; x_wconf 87' lang='lat' dir='ltr'><strong>regenerationem</strong></span> 
     </span>
    </p>
   </div>
   <div class='ocr_carea' id='block_1_75' title="bbox 2231 2149 3821 2225">
    <p class='ocr_par' dir='ltr' id='par_1_75' title="bbox 2231 2149 3821 2225">
     <span class='ocr_line' id='line_1_75' title="bbox 2231 2149 3821 2225; baseline 0.017 -28"><span class='ocrx_word' id='word_1_634' title='bbox 2231 2155 2465 2201; x_wconf 73' lang='lat' dir='ltr'><strong>nostiam</strong></span> <span class='ocrx_word' id='word_1_635' title='bbox 2508 2149 2703 2217; x_wconf 76' lang='lat' dir='ltr'><strong>dicit’,</strong></span> <span class='ocrx_word' id='word_1_636' title='bbox 2736 2169 2855 2223; x_wconf 71' lang='lat' dir='ltr'><strong>quze</strong></span> <span class='ocrx_word' id='word_1_637' title='bbox 2893 2170 2997 2210; x_wconf 89' lang='lat' dir='ltr'><strong>non</strong></span> <span class='ocrx_word' id='word_1_638' title='bbox 3026 2160 3316 2214; x_wconf 88' lang='lat' dir='ltr'><strong>secundum</strong></span> <span class='ocrx_word' id='word_1_639' title='bbox 3356 2163 3525 2218; x_wconf 85' lang='lat' dir='ltr'><strong>Adam</strong></span> <span class='ocrx_word' id='word_1_640' title='bbox 3563 2166 3631 2221; x_wconf 90' lang='lat' dir='ltr'><strong>de</strong></span> <span class='ocrx_word' id='word_1_641' title='bbox 3655 2183 3821 2225; x_wconf 86' lang='lat' dir='ltr'><strong>carne</strong></span> 
     </span>
    </p>
   </div>
   <div class='ocr_carea' id='block_1_76' title="bbox 2229 2236 3814 2325">
    <p class='ocr_par' dir='ltr' id='par_1_76' title="bbox 2229 2236 3814 2325">
     <span class='ocr_line' id='line_1_76' title="bbox 2229 2236 3814 2325; baseline 0.015 -38"><span class='ocrx_word' id='word_1_642' title='bbox 2229 2242 2330 2299; x_wconf 91' lang='lat' dir='ltr'><strong>est,</strong></span> <span class='ocrx_word' id='word_1_643' title='bbox 2361 2236 2451 2289; x_wconf 87' lang='lat' dir='ltr'><strong>scd</strong></span> <span class='ocrx_word' id='word_1_644' title='bbox 2477 2240 2770 2296; x_wconf 89' lang='lat' dir='ltr'><strong>secundum</strong></span> <span class='ocrx_word' id='word_1_645' title='bbox 2808 2242 3078 2300; x_wconf 86' lang='lat' dir='ltr'><strong>Christum</strong></span> <span class='ocrx_word' id='word_1_646' title='bbox 3108 2246 3174 2301; x_wconf 90' lang='lat' dir='ltr'><strong>de</strong></span> <span class='ocrx_word' id='word_1_647' title='bbox 3202 2248 3399 2318; x_wconf 90' lang='lat' dir='ltr'><strong>Spiritu</strong></span> <span class='ocrx_word' id='word_1_648' title='bbox 3422 2263 3628 2308; x_wconf 89' lang='lat' dir='ltr'><strong>sancto.</strong></span> <span class='ocrx_word' id='word_1_649' title='bbox 3675 2257 3814 2325; x_wconf 82' lang='lat' dir='ltr'><strong>Qua-</strong></span> 
     </span>
    </p>
   </div>
   <div class='ocr_carea' id='block_1_77' title="bbox 2229 2327 3819 2404">
    <p class='ocr_par' dir='ltr' id='par_1_77' title="bbox 2229 2327 3819 2404">
     <span class='ocr_line' id='line_1_77' title="bbox 2229 2327 3819 2404; baseline 0.017 -27"><span class='ocrx_word' id='word_1_650' title='bbox 2229 2334 2447 2393; x_wconf 86' lang='lat' dir='ltr'><strong>propter</strong></span> <span class='ocrx_word' id='word_1_651' title='bbox 2469 2327 2516 2382; x_wconf 93' lang='lat' dir='ltr'><strong>si</strong></span> <span class='ocrx_word' id='word_1_652' title='bbox 2546 2329 2772 2400; x_wconf 83' lang='lat' dir='ltr'><strong>Spiritus</strong></span> <span class='ocrx_word' id='word_1_653' title='bbox 2806 2336 2975 2389; x_wconf 89' lang='lat' dir='ltr'><strong>sancti</strong></span> <span class='ocrx_word' id='word_1_654' title='bbox 3006 2336 3107 2392; x_wconf 89' lang='lat' dir='ltr'><strong>hoc</strong></span> <span class='ocrx_word' id='word_1_655' title='bbox 3136 2338 3253 2395; x_wconf 89' lang='lat' dir='ltr'><strong>loco</strong></span> <span class='ocrx_word' id='word_1_656' title='bbox 3294 2341 3427 2396; x_wconf 86' lang='lat' dir='ltr'><strong>facta</strong></span> <span class='ocrx_word' id='word_1_657' title='bbox 3460 2354 3542 2398; x_wconf 88' lang='lat' dir='ltr'><strong>est</strong></span> <span class='ocrx_word' id='word_1_658' title='bbox 3582 2361 3819 2404; x_wconf 62' lang='lat' dir='ltr'><strong>commev</strong></span> 
     </span>
    </p>
   </div>
   <div class='ocr_carea' id='block_1_78' title="bbox 2230 2420 3819 2506">
    <p class='ocr_par' dir='ltr' id='par_1_78' title="bbox 2230 2420 3819 2506">
     <span class='ocr_line' id='line_1_78' title="bbox 2230 2420 3819 2506; baseline 0.016 -36"><span class='ocrx_word' id='word_1_659' title='bbox 2230 2420 2476 2485; x_wconf 86' lang='lat' dir='ltr'><strong>moratio,</strong></span> <span class='ocrx_word' id='word_1_660' title='bbox 2505 2437 2624 2476; x_wconf 90' lang='lat' dir='ltr'><strong>cum</strong></span> <span class='ocrx_word' id='word_1_661' title='bbox 2653 2424 2853 2480; x_wconf 90' lang='lat' dir='ltr'><strong>dictum</strong></span> <span class='ocrx_word' id='word_1_662' title='bbox 2881 2437 2981 2492; x_wconf 87' lang='lat' dir='ltr'><strong>est,</strong></span> <span class='ocrx_word' id='word_1_663' title='bbox 3017 2429 3269 2497; x_wconf 85' lang='lat' dir='ltr'><strong>Quoniam</strong></span> <span class='ocrx_word' id='word_1_664' title='bbox 3290 2432 3430 2489; x_wconf 84' lang='lat' dir='ltr'><strong>Deus</strong></span> <span class='ocrx_word' id='word_1_665' title='bbox 3459 2436 3684 2506; x_wconf 86' lang='lat' dir='ltr'><strong>Spiritus</strong></span> <span class='ocrx_word' id='word_1_666' title='bbox 3702 2452 3819 2497; x_wconf 90' lang='lat' dir='ltr'><strong>est:</strong></span> 
     </span>
    </p>
   </div>
   <div class='ocr_carea' id='block_1_79' title="bbox 2225 2508 3814 2596">
    <p class='ocr_par' dir='ltr' id='par_1_79' title="bbox 2225 2508 3814 2596">
     <span class='ocr_line' id='line_1_79' title="bbox 2225 2508 3814 2596; baseline 0.019 -38"><span class='ocrx_word' id='word_1_667' title='bbox 2225 2508 2753 2569; x_wconf 85' lang='lat' dir='ltr'><strong>animadvertendum</strong></span> <span class='ocrx_word' id='word_1_668' title='bbox 2778 2516 2983 2586; x_wconf 82' lang='lat' dir='ltr'><strong>dicunt,</strong></span> <span class='ocrx_word' id='word_1_669' title='bbox 3010 2536 3115 2574; x_wconf 90' lang='lat' dir='ltr'><strong>non</strong></span> <span class='ocrx_word' id='word_1_670' title='bbox 3142 2521 3343 2578; x_wconf 85' lang='lat' dir='ltr'><strong>dictum</strong></span> <span class='ocrx_word' id='word_1_671' title='bbox 3379 2541 3521 2591; x_wconf 79' lang='lat' dir='ltr'><strong>esse.</strong></span> <span class='ocrx_word' id='word_1_672' title='bbox 3550 2529 3814 2596; x_wconf 82' lang='lat' dir='ltr'><strong>Quoniam</strong></span> 
     </span>
    </p>
   </div>
   <div class='ocr_carea' id='block_1_80' title="bbox 2224 2598 3817 2690">
    <p class='ocr_par' dir='ltr' id='par_1_80' title="bbox 2224 2598 3817 2690">
     <span class='ocr_line' id='line_1_80' title="bbox 2224 2598 3817 2690; baseline 0.017 -38"><span class='ocrx_word' id='word_1_673' title='bbox 2224 2598 2452 2668; x_wconf 89' lang='lat' dir='ltr'><strong>Spiritus</strong></span> <span class='ocrx_word' id='word_1_674' title='bbox 2484 2603 2624 2658; x_wconf 91' lang='lat' dir='ltr'><strong>Deus</strong></span> <span class='ocrx_word' id='word_1_675' title='bbox 2652 2616 2735 2661; x_wconf 87' lang='lat' dir='ltr'><strong>est</strong></span> <span class='ocrx_word' id='word_1_676' title='bbox 2759 2608 2814 2673; x_wconf 86' lang='grc'><strong>⁸;</strong></span> <span class='ocrx_word' id='word_1_677' title='bbox 2846 2609 2961 2673; x_wconf 87' lang='lat' dir='ltr'><strong>sed,</strong></span> <span class='ocrx_word' id='word_1_678' title='bbox 2998 2611 3250 2675; x_wconf 85' lang='lat' dir='ltr'><strong>Quoniam</strong></span> <span class='ocrx_word' id='word_1_679' title='bbox 3278 2615 3416 2671; x_wconf 85' lang='lat' dir='ltr'><strong>Deus</strong></span> <span class='ocrx_word' id='word_1_680' title='bbox 3451 2618 3676 2689; x_wconf 87' lang='lat' dir='ltr'><strong>Spiritus</strong></span> <span class='ocrx_word' id='word_1_681' title='bbox 3700 2634 3817 2690; x_wconf 85' lang='lat' dir='ltr'><strong>est;</strong></span> 
     </span>
    </p>
   </div>
   <div class='ocr_carea' id='block_1_81' title="bbox 2226 2694 3811 2782">
    <p class='ocr_par' dir='ltr' id='par_1_81' title="bbox 2226 2694 3811 2782">
     <span class='ocr_line' id='line_1_81' title="bbox 2226 2694 3811 2782; baseline 0.015 -38"><span class='ocrx_word' id='word_1_682' title='bbox 2226 2700 2285 2745; x_wconf 91' lang='lat' dir='ltr'><strong>ut</strong></span> <span class='ocrx_word' id='word_1_683' title='bbox 2315 2694 2425 2763; x_wconf 89' lang='lat' dir='ltr'><strong>ipsa</strong></span> <span class='ocrx_word' id='word_1_684' title='bbox 2456 2694 2627 2749; x_wconf 90' lang='lat' dir='ltr'><strong>deitas</strong></span> <span class='ocrx_word' id='word_1_685' title='bbox 2658 2698 2829 2754; x_wconf 89' lang='lat' dir='ltr'><strong>Patris</strong></span> <span class='ocrx_word' id='word_1_686' title='bbox 2855 2710 2905 2754; x_wconf 89' lang='lat' dir='ltr'><strong>et</strong></span> <span class='ocrx_word' id='word_1_687' title='bbox 2935 2701 3055 2755; x_wconf 84' lang='lat' dir='ltr'><strong>Filii</strong></span> <span class='ocrx_word' id='word_1_688' title='bbox 3087 2704 3189 2759; x_wconf 87' lang='lat' dir='ltr'><strong>hoc</strong></span> <span class='ocrx_word' id='word_1_689' title='bbox 3221 2706 3338 2760; x_wconf 84' lang='lat' dir='ltr'><strong>loco</strong></span> <span class='ocrx_word' id='word_1_690' title='bbox 3365 2708 3505 2763; x_wconf 88' lang='lat' dir='ltr'><strong>dicta</strong></span> <span class='ocrx_word' id='word_1_691' title='bbox 3547 2713 3619 2766; x_wconf 89' lang='lat' dir='ltr'><strong>sit</strong></span> <span class='ocrx_word' id='word_1_692' title='bbox 3650 2714 3811 2782; x_wconf 79' lang='lat' dir='ltr'><strong>Deus,</strong></span> 
     </span>
    </p>
   </div>
   <div class='ocr_carea' id='block_1_82' title="bbox 2224 2782 3817 2859">
    <p class='ocr_par' dir='ltr' id='par_1_82' title="bbox 2224 2782 3817 2859">
     <span class='ocr_line' id='line_1_82' title="bbox 2224 2782 3817 2859; baseline 0.016 -25"><span class='ocrx_word' id='word_1_693' title='bbox 2224 2782 2364 2850; x_wconf 87' lang='lat' dir='ltr'><strong>quod</strong></span> <span class='ocrx_word' id='word_1_694' title='bbox 2390 2794 2474 2838; x_wconf 92' lang='lat' dir='ltr'><strong>est</strong></span> <span class='ocrx_word' id='word_1_695' title='bbox 2501 2786 2729 2855; x_wconf 89' lang='lat' dir='ltr'><strong>Spiritus</strong></span> <span class='ocrx_word' id='word_1_696' title='bbox 2756 2800 2991 2846; x_wconf 88' lang='lat' dir='ltr'><strong>sanctus.</strong></span> <span class='ocrx_word' id='word_1_697' title='bbox 3036 2794 3150 2849; x_wconf 86' lang='lat' dir='ltr'><strong>Huc</strong></span> <span class='ocrx_word' id='word_1_698' title='bbox 3174 2798 3379 2851; x_wconf 86' lang='lat' dir='ltr'><strong>accedit</strong></span> <span class='ocrx_word' id='word_1_699' title='bbox 3403 2800 3544 2854; x_wconf 89' lang='lat' dir='ltr'><strong>aliud</strong></span> <span class='ocrx_word' id='word_1_700' title='bbox 3578 2806 3817 2859; x_wconf 83' lang='lat' dir='ltr'><strong>testimo-</strong></span> 
     </span>
    </p>
   </div>
   <div class='ocr_carea' id='block_1_83' title="bbox 2226 2876 3809 2959">
    <p class='ocr_par' dir='ltr' id='par_1_83' title="bbox 2226 2876 3809 2959">
     <span class='ocr_line' id='line_1_83' title="bbox 2226 2876 3809 2959; baseline 0.016 -32"><span class='ocrx_word' id='word_1_701' title='bbox 2226 2876 2368 2929; x_wconf 93' lang='lat' dir='ltr'><strong>nium</strong></span> <span class='ocrx_word' id='word_1_702' title='bbox 2409 2879 2549 2947; x_wconf 91' lang='lat' dir='ltr'><strong>quod</strong></span> <span class='ocrx_word' id='word_1_703' title='bbox 2592 2880 2719 2935; x_wconf 91' lang='lat' dir='ltr'><strong>dicit</strong></span> <span class='ocrx_word' id='word_1_704' title='bbox 2754 2882 2987 2940; x_wconf 85' lang='lat' dir='ltr'><strong>Joannes</strong></span> <span class='ocrx_word' id='word_1_705' title='bbox 3029 2889 3321 2956; x_wconf 86' lang='lat' dir='ltr'><strong>apostolus,</strong></span> <span class='ocrx_word' id='word_1_706' title='bbox 3368 2892 3621 2959; x_wconf 86' lang='lat' dir='ltr'><strong>Quoniam</strong></span> <span class='ocrx_word' id='word_1_707' title='bbox 3668 2897 3809 2953; x_wconf 86' lang='lat' dir='ltr'><strong>Deus</strong></span> 
     </span>
    </p>
   </div>
   <div class='ocr_carea' id='block_1_84' title="bbox 2224 2964 3811 3054">
    <p class='ocr_par' dir='ltr' id='par_1_84' title="bbox 2224 2964 3811 3054">
     <span class='ocr_line' id='line_1_84' title="bbox 2224 2964 3811 3054; baseline 0.017 -37"><span class='ocrx_word' id='word_1_708' title='bbox 2224 2964 2424 3019; x_wconf 86' lang='lat' dir='ltr'><strong>dilectio</strong></span> <span class='ocrx_word' id='word_1_709' title='bbox 2446 2979 2516 3021; x_wconf 88' lang='lat' dir='ltr'><strong>est</strong></span> <span class='ocrx_word' id='word_1_710' title='bbox 2546 2969 2588 3041; x_wconf 91' lang='lat' dir='ltr'><strong>(l</strong></span> <span class='ocrx_word' id='word_1_711' title='bbox 2610 2970 2767 3026; x_wconf 88' lang='lat' dir='ltr'><strong>Joan.</strong></span> <span class='ocrx_word' id='word_1_712' title='bbox 2810 2990 2883 3041; x_wconf 84' lang='lat' dir='ltr'><strong>tv,</strong></span> <span class='ocrx_word' id='word_1_713' title='bbox 2920 2975 3031 3046; x_wconf 82' lang='grc'>16).</span> <span class='ocrx_word' id='word_1_714' title='bbox 3078 2978 3247 3032; x_wconf 77' lang='lat' dir='ltr'><strong>Etiam</strong></span> <span class='ocrx_word' id='word_1_715' title='bbox 3277 2982 3363 3036; x_wconf 88' lang='lat' dir='ltr'><strong>hic</strong></span> <span class='ocrx_word' id='word_1_716' title='bbox 3391 2986 3532 3038; x_wconf 90' lang='lat' dir='ltr'><strong>enim</strong></span> <span class='ocrx_word' id='word_1_717' title='bbox 3556 3002 3662 3041; x_wconf 86' lang='lat' dir='ltr'><strong>non</strong></span> <span class='ocrx_word' id='word_1_718' title='bbox 3692 2991 3770 3044; x_wconf 87' lang='lat' dir='ltr'><strong>ait</strong></span> <span class='ocrx_word' id='word_1_719' title='bbox 3795 3033 3811 3054; x_wconf 94' lang='lat'><strong>,</strong></span> 
     </span>
    </p>
   </div>
   <div class='ocr_carea' id='block_1_85' title="bbox 2226 3056 3815 3144">
    <p class='ocr_par' dir='ltr' id='par_1_85' title="bbox 2226 3056 3815 3144">
     <span class='ocr_line' id='line_1_85' title="bbox 2226 3056 3815 3144; baseline 0.016 -35"><span class='ocrx_word' id='word_1_720' title='bbox 2226 3056 2445 3111; x_wconf 90' lang='lat' dir='ltr'><strong>Dilectio</strong></span> <span class='ocrx_word' id='word_1_721' title='bbox 2470 3059 2607 3115; x_wconf 91' lang='lat' dir='ltr'><strong>Deus</strong></span> <span class='ocrx_word' id='word_1_722' title='bbox 2626 3071 2708 3116; x_wconf 88' lang='lat' dir='ltr'><strong>est</strong></span> <span class='ocrx_word' id='word_1_723' title='bbox 2731 3080 2745 3127; x_wconf 91' lang='lat'><strong>;</strong></span> <span class='ocrx_word' id='word_1_724' title='bbox 2778 3065 2893 3131; x_wconf 88' lang='lat' dir='ltr'><strong>sed,</strong></span> <span class='ocrx_word' id='word_1_725' title='bbox 2923 3064 3060 3120; x_wconf 89' lang='lat' dir='ltr'><strong>Deus</strong></span> <span class='ocrx_word' id='word_1_726' title='bbox 3087 3068 3287 3123; x_wconf 87' lang='lat' dir='ltr'><strong>dilectio</strong></span> <span class='ocrx_word' id='word_1_727' title='bbox 3308 3082 3378 3125; x_wconf 87' lang='lat' dir='ltr'><strong>est</strong></span> <span class='ocrx_word' id='word_1_728' title='bbox 3393 3090 3409 3136; x_wconf 87' lang='lat'><strong>;</strong></span> <span class='ocrx_word' id='word_1_729' title='bbox 3433 3085 3489 3127; x_wconf 86' lang='grc' dir='ltr'><strong>ιιι</strong></span> <span class='ocrx_word' id='word_1_730' title='bbox 3510 3075 3621 3144; x_wconf 90' lang='lat' dir='ltr'><strong>ipsa</strong></span> <span class='ocrx_word' id='word_1_731' title='bbox 3642 3077 3815 3134; x_wconf 84' lang='lat' dir='ltr'><strong>deitas</strong></span> 
     </span>
    </p>
   </div>
   <div class='ocr_carea' id='block_1_86' title="bbox 2221 3144 3815 3227">
    <p class='ocr_par' dir='ltr' id='par_1_86' title="bbox 2221 3144 3815 3227">
     <span class='ocr_line' id='line_1_86' title="bbox 2221 3144 3815 3227; baseline 0.016 -27"><span class='ocrx_word' id='word_1_732' title='bbox 2221 3144 2437 3201; x_wconf 90' lang='lat' dir='ltr'><strong>dilectio</strong></span> <span class='ocrx_word' id='word_1_733' title='bbox 2484 3150 2829 3222; x_wconf 83' lang='lat' dir='ltr'><strong>intelligatur.</strong></span> <span class='ocrx_word' id='word_1_734' title='bbox 2878 3156 2945 3210; x_wconf 79' lang='lat' dir='ltr'><strong>Et</strong></span> <span class='ocrx_word' id='word_1_735' title='bbox 2987 3158 3129 3227; x_wconf 90' lang='lat' dir='ltr'><strong>quod</strong></span> <span class='ocrx_word' id='word_1_736' title='bbox 3181 3161 3232 3213; x_wconf 92' lang='lat' dir='ltr'><strong>in</strong></span> <span class='ocrx_word' id='word_1_737' title='bbox 3280 3162 3364 3216; x_wconf 89' lang='lat' dir='ltr'><strong>illa</strong></span> <span class='ocrx_word' id='word_1_738' title='bbox 3408 3170 3815 3226; x_wconf 87' lang='lat' dir='ltr'><strong>enumeratione</strong></span> 
     </span>
    </p>
   </div>
   <div class='ocr_carea' id='block_1_87' title="bbox 2221 3245 3815 3317">
    <p class='ocr_par' dir='ltr' id='par_1_87' title="bbox 2221 3245 3815 3317">
     <span class='ocr_line' id='line_1_87' title="bbox 2221 3245 3815 3317; baseline 0.013 -23"><span class='ocrx_word' id='word_1_739' title='bbox 2221 3253 2581 3297; x_wconf 83' lang='lat' dir='ltr'><strong>connexarnm</strong></span> <span class='ocrx_word' id='word_1_740' title='bbox 2627 3245 2727 3299; x_wconf 91' lang='lat' dir='ltr'><strong>sibi</strong></span> <span class='ocrx_word' id='word_1_741' title='bbox 2781 3262 2981 3311; x_wconf 91' lang='lat' dir='ltr'><strong>rerum,</strong></span> <span class='ocrx_word' id='word_1_742' title='bbox 3032 3250 3118 3303; x_wconf 88' lang='lat' dir='ltr'><strong>ubi</strong></span> <span class='ocrx_word' id='word_1_743' title='bbox 3161 3250 3376 3317; x_wconf 89' lang='lat' dir='ltr'><strong>dicitur,</strong></span> <span class='ocrx_word' id='word_1_744' title='bbox 3427 3254 3612 3311; x_wconf 86' lang='lat' dir='ltr'><strong>Omnia</strong></span> <span class='ocrx_word' id='word_1_745' title='bbox 3650 3271 3815 3315; x_wconf 78' lang='lat' dir='ltr'><strong>vestra</strong></span> 
     </span>
    </p>
   </div>
   <div class='ocr_carea' id='block_1_88' title="bbox 2219 3335 3809 3421">
    <p class='ocr_par' dir='ltr' id='par_1_88' title="bbox 2219 3335 3809 3421">
     <span class='ocr_line' id='line_1_88' title="bbox 2219 3335 3809 3421; baseline 0.015 -37"><span class='ocrx_word' id='word_1_746' title='bbox 2219 3342 2355 3398; x_wconf 88' lang='lat' dir='ltr'><strong>sunt,</strong></span> <span class='ocrx_word' id='word_1_747' title='bbox 2378 3349 2463 3387; x_wconf 82' lang='lat' dir='ltr'><strong>vos</strong></span> <span class='ocrx_word' id='word_1_748' title='bbox 2499 3345 2667 3389; x_wconf 87' lang='lat' dir='ltr'><strong>autem</strong></span> <span class='ocrx_word' id='word_1_749' title='bbox 2706 3335 2913 3406; x_wconf 86' lang='lat' dir='ltr'><strong>Christi,</strong></span> <span class='ocrx_word' id='word_1_750' title='bbox 2944 3340 3175 3396; x_wconf 82' lang='lat' dir='ltr'><strong>Christus</strong></span> <span class='ocrx_word' id='word_1_751' title='bbox 3194 3355 3360 3398; x_wconf 85' lang='lat' dir='ltr'><strong>autent</strong></span> <span class='ocrx_word' id='word_1_752' title='bbox 3384 3345 3482 3401; x_wconf 84' lang='lat' dir='ltr'><strong>Dei</strong></span> <span class='ocrx_word' id='word_1_753' title='bbox 3511 3349 3550 3421; x_wconf 92' lang='lat' dir='ltr'><strong>(l</strong></span> <span class='ocrx_word' id='word_1_754' title='bbox 3579 3350 3694 3405; x_wconf 82' lang='lat' dir='ltr'><strong>Cor.</strong></span> <span class='ocrx_word' id='word_1_755' title='bbox 3721 3370 3809 3420; x_wconf 89' lang='grc' dir='ltr'><strong>ιιι⁹</strong></span> 
     </span>
    </p>
   </div>
   <div class='ocr_carea' id='block_1_89' title="bbox 2219 3422 3806 3510">
    <p class='ocr_par' dir='ltr' id='par_1_89' title="bbox 2219 3422 3806 3510">
     <span class='ocr_line' id='line_1_89' title="bbox 2219 3422 3806 3510; baseline 0.016 -36"><span class='ocrx_word' id='word_1_756' title='bbox 2219 3422 2309 3487; x_wconf 70' lang='grc'><strong>22,</strong></span> <span class='ocrx_word' id='word_1_757' title='bbox 2354 3422 2446 3493; x_wconf 71' lang='lat'><strong>23)</strong></span> <span class='ocrx_word' id='word_1_758' title='bbox 2475 3442 2489 3488; x_wconf 91' lang='lat'><strong>;</strong></span> <span class='ocrx_word' id='word_1_759' title='bbox 2522 3435 2596 3493; x_wconf 87' lang='lat' dir='ltr'><strong>et,</strong></span> <span class='ocrx_word' id='word_1_760' title='bbox 2629 3426 2793 3499; x_wconf 85' lang='lat' dir='ltr'><strong>Caput</strong></span> <span class='ocrx_word' id='word_1_761' title='bbox 2822 3432 3047 3487; x_wconf 85' lang='lat' dir='ltr'><strong>mulieris</strong></span> <span class='ocrx_word' id='word_1_762' title='bbox 3094 3435 3188 3500; x_wconf 81' lang='lat' dir='ltr'><strong>vir,</strong></span> <span class='ocrx_word' id='word_1_763' title='bbox 3230 3448 3381 3507; x_wconf 88' lang='lat' dir='ltr'><strong>caput</strong></span> <span class='ocrx_word' id='word_1_764' title='bbox 3418 3441 3513 3493; x_wconf 84' lang='lat' dir='ltr'><strong>viri</strong></span> <span class='ocrx_word' id='word_1_765' title='bbox 3541 3440 3806 3510; x_wconf 82' lang='lat' dir='ltr'><strong>Christus,</strong></span> 
     </span>
    </p>
   </div>
   <div class='ocr_carea' id='block_1_90' title="bbox 2218 3518 3813 3604">
    <p class='ocr_par' dir='ltr' id='par_1_90' title="bbox 2218 3518 3813 3604">
     <span class='ocr_line' id='line_1_90' title="bbox 2218 3518 3813 3604; baseline 0.015 -37"><span class='ocrx_word' id='word_1_766' title='bbox 2218 3524 2370 3583; x_wconf 82' lang='lat' dir='ltr'><strong>caput</strong></span> <span class='ocrx_word' id='word_1_767' title='bbox 2394 3525 2561 3570; x_wconf 89' lang='lat' dir='ltr'><strong>autem</strong></span> <span class='ocrx_word' id='word_1_768' title='bbox 2588 3518 2774 3573; x_wconf 79' lang='lat' dir='ltr'><strong>Christi</strong></span> <span class='ocrx_word' id='word_1_769' title='bbox 2797 3520 2955 3588; x_wconf 87' lang='lat' dir='ltr'><strong>Deus,</strong></span> <span class='ocrx_word' id='word_1_770' title='bbox 2988 3525 3129 3579; x_wconf 89' lang='lat' dir='ltr'><strong>nulla</strong></span> <span class='ocrx_word' id='word_1_771' title='bbox 3158 3526 3217 3580; x_wconf 82' lang='lat' dir='ltr'><strong>fit</strong></span> <span class='ocrx_word' id='word_1_772' title='bbox 3240 3535 3678 3587; x_wconf 84' lang='lat' dir='ltr'><strong>commemoratio</strong></span> <span class='ocrx_word' id='word_1_773' title='bbox 3698 3536 3813 3604; x_wconf 87' lang='lat' dir='ltr'><strong>Spi-</strong></span> 
     </span>
    </p>
   </div>
   <div class='ocr_carea' id='block_1_91' title="bbox 2219 3607 3811 3692">
    <p class='ocr_par' dir='ltr' id='par_1_91' title="bbox 2219 3607 3811 3692">
     <span class='ocr_line' id='line_1_91' title="bbox 2219 3607 3811 3692; baseline 0.015 -33"><span class='ocrx_word' id='word_1_774' title='bbox 2219 3607 2352 3661; x_wconf 90' lang='lat' dir='ltr'><strong>ritus</strong></span> <span class='ocrx_word' id='word_1_775' title='bbox 2381 3610 2583 3675; x_wconf 86' lang='lat' dir='ltr'><strong>sancti;</strong></span> <span class='ocrx_word' id='word_1_776' title='bbox 2627 3612 2693 3665; x_wconf 91' lang='lat' dir='ltr'><strong>ad</strong></span> <span class='ocrx_word' id='word_1_777' title='bbox 2722 3612 2823 3667; x_wconf 92' lang='lat' dir='ltr'><strong>hoe</strong></span> <span class='ocrx_word' id='word_1_778' title='bbox 2851 3618 3118 3684; x_wconf 90' lang='lat' dir='ltr'><strong>pertinere</strong></span> <span class='ocrx_word' id='word_1_779' title='bbox 3161 3619 3363 3688; x_wconf 91' lang='lat' dir='ltr'><strong>dicunt,</strong></span> <span class='ocrx_word' id='word_1_780' title='bbox 3392 3623 3518 3692; x_wconf 89' lang='lat' dir='ltr'><strong>quia</strong></span> <span class='ocrx_word' id='word_1_781' title='bbox 3560 3641 3666 3680; x_wconf 92' lang='lat' dir='ltr'><strong>non</strong></span> <span class='ocrx_word' id='word_1_782' title='bbox 3695 3626 3811 3683; x_wconf 85' lang='lat' dir='ltr'><strong>fere</strong></span> 
     </span>
    </p>
   </div>
   <div class='ocr_carea' id='block_1_92' title="bbox 2220 3696 3810 3784">
    <p class='ocr_par' dir='ltr' id='par_1_92' title="bbox 2220 3696 3810 3784">
     <span class='ocr_line' id='line_1_92' title="bbox 2220 3696 3810 3784; baseline 0.015 -35"><span class='ocrx_word' id='word_1_783' title='bbox 2220 3696 2272 3750; x_wconf 94' lang='lat' dir='ltr'><strong>in</strong></span> <span class='ocrx_word' id='word_1_784' title='bbox 2300 3698 2364 3751; x_wconf 90' lang='lat' dir='ltr'><strong>iis</strong></span> <span class='ocrx_word' id='word_1_785' title='bbox 2393 3714 2511 3768; x_wconf 71' lang='lat' dir='ltr'><strong>quae</strong></span> <span class='ocrx_word' id='word_1_786' title='bbox 2538 3700 2639 3754; x_wconf 87' lang='lat' dir='ltr'><strong>sibi</strong></span> <span class='ocrx_word' id='word_1_787' title='bbox 2666 3717 2906 3758; x_wconf 79' lang='lat' dir='ltr'><strong>connexa</strong></span> <span class='ocrx_word' id='word_1_788' title='bbox 2931 3717 3057 3761; x_wconf 87' lang='lat' dir='ltr'><strong>sunt</strong></span> <span class='ocrx_word' id='word_1_789' title='bbox 3083 3712 3353 3765; x_wconf 90' lang='lat' dir='ltr'><strong>numerari</strong></span> <span class='ocrx_word' id='word_1_790' title='bbox 3384 3714 3520 3769; x_wconf 89' lang='lat' dir='ltr'><strong>solet</strong></span> <span class='ocrx_word' id='word_1_791' title='bbox 3545 3715 3656 3784; x_wconf 88' lang='lat' dir='ltr'><strong>ipsa</strong></span> <span class='ocrx_word' id='word_1_792' title='bbox 3676 3732 3810 3773; x_wconf 85' lang='lat' dir='ltr'><strong>con-</strong></span> 
     </span>
    </p>
   </div>
   <div class='ocr_carea' id='block_1_93' title="bbox 2218 3786 3811 3874">
    <p class='ocr_par' dir='ltr' id='par_1_93' title="bbox 2218 3786 3811 3874">
     <span class='ocr_line' id='line_1_93' title="bbox 2218 3786 3811 3874; baseline 0.014 -34"><span class='ocrx_word' id='word_1_793' title='bbox 2218 3786 2394 3841; x_wconf 90' lang='lat' dir='ltr'><strong>nexio.</strong></span> <span class='ocrx_word' id='word_1_794' title='bbox 2433 3788 2581 3845; x_wconf 90' lang='lat' dir='ltr'><strong>Unde</strong></span> <span class='ocrx_word' id='word_1_795' title='bbox 2624 3792 2676 3846; x_wconf 91' lang='lat' dir='ltr'><strong>in</strong></span> <span class='ocrx_word' id='word_1_796' title='bbox 2709 3794 2798 3848; x_wconf 92' lang='lat' dir='ltr'><strong>illo</strong></span> <span class='ocrx_word' id='word_1_797' title='bbox 2826 3796 2986 3849; x_wconf 90' lang='lat' dir='ltr'><strong>etiam</strong></span> <span class='ocrx_word' id='word_1_798' title='bbox 3031 3798 3151 3854; x_wconf 92' lang='lat' dir='ltr'><strong>loco</strong></span> <span class='ocrx_word' id='word_1_799' title='bbox 3177 3800 3488 3858; x_wconf 88' lang='lat' dir='ltr'><strong>Trinitatem</strong></span> <span class='ocrx_word' id='word_1_800' title='bbox 3528 3806 3699 3874; x_wconf 88' lang='lat' dir='ltr'><strong>ipsam</strong></span> <span class='ocrx_word' id='word_1_801' title='bbox 3730 3810 3811 3862; x_wconf 81' lang='lat' dir='ltr'><strong>vi-</strong></span> 
     </span>
    </p>
   </div>
   <div class='ocr_carea' id='block_1_94' title="bbox 2216 3877 3805 3968">
    <p class='ocr_par' dir='ltr' id='par_1_94' title="bbox 2216 3877 3805 3968">
     <span class='ocr_line' id='line_1_94' title="bbox 2216 3877 3805 3968; baseline 0.016 -37"><span class='ocrx_word' id='word_1_802' title='bbox 2216 3877 2410 3934; x_wconf 92' lang='lat' dir='ltr'><strong>dentur</strong></span> <span class='ocrx_word' id='word_1_803' title='bbox 2436 3897 2725 3952; x_wconf 87' lang='lat' dir='ltr'><strong>agnoscere</strong></span> <span class='ocrx_word' id='word_1_804' title='bbox 2749 3888 2837 3956; x_wconf 87' lang='lat' dir='ltr'><strong>qui</strong></span> <span class='ocrx_word' id='word_1_805' title='bbox 2870 3889 3051 3958; x_wconf 81' lang='lat' dir='ltr'><strong>legunt</strong></span> <span class='ocrx_word' id='word_1_806' title='bbox 3092 3894 3365 3959; x_wconf 84' lang='lat' dir='ltr'><strong>attentius,</strong></span> <span class='ocrx_word' id='word_1_807' title='bbox 3414 3911 3537 3951; x_wconf 89' lang='lat' dir='ltr'><strong>cum</strong></span> <span class='ocrx_word' id='word_1_808' title='bbox 3569 3899 3765 3955; x_wconf 87' lang='lat' dir='ltr'><strong>dicitur</strong></span> <span class='ocrx_word' id='word_1_809' title='bbox 3788 3946 3805 3968; x_wconf 96' lang='lat'><strong>,</strong></span> 
     </span>
    </p>
   </div>
   <div class='ocr_carea' id='block_1_95' title="bbox 2219 3972 3810 4058">
    <p class='ocr_par' dir='ltr' id='par_1_95' title="bbox 2219 3972 3810 4058">
     <span class='ocr_line' id='line_1_95' title="bbox 2219 3972 3810 4058; baseline 0.014 -32"><span class='ocrx_word' id='word_1_810' title='bbox 2219 3972 2470 4037; x_wconf 85' lang='lat' dir='ltr'><strong>Quoniam</strong></span> <span class='ocrx_word' id='word_1_811' title='bbox 2512 3994 2575 4030; x_wconf 77' lang='lat' dir='ltr'><strong>ex</strong></span> <span class='ocrx_word' id='word_1_812' title='bbox 2598 3979 2725 4049; x_wconf 87' lang='lat' dir='ltr'><strong>ipso,</strong></span> <span class='ocrx_word' id='word_1_813' title='bbox 2761 3990 2807 4034; x_wconf 88' lang='lat' dir='ltr'><strong>et</strong></span> <span class='ocrx_word' id='word_1_814' title='bbox 2842 3999 2930 4053; x_wconf 88' lang='lat' dir='ltr'><strong>per</strong></span> <span class='ocrx_word' id='word_1_815' title='bbox 2950 3985 3136 4053; x_wconf 88' lang='lat' dir='ltr'><strong>ipsum,</strong></span> <span class='ocrx_word' id='word_1_816' title='bbox 3165 3996 3211 4040; x_wconf 88' lang='lat' dir='ltr'><strong>et</strong></span> <span class='ocrx_word' id='word_1_817' title='bbox 3239 3988 3293 4041; x_wconf 90' lang='lat' dir='ltr'><strong>in</strong></span> <span class='ocrx_word' id='word_1_818' title='bbox 3331 3988 3442 4058; x_wconf 89' lang='lat' dir='ltr'><strong>ipso</strong></span> <span class='ocrx_word' id='word_1_819' title='bbox 3474 4001 3593 4043; x_wconf 85' lang='lat' dir='ltr'><strong>sunt</strong></span> <span class='ocrx_word' id='word_1_820' title='bbox 3635 3995 3810 4047; x_wconf 85' lang='lat' dir='ltr'><strong>omnia</strong></span> 
     </span>
    </p>
   </div>
   <div class='ocr_carea' id='block_1_96' title="bbox 2216 4064 3807 4149">
    <p class='ocr_par' dir='ltr' id='par_1_96' title="bbox 2216 4064 3807 4149">
     <span class='ocr_line' id='line_1_96' title="bbox 2216 4064 3807 4149; baseline 0.013 -31"><span class='ocrx_word' id='word_1_821' title='bbox 2216 4064 2392 4137; x_wconf 84' lang='lat' dir='ltr'><strong>(Rom.</strong></span> <span class='ocrx_word' id='word_1_822' title='bbox 2417 4084 2491 4129; x_wconf 81' lang='lat' dir='ltr'><strong>xl.</strong></span> <span class='ocrx_word' id='word_1_823' title='bbox 2522 4070 2634 4141; x_wconf 80' lang='lat'><strong>36).</strong></span> <span class='ocrx_word' id='word_1_824' title='bbox 2684 4071 2766 4126; x_wconf 75' lang='lat' dir='ltr'><strong>Ea:</strong></span> <span class='ocrx_word' id='word_1_825' title='bbox 2807 4075 2938 4143; x_wconf 91' lang='lat' dir='ltr'><strong>ipso,</strong></span> <span class='ocrx_word' id='word_1_826' title='bbox 2972 4070 3220 4148; x_wconf 70' lang='lat' dir='ltr'><strong>{unquam</strong></span> <span class='ocrx_word' id='word_1_827' title='bbox 3251 4096 3314 4135; x_wconf 90' lang='lat' dir='ltr'><strong>ex</strong></span> <span class='ocrx_word' id='word_1_828' title='bbox 3340 4096 3406 4136; x_wconf 86' lang='lat' dir='ltr'><strong>eo</strong></span> <span class='ocrx_word' id='word_1_829' title='bbox 3432 4084 3521 4149; x_wconf 86' lang='lat' dir='ltr'><strong>qui</strong></span> <span class='ocrx_word' id='word_1_830' title='bbox 3550 4085 3678 4138; x_wconf 90' lang='lat' dir='ltr'><strong>nulli</strong></span> <span class='ocrx_word' id='word_1_831' title='bbox 3707 4084 3807 4139; x_wconf 84' lang='lat' dir='ltr'><strong>de-</strong></span> 
     </span>
    </p>
   </div>
   <div class='ocr_carea' id='block_1_97' title="bbox 2218 4156 3804 4241">
    <p class='ocr_par' dir='ltr' id='par_1_97' title="bbox 2218 4156 3804 4241">
     <span class='ocr_line' id='line_1_97' title="bbox 2218 4156 3804 4241; baseline 0.012 -30"><span class='ocrx_word' id='word_1_832' title='bbox 2218 4156 2305 4212; x_wconf 87' lang='lat' dir='ltr'><strong>bet</strong></span> <span class='ocrx_word' id='word_1_833' title='bbox 2332 4160 2471 4227; x_wconf 90' lang='lat' dir='ltr'><strong>quod</strong></span> <span class='ocrx_word' id='word_1_834' title='bbox 2513 4173 2628 4227; x_wconf 91' lang='lat' dir='ltr'><strong>est;</strong></span> <span class='ocrx_word' id='word_1_835' title='bbox 2662 4180 2751 4233; x_wconf 88' lang='lat' dir='ltr'><strong>per</strong></span> <span class='ocrx_word' id='word_1_836' title='bbox 2790 4166 2978 4234; x_wconf 88' lang='lat' dir='ltr'><strong>ipsum,</strong></span> <span class='ocrx_word' id='word_1_837' title='bbox 3012 4176 3259 4237; x_wconf 80' lang='lat' dir='ltr'><strong>tanquam</strong></span> <span class='ocrx_word' id='word_1_838' title='bbox 3294 4187 3388 4240; x_wconf 91' lang='lat' dir='ltr'><strong>per</strong></span> <span class='ocrx_word' id='word_1_839' title='bbox 3413 4174 3804 4241; x_wconf 88' lang='lat' dir='ltr'><strong>mediatorem;</strong></span> 
     </span>
    </p>
   </div>
   <div class='ocr_carea' id='block_1_98' title="bbox 2214 4248 3803 4340">
    <p class='ocr_par' dir='ltr' id='par_1_98' title="bbox 2214 4248 3803 4340">
     <span class='ocr_line' id='line_1_98' title="bbox 2214 4248 3803 4340; baseline 0.016 -40"><span class='ocrx_word' id='word_1_840' title='bbox 2214 4248 2267 4301; x_wconf 88' lang='lat' dir='ltr'><strong>in</strong></span> <span class='ocrx_word' id='word_1_841' title='bbox 2289 4250 2418 4320; x_wconf 87' lang='lat' dir='ltr'><strong>ipso,</strong></span> <span class='ocrx_word' id='word_1_842' title='bbox 2470 4263 2715 4321; x_wconf 82' lang='lat' dir='ltr'><strong>tanquam</strong></span> <span class='ocrx_word' id='word_1_843' title='bbox 2747 4256 2801 4312; x_wconf 91' lang='lat' dir='ltr'><strong>in</strong></span> <span class='ocrx_word' id='word_1_844' title='bbox 2842 4274 2909 4313; x_wconf 90' lang='lat' dir='ltr'><strong>eo</strong></span> <span class='ocrx_word' id='word_1_845' title='bbox 2939 4262 3027 4330; x_wconf 90' lang='lat' dir='ltr'><strong>qui</strong></span> <span class='ocrx_word' id='word_1_846' title='bbox 3071 4266 3326 4331; x_wconf 87' lang='lat' dir='ltr'><strong>continet,</strong></span> <span class='ocrx_word' id='word_1_847' title='bbox 3362 4265 3412 4321; x_wconf 92' lang='lat' dir='ltr'><strong>id</strong></span> <span class='ocrx_word' id='word_1_848' title='bbox 3442 4278 3546 4335; x_wconf 88' lang='lat' dir='ltr'><strong>est,</strong></span> <span class='ocrx_word' id='word_1_849' title='bbox 3577 4271 3803 4340; x_wconf 91' lang='lat' dir='ltr'><strong>copula-</strong></span> 
     </span>
    </p>
   </div>
   <div class='ocr_carea' id='block_1_99' title="bbox 2215 4338 2675 4414">
    <p class='ocr_par' dir='ltr' id='par_1_99' title="bbox 2215 4338 2675 4414">
     <span class='ocr_line' id='line_1_99' title="bbox 2215 4338 2675 4414; baseline 0.02 -23"><span class='ocrx_word' id='word_1_850' title='bbox 2215 4338 2359 4395; x_wconf 83' lang='lat' dir='ltr'><strong>tione</strong></span> <span class='ocrx_word' id='word_1_851' title='bbox 2383 4344 2675 4414; x_wconf 83' lang='lat' dir='ltr'><strong>conjungit.</strong></span> 
     </span>
    </p>
   </div>
   <div class='ocr_carea' id='block_1_100' title="bbox 2281 4430 3805 4517">
    <p class='ocr_par' dir='ltr' id='par_1_100' title="bbox 2281 4430 3805 4517">
     <span class='ocr_line' id='line_1_100' title="bbox 2281 4430 3805 4517; baseline 0.016 -33"><span class='ocrx_word' id='word_1_852' title='bbox 2281 4430 2370 4486; x_wconf 78' lang='grc'><strong>20.</strong></span> <span class='ocrx_word' id='word_1_853' title='bbox 2404 4432 2538 4489; x_wconf 85' lang='lat' dir='ltr'><strong>Huic</strong></span> <span class='ocrx_word' id='word_1_854' title='bbox 2575 4438 2854 4494; x_wconf 59' lang='lat' dir='ltr'><strong>sententiae</strong></span> <span class='ocrx_word' id='word_1_855' title='bbox 2896 4443 3285 4513; x_wconf 85' lang='lat' dir='ltr'><strong>contradicunt,</strong></span> <span class='ocrx_word' id='word_1_856' title='bbox 3337 4449 3429 4517; x_wconf 91' lang='lat' dir='ltr'><strong>qui</strong></span> <span class='ocrx_word' id='word_1_857' title='bbox 3474 4450 3805 4508; x_wconf 84' lang='lat' dir='ltr'><strong>arbitrantur</strong></span> 
     </span>
    </p>
   </div>
   <div class='ocr_carea' id='block_1_101' title="bbox 2211 4524 3804 4604">
    <p class='ocr_par' dir='ltr' id='par_1_101' title="bbox 2211 4524 3804 4604">
     <span class='ocr_line' id='line_1_101' title="bbox 2211 4524 3804 4604; baseline 0.013 -26"><span class='ocrx_word' id='word_1_858' title='bbox 2211 4524 2365 4579; x_wconf 84' lang='lat' dir='ltr'><strong>istam</strong></span> <span class='ocrx_word' id='word_1_859' title='bbox 2410 4530 2863 4599; x_wconf 89' lang='lat' dir='ltr'><strong>communionem,</strong></span> <span class='ocrx_word' id='word_1_860' title='bbox 2892 4549 3051 4604; x_wconf 88' lang='lat' dir='ltr'><strong>quam</strong></span> <span class='ocrx_word' id='word_1_861' title='bbox 3099 4537 3217 4592; x_wconf 90' lang='lat' dir='ltr'><strong>sive</strong></span> <span class='ocrx_word' id='word_1_862' title='bbox 3245 4539 3498 4595; x_wconf 88' lang='lat' dir='ltr'><strong>deitatem</strong></span> <span class='ocrx_word' id='word_1_863' title='bbox 3526 4544 3640 4597; x_wconf 90' lang='lat' dir='ltr'><strong>sive</strong></span> <span class='ocrx_word' id='word_1_864' title='bbox 3664 4545 3804 4598; x_wconf 89' lang='lat' dir='ltr'><strong>dile-</strong></span> 
     </span>
    </p>
   </div>
   <div class='ocr_carea' id='block_1_102' title="bbox 2209 4616 3805 4696">
    <p class='ocr_par' dir='ltr' id='par_1_102' title="bbox 2209 4616 3805 4696">
     <span class='ocr_line' id='line_1_102' title="bbox 2209 4616 3805 4696; baseline 0.013 -27"><span class='ocrx_word' id='word_1_865' title='bbox 2209 4616 2438 4672; x_wconf 89' lang='lat' dir='ltr'><strong>ctionem</strong></span> <span class='ocrx_word' id='word_1_866' title='bbox 2482 4621 2595 4675; x_wconf 91' lang='lat' dir='ltr'><strong>sive</strong></span> <span class='ocrx_word' id='word_1_867' title='bbox 2622 4620 2933 4679; x_wconf 86' lang='lat' dir='ltr'><strong>charitatem</strong></span> <span class='ocrx_word' id='word_1_868' title='bbox 2974 4628 3321 4696; x_wconf 85' lang='lat' dir='ltr'><strong>appellamus,</strong></span> <span class='ocrx_word' id='word_1_869' title='bbox 3372 4645 3476 4685; x_wconf 92' lang='lat' dir='ltr'><strong>non</strong></span> <span class='ocrx_word' id='word_1_870' title='bbox 3512 4647 3634 4688; x_wconf 86' lang='lat' dir='ltr'><strong>esse</strong></span> <span class='ocrx_word' id='word_1_871' title='bbox 3676 4636 3805 4689; x_wconf 90' lang='lat' dir='ltr'><strong>sub-</strong></span> 
     </span>
    </p>
   </div>
   <div class='ocr_carea' id='block_1_103' title="bbox 2209 4707 3800 4780">
    <p class='ocr_par' dir='ltr' id='par_1_103' title="bbox 2209 4707 3800 4780">
     <span class='ocr_line' id='line_1_103' title="bbox 2209 4707 3800 4780; baseline 0.012 -19"><span class='ocrx_word' id='word_1_872' title='bbox 2209 4707 2457 4762; x_wconf 89' lang='lat' dir='ltr'><strong>stantiam</strong></span> <span class='ocrx_word' id='word_1_873' title='bbox 2493 4727 2506 4763; x_wconf 94' lang='lat'><strong>:</strong></span> <span class='ocrx_word' id='word_1_874' title='bbox 2538 4721 2783 4780; x_wconf 66' lang='lat' dir='ltr'><strong>quaerunt</strong></span> <span class='ocrx_word' id='word_1_875' title='bbox 2807 4723 2983 4769; x_wconf 91' lang='lat' dir='ltr'><strong>autem</strong></span> <span class='ocrx_word' id='word_1_876' title='bbox 3011 4718 3302 4772; x_wconf 85' lang='lat' dir='ltr'><strong>secundum</strong></span> <span class='ocrx_word' id='word_1_877' title='bbox 3329 4721 3677 4777; x_wconf 86' lang='lat' dir='ltr'><strong>substantiam</strong></span> <span class='ocrx_word' id='word_1_878' title='bbox 3701 4728 3800 4780; x_wconf 87' lang='lat' dir='ltr'><strong>sibi</strong></span> 
     </span>
    </p>
   </div>
   <div class='ocr_carea' id='block_1_104' title="bbox 2208 4802 3808 4881">
    <p class='ocr_par' dir='ltr' id='par_1_104' title="bbox 2208 4802 3808 4881">
     <span class='ocr_line' id='line_1_104' title="bbox 2208 4802 3808 4881; baseline 0.013 -28"><span class='ocrx_word' id='word_1_879' title='bbox 2208 4802 2400 4867; x_wconf 86' lang='lat' dir='ltr'><strong>exponi</strong></span> <span class='ocrx_word' id='word_1_880' title='bbox 2427 4802 2681 4871; x_wconf 89' lang='lat' dir='ltr'><strong>Spiritum</strong></span> <span class='ocrx_word' id='word_1_881' title='bbox 2710 4815 2975 4871; x_wconf 87' lang='lat' dir='ltr'><strong>sanctum,</strong></span> <span class='ocrx_word' id='word_1_882' title='bbox 3024 4824 3125 4864; x_wconf 90' lang='lat' dir='ltr'><strong>nec</strong></span> <span class='ocrx_word' id='word_1_883' title='bbox 3154 4811 3455 4881; x_wconf 90' lang='lat' dir='ltr'><strong>intelligunt</strong></span> <span class='ocrx_word' id='word_1_884' title='bbox 3496 4831 3602 4869; x_wconf 89' lang='lat' dir='ltr'><strong>non</strong></span> <span class='ocrx_word' id='word_1_885' title='bbox 3646 4818 3808 4872; x_wconf 88' lang='lat' dir='ltr'><strong>aliter</strong></span> 
     </span>
    </p>
   </div>
   <div class='ocr_carea' id='block_1_105' title="bbox 2209 4893 3805 4966">
    <p class='ocr_par' dir='ltr' id='par_1_105' title="bbox 2209 4893 3805 4966">
     <span class='ocr_line' id='line_1_105' title="bbox 2209 4893 3805 4966; baseline 0.013 -25"><span class='ocrx_word' id='word_1_886' title='bbox 2209 4893 2445 4958; x_wconf 83' lang='lat' dir='ltr'><strong>potuisse</strong></span> <span class='ocrx_word' id='word_1_887' title='bbox 2485 4893 2609 4959; x_wconf 92' lang='lat' dir='ltr'><strong>dici,</strong></span> <span class='ocrx_word' id='word_1_888' title='bbox 2660 4895 2799 4949; x_wconf 88' lang='lat' dir='ltr'><strong>Deus</strong></span> <span class='ocrx_word' id='word_1_889' title='bbox 2846 4897 3046 4951; x_wconf 75' lang='lat' dir='ltr'><strong>dilectio</strong></span> <span class='ocrx_word' id='word_1_890' title='bbox 3098 4910 3190 4966; x_wconf 91' lang='lat' dir='ltr'><strong>est,</strong></span> <span class='ocrx_word' id='word_1_891' title='bbox 3242 4903 3340 4955; x_wconf 86' lang='lat' dir='ltr'><strong>nisi</strong></span> <span class='ocrx_word' id='word_1_892' title='bbox 3392 4916 3536 4959; x_wconf 89' lang='lat' dir='ltr'><strong>esset</strong></span> <span class='ocrx_word' id='word_1_893' title='bbox 3584 4907 3805 4963; x_wconf 88' lang='lat' dir='ltr'><strong>dilectio</strong></span> 
     </span>
    </p>
   </div>
   <div class='ocr_carea' id='block_1_106' title="bbox 2206 4982 3799 5059">
    <p class='ocr_par' dir='ltr' id='par_1_106' title="bbox 2206 4982 3799 5059">
     <span class='ocr_line' id='line_1_106' title="bbox 2206 4982 3799 5059; baseline 0.013 -26"><span class='ocrx_word' id='word_1_894' title='bbox 2206 4982 2519 5037; x_wconf 89' lang='lat' dir='ltr'><strong>substantia.</strong></span> <span class='ocrx_word' id='word_1_895' title='bbox 2577 4986 2852 5042; x_wconf 91' lang='lat' dir='ltr'><strong>Ducuntur</strong></span> <span class='ocrx_word' id='word_1_896' title='bbox 2909 4990 3107 5059; x_wconf 87' lang='lat' dir='ltr'><strong>quippe</strong></span> <span class='ocrx_word' id='word_1_897' title='bbox 3170 4997 3555 5049; x_wconf 78' lang='lat' dir='ltr'><strong>consuetudine</strong></span> <span class='ocrx_word' id='word_1_898' title='bbox 3615 5015 3799 5053; x_wconf 88' lang='lat' dir='ltr'><strong>rerum</strong></span> 
     </span>
    </p>
   </div>
   <div class='ocr_carea' id='block_1_107' title="bbox 2206 5077 3800 5160">
    <p class='ocr_par' dir='ltr' id='par_1_107' title="bbox 2206 5077 3800 5160">
     <span class='ocr_line' id='line_1_107' title="bbox 2206 5077 3800 5160; baseline 0.011 -31"><span class='ocrx_word' id='word_1_899' title='bbox 2206 5077 2598 5145; x_wconf 90' lang='lat' dir='ltr'><strong>corporalium;</strong></span> <span class='ocrx_word' id='word_1_900' title='bbox 2639 5082 2887 5148; x_wconf 86' lang='lat' dir='ltr'><strong>quoniam</strong></span> <span class='ocrx_word' id='word_1_901' title='bbox 2926 5082 2968 5135; x_wconf 91' lang='lat' dir='ltr'><strong>si</strong></span> <span class='ocrx_word' id='word_1_902' title='bbox 3006 5083 3112 5136; x_wconf 90' lang='lat' dir='ltr'><strong>duo</strong></span> <span class='ocrx_word' id='word_1_903' title='bbox 3142 5085 3241 5137; x_wconf 89' lang='lat' dir='ltr'><strong>sibi</strong></span> <span class='ocrx_word' id='word_1_904' title='bbox 3286 5101 3509 5156; x_wconf 88' lang='lat' dir='ltr'><strong>corpora</strong></span> <span class='ocrx_word' id='word_1_905' title='bbox 3538 5091 3800 5160; x_wconf 82' lang='lat' dir='ltr'><strong>cupulen-</strong></span> 
     </span>
    </p>
   </div>
   <div class='ocr_carea' id='block_1_108' title="bbox 2208 5168 3803 5251">
    <p class='ocr_par' dir='ltr' id='par_1_108' title="bbox 2208 5168 3803 5251">
     <span class='ocr_line' id='line_1_108' title="bbox 2208 5168 3803 5251; baseline 0.013 -33"><span class='ocrx_word' id='word_1_906' title='bbox 2208 5174 2313 5230; x_wconf 89' lang='lat' dir='ltr'><strong>tur,</strong></span> <span class='ocrx_word' id='word_1_907' title='bbox 2342 5168 2411 5220; x_wconf 90' lang='lat' dir='ltr'><strong>ita</strong></span> <span class='ocrx_word' id='word_1_908' title='bbox 2455 5178 2511 5221; x_wconf 91' lang='lat' dir='ltr'><strong>ut</strong></span> <span class='ocrx_word' id='word_1_909' title='bbox 2547 5169 2696 5237; x_wconf 87' lang='lat' dir='ltr'><strong>juxta</strong></span> <span class='ocrx_word' id='word_1_910' title='bbox 2730 5172 2955 5227; x_wconf 88' lang='lat' dir='ltr'><strong>invicem</strong></span> <span class='ocrx_word' id='word_1_911' title='bbox 2984 5176 3336 5243; x_wconf 89' lang='lat' dir='ltr'><strong>collocentur,</strong></span> <span class='ocrx_word' id='word_1_912' title='bbox 3387 5181 3499 5248; x_wconf 85' lang='lat' dir='ltr'><strong>ipsa</strong></span> <span class='ocrx_word' id='word_1_913' title='bbox 3526 5183 3803 5251; x_wconf 83' lang='lat' dir='ltr'><strong>copulatio</strong></span> 
     </span>
    </p>
   </div>
   <div class='ocr_carea' id='block_1_109' title="bbox 2207 5264 3797 5343">
    <p class='ocr_par' dir='ltr' id='par_1_109' title="bbox 2207 5264 3797 5343">
     <span class='ocr_line' id='line_1_109' title="bbox 2207 5264 3797 5343; baseline 0.013 -34"><span class='ocrx_word' id='word_1_914' title='bbox 2207 5273 2310 5311; x_wconf 89' lang='lat' dir='ltr'><strong>non</strong></span> <span class='ocrx_word' id='word_1_915' title='bbox 2334 5269 2416 5312; x_wconf 91' lang='lat' dir='ltr'><strong>est</strong></span> <span class='ocrx_word' id='word_1_916' title='bbox 2438 5275 2631 5329; x_wconf 92' lang='lat' dir='ltr'><strong>corpus</strong></span> <span class='ocrx_word' id='word_1_917' title='bbox 2654 5279 2667 5324; x_wconf 88' lang='lat'><strong>;</strong></span> <span class='ocrx_word' id='word_1_918' title='bbox 2694 5264 3145 5334; x_wconf 88' lang='lat' dir='ltr'><strong>quandoquidem,</strong></span> <span class='ocrx_word' id='word_1_919' title='bbox 3179 5272 3437 5339; x_wconf 83' lang='lat' dir='ltr'><strong>separatis</strong></span> <span class='ocrx_word' id='word_1_920' title='bbox 3470 5272 3572 5325; x_wconf 91' lang='lat' dir='ltr'><strong>illis</strong></span> <span class='ocrx_word' id='word_1_921' title='bbox 3597 5288 3797 5343; x_wconf 85' lang='lat' dir='ltr'><strong>corpo-</strong></span> 
     </span>
    </p>
   </div>
   <div class='ocr_carea' id='block_1_110' title="bbox 2205 5351 3799 5421">
    <p class='ocr_par' dir='ltr' id='par_1_110' title="bbox 2205 5351 3799 5421">
     <span class='ocr_line' id='line_1_110' title="bbox 2205 5351 3799 5421; baseline 0.011 -18"><span class='ocrx_word' id='word_1_922' title='bbox 2205 5351 2351 5404; x_wconf 91' lang='lat' dir='ltr'><strong>ribus</strong></span> <span class='ocrx_word' id='word_1_923' title='bbox 2379 5367 2497 5416; x_wconf 68' lang='lat' dir='ltr'><strong>qua:</strong></span> <span class='ocrx_word' id='word_1_924' title='bbox 2521 5355 2764 5421; x_wconf 88' lang='lat' dir='ltr'><strong>c0pulata</strong></span> <span class='ocrx_word' id='word_1_925' title='bbox 2795 5355 3022 5421; x_wconf 90' lang='lat' dir='ltr'><strong>fuerant,</strong></span> <span class='ocrx_word' id='word_1_926' title='bbox 3055 5360 3195 5413; x_wconf 88' lang='lat' dir='ltr'><strong>nulla</strong></span> <span class='ocrx_word' id='word_1_927' title='bbox 3226 5360 3497 5416; x_wconf 90' lang='lat' dir='ltr'><strong>invenitur</strong></span> <span class='ocrx_word' id='word_1_928' title='bbox 3525 5382 3537 5416; x_wconf 94' lang='lat'>:</span> <span class='ocrx_word' id='word_1_929' title='bbox 3574 5381 3673 5419; x_wconf 91' lang='lat' dir='ltr'><strong>nec</strong></span> <span class='ocrx_word' id='word_1_930' title='bbox 3716 5377 3799 5419; x_wconf 87' lang='lat' dir='ltr'><strong>ta-</strong></span> 
     </span>
    </p>
   </div>
   <div class='ocr_carea' id='block_1_111' title="bbox 2204 5444 3798 5523">
    <p class='ocr_par' dir='ltr' id='par_1_111' title="bbox 2204 5444 3798 5523">
     <span class='ocr_line' id='line_1_111' title="bbox 2204 5444 3798 5523; baseline 0.009 -28"><span class='ocrx_word' id='word_1_931' title='bbox 2204 5456 2328 5496; x_wconf 87' lang='lat' dir='ltr'><strong>men</strong></span> <span class='ocrx_word' id='word_1_932' title='bbox 2352 5444 2498 5512; x_wconf 87' lang='lat' dir='ltr'><strong>quasi</strong></span> <span class='ocrx_word' id='word_1_933' title='bbox 2540 5444 2851 5500; x_wconf 76' lang='lat' dir='ltr'><strong>discessisse</strong></span> <span class='ocrx_word' id='word_1_934' title='bbox 2879 5458 2932 5502; x_wconf 90' lang='lat' dir='ltr'><strong>et</strong></span> <span class='ocrx_word' id='word_1_935' title='bbox 2972 5451 3230 5519; x_wconf 88' lang='lat' dir='ltr'><strong>migrasse</strong></span> <span class='ocrx_word' id='word_1_936' title='bbox 3274 5452 3610 5523; x_wconf 88' lang='lat' dir='ltr'><strong>intelligitur,</strong></span> <span class='ocrx_word' id='word_1_937' title='bbox 3660 5458 3798 5511; x_wconf 89' lang='lat' dir='ltr'><strong>sicut</strong></span> 
     </span>
    </p>
   </div>
   <div class='ocr_carea' id='block_1_112' title="bbox 2205 5533 3799 5615">
    <p class='ocr_par' dir='ltr' id='par_1_112' title="bbox 2205 5533 3799 5615">
     <span class='ocr_line' id='line_1_112' title="bbox 2205 5533 3799 5615; baseline 0.009 -29"><span class='ocrx_word' id='word_1_938' title='bbox 2205 5533 2289 5587; x_wconf 87' lang='lat' dir='ltr'><strong>illa</strong></span> <span class='ocrx_word' id='word_1_939' title='bbox 2319 5548 2562 5603; x_wconf 90' lang='lat' dir='ltr'><strong>corpora.</strong></span> <span class='ocrx_word' id='word_1_940' title='bbox 2603 5535 2705 5590; x_wconf 92' lang='lat' dir='ltr'><strong>Sed</strong></span> <span class='ocrx_word' id='word_1_941' title='bbox 2736 5537 2788 5591; x_wconf 91' lang='lat' dir='ltr'><strong>bi</strong></span> <span class='ocrx_word' id='word_1_942' title='bbox 2820 5540 2955 5593; x_wconf 89' lang='lat' dir='ltr'><strong>tales</strong></span> <span class='ocrx_word' id='word_1_943' title='bbox 2982 5556 3074 5593; x_wconf 91' lang='lat' dir='ltr'><strong>cor</strong></span> <span class='ocrx_word' id='word_1_944' title='bbox 3102 5541 3356 5596; x_wconf 87' lang='lat' dir='ltr'><strong>tnundum</strong></span> <span class='ocrx_word' id='word_1_945' title='bbox 3385 5542 3597 5609; x_wconf 86' lang='lat' dir='ltr'><strong>faciant,</strong></span> <span class='ocrx_word' id='word_1_946' title='bbox 3630 5562 3799 5615; x_wconf 75' lang='lat' dir='ltr'><strong>quau-</strong></span> 
     </span>
    </p>
   </div>
   <div class='ocr_carea' id='block_1_113' title="bbox 2267 5690 3734 5758">
    <p class='ocr_par' dir='ltr' id='par_1_113' title="bbox 2267 5690 3734 5758">
     <span class='ocr_line' id='line_1_113' title="bbox 2267 5690 3734 5758; baseline 0.007 -21"><span class='ocrx_word' id='word_1_947' title='bbox 2267 5692 2283 5758; x_wconf 65' lang='grc' dir='ltr'><strong>ξ</strong></span> <span class='ocrx_word' id='word_1_948' title='bbox 2321 5690 2435 5740; x_wconf 75' lang='lat' dir='ltr'><strong>Editi</strong></span> <span class='ocrx_word' id='word_1_949' title='bbox 2456 5725 2471 5748; x_wconf 90' lang='lat'><strong>,</strong></span> <span class='ocrx_word' id='word_1_950' title='bbox 2494 5690 2877 5758; x_wconf 63' lang='lat' dir='ltr'><strong>sanctiﬁcatum.</strong></span> <span class='ocrx_word' id='word_1_951' title='bbox 2898 5702 2949 5744; x_wconf 75' lang='lat' dir='ltr'><strong>At</strong></span> <span class='ocrx_word' id='word_1_952' title='bbox 2966 5702 3077 5758; x_wconf 72' lang='lat' dir='ltr'><strong>uss.</strong></span> <span class='ocrx_word' id='word_1_953' title='bbox 3099 5704 3379 5758; x_wconf 87' lang='lat' dir='ltr'><strong>constanter</strong></span> <span class='ocrx_word' id='word_1_954' title='bbox 3395 5732 3410 5758; x_wconf 91' lang='lat'><strong>,</strong></span> <span class='ocrx_word' id='word_1_955' title='bbox 3429 5698 3734 5748; x_wconf 81' lang='lat' dir='ltr'><strong>sanciantur.</strong></span> 
     </span>
    </p>
   </div>
   <div class='ocr_carea' id='block_1_114' title="bbox 2264 5753 3419 5808">
    <p class='ocr_par' dir='ltr' id='par_1_114' title="bbox 2264 5753 3419 5808">
     <span class='ocr_line' id='line_1_114' title="bbox 2264 5753 3419 5808; baseline 0.008 -10"><span class='ocrx_word' id='word_1_956' title='bbox 2264 5753 2285 5782; x_wconf 82' lang='grc'>¹</span> <span class='ocrx_word' id='word_1_957' title='bbox 2320 5759 2383 5801; x_wconf 90' lang='lat' dir='ltr'><strong>Ita</strong></span> <span class='ocrx_word' id='word_1_958' title='bbox 2418 5761 2519 5801; x_wconf 73' lang='lat' dir='ltr'><strong>MSS.</strong></span> <span class='ocrx_word' id='word_1_959' title='bbox 2557 5754 2673 5801; x_wconf 72' lang='lat' dir='ltr'><strong>Editi</strong></span> <span class='ocrx_word' id='word_1_960' title='bbox 2696 5767 2813 5803; x_wconf 84' lang='lat' dir='ltr'><strong>vero</strong></span> <span class='ocrx_word' id='word_1_961' title='bbox 2838 5769 2849 5803; x_wconf 93' lang='lat'>:</span> <span class='ocrx_word' id='word_1_962' title='bbox 2873 5766 2970 5805; x_wconf 79' lang='lat' dir='ltr'><strong>Hoc</strong></span> <span class='ocrx_word' id='word_1_963' title='bbox 3001 5757 3207 5807; x_wconf 73' lang='lat' dir='ltr'><strong>enim...</strong></span> <span class='ocrx_word' id='word_1_964' title='bbox 3234 5753 3419 5808; x_wconf 74' lang='lat' dir='ltr'><strong>dicunt.</strong></span> 
     </span>
    </p>
   </div>
   <div class='ocr_carea' id='block_1_115' title="bbox 2266 5814 3798 5888">
    <p class='ocr_par' dir='ltr' id='par_1_115' title="bbox 2266 5814 3798 5888">
     <span class='ocr_line' id='line_1_115' title="bbox 2266 5814 3798 5888; baseline 0.008 -29"><span class='ocrx_word' id='word_1_965' title='bbox 2266 5814 2286 5845; x_wconf 83' lang='grc'>³</span> <span class='ocrx_word' id='word_1_966' title='bbox 2318 5814 2432 5862; x_wconf 76' lang='lat' dir='ltr'><strong>Editi</strong></span> <span class='ocrx_word' id='word_1_967' title='bbox 2460 5824 2511 5862; x_wconf 86' lang='lat' dir='ltr'><strong>et</strong></span> <span class='ocrx_word' id='word_1_968' title='bbox 2524 5814 2714 5888; x_wconf 70' lang='lat' dir='ltr'><strong>aliquot</strong></span> <span class='ocrx_word' id='word_1_969' title='bbox 2739 5823 2863 5888; x_wconf 44' lang='lat' dir='ltr'><strong>uss&quot;</strong></span> <span class='ocrx_word' id='word_1_970' title='bbox 2899 5817 3219 5888; x_wconf 71' lang='lat' dir='ltr'><strong>Spiritus</strong></span> <span class='ocrx_word' id='word_1_971' title='bbox 3256 5826 3341 5888; x_wconf 69' lang='lat' dir='ltr'><strong>est.</strong></span> <span class='ocrx_word' id='word_1_972' title='bbox 3366 5821 3614 5884; x_wconf 89' lang='lat' dir='ltr'><strong>lidemque</strong></span> <span class='ocrx_word' id='word_1_973' title='bbox 3656 5821 3798 5888; x_wconf 61' lang='lat' dir='ltr'><strong>[mulo</strong></span> 
     </span>
    </p>
   </div>
   <div class='ocr_carea' id='block_1_116' title="bbox 2203 5875 3792 5946">
    <p class='ocr_par' dir='ltr' id='par_1_116' title="bbox 2203 5875 3792 5946">
     <span class='ocr_line' id='line_1_116' title="bbox 2203 5875 3792 5946; baseline 0.01 -27"><span class='ocrx_word' id='word_1_974' title='bbox 2203 5881 2452 5946; x_wconf 49' lang='lat' dir='ltr'><strong>[mtuum</strong></span> <span class='ocrx_word' id='word_1_975' title='bbox 2482 5875 2549 5923; x_wconf 84' lang='lat' dir='ltr'><strong>ait</strong></span> <span class='ocrx_word' id='word_1_976' title='bbox 2568 5910 2580 5931; x_wconf 86' lang='lat'><strong>,</strong></span> <span class='ocrx_word' id='word_1_977' title='bbox 2622 5876 2819 5946; x_wconf 52' lang='lat' dir='ltr'><strong>Dilectio</strong></span> <span class='ocrx_word' id='word_1_978' title='bbox 2846 5875 2935 5928; x_wconf 78' lang='lat' dir='ltr'><strong>Dei</strong></span> <span class='ocrx_word' id='word_1_979' title='bbox 2960 5888 3045 5931; x_wconf 73' lang='lat' dir='ltr'><strong>cst.</strong></span> <span class='ocrx_word' id='word_1_980' title='bbox 3086 5880 3169 5931; x_wconf 74' lang='lat' dir='ltr'><strong>Alii</strong></span> <span class='ocrx_word' id='word_1_981' title='bbox 3194 5882 3388 5931; x_wconf 78' lang='lat' dir='ltr'><strong>codices</strong></span> <span class='ocrx_word' id='word_1_982' title='bbox 3405 5875 3617 5946; x_wconf 71' lang='lat' dir='ltr'><strong>utroque</strong></span> <span class='ocrx_word' id='word_1_983' title='bbox 3656 5875 3792 5945; x_wconf 74' lang='lat' dir='ltr'><strong>loco,</strong></span> 
     </span>
    </p>
   </div>
   <div class='ocr_carea' id='block_1_117' title="bbox 2205 5938 2929 5992">
    <p class='ocr_par' dir='ltr' id='par_1_117' title="bbox 2205 5938 2929 5992">
     <span class='ocr_line' id='line_1_117' title="bbox 2205 5938 2929 5992; baseline 0.007 -8"><span class='ocrx_word' id='word_1_984' title='bbox 2205 5944 2329 5986; x_wconf 82' lang='lat' dir='ltr'><strong>Deus</strong></span> <span class='ocrx_word' id='word_1_985' title='bbox 2351 5942 2419 5985; x_wconf 75' lang='lat' dir='ltr'><strong>cst</strong></span> <span class='ocrx_word' id='word_1_986' title='bbox 2447 5949 2463 5987; x_wconf 87' lang='lat'><strong>.&#39;</strong></span> <span class='ocrx_word' id='word_1_987' title='bbox 2488 5951 2581 5987; x_wconf 86' lang='lat' dir='ltr'><strong>nec</strong></span> <span class='ocrx_word' id='word_1_988' title='bbox 2605 5938 2760 5986; x_wconf 79' lang='lat' dir='ltr'><strong>minus</strong></span> <span class='ocrx_word' id='word_1_989' title='bbox 2784 5942 2929 5992; x_wconf 80' lang='lat' dir='ltr'><strong>bene.</strong></span> 
     </span>
    </p>
   </div>
  </div>
