3976 6520
272 406 377 463 655

271 518 567 588 Apollinem
614 519 1001 587 vituperantem
1048 515 1315 571 Christum
1340 556 1356 582 ,
1402 530 1573 585 neque
1618 514 1845 569 llecateu

274 623 554 677 possumus
581 608 877 676 approbare
906 606 1226 660 laudantem.
1258 604 1353 659 llle
1377 606 1572 674 quippe
1600 615 1846 674 tanquam

275 700 512 768 iniquum
539 697 807 752 Christum
830 697 943 750 vult
967 696 1113 751 credi
1140 736 1156 761 ,
1188 710 1345 763 quem
1368 710 1398 748 a
1417 694 1682 764 judicihus
1706 702 1849 748 recta

269 789 622 845 Sentientibus
640 788 769 842 dicit
789 787 1023 841 occisum
1050 803 1065 851 ;
1085 788 1182 841 ista
1203 825 1218 851 ,
1241 786 1507 840 hominem
1532 786 1847 855 piissimum,

270 880 364 935 sed
396 880 663 933 hominem
691 886 916 931 tantum.
939 876 1053 930 Una
1073 885 1156 930 est
1174 885 1347 929 tamen
1370 886 1420 929 et
1448 875 1588 929 illius
1613 882 1667 929 et
1692 874 1851 943 hujus

274 969 535 1033 intentio,
575 976 632 1021 ut
671 966 843 1020 nolint
882 964 1126 1019 homines
1167 978 1287 1019 esse
1332 963 1850 1033 Christianos;quia

270 1059 371 1112 nisi
396 1056 683 1112 Christiani
711 1063 908 1120 erunt,
945 1054 1012 1109 ab
1057 1068 1243 1108 eorum
1292 1053 1407 1108 erui
1450 1062 1711 1123 potestate
1745 1068 1850 1106 non

272 1157 539 1217 poterunt.
578 1146 681 1199 Iste
710 1160 840 1200 vero
865 1144 1210 1221 philosophus
1234 1185 1249 1207 ,
1276 1144 1357 1197 vel
1387 1145 1558 1212 potius
1599 1144 1689 1212 qui
1729 1144 1847 1197 tali-

270 1237 372 1291 bus
421 1236 676 1291 adversus
718 1235 1051 1290 Christianos
1100 1235 1249 1303 quasi
1305 1234 1533 1288 oraculis
1587 1233 1847 1297 credunt,

270 1326 417 1395 prius
450 1326 680 1389 faciant,
711 1316 757 1378 si
788 1332 1046 1393 possunt,
1082 1332 1136 1376 ut
1167 1323 1305 1376 inter
1331 1337 1390 1376 se
1409 1322 1476 1376 de
1506 1322 1620 1391 ipso
1640 1322 1852 1376 Christo

274 1415 471 1469 Hecate
497 1425 654 1485 atque
681 1415 871 1483 Apollo
898 1412 1261 1478 concordent,
1300 1427 1529 1482 eumque
1562 1421 1654 1466 aut
1694 1413 1852 1466 ambo

268 1504 665 1569 condemnem,
698 1512 787 1557 aut
831 1504 987 1557 ambo
1027 1502 1349 1558 collaudent.
1394 1502 1546 1568 Quod
1589 1502 1633 1554 si
1676 1500 1853 1557 facere

274 1598 609 1667 potuissent,
642 1595 984 1649 nihilominus
1011 1608 1106 1647 nos
1134 1603 1184 1647 et
1217 1594 1604 1661 vituperatores
1645 1601 1699 1646 et
1738 1592 1852 1645 lau-

270 1690 486 1744 datores
500 1687 696 1742 Christi
724 1686 936 1741 fallaccs
955 1686 1224 1739 dmmoues
1244 1686 1551 1738 vitaremus.
1568 1682 1700 1737 Cum
1725 1698 1854 1738 vero

270 1792 454 1832 eorum
483 1778 613 1831 deus
640 1786 692 1831 et
717 1776 812 1830 dea
843 1777 983 1830 inter
1020 1790 1077 1830 se
1119 1775 1186 1829 de
1223 1775 1435 1828 Christo
1460 1816 1473 1836 ,
1522 1775 1613 1828 ille
1650 1774 1855 1842 vitupe-

270 1868 437 1921 rando
460 1909 476 1934 ,
509 1868 609 1922 ista
638 1867 902 1921 laudando
941 1866 1294 1930 dissentiant;
1341 1864 1579 1934 profecto
1622 1864 1701 1919 eis
1742 1863 1854 1919 bla-

269 1958 674 2027 sphemantihus
699 1955 1028 2011 Christianos
1071 1972 1177 2009 non
1215 1954 1438 2009 credunt
1484 1953 1767 2022 homines,
1807 1953 1853 2008 si

272 2057 421 2103 recte
450 2048 548 2117 ipsi
575 2048 824 2102 sentiant.

342 2138 396 2192 4.
434 2138 574 2193 Sane
615 2136 882 2189 Christum
930 2134 1189 2199 laudans,
1231 2134 1315 2189 vel
1359 2133 1685 2207 Porphyrius
1710 2175 1726 2199 ,
1767 2134 1855 2190 vel

252 2226 467 2283 .llecate
488 2267 503 2287 .
534 2240 654 2280 cum
686 2226 825 2279 dicat
858 2240 981 2278 eum
1016 2224 1186 2291 ipsum
1206 2223 1418 2277 dedisse
1445 2222 1677 2279 fataliter
1696 2224 1855 2279 Chri-

261 2315 457 2370 stianis
478 2357 494 2383 ,
526 2324 584 2369 ut
609 2316 1003 2383 implicarentur
1031 2329 1235 2376 errore,
1275 2328 1463 2367 causas
1500 2322 1676 2368 tamen
1703 2314 1848 2382 ejus-

268 2405 392 2460 dem
419 2447 434 2471 ,
461 2405 598 2459 sicut
623 2414 772 2474 putat
795 2445 808 2467 ,
858 2404 1040 2474 pandit
1065 2404 1282 2457 erroris.
1316 2402 1457 2468 Quas
1479 2414 1760 2473 antequam
1787 2418 1854 2457 ex

268 2499 449 2553 verbis
474 2498 589 2567 ejus
616 2512 878 2565 exponam
904 2535 919 2561 ,
948 2496 1092 2564 prius
1120 2510 1302 2564 quaero
1325 2536 1340 2560 ,
1372 2493 1428 2549 Si
1454 2494 1682 2549 fataliter
1706 2494 1854 2548 de‘dit

272 2587 519 2643 Christus
563 2586 881 2641 Christianis
928 2587 1127 2641 erroris
1175 2587 1624 2655 implieationem,
1675 2596 1851 2640 utrum

267 2677 488 2739 volens,
520 2691 587 2729 an
616 2677 800 2730 nolens
825 2673 1051 2731 dederit.
1097 2673 1153 2729 Si
1197 2676 1379 2729 volens
1402 2713 1420 2741 ,
1461 2675 1730 2744 quomodo
1766 2674 1853 2744 ju-

268 2768 424 2821 stus?
454 2767 499 2820 si
532 2768 716 2821 nolens
742 2808 756 2831 ,
787 2766 1055 2835 quomodo
1097 2766 1325 2820 beatus?
1362 2765 1467 2821 Sed
1509 2766 1619 2833 jam
1662 2779 1854 2821 causas

267 2856 433 2925 ipsius
456 2857 731 2911 audiamus
755 2856 972 2910 erroris.
1007 2856 1139 2910 Sunt
1163 2897 1177 2919 ,
1208 2856 1415 2923 inquit,
1439 2854 1645 2922 spiritus
1670 2854 1855 2909 terreni

264 2947 461 3000 minimi
486 2948 594 3000 loco
614 2947 829 3016 quadam
857 2948 871 2978 ¹
900 2947 1149 3000 malarum
1173 2947 1458 3000 dwmonum
1485 2948 1714 3015 potestati
1736 2946 1857 3001 sub-

265 3036 405 3107 iecti.
435 3036 510 3089 Ab
530 3038 608 3090 his
631 3038 881 3105 sapientes
907 3037 1234 3093 llebrtzorum
1256 3077 1271 3101 ,
1313 3052 1529 3105 quarunt
1578 3052 1709 3089 unus
1753 3036 1851 3090 ists

265 3130 416 3182 etiam
442 3127 595 3181 Iesus
624 3128 757 3198 fuit,
788 3129 918 3181 sicut
960 3126 1149 3179 audisti
1192 3126 1362 3180 divina
1398 3126 1651 3194 Apollinis
1671 3126 1712 3191 ⁸,
1741 3139 1855 3194 quas

265 3218 500 3288 superius
525 3218 658 3271 dicta
686 3226 837 3281 sunt;
858 3217 919 3269 ab
942 3216 1017 3271 his
1038 3232 1155 3286 ergo
1182 3215 1384 3269 Ilebrazi
1407 3215 1717 3270 daemonibus
1741 3232 1855 3283 pes.

262 3310 405 3365 simis
430 3320 476 3364 et
496 3310 770 3363 minoribus
794 3309 1054 3377 spiritibus
1077 3312 1304 3362 vetabant
1329 3307 1588 3377 religiosos
1611 3347 1626 3371 ,
1654 3316 1703 3360 et
1729 3308 1853 3379 ipsis

262 3414 444 3454 vacare
463 3398 788 3469 prohibebant
812 3413 831 3452 :
850 3397 1074 3451 venerari
1093 3406 1259 3451 autem
1280 3398 1440 3467 magis
1461 3398 1678 3452 caelestes
1694 3396 1813 3451 deos
1833 3437 1848 3461 ,

260 3488 485 3558 amplius
512 3498 678 3540 autem
702 3487 925 3540 venerari
953 3485 1114 3539 Deum
1142 3486 1362 3539 Patrem.
1396 3486 1507 3540 Hoc
1536 3496 1701 3539 autem
1726 3525 1743 3549 ,
1776 3486 1851 3540 in-

265 3579 383 3648 quit
407 3619 422 3644 ,
454 3588 500 3631 et
525 3579 595 3631 dii
624 3578 921 3648 prwcipiunt
945 3617 960 3642 ,
988 3586 1033 3629 et
1060 3577 1111 3629 in
1138 3576 1479 3645 superioribus
1500 3575 1808 3629 ostendimus
1830 3615 1846 3639 ,

260 3667 682 3736 quemadmodum
711 3669 933 3719 animum
961 3666 1216 3718 advertere
1241 3664 1308 3717 ad
1345 3664 1508 3717 Deum
1536 3674 1735 3718 mouent
1758 3704 1773 3729 ,
1802 3675 1850 3719 et

260 3759 409 3811 illum
433 3759 595 3811 calere
620 3758 798 3827 ubique
822 3757 1089 3825 imperant.
1136 3754 1320 3808 Verum
1358 3755 1545 3808 indocti
1586 3763 1633 3807 et
1678 3754 1850 3822 impia!

262 3859 499 3913 naturae,
531 3849 705 3915 quibus
745 3864 855 3900 vere
900 3850 1057 3918 fatum
1092 3862 1192 3900 non
1220 3847 1461 3899 concessit
1503 3862 1535 3898 a
1578 3846 1674 3899 diis
1713 3846 1849 3898 dona

261 3938 486 3992 oblinere
506 3978 522 4001 ,
555 3954 711 4007 neque
737 3936 916 3990 habere
940 3937 1083 3989 Jovis
1102 3936 1400 3989 immortalis
1422 3937 1675 3989 notionem
1702 3976 1715 3999 ,
1745 3951 1846 3988 non

262 4029 524 4081 audientes
545 4038 590 4080 et
620 4028 739 4082 deos
765 4038 809 4080 et
837 4028 1031 4081 divinos
1053 4027 1184 4080 viros
1208 4067 1224 4091 ,
1269 4025 1387 4079 deos
1423 4026 1626 4095 quidem
1672 4041 1846 4079 omnes

260 4126 655 4180 recusaverunt,
699 4116 972 4183 prohibitos
1018 4124 1184 4169 autem
1234 4115 1485 4168 dwmones
1527 4124 1573 4168 et
1612 4115 1702 4168 has
1746 4130 1846 4168 non

260 4208 432 4261 odisse
454 4247 469 4272 ,
498 4207 585 4259 sed
608 4206 840 4259 revereri.
883 4206 1045 4258 Deum
1086 4215 1253 4257 autem
1293 4204 1585 4258 simulantes
1615 4205 1776 4258 colere
1800 4204 1843 4269 ⁸,

263 4314 325 4350 eu
353 4298 461 4349 sola
488 4313 576 4366 per
601 4313 712 4363 qua:
738 4295 873 4349 Deus
898 4296 1138 4349 adoratur
1157 4336 1172 4359 ,
1206 4312 1304 4347 non
1334 4304 1511 4363 agunt.
1542 4292 1682 4347 Nam
1711 4293 1846 4348 Deus

261 4388 506 4455 quidem,
548 4395 716 4453 utpote
759 4385 979 4437 omnium
1024 4383 1211 4448 Pater,
1262 4384 1450 4436 nullius
1493 4384 1723 4453 indiget:
1758 4385 1847 4438 sed

263 4477 406 4529 nobis
449 4482 524 4528 est
568 4474 689 4527 bene
714 4515 728 4539 ,
771 4490 885 4525 cum
924 4490 1035 4526 eum
1077 4490 1166 4543 per
1200 4474 1454 4541 justitiam
1487 4481 1533 4526 et
1568 4475 1846 4528 castitatem

260 4567 490 4633 aliasque
512 4565 715 4617 virtutes
742 4563 1014 4616 adoramus
1033 4604 1048 4628 ,
1075 4564 1237 4631 ipsam
1268 4564 1420 4615 vitam
1452 4578 1645 4631 precem
1671 4562 1739 4615 ad
1766 4563 1845 4633 ip-

261 4673 374 4710 sum
407 4656 646 4725 facientes
667 4694 682 4717 ,
714 4670 801 4722 per
825 4654 1153 4706 imitationem
1178 4664 1223 4706 et
1246 4654 1609 4723 inquisitionem
1631 4652 1693 4706 de
1712 4654 1839 4722 ipsa.

264 4748 535 4819 Inquisitio
560 4747 692 4799 enim
720 4755 901 4815 purgat
930 4785 947 4810 ,
976 4744 1146 4813 inquit
1187 4762 1201 4797 :
1242 4745 1455 4797 imitatio
1494 4744 1693 4812 dei/ient
1718 4742 1848 4809 affe-

263 4839 480 4892 ctionem
512 4836 580 4887 ad
604 4836 769 4903 ipsum
799 4834 1073 4903 operando.
1121 4832 1262 4886 Bene
1287 4833 1501 4901 quidem
1538 4832 1845 4903 praedicavit

264 4929 431 4981 Deum
461 4926 672 4980 Patrem
698 4967 713 4991 ,
744 4934 798 4979 et
824 4925 1015 4994 quibus
1045 4924 1115 4976 sit
1142 4924 1395 4993 colendus
1424 4925 1661 4977 moribus
1685 4923 1840 4979 dixit.

261 5017 467 5085 Quibus
497 5015 777 5085 praeceptis
805 5014 1099 5084 prophetici
1123 5014 1263 5067 Libri
1287 5013 1427 5082 pleni
1448 5022 1573 5066 sunt
1594 5012 1843 5067 Hebraeo-

260 5123 380 5162 rum
408 5146 424 5172 ,
454 5106 665 5177 quando
704 5116 1005 5161 sanctorum
1030 5106 1137 5159 vita
1167 5105 1278 5159 sive
1304 5105 1636 5171 vituperatur
1657 5102 1699 5167 ⁸,
1728 5104 1841 5158 sive

327 5238 351 5308 ί,
370 5236 510 5308 editi,
549 5234 650 5285 loco
686 5240 875 5285 terrena
911 5233 1136 5297 quodam.
1163 5235 1324 5294 Abest,
1350 5239 1552 5293 terrena,
1598 5246 1627 5281 a
1669 5245 1839 5282 manu-

500 5357 550 5405 in
574 5357 714 5406 editis
738 5355 943 5417 additur,
987 5354 1220 5418 oracula;
1257 5355 1385 5418 quod
1419 5355 1562 5404 abest
1603 5365 1632 5402 a
1668 5366 1839 5404 manu-

252 5424 766 5546 scr:pslizoomnesutgtss.
790 5476 909 5546 ﬁditi
932 5490 1068 5546 vero,
1107 5474 1364 5546 prohibitos
1397 5480 1557 5524 autem
1598 5475 1836 5546 dwgnpnes

253 5550 350 5587 non
373 5538 525 5587 solum
562 5536 707 5586 mittis
739 5536 863 5603 odiis
883 5534 1083 5603 insequi,
1109 5534 1219 5603 sed
1237 5536 1381 5586 etiam
1402 5534 1610 5587 revereri
1652 5534 1838 5600 delege-

255 5606 385 5647 runt.
415 5608 564 5649 Deum
598 5607 757 5648 autem
780 5596 1053 5647 simulantes
1069 5611 1119 5648 se
1146 5599 1319 5647 colere.

324 5663 345 5688 ⁸
383 5658 551 5709 Plures
586 5668 710 5717 Mssa,
743 5656 838 5719 sive
871 5656 1155 5719 imperatur.
1204 5667 1330 5707 Itane
1368 5656 1626 5706 lectionem
1666 5657 1837 5718 probat

257 5719 521 5769 Ludovicus
544 5723 684 5770 vives
704 5757 717 5778 ,
745 5717 950 5767 alteram
989 5720 1259 5781 improbat;
1299 5732 1407 5767 nam
1459 5736 1483 5765 ι
1514 5717 1780 5781 PrOphctze,
1804 5735 1827 5761 ι

254 5782 430 5843 tuquit,
481 5798 505 5829 ι
523 5789 796 5832 sanctorum
840 5781 984 5830 vitam
1005 5794 1101 5830 non
1122 5784 1413 5844 vituperant.
1431 5798 1453 5826 ι
1499 5782 1719 5844 loquitur
1742 5789 1833 5827 Λιι-

1516 400 1711 455 LIBER
1757 397 2050 455 DECIMUS
2088 398 2335 458 NONUS.

3430 410 3532 467 654

1954 513 2212 568 laudatur.
2240 515 2344 570 Sed
2368 516 2419 570 in
2442 515 2755 574 Christianis
2779 527 2982 575 tantum
3006 530 3188 587 errat,
3215 531 3303 577 aut
3331 532 3532 581 tantum

1953 605 2308 660 calumniatur
2329 648 2345 672 ,
2367 618 2621 676 quantum
2644 610 2827 664 volunt
2852 611 3122 667 dmmoues
3145 654 3159 677 ,
3192 628 3327 683 quos
3350 615 3534 685 opina-

1954 701 2040 747 tur
2067 694 2196 749 deos
2218 734 2234 761 ,
2266 696 2415 763 quasi
2455 698 2699 766 cuiquam
2746 699 2960 754 diﬂicile
2998 702 3067 755 sit
3105 704 3341 758 recolere
3365 744 3379 767 ,
3416 721 3536 774 quae

1956 784 2124 853 turpia
2152 826 2168 849 ,
2220 801 2338 853 qum
2378 785 2639 843 dedecora
2684 804 2810 859 erga
2858 790 3077 846 deorum
3119 794 3431 864 obsequium
3479 796 3533 851 in

1957 876 2178 931 theatris
2203 878 2492 946 agebantur
2506 870 2562 932 et
2584 881 2793 949 templis
2816 900 2829 947 ;
2852 892 2906 937 et
2924 884 3197 939 attendere
3218 902 3336 955 qua:
3355 886 3533 956 legan-

1956 972 2042 1017 tur
2065 1005 2081 1031 ,
2114 965 2358 1020 dicantur
2380 1007 2398 1033 ,
2430 968 2709 1023 audiantur
2734 971 2785 1025 in
2814 972 3051 1028 ecclesiis
3077 1014 3094 1040 ,
3134 976 3215 1028 vel
3253 976 3361 1030 Deo
3407 993 3535 1033 vero

1958 1054 2083 1122 quid
2112 1055 2402 1123 olferatur;
2434 1067 2487 1112 et
2516 1059 2640 1113 hinc
2676 1050 2976 1131 intelligere
2997 1064 3086 1117 ubi
3116 1066 3395 1121 aedilicium
3418 1108 3435 1134 ,
3480 1078 3537 1123 et

1958 1145 2046 1199 ubi
2076 1146 2225 1200 ruina
2254 1146 2323 1201 sit
2350 1163 2579 1203 morum.
2606 1149 2734 1217 Quis
2757 1161 2932 1206 autent
2960 1154 3081 1209 huic
3107 1154 3240 1209 dixit
3261 1157 3343 1211 vel
3372 1158 3536 1227 inSpi-

1958 1238 2093 1308 ravit
2115 1277 2132 1303 ,
2164 1238 2263 1292 nisi
2294 1239 2585 1295 diabolicus
2612 1242 2827 1310 spiritus
2852 1284 2866 1308 ,
2913 1254 3017 1297 tam
3044 1260 3237 1300 vanum
3266 1258 3536 1316 apertum-

1957 1340 2060 1394 que
2091 1327 2419 1383 mendacium
2444 1370 2459 1394 ,
2488 1331 2628 1399 quod
2646 1331 2917 1388 dzemones
2936 1333 3004 1388 ab
3026 1334 3258 1391 Hebraeis
3279 1339 3380 1392 coli
3408 1355 3534 1407 pro-

1961 1413 2155 1470 hibitos
2186 1428 2530 1473 revereantur
2552 1421 2727 1489 potius
2750 1461 2765 1488 ,
2797 1438 2952 1490 quam
2976 1423 3185 1478 oderint
3209 1425 3538 1483 Christiani?

1957 1506 2062 1562 Sed
2096 1509 2230 1562 Deus
2258 1509 2345 1564 ille
2365 1525 2523 1578 quem
2552 1513 2831 1567 coluerunt
2860 1514 3127 1583 sapientes
3154 1517 3496 1573 Hebraeorum
3516 1560 3533 1587 ,

1957 1598 2117 1651 etiam
2151 1598 2459 1655 cmlestibus
2485 1603 2684 1656 sanctis
2722 1605 2936 1673 Angelis
2974 1614 3028 1659 ct
3068 1606 3360 1662 Virtutibus
3403 1610 3534 1677 Dei,

1958 1702 2095 1755 quos
2124 1688 2459 1745 beatissimos
2487 1699 2733 1760 tanquam
2760 1693 2905 1748 cives
2962 1695 3012 1748 in
3054 1694 3152 1750 hac
3190 1710 3371 1751 nostra
3416 1714 3536 1767 pcr-

1956 1778 2286 1846 egrinatioue
2314 1781 2522 1834 mortali
2550 1797 2868 1838 veneramur
2884 1792 2939 1839 et
2967 1801 3229 1854 amamus,
3247 1788 3534 1843 sacriﬁcari

1956 1877 2099 1923 vetat
2121 1909 2134 1933 ,
2164 1869 2411 1925 intonans
2452 1872 2505 1926 in
2542 1872 2657 1942 lege
2693 1888 2786 1927 sua
2809 1915 2824 1939 ,
2855 1890 3013 1944 quam
3044 1876 3185 1931 dedit
3217 1878 3410 1947 populo
3438 1892 3538 1932 suo

1957 1957 2183 2013 Hebraeo
2207 2001 2223 2025 ,
2253 1969 2307 2015 et
2332 1962 2483 2017 valde
2511 1964 2790 2019 minaciter
2824 1965 3007 2020 dicens
3030 2008 3044 2032 ,
3089 1967 3401 2037 Sacriﬁcans
3441 1970 3538 2023 diis

1957 2050 2314 2104 eradicabitur.
2340 2052 2407 2105 Et
2431 2067 2498 2106 ne
2518 2054 2796 2123 quisquam
2824 2064 3035 2123 putaret
3058 2057 3389 2112 daemonibus
3415 2072 3534 2128 pes-

1957 2141 2108 2194 simis
2140 2143 2471 2213 terrenisque
2498 2144 2773 2213 spiritibus
2796 2187 2811 2212 ,
2843 2161 2975 2214 quos
3006 2148 3104 2202 iste
3132 2148 3260 2203 dicit
3290 2150 3539 2204 minimos

1956 2231 2039 2285 vel
2071 2232 2305 2287 minores
2327 2273 2342 2297 ,
2382 2248 2449 2287 ne
2494 2234 2825 2290 sacriﬁcetur
2861 2250 2983 2291 esse
3019 2247 3377 2307 prmceptum;
3415 2242 3535 2307 quia

1956 2331 2011 2375 et
2041 2322 2137 2391 ipsi
2173 2323 2223 2377 in
2249 2323 2537 2393 Scripturis
2578 2326 2779 2380 sanctis
2822 2325 2947 2381 dicti
2989 2338 3112 2381 sunt
3152 2328 3264 2392 dii,
3297 2343 3404 2382 non
3433 2329 3535 2383 lie-

1958 2410 2219 2467 hracorum
2248 2455 2264 2481 ,
2293 2414 2386 2468 sed
2414 2416 2690 2485 gentium;
2724 2416 2865 2486 quod
2903 2417 3179 2473 evidenter
3224 2418 3278 2472 in
3322 2418 3538 2473 Psalmo

1956 2502 2298 2576 Septuaginta
2346 2508 2663 2577 interpretes
2705 2519 3032 2578 posuerunt,
3071 2510 3349 2575 dicentes,
3399 2509 3540 2577 Quo-

1956 2595 2092 2646 niam
2117 2611 2287 2649 omnes
2314 2596 2385 2648 dii
2408 2598 2632 2664 gentium
2657 2597 2909 2652 dwmania
2948 2597 2968 2667 (
2992 2596 3134 2652 Psal.
3165 2613 3284 2671 xcv,
3314 2599 3348 2653 5
3372 2596 3390 2667 )
3414 2613 3432 2653 ε
3468 2613 3542 2656 ne

1956 2688 2078 2755 quis
2104 2703 2231 2756 ergo
2260 2696 2470 2758 putaret
2497 2689 2612 2742 istis
2635 2688 2848 2759 quidem
2871 2687 3148 2742 daemoniis
3175 2689 3494 2757 prohibitum
3513 2725 3533 2754 ,

1955 2776 2260 2831 caelestibus
2288 2787 2463 2833 autem
2498 2779 2576 2834 vel
2606 2779 2855 2834 omnibus
2878 2820 2894 2846 ,
2929 2780 3014 2834 vel
3042 2780 3305 2847 aliquibus
3336 2781 3527 2834 sacriﬁ-

1956 2868 2066 2921 cari
2092 2883 2211 2923 esse
2239 2870 2553 2938 permissum
2577 2912 2593 2935 ,
2624 2887 2746 2925 mox
2773 2871 3011 2939 addidit,
3040 2871 3378 2947 nisi‘Domino
3404 2870 3532 2937 sali,

1956 2956 2007 3011 id
2034 2968 2115 3012 est
2134 2999 2150 3025 ,
2179 2958 2279 3013 nisi
2306 2959 2527 3014 Domino
2555 2968 2758 3015 tantum
2791 2980 2804 3016 :
2834 2976 2903 3015 ne
2922 2960 3061 3016 forte
3090 2963 3142 3015 in
3166 2977 3232 3016 eo
3256 2961 3396 3031 quod
3421 2961 3530 3024 ait,

1956 3047 2054 3099 nisi
2083 3046 2298 3101 Domino
2325 3050 2443 3115 sali,
2472 3050 2749 3122 Dominum
2786 3051 2955 3105 solem
3003 3051 3185 3105 credat
3220 3066 3341 3105 esse
3385 3052 3541 3120 quis.

1956 3136 2094 3204 piam
2121 3177 2137 3203 ,
2169 3139 2249 3192 cui
2281 3138 2685 3193 sacriﬁcandum
2716 3149 2865 3209 putat
2898 3141 2915 3172 ¹
2944 3158 2957 3195 :
2989 3141 3128 3210 quod
3157 3156 3263 3195 non
3302 3144 3374 3196 ita
3414 3155 3533 3195 esse

1956 3224 2352 3297 intelligendum
2374 3271 2389 3296 ,
2410 3231 2460 3283 in
2478 3230 2764 3299 Scripturis
2782 3233 2969 3301 graecis
2985 3232 3235 3288 facillime
3248 3234 3534 3303 reperitur.

2026 3318 2081 3371 5.
2124 3319 2263 3372 Deus
2291 3319 2451 3388 igitur
2479 3321 2819 3375 Hebraeorum
2846 3361 2862 3388 ,
2886 3323 2969 3376 cui
3001 3332 3107 3377 tam
3139 3338 3385 3393 magnum
3416 3332 3535 3378 tan-

1956 3416 2041 3462 tus
2086 3408 2248 3462 etiam
2300 3408 2399 3462 iste
2447 3409 2797 3478 philosophus
2850 3410 3093 3481 perhibet
3135 3413 3536 3479 testimonium,

1957 3497 2127 3564 legem
2161 3496 2307 3551 dedit
2348 3496 2576 3553 Hebrmo
2617 3501 2813 3568 populo
2850 3515 2948 3555 suo
2974 3542 2990 3568 ,
3033 3501 3247 3556 hebraao
3291 3517 3539 3560 sermone

1954 3587 2310 3655 conscriptam
2337 3627 2351 3651 ,
2380 3602 2485 3642 non
2511 3588 2796 3643 obscuram
2823 3599 2877 3644 et
2905 3591 3225 3659 incognitam
3251 3633 3265 3655 ,
3298 3591 3391 3646 sed
3416 3606 3533 3646 om-

1954 3678 2108 3731 nibus
2129 3678 2237 3745 jam
2265 3679 2508 3746 gentibus
2532 3678 2857 3733 diffamatam
2876 3720 2894 3747 ,
2923 3682 2975 3734 in
3009 3696 3111 3750 qua
3136 3683 3253 3750 lege
3275 3682 3533 3751 scriptum

1954 3776 2035 3821 est
2057 3808 2073 3833 ,
2099 3767 2405 3835 Sacri/imus
2424 3768 2522 3822 diis
2542 3768 2882 3822 eradicabitur
2904 3809 2918 3832 ,
2949 3758 3047 3822 nisi
3076 3768 3290 3822 Domino
3317 3780 3533 3824 tantum.

1954 3856 2090 3923 Quid
2117 3872 2249 3926 apus
2277 3867 2359 3910 est
2383 3857 2434 3911 in
2462 3856 2561 3911 hac
2582 3857 2701 3925 ejus
2731 3857 2846 3926 lege
2868 3897 2884 3923 ,
2914 3857 3136 3927 ejusque
3162 3857 3442 3926 Prophetis
3465 3858 3535 3913 de

1955 3947 2054 4001 hac
2085 3962 2142 4002 re
2171 3947 2334 4001 multa
2365 3948 2715 4017 perquirere?
2743 3948 2854 4002 lmo
2893 3963 2999 4002 non
3039 3948 3346 4017 perquirere
3368 3988 3385 4013 ,
3424 3963 3532 4003 non

1952 4039 2094 4093 enim
2125 4040 2367 4092 abstrusa
2393 4039 2476 4093 vel
2504 4053 2622 4093 rara
2661 4049 2819 4101 sunt;
2870 4038 2965 4093 sed
3007 4048 3189 4107 aperta
3238 4049 3294 4093 et
3341 4038 3530 4093 crebra

1950 4129 2203 4198 colligere
2227 4169 2242 4193 ,
2270 4139 2326 4183 et
2351 4130 2403 4183 in
2429 4128 2530 4183 hac
2553 4129 2909 4198 disputatione
2933 4144 3050 4183 mea
3075 4143 3275 4198 ponere
3303 4146 3315 4181 :
3341 4129 3531 4198 quibus

1952 4221 2067 4275 luce
2097 4221 2290 4275 clarius
2316 4230 2534 4291 apparet
2558 4222 2601 4284 ³,
2644 4221 2772 4275 nulli
2799 4221 3018 4275 omnino
3057 4220 3159 4274 nisi
3190 4228 3391 4274 tantum
3429 4222 3528 4275 sibi

1954 4314 2118 4367 Deum
2150 4330 2333 4368 verum
2363 4323 2418 4367 et
2452 4329 2716 4369 summum
2756 4314 2992 4368 voluisse
3040 4313 3349 4367 sacriﬁcari.
3392 4311 3529 4365 Ecce

1953 4402 2054 4457 hoc
2083 4420 2243 4457 unum
2272 4403 2505 4458 breviter
2528 4443 2542 4464 ,
2576 4402 2683 4456 imo
2724 4403 2996 4472 granditer
3017 4442 3032 4466 ,
3074 4402 3353 4456 minaciter
3374 4441 3390 4466 ,
3434 4400 3525 4455 sed

1949 4496 2208 4548 veraciter
2232 4494 2429 4547 dictum
2456 4492 2522 4548 ab
2545 4492 2636 4547 illo
2665 4492 2776 4546 Deo
2800 4534 2815 4558 ,
2846 4506 3001 4560 quem
3028 4499 3135 4545 tam
3158 4490 3480 4545 excellenter
3507 4489 3528 4519 ⁸

1948 4604 2135 4643 eorum
2185 4588 2476 4642 doctissimi
2530 4586 2860 4658 przedicant,
2909 4583 3188 4644 audiatur,
3239 4586 3523 4644 timeatur,

1950 4668 2271 4747 impleatur,
2305 4692 2373 4731 ne
2419 4675 2784 4730 iuobedientes
2823 4673 3110 4728 eradicatio
3148 4681 3523 4738 consequatur.

1951 4770 2297 4835 Sacriﬁcans,
2345 4766 2550 4835 inquit,
2590 4766 2686 4817 diis
2733 4764 3104 4826 eradicabitur,
3160 4762 3257 4814 nisi
3306 4760 3525 4814 Domino

1948 4870 2179 4913 tantum:
2208 4873 2314 4911 non
2345 4872 2450 4926 quo
2478 4856 2552 4911 rei
2580 4866 2733 4925 egeat
2771 4854 3033 4924 alicujus,
3070 4852 3166 4908 sed
3206 4853 3331 4923 quia
3372 4853 3526 4908 nobis

1948 4952 2160 5021 expedit
2185 4960 2241 5005 ut
2265 4965 2352 5005 res
2375 4949 2492 5018 ejus
2516 4948 2703 5002 simus.
2750 4946 2887 5001 lliuc
2904 4944 2928 4978 ⁵
2950 4945 3091 5001 enim
3117 4945 3325 4999 canitur
3354 4943 3405 4998 in
3432 4933 3522 4997 sa-

1944 5108 2174 5172 gustinus
2188 5104 2254 5154 de
2274 5108 2547 5172 sanctorum
2570 5101 2738 5172 vitain
2760 5100 2922 5156 terris,
2954 5110 3066 5172 quae
3104 5096 3525 5172 nonlmnlnova-

1942 5157 2068 5218 cavit
2099 5166 2238 5221 culpa
2264 5179 2278 5214 :
2306 5171 2357 5212 et
2377 5163 2590 5211 indicare
2613 5162 2805 5210 videtur
2827 5157 3176 5221 praeceptorum
3196 5157 3292 5206 duo
3319 5169 3524 5218 genera,

1943 5230 2007 5278 de
2032 5222 2224 5277 vitando
2260 5223 2404 5282 malo,
2440 5222 2641 5285 quodin
2680 5234 2849 5271 eorum
2874 5223 3021 5285 etiam
3040 5224 3329 5285 quiverunt
3370 5226 3521 5285 Deum

1943 5290 2184 5348 colebant,
2206 5279 2420 5335 moribus
2442 5279 2739 5345 vituperatur
2763 5295 2778 5343 ;
2800 5290 2852 5331 et
2880 5283 2944 5330 de
2962 5279 3183 5331 iaciendo
3211 5280 3358 5338 bono,
3395 5279 3524 5340 quod

1943 5354 1989 5395 in
2013 5350 2197 5395 eisdem
2220 5346 2452 5395 laudatur.

1941 5354 1989 5400 in
2013 5350 2197 5399 eisdem
2220 5350 2452 5395 laudatur.

2007 5398 2033 5443 ί
2050 5419 2179 5469 Lov.,
2199 5414 2348 5470 putet.
2359 5406 2479 5470 illiti
2504 5411 2667 5470 autem
2687 5402 2773 5470 alii
2790 5410 2843 5453 et
2862 5401 3190 5470 manuscripti,
3209 5404 3366 5470 putat.
3389 5398 3527 5470 Addit

1941 5461 2231 5537 augustinus
2250 5467 2699 5537 facillimenreperiri
2724 5466 2773 5513 in
2806 5466 3056 5537 scripturis
3075 5461 3250 5537 graecis
3268 5461 3523 5537 rqnomod’o

1941 5520 2075 5581 loc‘us
2112 5520 2204 5579 ille
2258 5532 2321 5579 sit
2364 5520 2726 5587 intelligendus,
2750 5529 2860 5587 quia
2903 5520 2953 5587 in
2978 5526 3053 5574 eis
3087 5520 3185 5573 non
3207 5520 3435 5583 ambigue
3458 5520 3525 5568 di-

1941 5562 2075 5581 ...w,
2120 5562 2201 5579 ...υ
2258 5562 2321 5579 ο..
2365 5562 2517 5576 μην...
2557 5562 2726 5583 sua...“
2751 5562 2860 5587 qu...
2904 5562 2953 5573 ...
2979 5562 3006 5574 ν

1938 5602 2069 5645 ctum
2093 5603 2185 5649 est,
2209 5590 2356 5640 Exod.
2382 5603 2499 5647 χχιι,
2521 5562 2608 5658 ΞΟ,
2623 5586 2768 5658 trario
2788 5585 2942 5637 atauo.

2003 5658 2023 5686 ³
2056 5661 2129 5701 Ex.
2158 5643 2208 5702 et
2230 5660 2359 5710 lov.,
2381 5643 2629 5712 appareat.
2649 5648 2768 5697 Editi
2790 5659 2910 5699 vero
2930 5643 3011 5698 alii
3028 5652 3079 5698 et
3100 5651 3226 5707 δίει,
3250 5645 3470 5708 apparet.

2003 5718 2023 5748 ³
2048 5714 2212 5763 Plures
2227 5708 2355 5772 uss,
2378 5708 2705 5775 excelletuem.

2004 5777 2027 5809 ⁸
2052 5775 2186 5824 Vind.
2211 5782 2311 5823 Am.
2339 5780 2392 5822 et
2411 5778 2539 5834 ω,
2565 5777 2707 5819 Huic.
