3976 6510
528 419 632 477 655

527 535 636 589 eris
662 528 878 586 Litteris
901 523 1247 580 Hebraeorum
1277 534 1290 569 ε
1335 513 1457 569 Dixi
1502 510 1717 565 Domino
1742 548 1757 571 .
1805 505 1939 559 Deus
1981 519 2119 557 meus

531 642 584 680 es
611 634 663 678 tu
687 664 702 688 ,
730 619 967 693 quoniam
998 616 1241 670 bonorum
1271 622 1498 662 meorum
1528 619 1630 657 non
1672 616 1783 671 eges
1814 598 1832 669 (
1858 596 2001 650 Psal.
2027 611 2119 662 xv,

530 718 570 772 2
592 714 634 786 ).
668 690 834 782 Hujus
862 717 1038 764 autem
1068 699 1533 776 praeclarissimum
1560 703 1719 764 atque
1748 690 2007 761 Optimum
2034 701 2121 742 sa-

536 777 791 863 criﬁcium
816 814 915 856 nos
937 798 1036 869 ipsi
1057 809 1241 850 sumus
1266 834 1281 859 ,
1304 790 1407 845 hoc
1442 796 1524 843 est
1552 786 1569 818 ¹
1589 782 1777 839 civitas
1802 781 1916 849 ejus
1935 819 1951 846 ,
1973 777 2124 847 cujus

539 899 616 955 rei
647 892 958 968 mysterium
988 888 1325 946 celebramus
1353 877 1709 937 oblationibus
1738 872 1936 929 nostris
1959 912 1973 936 ,
2005 886 2124 939 quae

539 962 784 1044 ﬁdelibus
828 991 969 1040 nota:
1012 987 1137 1036 sunt
1164 1018 1179 1042 ,
1224 977 1363 1032 sicut
1410 972 1463 1026 in
1510 969 1661 1026 libris
1702 962 2126 1037 praecedentibus

537 1075 923 1147 disiiutavimus
950 1070 971 1143 (
996 1069 1111 1123 Lib.
1142 1067 1211 1122 10
1230 1107 1245 1133 ,
1273 1081 1387 1133 cap.
1416 1060 1450 1116 6
1474 1102 1490 1128 ,
1523 1068 1570 1114 et
1594 1057 1716 1112 alibi
1812 1053 2127 1147 Cessaturas

538 1140 682 1226 enim
712 1140 996 1230 victimas,
1025 1174 1157 1231 quas
1172 1158 1235 1212 in
1264 1154 1454 1210 umbra
1495 1149 1659 1206 futuri
1702 1145 1996 1202 oﬁ‘erebant
2031 1140 2126 1197 Ju-

540 1261 642 1316 daai
672 1301 687 1325 ,
716 1266 773 1314 et
796 1271 961 1312 unum
989 1250 1307 1309 sacriﬁcium
1333 1254 1521 1317 gentes
1557 1257 1588 1296 a
1625 1239 1754 1296 solis
1795 1248 1915 1293 ortu
1960 1248 2129 1305 usque

539 1352 609 1407 ad
637 1364 885 1406 occasum
913 1389 927 1411 ,
957 1346 1095 1400 sicut
1113 1344 1224 1413 jam
1255 1339 1371 1395 ﬁeri
1397 1337 1668 1393 cernimus
1694 1331 1967 1388 oblaturas
1986 1369 2003 1395 ,
2037 1342 2132 1398 per

543 1441 847 1511 Prophetas
883 1436 1140 1492 Hebraeos
1172 1429 1387 1486 oracula
1433 1426 1745 1495 increpuere
1783 1420 1960 1476 divina
1996 1435 2012 1473 :
2065 1432 2131 1473 ex

545 1509 737 1604 quibus
766 1538 1021 1600 quantum
1052 1523 1183 1579 satis
1218 1521 1390 1576 visum
1440 1525 1562 1583 est,
1612 1512 1865 1571 nonnulla
1906 1509 2130 1581 protulit.

545 1598 667 1681 mus
692 1665 707 1689 ,
739 1598 798 1678 et
823 1621 944 1674 huic
969 1618 1080 1688 jam
1110 1613 1260 1686 operi
1287 1608 1635 1680 aspersimus.
1680 1604 2016 1674 Quapropter
2042 1598 2132 1654 ubi

545 1730 654 1770 non
678 1722 761 1769 est
785 1713 882 1767 ista
903 1707 1105 1780 justitia
1130 1748 1145 1773 ,
1178 1714 1236 1760 ut
1259 1700 1549 1759 secundum
1574 1712 1724 1755 suam
1750 1695 1974 1767 gratiam
2000 1689 2133 1746 civi-

546 1808 644 1863 tati
673 1802 943 1861 obedienti
975 1801 1114 1855 Deus
1137 1798 1365 1867 imperet
1391 1808 1527 1848 unus
1551 1802 1605 1847 et
1627 1801 1871 1844 summus
1889 1828 1904 1853 ,
1933 1800 2001 1840 ne
2024 1782 2136 1839 cui-

550 1912 708 1969 quam
734 1892 998 1950 sacriﬁcet
1021 1932 1037 1959 ,
1070 1890 1171 1944 nisi
1199 1896 1402 1942 tantum
1430 1882 1531 1938 sibi
1558 1899 1571 1947 ;
1602 1889 1657 1936 et
1685 1894 1780 1950 per
1807 1876 1909 1933 hoc
1938 1876 1992 1930 in
2017 1888 2137 1928 om-

552 1963 709 2043 nibus
741 1982 1047 2039 hominibus
1075 1979 1141 2034 ad
1180 1975 1423 2034 eamdem
1453 1970 1723 2028 civitatem
1749 1963 2139 2038 pertinentibus

552 2089 711 2149 atque
733 2072 1106 2131 obedientibus
1126 2070 1238 2124 Deo
1261 2109 1278 2135 ,
1300 2066 1509 2121 animus
1530 2063 1690 2117 etiam
1713 2056 1958 2128 corpori,
1982 2063 2141 2125 atque

552 2169 691 2225 ratio
708 2166 869 2231 vitiis,
892 2163 1082 2219 ordine
1107 2159 1345 2230 legitimo
1367 2155 1595 2211 ﬁdeliter
1615 2151 1860 2222 imperet;
1880 2158 1939 2203 ut
1957 2161 2141 2217 quem-

555 2257 840 2315 admodum
868 2256 1047 2324 justus
1089 2266 1228 2307 unus
1252 2290 1267 2315 ,
1300 2248 1371 2303 ita
1395 2254 1565 2302 coetus
1604 2241 1933 2313 pepulusque
1972 2237 2142 2307 justo-

555 2366 671 2406 rum
702 2349 844 2404 vivat
890 2360 956 2401 ex
1006 2343 1111 2399 ﬁde
1137 2382 1154 2409 ,
1197 2354 1315 2412 quae
1355 2343 1610 2408 operatur
1636 2347 1731 2405 per
1759 2330 2098 2387 dilectionem
2124 2368 2139 2393 ,

554 2455 656 2509 qua
688 2439 851 2495 homo
878 2436 1054 2507 diligit
1095 2434 1260 2489 Deum
1286 2472 1301 2497 ,
1345 2430 1485 2486 sicut
1526 2424 1824 2497 diligendus
1848 2431 1930 2477 est
1960 2422 2098 2477 Deus
2121 2462 2138 2489 ,

553 2541 607 2587 et
633 2532 931 2601 proximum
960 2527 1098 2583 sicut
1125 2522 1473 2592 semetipsum
1500 2537 1514 2573 :
1542 2517 1633 2573 ubi
1656 2530 1783 2586 ergo
1805 2529 1913 2569 non
1938 2524 2021 2568 est
2044 2512 2143 2566 ista

554 2622 757 2692 justitia
783 2662 799 2688 ,
832 2618 1074 2690 profecto
1104 2631 1210 2671 non
1235 2623 1318 2670 est
1342 2619 1517 2669 coetus
1544 2608 1819 2665 hominum
1844 2606 1980 2675 juris
2010 2619 2141 2659 con-

558 2727 720 2769 sensu
751 2721 804 2767 et
832 2708 1071 2764 utilitatis
1096 2703 1473 2761 communione
1499 2700 1753 2757 sociatus.
1791 2695 1944 2763 Quod
1970 2695 2014 2750 si
2037 2710 2143 2750 non

556 2816 641 2859 est
662 2844 678 2868 ,
710 2803 891 2872 utique
918 2798 1146 2869 populus
1170 2811 1278 2851 non
1308 2803 1390 2851 est
1412 2833 1429 2861 ,
1459 2793 1504 2848 si
1546 2805 1674 2846 vera
1712 2797 1793 2845 est
1822 2788 1937 2843 haec
1964 2788 2145 2858 populi

556 2892 818 2949 deﬁnitio.
851 2892 991 2960 Ergo
1028 2902 1128 2944 nec
1161 2885 1461 2956 respublica
1501 2891 1623 2939 est:
1673 2881 1797 2953 quia
1834 2894 1924 2936 res
1967 2877 2145 2949 populi

556 3001 663 3040 non
688 2992 770 3039 est
794 3024 808 3047 ,
840 2983 927 3037 ubi
954 2983 1070 3052 ipse
1095 2979 1320 3051 populus
1346 2992 1453 3032 non
1481 2984 1586 3031 est.

553 3094 783 3152 CAPUT
823 3091 1013 3147 XXIV.
1041 3121 1112 3133 —
1139 3090 1251 3155 Qua
1294 3086 1588 3156 deﬁnitione
1634 3090 1824 3138 constet
1876 3079 2056 3151 populi
2099 3087 2148 3133 et

631 3184 929 3263 reipublich
966 3182 1391 3252 nuncupationem
1433 3186 1565 3230 recte
1590 3174 1685 3229 sibi
1708 3190 1810 3228 non
1848 3172 2013 3226 solum
2043 3170 2149 3225 Ro-

632 3295 831 3343 manos,
857 3275 946 3331 sed
974 3275 1121 3329 etiam
1150 3287 1306 3342 regna
1334 3270 1438 3323 alia
1466 3267 1742 3321 uindicare.

632 3389 687 3446 Si
716 3394 892 3442 autem
923 3384 1153 3455 populus
1176 3397 1280 3435 non
1307 3380 1431 3444 isto,
1461 3375 1555 3432 sed
1587 3375 1694 3430 alio
1721 3372 2003 3429 deﬁniatur
2029 3386 2148 3427 mo-

563 3482 654 3543 do,
711 3479 857 3535 velut
895 3478 939 3533 si
966 3477 1172 3531 dicatur
1191 3515 1205 3538 ,
1235 3470 1469 3541 Populus
1495 3478 1577 3523 est
1601 3474 1771 3524 emtas
1800 3465 2151 3521 multitudinis

562 3571 834 3626 rationalis
856 3611 872 3637 ,
902 3583 1080 3624 rerum
1121 3578 1252 3635 quas
1293 3561 1465 3631 diligit
1500 3557 1751 3615 concordi
1776 3558 2152 3613 communione

562 3665 794 3720 sociatus
819 3680 833 3716 :
857 3664 1092 3733 profecto
1119 3666 1175 3712 ut
1198 3655 1442 3711 videatur
1468 3651 1641 3723 qualis
1670 3649 1895 3720 quisque
1922 3648 2151 3719 populus

562 3760 650 3820 sit,
677 3756 763 3810 illa
793 3764 917 3810 sunt
947 3750 1341 3820 iutueudaquae
1364 3745 1554 3817 diligit.
1580 3744 1939 3813 Quaecumque
1970 3749 2149 3795 tamen

560 3849 767 3919 diligat,
798 3851 844 3902 st
870 3854 1043 3901 cauus
1070 3852 1152 3897 est
1180 3837 1534 3895 multitudinis
1553 3876 1567 3901 ,
1595 3850 1701 3890 non
1732 3847 1981 3903 pecorum
2009 3872 2024 3900 ,
2055 3828 2149 3885 sed

563 3937 897 3994 rationalium
945 3943 1307 3990 creaturarum
1331 3970 1346 3994 ,
1369 3938 1423 3984 et
1463 3941 1647 3984 eorum
1675 3940 1793 3996 qua:
1823 3924 1993 3994 diligit
2018 3938 2147 3977 con-

562 4032 711 4086 cordi
752 4027 1127 4085 communione
1165 4025 1399 4079 sociatus
1428 4027 1539 4085 est,
1571 4032 1676 4072 non
1718 4014 1949 4072 absurde
1980 4028 2148 4084 popu-

563 4126 645 4179 lus
689 4128 1053 4190 nuncupatur;
1087 4125 1234 4171 tanto
1262 4115 1443 4184 utique
1480 4111 1700 4177 melior,
1727 4116 1927 4179 quanto
1953 4108 2005 4161 in
2032 4121 2149 4160 me-

567 4216 809 4278 lioribus;
832 4224 1083 4281 tantoque
1110 4208 1365 4270 deterior,
1388 4213 1587 4275 quanto
1610 4210 1693 4258 est
1719 4202 1771 4256 in
1795 4200 2149 4256 deterioribus

562 4322 807 4365 concors.
834 4303 1136 4360 Secundum
1166 4301 1322 4353 istam
1363 4296 1725 4352 deﬁnitionem
1766 4303 2001 4348 nostram
2036 4291 2148 4345 Ro-

562 4414 753 4455 manus
782 4394 1040 4467 pepulus,
1071 4390 1297 4462 populus
1336 4397 1450 4451 est;
1481 4395 1536 4442 et
1562 4401 1651 4441 res
1688 4384 1805 4455 ejus
1839 4384 1954 4438 sine
1992 4382 2147 4437 dubi-

564 4491 764 4545 tatione
810 4483 1129 4554 respublica.
1180 4479 1317 4549 Quid
1359 4486 1537 4532 autem
1585 4475 1773 4546 primis
1822 4473 2149 4543 temporibus

562 4582 697 4647 suis,
725 4577 915 4649 quidve
942 4572 1287 4645 sequentibus
1309 4565 1532 4640 populus
1554 4567 1643 4621 ille
1662 4565 1930 4632 dilexerit,
1948 4573 2003 4620 et
2027 4564 2149 4634 qui-

563 4677 665 4731 bus
695 4672 932 4728 moribus
958 4668 1025 4723 ad
1048 4664 1449 4722 cruentissimas
1488 4659 1777 4715 seditiones
1799 4698 1814 4724 ,
1843 4665 2002 4728 atque
2028 4656 2150 4712 inde

563 4768 629 4822 ad
657 4764 871 4821 socialia
898 4769 1057 4831 atque
1082 4757 1255 4812 civilia
1280 4754 1419 4809 bella
1456 4750 1800 4821 perveniens,
1823 4749 1991 4819 ipsam
2016 4761 2149 4801 con-

562 4855 818 4919 cordiam,
849 4867 968 4923 qua:
994 4849 1137 4905 salus
1162 4842 1552 4917 quodammodo
1580 4850 1667 4897 est
1694 4839 1875 4910 populi
1895 4880 1911 4904 ,
1944 4838 2151 4908 ruperit

563 4959 723 5019 atque
745 4940 1061 5013 corruperit,
1090 4946 1313 4994 testatur
1342 4934 1560 4989 historia
1589 4949 1600 4985 :
1629 4932 1697 4987 de
1719 4947 1819 5001 qua
1856 4931 1908 4985 in
1946 4944 2149 4999 prince-

563 5038 811 5093 dentibus
848 5033 1000 5089 libris
1036 5030 1202 5086 multa
1243 5027 1536 5098 posuimus.
1568 5022 1678 5078 Nec
1714 5023 1834 5078 ideo
1863 5030 2036 5076 tamen
2063 5020 2149 5075 vel

569 5131 740 5199 ipsum
768 5140 873 5181 non
900 5138 1019 5179 esse
1057 5121 1306 5191 populum
1332 5158 1347 5183 ,
1376 5116 1459 5170 vel
1488 5115 1604 5183 ejus
1633 5128 1747 5168 rem
1790 5111 2013 5167 dixerim
2042 5126 2147 5165 non

566 5235 687 5277 esse
711 5217 1113 5288 rempublicam,
1144 5210 1393 5283 quamdiu
1423 5213 1603 5262 manet
1630 5204 2032 5276 qualiscumque
2058 5218 2146 5258 ra-

583 5306 794 5365 tionalis
822 5304 1175 5363 multitudinis
1209 5310 1382 5357 coetus
1401 5340 1416 5366 ,
1446 5312 1623 5354 rerum
1658 5310 1789 5367 quas
1819 5295 1990 5365 diligit
2016 5309 2148 5349 con-

567 5401 718 5455 cordi
746 5398 1123 5455 communione
1153 5394 1403 5447 sociatus.
1431 5388 1585 5456 Quod
1610 5398 1786 5442 autem
1816 5386 1885 5441 de
1913 5386 2015 5439 isto
2050 5399 2148 5455 po-

569 5492 695 5559 pulo
719 5490 863 5545 etde
890 5489 989 5543 ista
1027 5484 1300 5556 republica
1325 5482 1473 5546 dixi,
1500 5480 1604 5535 hoc
1640 5478 1706 5534 de
1745 5476 2148 5534 Atheniensium

574 5584 658 5635 vel
678 5593 1124 5649 quorumcumque
1153 5576 1483 5638 Grmcorum,
1513 5572 1614 5627 hoc
1640 5570 1706 5626 de
1738 5568 2106 5641 Egyptiorum
2131 5607 2147 5633 ,

565 5666 671 5728 hoc
700 5672 767 5725 de
805 5671 893 5725 illa
922 5670 1101 5741 priore
1142 5666 1412 5738 Babylone
1450 5663 1788 5735 Assyriorum
1814 5701 1829 5729 ,
1853 5659 2065 5731 quando
2093 5658 2149 5716 in

629 5837 649 5866 ι
673 5827 807 5880 Vind.
832 5836 930 5876 Am.
954 5830 1006 5874 et
1022 5830 1115 5883 Er.,
1133 5821 1238 5872 haec
1259 5825 1345 5871 est.

1589 395 1677 452 DE
1715 390 2035 450 CIVITATE
2074 389 2206 459 DEI,
2251 389 2310 448 S.
2352 390 2716 449 AUGUSTINI

3687 388 3766 445 856

2228 504 2388 560 rebus
2430 506 2542 561 suis
2583 504 2808 574 publicis
2839 502 3057 573 imperia
3085 502 3169 557 vel
3209 515 3369 572 parva
3406 500 3486 556 vel
3514 515 3683 573 magna
3705 513 3767 560 te-

2228 604 2456 650 nuerunt
2480 636 2495 655 .
2524 605 2578 650 et
2619 594 2688 650 de
2725 594 2827 649 alia
2857 607 3190 665 quacumque
3215 593 3441 647 aliarum
3468 593 3684 662 gentium
3703 596 3767 649 lu-

2227 685 2438 755 telligar
2488 685 2687 740 dixisse
2729 693 2889 755 atque
2933 683 3187 740 sensisse.
3237 682 3573 738 Generaliter
3615 685 3771 755 quippe

2227 776 2414 831 civitas
2447 776 2730 846 impiorum
2756 816 2770 839 ,
2794 775 2880 830 cui
2928 789 3033 829 non
3090 773 3321 841 imperat
3368 774 3510 828 Deus
3549 773 3771 831 obedienti

2228 868 2369 935 sibi,
2402 876 2460 922 ut
2505 867 2824 922 sacriﬁcium
2875 882 2982 922 non
3031 866 3266 932 offerat,
3298 865 3404 921 nisi
3456 868 3774 923 tantummodo

2229 957 2331 1013 sibi
2355 998 2373 1020 ,
2399 967 2454 1013 et
2482 972 2577 1027 per
2605 957 2707 1013 hoc
2743 958 2795 1013 in
2831 958 2919 1013 illa
2961 966 3016 1013 et
3049 957 3262 1013 animus
3300 958 3514 1028 corpori
3537 1000 3551 1022 .
3578 958 3777 1029 ratioque

2232 1047 2377 1103 vitiis
2418 1056 2563 1104 recte
2600 1063 2663 1105 ac
2702 1047 2928 1105 ﬁdeliter
2956 1048 3223 1119 imperet,
3250 1056 3404 1103 caret
3437 1048 3644 1119 justitia:
3668 1050 3778 1105 veri-

2232 1146 2361 1193 tate.

2232 1250 2458 1315 CAPUT
2495 1249 2668 1308 XXV.
2705 1282 2777 1293 —
2816 1252 2966 1321 Quod
2992 1269 3092 1308 non
3121 1253 3315 1324 possint
3344 1253 3416 1307 ibi
3444 1268 3570 1307 uera:
3592 1268 3686 1307 esse
3704 1252 3778 1307 vir-

2613 1354 2761 1415 tutes,
2790 1345 2876 1400 ubi
2895 1362 2998 1400 non
3018 1354 3088 1403 est
3113 1361 3232 1401 uera
3250 1346 3456 1417 religio.

2304 1450 2607 1519 Quamlibet
2632 1450 2776 1507 enim
2803 1450 3045 1507 videatur
3082 1449 3294 1505 animus
3326 1448 3579 1520 corpori,
3606 1457 3655 1505 et
3676 1440 3803 1503 ratio

2235 1542 2377 1599 vitiis
2404 1542 2742 1599 laudabiliter
2778 1543 3081 1613 imperare;
3108 1542 3152 1597 si
3179 1542 3296 1597 Deo
3337 1542 3552 1596 animus
3588 1550 3640 1597 et
3676 1542 3785 1596 ratio

2237 1633 2351 1705 ipsa
2382 1650 2490 1690 non
2523 1636 2716 1701 servit,
2747 1635 2886 1691 sicut
2909 1634 3011 1689 sibi
3039 1634 3382 1690 serviendum
3412 1648 3533 1689 esse
3552 1634 3656 1703 ipse
3675 1633 3786 1688 Deus
3884 1626 3885 1629 “

2240 1726 2510 1796 praecepit,
2534 1725 2683 1781 nullo
2708 1726 2867 1781 modo
2891 1725 3106 1796 corpori
3134 1725 3388 1796 vitiisque
3416 1734 3559 1781 recte
3582 1725 3786 1795 imperat.

2239 1817 2372 1873 Nam
2400 1818 2573 1889 qualis
2600 1818 2842 1890 corporis
2866 1826 3027 1889 atque
3052 1817 3300 1873 vitiorum
3331 1826 3510 1887 potest
3532 1830 3644 1872 esse
3667 1831 3789 1871 mens

2239 1910 2476 1979 domina,
2494 1911 2613 1967 veri
2641 1911 2735 1966 Dei
2765 1894 2966 1975 nescia,
2992 1923 3093 1965 nec
3115 1908 3231 1979 ejus
3252 1908 3484 1979 imperio
3508 1908 3755 1977 subjugata
3773 1946 3787 1971 ,

2241 2003 2337 2059 sed
2366 2002 2723 2059 vitiosissimis
2748 2001 3080 2058 dzemonibus
3120 1999 3588 2070 corrumpentibus
3626 1998 3789 2069 prosti-

2242 2093 2394 2149 tuta?
2424 2092 2653 2150 Proinde
2678 2093 2923 2160 virtutes,
2948 2106 3081 2162 quas
3104 2090 3208 2147 sibi
3236 2090 3443 2146 habere
3465 2090 3661 2145 videtur
3680 2129 3694 2152 ,
3716 2104 3792 2158 per

2242 2198 2375 2255 quas
2400 2185 2625 2254 imperat
2652 2182 2864 2254 corpori
2893 2190 2948 2239 et
2966 2182 3109 2238 vitiis
3145 2180 3213 2237 ad
3238 2181 3518 2252 quodlibet
3538 2179 3794 2248 adipiscen-

2243 2276 2369 2331 dum
2395 2278 2480 2331 vel
2511 2276 2821 2342 tenendum,
2852 2273 2954 2329 nisi
2978 2272 3047 2328 ad
3073 2273 3242 2328 Deum
3274 2271 3535 2337 retulerit,
3566 2270 3708 2327 etiam
3729 2269 3793 2339 ip-

2245 2383 2320 2423 sa:
2346 2368 2472 2423 vitia
2500 2375 2626 2423 sunt
2661 2366 2840 2438 potius
2873 2380 3032 2436 quam
3060 2364 3301 2419 virtutes.
3331 2363 3467 2419 Nam
3504 2363 3623 2418 licet
3646 2376 3674 2416 a
3697 2361 3794 2431 qui-

2245 2457 2468 2514 busdam
2498 2468 2622 2513 tunc
2650 2473 2792 2513 vera:
2817 2464 2874 2513 et
2900 2456 3139 2513 honestae
3168 2463 3424 2526 putentur
3449 2469 3568 2511 esse
3591 2454 3793 2520 virtutes,

2246 2567 2366 2608 cum
2394 2550 2461 2607 ad
2497 2566 2556 2608 se
2592 2552 2736 2622 ipsas
2760 2549 3065 2606 referuntur
3083 2589 3100 2617 ,
3128 2563 3228 2605 nec
3258 2559 3480 2618 propter
3504 2547 3639 2603 aliud
3662 2561 3795 2615 expe-

2249 2656 2468 2714 tuntur;
2499 2647 2662 2703 etiam
2690 2656 2816 2702 tunc
2836 2644 3033 2700 inﬂata:
3060 2658 3125 2699 ac
3151 2643 3398 2714 superba:
3428 2650 3555 2698 sunt
3586 2658 3599 2695 :
3625 2648 3675 2696 et
3703 2638 3795 2693 ideo

2248 2754 2354 2795 non
2398 2739 2658 2803 virtutes,
2704 2736 2800 2795 sed
2845 2737 3011 2793 vitia‘
3049 2735 3334 2807 iudicanda
3388 2744 3516 2790 sunt
3554 2734 3648 2805 (α).
3680 2733 3797 2787 Sicut

2248 2831 2389 2887 enim
2417 2846 2524 2885 non
2553 2840 2638 2886 est
2672 2844 2702 2884 a
2727 2844 2922 2896 carne,
2950 2828 3046 2885 sed
3075 2842 3236 2899 super
3264 2842 3483 2883 carnem
3504 2866 3521 2893 ,
3544 2824 3676 2897 quod
3700 2840 3796 2878 car-

2250 2939 2374 2979 nem
2409 2922 2536 2978 facit
2559 2922 2740 2979 vivere
2769 2940 2782 2976 :
2806 2923 2885 2978 sic
2913 2936 3018 2977 non
3056 2930 3139 2977 est
3164 2920 3233 2975 ab
3260 2920 3479 2975 homine
3501 2961 3517 2986 ,
3548 2918 3636 2975 sed
3668 2932 3798 2987 super

2251 3014 2544 3081 hominem,
2572 3013 2713 3084 quod
2739 3012 3015 3068 hominem
3037 3011 3161 3067 facit
3194 3010 3351 3066 beate
3378 3012 3592 3076 vivere;
3618 3025 3707 3065 nec
3726 3023 3796 3062 so-

2249 3104 2359 3160 lum
2383 3104 2684 3171 hominem,
2717 3104 2814 3160 sed
2842 3104 3003 3160 etiam
3029 3102 3322 3174 quamlibet
3351 3101 3669 3158 Potestatem
3701 3100 3796 3153 Vir-

2252 3204 2527 3266 tutemque
2553 3195 2849 3252 ctelestem.

2250 3308 2479 3366 CAPUT
2516 3306 2708 3363 XXVI.
2738 3336 2810 3348 —-
2833 3304 2914 3360 De
2942 3320 3066 3375 pace
3091 3304 3266 3375 populi
3298 3304 3513 3358 alienati
3529 3321 3560 3358 a
3586 3303 3697 3365 Deo,
3723 3316 3799 3370 qua

2324 3400 2484 3453 utitur
2502 3399 2570 3452 ad
2599 3398 2831 3468 pietatem
2856 3398 3074 3467 populus
3099 3393 3195 3449 Dei
3217 3434 3234 3463 ,
3265 3394 3389 3447 dum
3412 3393 3470 3449 in
3499 3394 3590 3449 hoc
3613 3392 3799 3463 peregri-

2324 3507 2419 3547 nus
2442 3499 2516 3546 est
2545 3490 2752 3575 arundo.

2324 3602 2583 3670 Quocirca
2622 3610 2681 3656 ut
2729 3600 2834 3654 vita
2873 3598 3049 3655 carnis
3094 3597 3270 3652 anima
3317 3604 3420 3662 est,
3455 3596 3525 3651 ita
3551 3595 3688 3651 beata
3718 3593 3797 3649 vita

2254 3694 2485 3749 hominis
2513 3693 2654 3748 Deus
2683 3699 2765 3747 est
2790 3732 2805 3757 ,
2832 3689 2899 3746 de
2922 3705 3027 3760 quo
3065 3688 3245 3743 dicunt
3287 3701 3457 3741 sacra:
3492 3687 3691 3742 Litterae
3716 3683 3798 3737 lle-

2255 3786 2540 3853 braeorum,
2568 3783 2755 3839 Beatus
2783 3780 3024 3853 populus,
3048 3782 3195 3851 cujus
3223 3790 3297 3834 est
3324 3777 3572 3833 Dominus
3600 3777 3719 3832 Deus
3740 3776 3798 3843 ip-

2252 3881 2359 3934 sius
2390 3878 2560 3950 (Psal.
2592 3893 2750 3933 cxuu
2777 3919 2792 3944 ,
2819 3874 2931 3949 15).
2972 3875 3131 3930 Miser
3161 3875 3319 3944 igitur
3360 3874 3585 3943 populus
3623 3871 3681 3924 ab
3720 3871 3800 3922 isto

2253 3972 2513 4027 alienatus
2542 3970 2672 4025 Deo.
2707 3969 2887 4039 Diligit
2908 3978 3082 4021 tamen
3112 3966 3224 4035 ipse
3244 3968 3403 4018 etiam
3431 3963 3699 4034 quamdam
3724 3974 3798 4027 pa-

2254 4080 2370 4120 cem
2401 4079 2552 4120 suam
2580 4078 2685 4117 non
2716 4058 3143 4131 improbandam,
3172 4072 3330 4127 quam
3361 4057 3576 4126 quidem
3603 4069 3695 4108 non
3721 4051 3796 4103 b.1-

2256 4156 2401 4211 bebit
2427 4154 2479 4209 in
2503 4155 2628 4219 ﬁne,
2653 4154 2774 4224 quia
2798 4167 2902 4207 non
2924 4166 2986 4206 ea
3007 4152 3141 4206 bene
3161 4150 3327 4203 utitur
3346 4158 3473 4203 ante
3496 4150 3662 4201 linem.
3681 4144 3798 4197 llauc

2253 4257 2432 4302 autem
2480 4255 2539 4301 ut
2581 4245 2791 4300 interim
2830 4242 3025 4298 habeat
3064 4241 3117 4295 in
3149 4240 3250 4294 hac
3275 4240 3401 4305 vita,
3430 4246 3607 4293 nostra
3630 4236 3794 4289 'etiam

2255 4341 2477 4395 interest
2516 4355 2529 4392 :
2576 4337 2827 4408 quoniam
2878 4333 3128 4404 quamdiu
3176 4332 3451 4400 permixtae
3499 4337 3617 4384 sunt
3659 4324 3796 4379 amba:

2252 4431 2494 4486 civitates
2518 4470 2535 4497 ,
2564 4428 2761 4482 utimur
2783 4434 2837 4481 et
2872 4440 2970 4479 nos
3018 4437 3145 4494 pace
3182 4421 3465 4492 Babylonis
3496 4438 3510 4472 :
3535 4435 3599 4474 ex
3628 4431 3716 4488 qua
3742 4415 3794 4466 ita

2252 4538 2349 4595 per
2370 4522 2527 4577 ﬁdem
2560 4522 2788 4592 populus
2819 4518 2910 4572 Dei
2939 4518 3232 4580 liberatur,
3261 4524 3318 4568 ut
3350 4514 3491 4583 apud
3523 4513 3649 4566 hanc
3688 4510 3793 4563 inte-

2254 4617 2354 4671 rim
2395 4615 2781 4686 peregrinetur.
2812 4610 3037 4680 Pr0pter
3062 4607 3204 4679 quod
3236 4616 3292 4661 et
3328 4606 3614 4677 Apostolus
3646 4602 3794 4656 admo-

2252 4706 2370 4762 nuit
2393 4705 2707 4767 Ecclesium,
2732 4712 2789 4757 ut
2817 4709 2995 4756 oraret
3021 4715 3116 4769 pro
3141 4699 3355 4768 regibus
3385 4699 3501 4766 ejus
3527 4705 3673 4766 atque
3696 4691 3793 4746 snb-

2255 4797 2472 4852 limibus
2492 4838 2507 4862 ,
2547 4795 2749 4851 addens
2788 4802 2845 4849 et
2867 4793 3049 4846 dicens
3068 4834 3083 4858 ,
3122 4802 3176 4844 ut
3202 4790 3421 4859 quietam
3442 4798 3488 4843 et
3514 4784 3791 4856 tranquillam

2252 4889 2404 4942 vitam
2433 4902 2645 4959 agamus
2673 4901 2787 4938 cum
2812 4883 2948 4937 omni
2979 4882 3160 4951 pietate
3178 4890 3225 4934 et
3250 4877 3533 4933 charitate'
3553 4878 3590 4949 (Ι
3618 4874 3727 4929 Tun.
3747 4885 3789 4934 tt,

2252 4980 2353 5050 2).
2388 4980 2455 5035 Et
2509 4974 3068 5058 propheta’Jeremias
3113 4986 3235 5027 cum
3287 4970 3484 5040 populo
3527 4968 3613 5023 Dei
3657 4961 3789 5019 veteri

2253 5085 2530 5129 venturam
2558 5072 2576 5101 '*
2610 5055 2989 5140 prautuntiaret
3032 5064 3435 5131 captivitatem,
3482 5070 3536 5116 et
3579 5055 3789 5114 divinitus

2254 5167 2541 5235 imperaret
2567 5170 2624 5216 ut
2651 5159 2961 5215 obedienter
2984 5155 3036 5209 in
3060 5152 3404 5225 Babyloniam
3426 5152 3577 5214 irent,
3606 5149 3699 5202 Deo
3716 5154 3789 5196 suo

2254 5260 2413 5313 etiam
2434 5255 2533 5311 ista
2555 5250 2804 5324 patientia
2827 5249 3143 5313 servientes,
3162 5244 3433 5299 tnonuitet
3453 5243 3564 5313 ipse
3580 5246 3788 5294 utorareo

2279 5496 2291 5508 .
2320 5435 2337 5467 ι
2362 5431 2467 5508 sola
2512 5429 2661 5481 editio
2700 5434 2809 5477 Lov.
2833 5430 2879 5476 et
2921 5421 3032 5475 ideo
3052 5433 3146 5472 non
3167 5418 3379 5480 uirtutes,
3405 5416 3611 5473 virtutes,
3646 5409 3717 5459 sed
3734 5404 3786 5454 ri-

2722 5606 3021 5686 et_castitate
3065 5618 3084 5657 :
3127 5604 3266 5667 juxta
3304 5599 3549 5663 vulgatam
3582 5603 3628 5647 et
3680 5593 3787 5654 iam

2232 5720 2233 5723 η
2263 5671 2489 5742 graecum,
2515 5676 2596 5727 kai
2618 5671 2880 5725 Semnoléti.
3050 5730 3060 5740 Ι
3317 5724 3327 5735 .

2318 5741 2342 5773 ⁸
2370 5742 2531 5800 Abest,
2554 5743 2815 5800 venturam,
2836 5735 2890 5800 in
2914 5729 3402 5800 cogimbusmnogt’rts.‘
3430 5730 3525 5800 MM.

2324 5772 2537 5867 (άῖῗίῖῐὲ
2558 5772 2815 5851 ἱῖἕτέιῆἰίἰὶῗ
2835 5772 3327 5853 1':L.'13;"n3725;26,
3358 5792 3409 5835 et
3430 5784 3510 5833 lib.
3539 5780 3608 5840 tl,
3631 5791 3658 5826 η
3691 5772 3732 5826 ι.
