3976 6510
253 417 355 472 657

254 536 337 578 tur
374 538 468 593 pro
497 521 584 577 illa
608 562 622 587 ,
646 521 832 576 dicens
859 561 874 586 ,
899 520 1016 590 quia
1052 519 1104 572 in
1138 519 1248 588 ejus
1283 526 1354 571 est
1385 533 1505 586 pace
1542 533 1644 586 pax
1685 526 1847 570 vestra

256 615 468 680 (Jerem.
491 628 639 677 xxix,
664 613 744 681 7),
769 611 948 679 utique
969 610 1180 664 interim
1201 608 1531 678 temporalis,
1556 622 1672 676 quae
1694 606 1850 661 bonis

256 705 517 773 malisque
541 702 841 756 communis
865 708 966 754 est.

255 792 482 850 CAPUT
520 791 733 846 XXVII.
774 820 844 831 --
887 789 962 844 De
1002 805 1124 858 pace
1165 789 1483 842 servientium
1531 786 1673 851 Deo,
1705 787 1850 856 cujus

330 889 547 954 perfecta
579 882 920 937 tranquillitas
955 881 1008 934 in
1030 881 1125 934 hac
1153 880 1416 950 temporali
1440 879 1541 933 vita
1567 895 1667 932 non
1693 887 1851 947 potest

331 973 667 1044 apprehendi.

335 1069 440 1122 Pax
469 1076 648 1121 autem
680 1073 862 1120 nostra
892 1064 1127 1134 propria,
1157 1071 1211 1117 et
1241 1061 1326 1116 hic
1355 1070 1440 1117 est
1463 1077 1583 1116 cum
1617 1061 1728 1116 Deo
1759 1075 1853 1130 per

265 1159 422 1216 tidem
443 1199 458 1223 ,
484 1159 616 1213 etin
641 1166 899 1211 aeternum
934 1156 1035 1210 erit
1059 1169 1180 1209 cum
1212 1154 1304 1208 illo
1329 1168 1424 1222 per
1459 1153 1710 1223 speciem.
1745 1151 1851 1207 Sed

153 1253 168 1268 '
264 1250 351 1304 hic
374 1250 486 1304 sive
511 1249 597 1302 illa
621 1246 920 1302 communis
943 1287 959 1313 ,
980 1245 1094 1299 sive
1122 1253 1304 1299 nostra
1335 1243 1546 1313 propria
1572 1283 1588 1309 ,
1617 1242 1737 1296 talis
1767 1251 1852 1296 est

261 1357 386 1410 pax,
407 1349 466 1394 ut
490 1339 735 1394 solatium
765 1337 991 1392 miseria:
1021 1337 1090 1391 sit
1115 1336 1295 1406 potius
1319 1350 1477 1405 quam
1510 1333 1854 1390 beatitudinis

261 1431 532 1502 gaudium.
562 1430 678 1498 Ipsa
705 1444 916 1498 quoque
943 1437 1124 1483 nostra
1163 1427 1367 1497 justitia
1393 1468 1409 1493 ,
1438 1427 1684 1497 quamvis
1723 1440 1852 1480 vera

264 1525 332 1577 sit
361 1533 577 1590 propter
595 1522 705 1575 veri
726 1520 852 1575 boni
870 1519 1027 1573 finem
1056 1521 1095 1584 ',
1119 1519 1182 1572 ad
1206 1535 1362 1588 quem
1387 1517 1617 1572 refertur
1635 1558 1651 1582 ,
1677 1526 1852 1572 tamen

265 1624 408 1667 tanta
435 1622 517 1666 est
541 1613 591 1665 in
618 1611 717 1666 hac
739 1611 862 1675 vita,
898 1621 956 1664 ut
989 1611 1161 1675 potius
1185 1619 1519 1678 peccatorum
1543 1611 1854 1664 remissione

264 1713 514 1768 constet,
543 1719 700 1772 quam
747 1702 1070 1772 perfectione
1111 1702 1365 1756 virtutum
1413 1702 1510 1772 (a).
1553 1702 1727 1756 Testis
1774 1713 1858 1756 est

266 1796 442 1850 oratio
470 1796 632 1848 totius
655 1794 884 1849 civitatis
917 1794 1028 1859 Dei,
1053 1808 1170 1863 qua:
1202 1793 1570 1862 peregrinatur
1594 1794 1644 1846 in
1677 1793 1852 1846 terris.

268 1889 373 1944 Per
396 1889 573 1942 omnia
603 1887 800 1956 quippe
828 1885 1066 1940 membra
1099 1900 1192 1939 sua
1222 1886 1414 1939 clamat
1444 1886 1509 1939 ad
1540 1886 1727 1950 Deum,
1758 1884 1856 1938 Di-

268 1981 410 2034 mitte
430 1980 569 2033 uobis
594 1979 761 2032 debita
786 1989 977 2042 nostra,
1001 1980 1129 2031 sicut
1155 1987 1202 2032 et
1228 1995 1319 2032 uos
1347 1979 1646 2032 dimittimus
1667 1979 1858 2032 debito-

269 2073 408 2124 ribus
448 2069 862 2139 nostris(Matth.
895 2085 969 2130 vt.
1008 2069 1119 2135 12).
1148 2069 1257 2123 Nec
1299 2084 1396 2138 pro
1430 2070 1508 2123 eis
1548 2080 1630 2124 est
1667 2070 1857 2124 eflicax

269 2161 387 2216 lucc
415 2162 585 2215 oratio
608 2203 622 2226 ,
655 2177 878 2229 quorum
910 2160 1040 2215 fides
1079 2162 1194 2216 sine
1235 2162 1486 2230 operibus
1524 2171 1732 2215 mortua
1777 2172 1859 2216 est

270 2253 476 2321 (Jacobi
520 2253 590 2318 ιι,
625 2253 725 2318 l7,
761 2252 853 2322 26)
884 2269 896 2306 :
927 2252 1020 2306 sed
1064 2268 1160 2321 pro
1201 2253 1280 2306 eis
1321 2267 1548 2321 quorum
1592 2251 1725 2308 fides
1764 2267 1858 2322 per

270 2344 612 2398 dilectionem
665 2354 918 2413 operatur
948 2342 1146 2413 (Galat.
1172 2359 1204 2396 v
1227 2384 1242 2410 ,
1271 2343 1351 2412 6).
1381 2343 1515 2409 Quia
1559 2345 1700 2399 enim
1751 2345 1859 2399 Deo

271 2434 486 2503 quidem
517 2433 726 2488 subdita
749 2474 764 2498 ,
790 2434 841 2487 in
870 2433 969 2488 hac
995 2443 1171 2488 tamen
1199 2433 1506 2489 conditione
1529 2435 1738 2490 mortali
1764 2476 1778 2500 ,
1806 2445 1861 2490 et

271 2540 500 2593 corpore
524 2525 855 2593 corruptibili
883 2525 1024 2594 quod
1053 2535 1308 2595 aggravat
1337 2527 1567 2580 animam
1597 2525 1752 2599 (Sap.
1783 2542 1857 2593 ιιι,

275 2617 365 2686 15)
392 2657 407 2682 ,
435 2629 539 2670 non
583 2614 818 2685 perfecte
848 2615 988 2670 vitiis
1015 2616 1240 2684 imperat
1268 2617 1403 2670 ratio
1428 2658 1443 2682 ,
1473 2615 1593 2671 ideo
1618 2631 1862 2672 necessa-

276 2707 356 2760 ria
397 2715 481 2760 est
516 2706 677 2775 justis
718 2706 836 2761 talis
875 2706 1066 2761 oratio.
1105 2705 1238 2760 Nam
1286 2705 1525 2776 profecto
1560 2723 1860 2777 quanquam

276 2797 590 2866 imperetur,
617 2811 950 2866 nequaquam
975 2797 1091 2850 sine
1109 2797 1358 2851 conflictu
1380 2797 1523 2852 vitiis
1549 2798 1858 2867 imperatur.

278 2886 345 2940 Et
393 2887 575 2955 utique
613 2886 852 2955 subrepit
888 2886 1087 2956 aliquid
1127 2887 1180 2940 in
1225 2886 1328 2941 hoc
1375 2888 1492 2942 loco
1540 2888 1862 2945 infirmitatis

199 3007 211 3011 —
275 2980 436 3032 etiam
483 2979 618 3033 bene
655 2978 958 3048 confligenti
984 3019 999 3043 ,
1031 2980 1144 3033 sive
1189 2979 1433 3034 hostibus
1472 2981 1664 3036 talibus
1708 2983 1864 3038 victis

276 3068 607 3138 subditisque
633 3068 947 3136 dominanti,
973 3069 1133 3134 unde,
1157 3071 1200 3123 si
1225 3085 1333 3123 non
1363 3069 1502 3125 facili
1528 3073 1859 3141 operatione,

275 3168 424 3214 certe
450 3159 593 3214 labili
623 3159 890 3214 locutione
915 3166 1006 3213 aut
1029 3159 1226 3214 volatili
1247 3161 1568 3230 cogitatione
1593 3171 1860 3230 peccetur.

286 3248 354 3302 Et
381 3248 501 3304 ideo
526 3249 774 3318 quamdiu
800 3249 942 3304 vitiis
967 3250 1277 3319 imperatur,
1304 3251 1456 3320 plena
1485 3267 1585 3321 pax
1611 3267 1715 3306 non
1739 3261 1822 3307 est
1848 3271 1861 3306 :

277 3341 400 3410 quia
448 3349 504 3395 ct
545 3341 634 3394 illa
687 3356 805 3410 qua:
854 3343 1150 3404 resistunt.
1183 3343 1487 3412 periculoso
1529 3343 1867 3401 debellantur

279 3431 488 3502 praelia;
519 3439 574 3488 et
597 3433 686 3486 illa
713 3447 832 3502 qua:
860 3434 998 3488 victa
1024 3443 1168 3500 sunt,
1199 3435 1434 3490 nondum
1458 3450 1649 3491 securo
1680 3438 1866 3492 trium-

280 3525 512 3592 phantur
534 3524 666 3590 otio,
699 3524 793 3579 sed
823 3523 997 3579 adhuc
1023 3525 1255 3580 sollicito
1280 3537 1594 3595 premuntur
1620 3527 1863 3598 imperio.

278 3615 334 3668 In
359 3614 442 3669 his
467 3629 597 3686 ergo
622 3615 1026 3677 tentationibus,
1057 3615 1124 3671 de
1149 3616 1342 3685 quibus
1368 3617 1616 3672 omnibus
1643 3617 1694 3672 in
1723 3618 1865 3672 divi-

277 3705 363 3760 nis
389 3706 614 3775 eloquiis
645 3707 875 3761 breviter
914 3706 1114 3761 dictum
1140 3718 1254 3770 est,
1286 3706 1550 3777 Numquid
1579 3725 1678 3762 non
1705 3720 1872 3762 lentam

276 3799 348 3852 tio
368 3808 439 3851 est
464 3800 565 3852 vita
589 3801 811 3851 humana
836 3815 988 3866 super
1009 3809 1190 3853 terram
1208 3798 1330 3868 (Job
1362 3815 1454 3864 vn,
1479 3801 1529 3865 Ι,
1553 3815 1650 3854 sec.
1676 3800 1865 3872 LXX)?

274 3889 395 3957 quis
424 3891 492 3942 ita
523 3890 702 3943 vivere
740 3904 799 3944 se
828 3897 1147 3958 praesumat,
1179 3899 1236 3943 ut
1283 3889 1464 3944 dicere
1493 3891 1624 3956 Deo,
1656 3890 1866 3946 Dimitte

275 3980 420 4033 uobis
448 3980 614 4033 debita
635 3990 828 4046 nostra,
849 3995 952 4034 non
975 3995 1197 4034 necesse
1224 3979 1434 4046 habeat,
1458 3981 1558 4034 nisi
1581 3980 1740 4036 homo
1757 3983 1866 4038 ela-

276 4071 402 4124 tus?
427 4071 533 4124 Nec
572 4087 698 4125 vero
742 4085 964 4140 magnus
985 4112 999 4135 ,
1023 4071 1117 4126 sed
1149 4069 1359 4126 inﬂatus
1387 4087 1449 4125 ac
1478 4072 1707 4127 tumidus
1730 4114 1746 4139 ,
1779 4075 1864 4129 cui

278 4176 375 4228 per
398 4159 655 4229 justitiam
686 4162 886 4216 resistit
921 4162 1010 4231 qui
1038 4162 1260 4230 gratiam
1293 4161 1512 4231 largitur
1549 4161 1860 4221 lmmilibus.

275 4251 502 4321 Propter
542 4251 684 4321 quod
725 4253 980 4322 scriptum
1023 4262 1106 4307 est
1133 4269 1146 4306 :
1175 4251 1314 4306 Deus
1356 4253 1581 4323 superbis
1633 4257 1857 4322 resistit,

343 4384 363 4449 ξ
387 4390 594 4449 veteres
614 4383 741 4449 libri,
766 4393 960 4449 propter
982 4397 1154 4449 verum
1172 4385 1280 4435 boni
1295 4382 1457 4449 linem.

342 4444 418 4507 (a)
441 4444 912 4510 ttonintelligendus
935 4455 1012 4496 est
1035 4446 1117 4495 ille
1142 4444 1460 4510 locus,'quasir
1489 4449 1676 4509 justitia
1699 4459 1862 4501 nostra

273 4506 470 4572 φιιδῑει
489 4506 591 4572 sola
604 4506 901 4572 remissione,
909 4517 1234 4572 peccatorum.
1261 4506 1349 4559 Hic
1364 4506 1537 4572 potius,
1550 4512 1863 4572 quemadmo-

273 4569 392 4617 dum
415 4568 765 4634 animadvertjt
790 4577 855 4634 Aet
889 4568 998 4634 ipse
1031 4568 1372 4634 Bellarminus,
1394 4571 1478 4619 lib.
1505 4571 1534 4620 2
1555 4568 1618 4620 de
1641 4574 1859 4634 .lustific.,

271 4630 484 4697 ωρηίξ,
513 4643 606 4678 non
629 4629 843 4697 excludit
865 4629 1218 4697 perfectionem
1244 4629 1489 4697 virtutum,
1515 4635 1602 4697 sed
1628 4629 1862 4697 prteponit

272 4692 617 4760 remissionem
637 4691 982 4760 peccatl;adeo
1005 4700 1058 4742 ut
1079 4706 1255 4760 sensus
1269 4696 1349 4750 sit,
1372 4696 1605 4760 justitiam
1627 4691 1855 4760 nostram,

273 4764 386 4816 qua:
412 4753 580 4816 partim
606 4753 654 4800 in
693 4754 979 4802 remissione
1026 4755 1225 4814 peccati,
1273 4757 1444 4816 partim
1480 4758 1526 4803 in
1560 4753 1860 4816 perfectione

273 4815 506 4881 virtutum
525 4814 614 4862 sita
633 4821 727 4881 est,
754 4816 909 4881 magis
935 4821 1159 4881 constare
1183 4814 1469 4881 remissione
1494 4814 1693 4877 peccati,
1715 4833 1859 4881 quam

275 4873 579 4942 perfectione
604 4877 797 4942 virtutis
820 4873 988 4942 {illam
1015 4877 1144 4924 enim
1192 4875 1383 4942 plenius
1427 4873 1571 4939 quam
1594 4873 1716 4942 hanc
1733 4873 1861 4942 prte-

271 4935 406 4983 istare
431 4935 663 5000 valemus.
691 4943 743 4986 Et
766 4937 856 5000 hoc
880 4935 1204 5000 etiamsensu
1223 4935 1550 5000 Hieronymus,
1593 4940 1676 4988 lih.
1698 4935 1860 4990 2'con-

274 5005 350 5044 tra
375 4995 558 5061 Pelag.,
592 4998 842 5061 contendit
877 4999 925 5046 in
966 4998 1105 5061 nobis
1150 5011 1262 5047 esse
1304 4995 1468 5047 veram
1486 4995 1719 5061 justitiam
1745 5002 1859 5052 licet

272 5070 369 5105 non
393 5058 585 5106 omnino
629 5059 920 5120 perfectam;
947 5059 1165 5121 perlecta
1197 5067 1362 5110 autem
1398 5068 1474 5110 est
1488 5058 1728 5112 'retnissio
1745 5078 1857 5126 pec-

271 5127 506 5167 catorum.
523 5125 591 5169 Ex
612 5126 832 5183 Coquaeo.

1598 407 1798 461 LIBER
1843 406 2227 465 VICESIMUS.

3432 411 3535 467 658

1954 518 2226 572 humilibus
2247 528 2412 573 autem
2449 521 2535 573 dat
2559 521 2774 590 gratiam
2823 521 2841 591 (
2869 521 3048 575 Jacobi
3078 536 3130 576 tv
3150 563 3163 587 ,
3189 523 3255 585 6;
3285 522 3303 577 I
3328 522 3468 577 Petr.
3493 540 3548 590 ν,

1972 611 2044 678 5).
2081 609 2176 663 llic
2206 610 2382 682 itaque
2408 611 2461 664 in
2488 625 2805 681 unoquoque
2827 611 3030 680 justitia
3056 621 3159 680 est,
3192 623 3250 668 ut
3275 613 3546 668 obedienti

1961 699 2106 755 Deus
2131 699 2352 764 homini,
2375 701 2583 755 animus
2604 702 2836 771 corpori,
2856 703 2992 757 ratio
3017 713 3194 756 autem
3219 704 3358 757 vitiis
3380 704 3542 758 etiam

1960 791 2375 859 repugnantibus
2406 791 2647 860 imperet,
2670 791 2751 846 vel
2773 791 3090 860 subigendo,
3114 793 3195 846 vel
3225 793 3548 857 resistendo;

1959 889 2122 950 atque
2145 890 2201 934 ut
2225 881 2292 934 ab
2319 881 2434 949 ipso
2462 881 2570 934 Deo
2601 891 2810 950 petatur
2839 890 2894 936 et
2921 883 3231 936 meritorum
3262 883 3428 952 gratia
3453 923 3470 949 ,
3496 891 3553 936 et

1960 972 2111 1024 venia
2134 971 2471 1036 delictorum,
2489 985 2552 1024 ac
2575 970 2642 1025 de
2670 972 2900 1040 acceptis
2921 972 3074 1026 bonis
3096 973 3384 1042 gratiarum
3409 972 3556 1028 actio

1963 1061 2316 1130 persolvatur.
2346 1060 2404 1115 In
2438 1061 2524 1115 illa
2555 1075 2682 1116 vero
2713 1076 2843 1131 pace
2868 1062 3040 1124 finali,
3073 1078 3181 1132 quo
3229 1062 3508 1118 referenda
3533 1103 3549 1131 ,

1961 1166 2015 1210 et
2035 1155 2188 1224 cujus
2215 1154 2571 1224 adipiscenda:
2601 1169 2759 1209 causa
2799 1154 3039 1210 habenda
3067 1164 3148 1210 cst
3179 1156 3277 1209 ista
3301 1156 3508 1224 justitia
3530 1195 3548 1220 ,

1961 1246 2210 1315 quoniam
2262 1255 2445 1300 sanata
2495 1245 2892 1300 immortalitate
2943 1255 3102 1315 atque
3153 1246 3552 1316 incorruptione

1961 1344 2148 1389 natura
2172 1335 2295 1390 vitia
2323 1350 2428 1390 non
2460 1335 2714 1400 habebit,
2743 1349 2842 1390 nec
2876 1336 3158 1405 unicuique
3187 1345 3425 1390 nostrum
3466 1337 3552 1391 vel

1963 1426 2029 1481 ab
2056 1426 2161 1480 alio
2190 1426 2271 1480 vel
2299 1442 2326 1480 a
2359 1441 2417 1482 se
2447 1426 2564 1495 ipso
2593 1426 2882 1496 quidquam
2914 1426 3248 1495 repugnabit,
3279 1443 3386 1482 non
3415 1442 3552 1496 opus

1963 1519 2067 1572 erit
2110 1527 2167 1572 ut
2208 1519 2344 1573 ratio
2383 1520 2562 1585 vitiis,
2591 1534 2710 1589 qua:
2755 1519 2899 1572 nulla
2938 1528 3133 1584 erunt,
3159 1521 3383 1589 imperet
3412 1537 3424 1572 :
3458 1519 3552 1573 sed

1964 1608 2244 1677 imperabit
2289 1610 2428 1664 Deus
2470 1609 2712 1676 homini,
2741 1609 2953 1663 animus
3007 1615 3259 1678 corpori;
3302 1619 3552 1678 tantaque

1962 1699 2245 1754 obediendi
2267 1701 2339 1755 ibi
2371 1701 2472 1756 erit
2500 1701 2732 1756 suavitas
2751 1710 2805 1756 et
2826 1700 3052 1755 facilitas
3077 1741 3092 1767 ,
3121 1711 3318 1770 quanta
3341 1702 3553 1755 vivendi

1964 1791 2328 1862 regnandique
2349 1792 2594 1847 felicitas.
2625 1793 2689 1848 Et
2713 1793 2815 1848 hoc
2843 1793 2948 1848 illic
2992 1794 3042 1846 in
3078 1794 3327 1847 omnibus
3354 1794 3370 1824 ¹
3397 1801 3556 1862 atque

1964 1885 2019 1938 in
2067 1886 2290 1954 singulis
2337 1895 2594 1940 :eternnm
2626 1887 2729 1940 erit
2752 1926 2765 1950 ,
2790 1894 3156 1954 aeternumque
3186 1899 3306 1940 esse
3349 1894 3558 1939 certum

1963 1977 2066 2030 erit
2087 1995 2098 2028 :
2118 1987 2171 2031 et
2187 1977 2306 2031 ideo
2331 1992 2429 2044 pax
2452 1977 2792 2031 beatitudinis
2815 1975 2991 2046 hujus,
3011 1975 3094 2030 vel
3119 1975 3392 2031 beatitudo
3413 1975 3556 2044 pacis

1966 2066 2146 2135 hujus,
2177 2082 2444 2121 summum
2475 2067 2670 2122 bonum
2703 2068 2825 2122 erit.

1965 2158 2190 2214 CAPUT
2230 2158 2464 2213 XXVIII.
2487 2188 2559 2200 ——
2582 2158 2649 2213 In
2669 2175 2814 2227 quem
2844 2159 2996 2228 finem
3018 2168 3250 2214 venturus
3289 2161 3352 2213 sit
3393 2169 3558 2213 exitus

2619 2251 2912 2321 impiorum.

2039 2341 2236 2395 Eorum
2263 2351 2438 2395 autem
2469 2341 2555 2412 qui
2583 2356 2688 2396 non
2721 2342 2985 2411 pertinent
3009 2342 3075 2396 ad
3101 2343 3256 2397 istam
3283 2343 3558 2396 civitatem

1967 2431 2094 2496 Dei,
2124 2432 2227 2486 erit
2252 2441 2307 2486 et
2331 2433 2599 2487 contrario
2630 2433 2842 2488 miseria
2864 2433 3185 2503 sempiterna
3207 2473 3221 2497 ,
3253 2448 3372 2504 qum
3397 2433 3560 2487 etiam

1967 2525 2201 2580 secunda
2231 2539 2378 2579 mors
2401 2524 2594 2579 dicitur
2627 2525 2809 2594 (Apoc.
2838 2540 2873 2579 n
2897 2565 2914 2591 ,
2943 2525 3039 2586 Ii;
3073 2540 3138 2578 xx
3161 2566 3176 2590 ,
3206 2523 3260 2587 6;
3285 2539 3371 2577 xxi
3392 2564 3405 2587 ,
3435 2523 3469 2578 8
3495 2522 3516 2592 )
3544 2541 3558 2575 :

1967 2615 2091 2684 quia
2138 2629 2238 2671 nec
2277 2616 2455 2670 anima
2500 2616 2571 2671 ibi
2614 2615 2794 2670 vivere
2829 2614 3058 2670 dicenda
3084 2623 3166 2668 est
3191 2655 3204 2679 ,
3229 2629 3350 2684 qua:
3383 2628 3412 2666 a
3453 2615 3560 2667 vita

1971 2705 2064 2760 Dei
2085 2707 2312 2762 alienata
2334 2708 2466 2772 erit;
2493 2720 2593 2761 nec
2618 2720 2834 2774 corpus,
2861 2703 3005 2774 quod
3035 2705 3248 2758 aeternis
3285 2703 3560 2758 doloribus

1968 2798 2284 2868 subjacebit.
2311 2800 2389 2854 Ac
2416 2813 2511 2868 per
2540 2799 2641 2854 hoc
2681 2797 2801 2852 ideo
2826 2797 3012 2851 durior
3033 2797 3141 2850 ista.
3159 2795 3392 2850 secunda
3419 2809 3564 2848 mors

1971 2891 2091 2955 erit,
2119 2892 2240 2960 quia
2274 2891 2412 2944 finiri
2435 2899 2604 2945 morte
2634 2904 2740 2944 non
2769 2888 2984 2958 poterit.
3011 2886 3116 2942 Sed
3143 2885 3394 2955 quoniam
3425 2886 3566 2939 sicut

1971 2983 2186 3037 miseria
2217 2981 2555 3047 beatitudini,
2580 2990 2634 3037 et
2660 2996 2807 3035 mors
2832 2980 2984 3044 vitm,
3008 2979 3081 3032 ita
3110 2977 3305 3032 bellum
3338 2977 3452 3045 paci
3480 2977 3562 3030 vi-

1972 3074 2129 3130 detur
2155 3089 2273 3128 esse
2303 3073 2658 3137 contrarium;
2693 3071 2885 3126 merito
2905 3070 3192 3139 quaeritur,
3215 3069 3355 3121 sicut
3383 3082 3482 3137 pax
3510 3068 3561 3120 in

1972 3167 2235 3221 bonorum
2277 3164 2471 3219 finibus
2511 3163 2794 3234 prtedicata
2823 3170 2906 3217 est
2949 3170 3108 3230 atque
3141 3159 3350 3214 laudata
3376 3200 3392 3225 ,
3422 3159 3564 3228 quod

1973 3258 2058 3313 vel
2079 3259 2234 3327 quale
2255 3257 2452 3312 bellum
2480 3257 2530 3311 in
2556 3257 2746 3310 finibus
2764 3255 3022 3308 malorum
3051 3269 3081 3309 e
3100 3255 3368 3307 contrario
3396 3251 3565 3321 possit

1976 3350 2215 3419 intelligi.
2274 3348 2466 3402 Verum
2519 3347 2608 3416 qui
2645 3344 2748 3400 hoc
2789 3345 2979 3414 quierit
3007 3384 3022 3406 ,
3053 3342 3291 3396 attendat
3338 3340 3464 3410 quid
3511 3341 3564 3394 in

1975 3441 2116 3496 bello
2147 3440 2362 3494 noxium
2385 3439 2846 3508 perniciosumque
2871 3437 2961 3501 sit,
2983 3443 3036 3489 et
3051 3434 3252 3489 videbit
3273 3433 3401 3486 nihil
3421 3433 3566 3486 aliud

1973 3545 2130 3595 esse,
2161 3544 2317 3599 quam
2349 3530 2486 3582 inter
2510 3542 2570 3582 se
2613 3543 2791 3581 rerum
2834 3525 3210 3580 adversitatem
3252 3533 3408 3593 atque
3433 3537 3564 3577 con.

1974 3619 2200 3673 flictum.
2231 3618 2383 3684 Quod
2415 3619 2573 3686 igitur
2603 3616 2799 3671 bellum
2827 3617 3042 3685 gravius
3070 3623 3122 3668 et
3151 3616 3384 3668 amarius
3414 3616 3560 3683 cogi-

1975 3709 2075 3764 tari
2103 3718 2297 3778 potest,
2323 3722 2484 3777 quam
2511 3706 2603 3760 ubi
2632 3707 2878 3761 voluntas
2905 3706 2982 3759 sic
3006 3705 3226 3759 adversa
3255 3713 3337 3759 est
3365 3705 3566 3772 passio—

1973 3801 2049 3867 ni,
2079 3811 2134 3855 et
2161 3800 2335 3869 passio
2364 3797 2646 3864 voluntati,
2672 3805 2730 3852 ut
2749 3796 2945 3850 nullius
2969 3810 3156 3850 earum
3179 3795 3395 3848 victoria
3429 3795 3563 3849 tales

1971 3893 2261 3950 inimicitiae
2279 3893 2547 3955 finiantur;
2561 3899 2616 3946 et
2632 3890 2720 3944 ubi
2741 3890 2818 3943 sic
2841 3887 3076 3958 confligit
3096 3901 3212 3942 cum
3245 3886 3354 3955 ipsa
3376 3896 3561 3939 natura

1971 3987 2212 4056 corporis
2265 3984 2344 4040 vis
2394 3983 2594 4038 doloris
2621 4023 2634 4045 ,
2664 3989 2722 4035 ut
2760 3989 3009 4035 neutrum
3059 3979 3208 4031 alteri
3245 3977 3437 4031 cedat?
3467 3977 3563 4030 Hic

1972 4079 2113 4133 enim
2133 4078 2345 4147 quando
2366 4075 2623 4144 contingit
2648 4074 2748 4128 iste
2773 4071 3071 4133 conﬂictus,
3095 4078 3185 4124 aut
3206 4069 3358 4123 dolor
3377 4069 3560 4129 vincit,

1973 4181 2026 4227 et
2055 4186 2270 4226 sensum
2299 4183 2445 4224 mors
2467 4167 2653 4222 adimit
2678 4182 2692 4231 ;
2726 4174 2816 4220 aut
2845 4172 3031 4218 natura
3060 4162 3219 4217 vineit
3247 4163 3288 4224 ',
3321 4173 3371 4216 et
3403 4160 3558 4214 dolo-

1971 4279 2083 4317 rem
2134 4263 2334 4316 sanitas
2376 4260 2530 4314 tollit.
2576 4257 2652 4313 Ibi
2704 4265 2878 4312 autem
2935 4263 2988 4309 et
3042 4254 3197 4308 dolor
3244 4261 3558 4321 permanet,

1971 4365 2028 4408 ut
2055 4353 2272 4422 affligat;
2289 4361 2344 4407 et
2370 4361 2558 4405 natura
2584 4348 2856 4420 perdurat,
2875 4356 2934 4402 ut
2960 4347 3182 4401 sentiat:
3204 4346 3324 4414 quia
3351 4355 3557 4397 utrum-

1970 4465 2075 4520 que
2106 4448 2226 4503 ideo
2253 4463 2359 4502 non
2388 4445 2589 4511 deficit,
2612 4459 2681 4500 ne
2707 4458 2860 4514 ptena
2887 4442 3118 4496 deliciat.
3149 4441 3228 4494 Ad
3259 4439 3356 4493 hos
3385 4447 3561 4490 autem

1969 4540 2102 4594 lines
2146 4540 2405 4594 bonorum
2435 4547 2489 4592 et
2528 4537 2790 4591 malorum
2819 4573 2837 4598 ,
2867 4533 2988 4585 illos
3028 4529 3356 4598 expetendos
3383 4568 3396 4588 ,
3431 4529 3563 4580 istos

1967 4631 2258 4695 cavendus,
2287 4630 2536 4700 quoniam
2576 4641 2672 4695 per
2706 4623 2964 4694 judicium
2996 4621 3295 4676 transibunt
3327 4618 3392 4672 ad
3441 4619 3561 4670 illos

1968 4728 2090 4784 boni
2115 4768 2128 4790 ,
2157 4723 2222 4778 ad
2271 4723 2402 4775 istos
2448 4718 2608 4781 mali;
2641 4715 2710 4770 de
2737 4716 2841 4770 hoc
2864 4713 3068 4783 judicio
3091 4753 3108 4777 ,
3131 4721 3387 4780 quantum
3422 4710 3562 4764 Deus

1968 4815 2265 4878 donaverit,
2293 4814 2343 4866 in
2372 4807 2720 4877 consequenti
2753 4805 3021 4860 volumine
3042 4802 3344 4871 disputabo.

2031 4942 2046 4971 ί
2075 4938 2211 4996 aditi,
2256 4931 2470 4984 omnibus
2832 4924 2996 4984 Abest,
3038 4917 3322 4977 hominibus,
3346 4930 3373 4968 a
3396 4930 3562 4968 manu.

1966 5008 2203 5118 “illi?
2228 5063 2308 5106 aut
2346 5060 2520 5106 natura
2557 5049 2828 5118 perdurans
2851 5041 3013 5097 m'ncit.
3046 5043 3162 5092 mliti
3199 5041 3277 5090 alii
3324 5047 3375 5090 et
3397 5052 3562 5089 manu-

1964 5127 2074 5186 scrit
2093 5125 2126 5173 ti
2152 5111 2322 5171 carent
2344 5117 2514 5174 verbo,
2536 5111 2826 5178 perdurans.

2456 5199 3562 5231 _____.-.————————_—-

2169 5219 2450 5237 β

1172 5276 1658 5383 LIBER
1733 5241 2408 5387 mons.th
2420 5271 2626 5377 US.

497 5465 566 5507 De
583 5458 763 5520 judicio
783 5457 1063 5518 novhsimo,
1089 5457 1253 5520 deque
1275 5459 1565 5508 testimoniis
1586 5471 1696 5508 cum
1719 5462 1850 5521 Novi,
1880 5470 1983 5511 tum
2007 5463 2198 5510 veteris
2219 5457 2547 5516 lnstrumentl,
2571 5453 2753 5517 quibus
2771 5451 3085 5501 denuntiatur
3109 5446 3338 5495 futurum.

271 5563 500 5621 CAPUT
539 5564 822 5620 PRIMUM.
867 5595 940 5605 —
984 5564 1131 5630 Quod
1185 5565 1410 5631 quamvis
1454 5566 1590 5618 omni
1643 5575 1862 5635 tempore

348 5657 482 5710 Deus
495 5657 713 5727 judicet,
741 5658 792 5710 in
820 5657 912 5710 hoc
933 5666 1096 5709 tamen
1124 5656 1253 5709 libro
1273 5656 1336 5710 de
1362 5659 1628 5711 novissimo
1650 5659 1757 5728 ejus
1771 5661 1862 5728 ju-

345 5747 479 5800 dicio
509 5749 572 5801 sit
603 5748 803 5816 praprie
819 5747 1200 5815 disputandum.

347 5839 398 5894 l.
430 5838 503 5896 De
531 5839 615 5896 die
651 5840 820 5896 ultimi
850 5839 1033 5911 judicii
1062 5839 1176 5909 Dei,
1214 5839 1354 5912 quod
1400 5840 1516 5912 ipse
1554 5841 1852 5910 donaverit,

1969 5567 2218 5626 locuturi,
2247 5575 2479 5630 eumque
2505 5557 2760 5614 asserturi
2791 5556 3043 5612 adversus
3081 5553 3270 5622 impios
3299 5559 3352 5605 et
3377 5548 3557 5606 incre-

1967 5657 2152 5720 dulos,
2185 5664 2433 5723 tanquam
2478 5652 2530 5704 in
2573 5649 2781 5704 aedilicii
2811 5646 3157 5701 fundamento
3187 5644 3331 5712 prius
3361 5657 3559 5711 ponere

1969 5747 2268 5804 testimonia
2310 5743 2485 5798 divina
2528 5742 2804 5796 debemus.
2847 5739 3048 5807 Quibus
3087 5738 3173 5807 qui
3221 5735 3400 5790 nolunt
3441 5748 3557 5785 cre-

1965 5841 2119 5910 dere,
2140 5836 2384 5896 humanis
2409 5832 2722 5893 ratiunculis
2751 5830 2898 5892 falsis
2933 5840 3091 5903 atque
3121 5827 3392 5888 fallacibus
3419 5837 3556 5881 can-
