4004 6528
514 413 617 471 659

501 518 762 573 travcnire
790 522 1062 578 conantur,
1105 514 1169 569 ad
1210 514 1312 569 hoc
1354 521 1409 568 ut
1453 521 1543 567 aut
1582 514 1723 569 aliud
1767 515 2065 586 significare

502 605 824 659 contendant
865 604 1004 674 quod
1041 603 1319 658 adhibetur
1359 602 1713 659 testimonium
1749 605 1815 658 de
1857 604 2073 660 Litteris

499 697 694 759 'sacris,
719 702 809 747 aut
827 694 1041 748 omnino
1066 693 1316 747 divinitus
1342 707 1460 748 esse
1485 693 1681 748 dictum
1705 704 1916 764 negent.
1941 695 2071 749 Nam

502 788 703 840 nullum
738 785 983 839 existimo
1022 800 1142 840 esse
1179 786 1501 851 mortalium,
1531 786 1620 856 qui
1648 802 1768 841 cum
1806 802 1901 854 ea,
1936 788 2075 842 sicut

499 880 639 934 dicta
678 887 820 942 sunt,
861 876 1198 940 intellexerit,
1229 883 1283 931 et
1306 891 1335 929 a
1364 891 1572 932 summo
1595 891 1658 930 ac
1685 892 1810 933 vero
1845 878 1952 931 Deo
1980 893 2075 947 per

500 968 706 1020 animas
738 976 946 1022 sanctas
984 966 1123 1021 dicta
1158 981 1276 1021 esse
1320 966 1639 1029 crediderit,
1671 982 1773 1020 non
1814 968 1893 1021 eis
1925 968 2079 1021 cedat

505 1065 663 1125 atque
689 1058 983 1111 consentiat
1016 1074 1029 1109 :
1059 1058 1171 1111 sive
1201 1057 1251 1111 id
1272 1058 1429 1111 etiam
1456 1073 1549 1112 ore
1579 1057 1818 1122 fateatur,
1848 1060 1961 1113 sive
1985 1060 2079 1113 ali-

506 1161 612 1215 quo
639 1147 765 1199 vitio
796 1147 942 1201 fateri
972 1147 1272 1210 erubescat,
1296 1154 1386 1200 aut
1413 1156 1643 1210 metuat;
1672 1148 1753 1202 vel
1774 1150 1930 1202 etiam
1955 1163 2075 1217 per-

507 1236 700 1290 vicacia
742 1230 1006 1290 simillima
1042 1236 1292 1301 insaniae,
1320 1235 1372 1289 id
1401 1235 1543 1304 quod
1571 1235 1757 1289 falsum
1781 1238 2070 1312 esse_novit

508 1335 596 1378 aut
620 1326 822 1389 credit,
852 1334 1037 1380 contra
1066 1326 1119 1380 id
1149 1327 1287 1395 quod
1317 1340 1501 1380 verum
1528 1341 1645 1381 esse
1672 1328 1816 1381 novit
1850 1335 1941 1380 aut
1965 1341 2081 1381 ere-

509 1414 606 1479 dit,
629 1416 787 1468 ctiam
812 1414 1293 1469 contentiosissime
1322 1414 1609 1470 defendere
1638 1418 1899 1471 moliatur.

578 1504 634 1557 2.
673 1504 824 1572 Quod
863 1519 990 1575 ergo
1035 1506 1088 1559 in
1128 1508 1456 1561 confessione
1483 1523 1545 1561 ac
1573 1507 1901 1578 professione
1941 1518 2081 1564 tenet

511 1595 683 1648 omnis
717 1595 951 1649 Ecclesia
990 1596 1079 1650 Dei
1115 1597 1245 1663 veri,
1273 1598 1537 1653 Christum
1558 1600 1623 1653 de
1647 1599 1784 1654 ctelo
1810 1614 1928 1655 esse
1954 1615 2079 1654 ven-

513 1692 687 1738 turum
725 1685 792 1739 ad
824 1687 969 1740 vivos
1006 1701 1070 1742 ac
1111 1696 1350 1743 mortuos
1382 1689 1715 1758 iudicandos,
1746 1692 1883 1745 hunc
1918 1690 2080 1745 divini

512 1776 689 1844 judicii
730 1777 971 1830 ultimum
1007 1777 1147 1832 diem
1186 1778 1442 1845 dicimus,
1482 1781 1534 1835 id
1586 1790 1691 1845 est,
1738 1783 2081 1836 novissimum

514 1876 743 1935 tempus.
783 1866 915 1923 Nam
955 1883 1047 1937 per
1083 1878 1212 1939 quot
1248 1870 1362 1927 dies
1400 1871 1501 1926 hoc
1529 1873 1780 1943 judicium
1818 1874 2079 1939 tendatur,

516 1955 776 2011 incertum
825 1966 907 2012 est
950 1976 963 2012 :
1005 1959 1097 2014 sed
1142 1958 1531 2029 Scripturarum
1583 1978 1730 2017 more
1782 1974 2078 2018 sanctarum

518 2047 658 2101 diem
689 2048 809 2116 poni
838 2049 1010 2105 solere
1035 2065 1131 2119 pro
1156 2060 1416 2120 tempore,
1447 2068 1605 2108 nemo
1630 2054 1719 2123 qui
1744 2054 1861 2109 illas
1882 2055 2082 2111 litteras

516 2138 799 2206 quamlibet
830 2139 1151 2208 negligenter
1171 2140 1373 2210 legerit,
1398 2143 1583 2197 nescit.
1612 2143 1733 2198 Ideo
1761 2152 1935 2197 autem
1962 2160 2083 2200 eum

517 2227 657 2281 diem
696 2227 875 2296 judicii
919 2228 1009 2282 Dei
1054 2229 1298 2295 dicimus,
1329 2232 1569 2286 addimus
1606 2234 1845 2286 ultimum
1874 2233 1952 2288 vel
1984 2248 2083 2287 no-

518 2316 819 2382 vissimum;
850 2317 969 2385 quia
1004 2328 1059 2373 et
1095 2335 1232 2373 nunc
1255 2320 1472 2389 judicat,
1499 2331 1556 2377 et
1588 2322 1655 2375 ab
1685 2323 1897 2376 humani
1925 2339 2086 2393 gene-

516 2408 590 2461 ris
631 2407 780 2461 initio
809 2407 1083 2476 judicavit,
1108 2410 1379 2465 dimittens
1405 2412 1470 2466 de
1496 2411 1768 2481 paradiso,
1802 2424 1853 2468 et
1879 2429 1908 2467 a
1940 2415 2083 2483 ligno

515 2500 634 2553 vita:
670 2514 919 2569 separaris
953 2502 1150 2570 primos
1178 2504 1416 2560 homines
1453 2506 1650 2574 peccati
1690 2507 1862 2577 magni
1893 2522 2078 2575 perpe-

518 2598 779 2645 tratores:
807 2592 913 2645 imo
948 2594 1106 2647 etiam
1141 2596 1351 2663 quando
1388 2597 1589 2667 angelis
1616 2598 1950 2666 peccantibus
1978 2613 2081 2653 non

518 2682 751 2749 pepercit
778 2682 796 2751 (
814 2682 854 2735 ll
886 2681 1026 2736 Petr.
1049 2694 1107 2749 ιι,
1139 2686 1167 2739 4
1188 2686 1229 2753 ),
1256 2700 1479 2755 quorum
1511 2688 1753 2757 princeps
1784 2687 2024 2741 homines
2050 2702 2081 2741 a

515 2785 575 2824 se
598 2772 710 2839 ipso
732 2772 1046 2827 subversus‘
1078 2775 1360 2831 invidendo
1390 2778 1665 2841 subvertit,
1702 2779 1883 2847 procul
1924 2777 2084 2832 dublo

515 2860 784 2929 judicavit.
830 2862 938 2917 Nec
971 2864 1085 2919 sine
1120 2867 1261 2921 illius
1290 2868 1396 2922 alto
1416 2868 1665 2938 justoque
1690 2869 1907 2938 judicio,
1936 2879 1990 2925 et
2031 2871 2082 2923 in

518 2949 618 3006 hoc
642 2954 788 3007 aerio
810 2954 967 3019 cmlo,
989 2963 1044 3009 et
1071 2955 1123 3009 in
1145 2957 1319 3021 terris,
1339 2967 1392 3011 et
1410 2958 1708 3012 daemonum
1736 2968 1791 3014 et
1813 2958 2082 3012 hominum

518 3045 809 3098 miserrima
833 3046 1059 3112 estvita,
1080 3049 1349 3102 erroribus
1376 3050 1729 3119 arrumnisque
1758 3050 2081 3118 plenissima.

522 3132 715 3187 Verum
739 3136 835 3189 etsi
864 3150 1021 3189 nemo
1048 3146 1319 3205 peccasset
1336 3178 1350 3200 ,
1388 3153 1493 3191 non
1519 3139 1635 3193 sine
1663 3138 1803 3193 bono
1832 3146 2086 3206 rectoque

514 3223 713 3293 judicio
749 3226 1048 3281 universam
1080 3228 1388 3283 rationalem
1414 3239 1709 3283 creaturam
1740 3244 2084 3298 perseveran-

519 3315 721 3368 tissime
747 3316 842 3370 sibi
874 3316 1095 3370 Domino
1132 3331 1231 3372 suo
1266 3319 1622 3373 cohaerentem
1652 3320 1702 3373 in
1732 3329 1927 3374 :eterna
1961 3321 2086 3373 bea-

520 3403 745 3458 titudine
766 3405 1031 3459 retineret.
1058 3404 1266 3461 Judicat
1284 3408 1463 3471 etiam,
1487 3424 1590 3462 nou
1617 3408 1784 3462 solum
1810 3409 2084 3462 universa-

522 3493 643 3548 liter
666 3493 735 3551 de
755 3508 948 3563 genere
975 3494 1273 3550 dazmonum
1313 3506 1469 3565 atque
1504 3498 1795 3559 hominum,
1825 3508 1883 3552 ut
1907 3499 2083 3552 miseri

521 3583 630 3637 sint
676 3592 889 3654 propter
933 3584 1219 3653 primorum
1268 3586 1514 3641 meritum
1571 3596 1941 3655 peccatorum;
1989 3587 2083 3641 sed

520 3674 678 3726 etiam
712 3672 779 3728 de
810 3674 1135 3743 singulorum
1166 3676 1413 3744 operibus
1448 3677 1705 3747 pr0priis,
1742 3693 1858 3747 qua:
1898 3686 2088 3746 gerunt

520 3762 739 3816 arbitrio
757 3765 1058 3819 voluntatis.
1094 3764 1223 3819 Nam
1250 3775 1303 3820 et
1330 3766 1598 3821 daemones
1623 3783 1691 3822 ne
1720 3778 2081 3837 torqueantur,

520 3863 798 3918 precantur
841 3853 1051 3923 (Matth.
1092 3871 1205 3918 vm,
1250 3854 1345 3927 29)
1375 3873 1391 3912 :
1420 3872 1519 3911 nec
1558 3858 1737 3926 utique
1774 3859 1965 3926 injuste
2001 3858 2084 3913 vel

518 3943 750 4009 parcitur
781 3944 889 4011 eis,
916 3946 998 3999 vel
1031 3960 1123 4014 pro
1146 3962 1239 4000 sua
1260 3948 1454 4017 quique
1473 3948 1803 4017 improbitate
1831 3960 2084 4019 torquen-

517 4040 625 4087 tur.
672 4034 737 4088 Et
775 4034 1015 4091 homines
1046 4037 1352 4107 plerumque
1383 4048 1585 4107 aperte,
1613 4055 1824 4109 semper
1858 4042 2082 4108 occulte,

522 4125 675 4180 luunt
692 4142 788 4196 pro
813 4129 924 4181 suis
947 4127 1099 4183 factis
1124 4130 1377 4186 divinitus
1398 4146 1600 4202 pmnas,
1624 4133 1736 4189 sive
1758 4135 1808 4187 in
1830 4133 1930 4190 hac
1957 4135 2082 4201 vita,

523 4216 636 4269 sive
659 4226 774 4284 post
802 4228 1023 4271 mortem
1060 4236 1072 4271 :
1097 4222 1334 4287 quamvis
1363 4224 1537 4275 nullus
1564 4222 1833 4277 hominum
1860 4233 1981 4293 agat
2002 4238 2087 4278 re-

521 4313 629 4370 cte,
656 4306 757 4359 nisi
790 4306 967 4361 divino
999 4307 1274 4377 adjuvetur
1302 4311 1528 4375 auxilio;
1576 4312 1749 4366 nullus
1785 4313 2086 4366 daemonum

523 4404 616 4449 aut
642 4396 911 4451 hominum
940 4409 1061 4467 agat
1090 4399 1299 4467 inique,
1330 4400 1429 4453 nisi
1463 4401 1642 4454 divino
1678 4401 1967 4471 eodemque
2002 4403 2087 4471 ju-

522 4489 755 4545 stissimo
768 4489 967 4560 judicio
985 4494 1337 4563 permittatur.
1366 4494 1512 4550 Sicut
1535 4496 1673 4549 enim
1692 4498 1765 4549 ait
1782 4497 2084 4566 Apostolus,

474 4574 484 4641 ἶ
523 4578 644 4633 Non
671 4591 742 4634 est
764 4582 997 4652 iniquitas
1022 4586 1161 4651 apud
1193 4584 1354 4639 Deum
1382 4585 1558 4654 (Rom.
1598 4602 1670 4652 Ix,
1704 4586 1821 4654 M);
1853 4596 1925 4649 ct,
1954 4587 2089 4641 sicut

468 4700 469 4703 η
521 4671 635 4740 ipse
661 4671 781 4725 alibi
801 4672 947 4736 dicit,
973 4672 1327 4730 Inscrutabs'lia
1346 4684 1458 4729 sunt
1472 4677 1671 4741 judicia
1692 4677 1803 4737 Dei,
1823 4689 1867 4731 et
1888 4680 2088 4732 investi-

460 4748 463 4755 ’
520 4761 706 4831 gabiles
740 4764 836 4817 eia:
856 4765 964 4835 ejus
987 4764 1005 4835 (
1032 4763 1117 4818 Id.
1144 4781 1216 4828 xl,
1243 4767 1312 4821 33
1332 4768 1371 4836 ).
1416 4766 1528 4820 Non
1562 4768 1719 4835 igitur
1743 4769 1793 4821 in
1822 4768 1923 4822 hoc
1952 4770 2088 4823 libro

523 4850 592 4905 de
617 4852 717 4906 illis
742 4854 942 4921 primis,
970 4870 1067 4908 nec
1090 4854 1158 4909 de
1185 4856 1297 4909 istis
1326 4857 1513 4910 mediis
1540 4858 1629 4911 Dei
1647 4857 1877 4925 judiciis,
1899 4860 1993 4913 sed
2021 4858 2087 4913 ile

529 4941 647 5009 ipso
669 4942 953 4996 novissimo
974 4942 1192 5012 judicio,
1217 4955 1467 5014 quantum
1492 4946 1603 5012 ipse
1626 4946 1883 5012 tribuerit,
1906 4948 2087 5016 dispu-

524 5029 668 5097 tabo,
697 5032 904 5099 quando
929 5032 1167 5087 Cbristus
1195 5034 1261 5089 de
1290 5035 1427 5090 cmlo
1450 5043 1705 5088 venturus
1729 5044 1810 5089 est
1831 5038 1973 5091 vivOs
1995 5038 2083 5106 ju-

520 5123 788 5177 dicaturus
811 5134 865 5178 et
888 5134 1141 5180 mortuos.
1183 5125 1285 5181 Iste
1312 5127 1504 5195 quippe
1528 5125 1643 5180 dies
1666 5125 1845 5195 judicii
1878 5129 2086 5197 proprie

516 5216 626 5283 jam
646 5224 884 5281 vocatur,
902 5232 965 5269 eo
993 5217 1131 5287 quod
1162 5219 1335 5272 nullus
1361 5218 1428 5271 ibi
1451 5219 1549 5271 erit
1578 5219 1830 5285 imperita:
1857 5222 2086 5288 querela:

520 5305 691 5368 locus,
713 5321 809 5359 cur
833 5306 1057 5376 injustas
1078 5307 1164 5361 ille
1187 5308 1254 5361 sit
1283 5308 1422 5371 felix,
1451 5318 1503 5361 et
1528 5323 1625 5359 cur
1645 5308 1730 5362 ille
1753 5308 1926 5377 justus
1958 5311 2089 5364 infe-

521 5392 623 5446 lix.
661 5394 906 5449 Omnium
937 5404 1181 5466 namque‘
1202 5407 1328 5452 tunc
1361 5398 1568 5451 nonnisi
1595 5399 1852 5453 bonorum
1880 5415 2002 5454 vera
2033 5411 2087 5455 et

522 5482 675 5549 plena
708 5483 926 5541 felicitas
944 5528 958 5549 ,
986 5495 1043 5542 et
1069 5488 1303 5541 omnium
1332 5487 1541 5542 nonnisi
1568 5488 1827 5543 malorum
1853 5490 2009 5561 digna
2033 5501 2088 5546 et

519 5584 725 5626 summa
751 5573 1025 5631 infelicitas
1044 5577 1337 5648 apparebit.

587 5723 605 5755 ι
650 5720 783 5772 Vini.
810 5734 911 5775 Iun.
937 5733 989 5777 et
1030 5727 1255 5794 plerique
1278 5738 1384 5781 Mss.
1406 5765 1421 5793 ,
1444 5731 1685 5783 subversas
1714 5745 1730 5783 :
1754 5737 1912 5786 minus
1933 5736 2080 5787 bene.

1550 400 1637 456 DE
1674 400 1992 458 ClVlTA'l'E
2031 401 2167 473 DEI,
2207 404 2267 461 S.
2310 401 2671 461 AUGUSTINI

3632 402 3726 462 ϐω

2183 515 2405 573 CAPUT
2434 516 2497 570 ll.
2520 544 2591 555 —
2616 514 2692 567 De
2718 514 2955 568 varietate
2987 528 3152 567 rerum
3180 512 3535 576 humanarum,
3553 513 3734 571 cuinon

2254 614 2411 673 potest
2435 606 2533 657 dici
2558 604 2723 657 deesse
2740 604 2989 673 judicium
3025 602 3140 668 Dei,
3170 602 3396 671 quamvis
3430 612 3632 671 nequeat
3655 620 3731 659 ve-

2248 698 2441 767 stigari.
2839 753 2854 769 .

2247 786 2395 840 Nunc
2440 795 2614 841 autem
2650 793 2705 841 et
2740 787 2878 840 mala
2906 801 3059 856 aequo
3090 787 3270 841 animo
3299 786 3441 841 ferre
3475 782 3737 854 discimus,

2178 884 2296 947 quae
2338 878 2606 947 patiuntur
2645 888 2696 932 et
2736 878 2889 942 boni;
2926 886 2979 932 et
3007 878 3143 932 bona
3178 893 3282 932 non
3319 878 3738 948 magnipendere,
3790 868 3793 873 ”

2179 982 2296 1036 qua:
2315 968 2675 1036 adipiscuntur
2698 978 2751 1023 et
2774 969 2918 1022 mali.
2948 971 3023 1023 Ae
3054 984 3154 1038 per
3177 969 3277 1024 hoc
3298 969 3459 1024 etiam
3485 969 3539 1023 in
3566 968 3643 1023 his
3666 986 3745 1025 re-

2180 1056 2299 1123 bus,
2328 1058 2379 1110 in
2416 1057 2605 1126 quibus
2647 1073 2750 1111 non
2789 1067 3005 1126 apparet
3042 1059 3219 1113 divina
3255 1058 3482 1128 justitia,
3511 1059 3746 1119 salutaris

2180 1158 2261 1203 est
2285 1148 2459 1202 divina
2486 1148 2743 1203 doctrina.
2788 1148 3063 1204 Nescimus
3098 1151 3239 1204 enim
3284 1164 3390 1219 quo
3423 1148 3623 1219 judicio
3659 1150 3747 1205 Dei

2183 1239 2351 1293 bonus
2388 1238 2476 1294 ille
2514 1241 2582 1294 sit
2622 1254 2839 1309 pauper,
2867 1241 3037 1295 malus
3064 1241 3152 1295 ille
3181 1242 3252 1297 sit
3275 1241 3425 1296 dives
3459 1257 3473 1295 :
3503 1240 3605 1297 iste
3631 1256 3750 1311 gau-
3829 1244 3836 1249 '

2181 1328 2323 1394 deat,
2345 1345 2500 1398 quem
2526 1346 2621 1399 pro
2641 1332 2751 1385 suis
2771 1330 2988 1401 perditis
3009 1332 3245 1386 moribus
3266 1332 3491 1386 cruciari
3513 1331 3751 1387 debuisse
3805 1337 3807 1340 ‘

2182 1421 2497 1475 mmrorlbus
2539 1422 2884 1485 arbitramur;
2933 1422 3277 1476 contristetur
3313 1422 3421 1487 ille,
3463 1435 3622 1490 quem
3653 1423 3753 1476 vita

2183 1510 2458 1564 laudabilis
2484 1511 2713 1579 gaudere
2738 1511 2982 1566 debuisse
3010 1512 3291 1580 persuadet
3318 1529 3333 1567 :
3359 1520 3517 1566 exeat
3535 1510 3603 1566 de
3618 1512 3753 1579 judi-

2182 1600 2266 1654 cio
2293 1616 2399 1654 non
2425 1602 2594 1655 solum
2636 1602 2853 1666 inultus,
2888 1617 3073 1656 verum
3103 1602 3262 1657 etiam
3294 1602 3577 1655 damnatus
3606 1602 3752 1655 inno-

2184 1703 2329 1753 cens,
2357 1699 2446 1742 aut
2477 1690 2750 1759 iniquitate
2770 1690 2961 1759 judicis
2988 1707 3222 1760 pressus,
3254 1701 3346 1745 aut
3373 1691 3525 1745 falsis
3544 1692 3759 1747 obrutus

2185 1779 2529 1845 testimoniis;
2574 1794 2606 1834 e
2650 1780 2916 1835 contrario
2961 1781 3223 1836 scelestus
3263 1781 3608 1836 adversarius
3649 1781 3759 1850 ejus

2186 1883 2289 1923 non
2314 1870 2484 1923 solum
2517 1870 2806 1939 impunitus
2824 1911 2840 1935 ,
2870 1885 3052 1925 verum
3078 1873 3237 1926 etiam
3265 1871 3568 1925 vindicatus
3595 1872 3761 1926 insul-

2187 1965 2302 2012 tet:
2333 1957 2522 2025 impius
2564 1960 2762 2027 optime
2803 1959 2991 2025 valeat,
3024 1960 3141 2029 pius
3183 1961 3436 2030 languore
3484 1960 3759 2014 tabescit:

2187 2047 2570 2102 latrociuentur
2614 2049 2877 2103 sanissimi
2920 2049 3183 2118 juvenes;
3227 2059 3282 2104 et
3324 2049 3416 2117 qui
3460 2064 3565 2103 nec
3605 2049 3767 2103 verbo

2186 2152 2503 2207 quemquam
2528 2138 2720 2192 laedere
2739 2147 3042 2207 potuerunt,
3065 2138 3273 2194 diversa
3294 2139 3609 2193 morborum
3629 2149 3769 2192 atru-

2186 2229 2343 2281 citate
2360 2226 2657 2296 affligantur
2678 2227 2904 2281 infantes
2933 2245 2946 2281 :
2974 2227 3116 2281 utilis
3136 2228 3295 2282 rebus
3314 2228 3567 2281 humanis
3588 2231 3771 2281 imma-

2186 2325 2301 2371 tura
2346 2328 2519 2372 morte
2546 2319 2805 2386 rapiatur;
2837 2327 2892 2373 et
2936 2320 3025 2388 qui
3054 2318 3302 2373 videntur
3340 2334 3440 2373 nec
3480 2319 3631 2373 nasci
3673 2319 3767 2373 dc-

2187 2409 2384 2475 buisse,
2408 2408 2703 2465 diutissime
2726 2411 2939 2480 insuper
2968 2412 3146 2465 vivant
3174 2428 3186 2463 :
3218 2412 3408 2481 plenus
3440 2411 3771 2466 criminibus

2186 2498 2500 2553 sublimetur
2525 2499 2833 2565 honoribus,
2853 2509 2905 2555 et
2927 2500 3195 2555 hominem
3217 2502 3333 2555 sine
3365 2500 3591 2569 querela
3624 2511 3770 2555 teuc-

2186 2590 2297 2643 brze
2349 2589 2689 2657 ignobilitatis
2726 2590 3053 2644 abscondant
3085 2608 3098 2643 :
3129 2601 3185 2645 et
3220 2600 3409 2645 caetera
3441 2590 3772 2659 hujusmodi,

2189 2696 2306 2748 qua:
2332 2681 2450 2748 quis
2475 2680 2693 2747 colligit,
2721 2681 2841 2749 quis
2864 2681 3180 2734 enumerat?
3208 2682 3338 2746 Qua:
3359 2680 3405 2733 si
3434 2680 3704 2734 haberent
3724 2682 3773 2734 iu

2189 2772 2298 2839 ipsa
2323 2772 2467 2825 velut
2498 2771 2820 2825 absurditate
2845 2772 3219 2837 constantiam,
3249 2780 3305 2824 ut
3334 2772 3388 2824 in
3421 2770 3531 2825 hac
3561 2772 3692 2835 vita,
3724 2771 3778 2823 iu

2186 2877 2288 2931 qua
2310 2862 2478 2928 homo,
2501 2864 2637 2916 sicut
2661 2876 2811 2917 sacer
2836 2862 3076 2916 Psalmus
3093 2863 3376 2932 eloquitur,
3396 2864 3620 2915 vanitati
3636 2863 3776 2915 sinti-

2190 2953 2251 3006 lis
2275 2958 2437 3022 [actus
2460 2964 2551 3019 est,
2582 2963 2627 3007 et
2650 2954 2756 3007 dies
2782 2955 2889 3024 ejus
2908 2954 3039 3007 velut
3060 2954 3237 3007 umbra
3268 2963 3580 3024 prsetereunt
3604 2953 3774 3026 (l’sal.
3815 2976 3826 2986 -

2187 3060 2368 3110 cum,
2420 3046 2516 3117 4),
2570 3046 2778 3099 nonnisi
2826 3047 2953 3100 mali
2992 3038 3417 3115 adipiscerentur
3466 3046 3777 3100 transitoria

2188 3136 2321 3190 bona
2346 3138 2441 3191 ista
2469 3147 2627 3207 atque
2652 3147 2882 3204 terrena,
2906 3152 3003 3193 nec
3027 3138 3126 3192 nisi
3158 3138 3280 3192 boni
3310 3138 3433 3191 talia
3464 3147 3778 3206 paterentur

2188 3229 2344 3292 mala,
2378 3236 2555 3299 posset
2584 3228 2686 3283 hoc
2722 3229 2907 3284 referri
2937 3229 3002 3283 ad
3024 3229 3280 3298 judicium
3304 3228 3515 3298 justum
3547 3230 3665 3294 Dei,
3698 3227 3778 3285 vel

2187 3320 2345 3373 etiam
2376 3321 2689 3389 Irenignum;
2730 3330 2788 3374 ut
2825 3320 2913 3390 qui
2953 3335 3060 3373 non
3097 3327 3249 3374 erant
3287 3320 3597 3373 assecuturi
3641 3319 3779 3373 bona

2188 3422 2404 3475 mterna,
2436 3427 2554 3480 qua:
2580 3410 2777 3465 faciunt
2805 3411 3009 3475 beatos,
3035 3410 3418 3478 temporalibus
3441 3409 3530 3462 vel
3557 3409 3778 3476 decipe-

2187 3512 2369 3555 rentur
2394 3517 2487 3570 pro
2517 3503 2710 3556 malitia
2741 3516 2857 3566 sua,
2884 3502 2967 3555 vel
3000 3516 3097 3569 pro
3123 3500 3216 3554 Dei
3244 3499 3622 3554 misericordia
3652 3513 3782 3552 eon-

2187 3592 2487 3644 Snlarentur
2526 3591 2707 3655 bonis;
2756 3600 2810 3644 et
2851 3591 2939 3659 qui
2986 3604 3092 3643 non
3130 3599 3286 3643 erant
3325 3590 3541 3656 passuri
3580 3597 3779 3641 alterna

2190 3690 2471 3747 tormenta,
2496 3682 2875 3751 temporalibus
2896 3683 2977 3737 vel
3003 3698 3098 3751 pro
3126 3683 3237 3737 suis
3265 3682 3706 3751 quibuscumque
3729 3689 3781 3735 et

2186 3774 2676 3842 quautuliscumque
2717 3774 2946 3842 peccatis
2980 3772 3372 3845 affligerentur,
3420 3774 3514 3827 vel
3564 3781 3784 3842 propter

2186 3864 2481 3931 implendas
2523 3864 2743 3919 virtutes
2790 3874 3169 3919 exercerentur
3218 3864 3392 3918 malis.
3447 3863 3613 3917 Nunc
3656 3876 3783 3915 vero

2187 3953 2397 4022 quando
2423 3970 2526 4007 non
2549 3954 2718 4008 solum
2745 3954 2795 4007 in
2818 3954 2957 4007 malo
2977 3963 3101 4008 sunt
3125 3954 3269 4017 boni,
3296 3963 3350 4008 et
3372 3954 3425 4007 in
3455 3955 3609 4009 bono
3636 3952 3782 4015 mali,

2187 4045 2326 4113 quod
2340 4045 2543 4098 videtur
2555 4045 2830 4113 injustum;
2850 4060 3034 4099 verum
3050 4045 3551 4114 ctiam’plerumque
3561 4055 3618 4099 et
3632 4044 3784 4097 malis

2190 4136 2323 4189 mala
2336 4136 2603 4200 eveniunt,
2622 4146 2675 4191 ct
2694 4136 2845 4191 bonis
2862 4137 2994 4191 bona
3017 4139 3332 4206 proveniunt
3350 4156 3362 4189 :
3379 4138 3564 4208 magis
3588 4139 3787 4191 inseru-

2191 4228 2365 4282 tabilia
2394 4228 2729 4298 ﬁuntjudicia
2755 4231 2847 4283 Dei
2878 4231 3051 4301 (Rom.
3070 4245 3143 4295 ιι,
3162 4230 3275 4300 55),
3293 4240 3347 4284 et
3376 4231 3787 4301 investigabiles

2190 4319 2287 4371 vis:
2302 4318 2455 4371 illius.
2469 4318 2717 4386 Quamvis
2728 4335 2854 4389 ergo
2867 4320 3163 4375 nesciamus
3178 4336 3284 4389 quo
3296 4321 3507 4389 judicio
3525 4323 3673 4375 Deus
3691 4320 3787 4374 ista

2190 4410 2274 4462 vel
2301 4410 2475 4473 faciat,
2500 4411 2583 4464 vel
2610 4412 2719 4464 fieri
2744 4412 2901 4477 sinat,
2930 4411 3065 4480 apud
3086 4427 3244 4480 quem
3269 4426 3485 4465 summa
3510 4416 3688 4465 virtus
3710 4421 3790 4464 est

2191 4511 2245 4555 et
2271 4516 2474 4555 summa
2502 4501 2781 4571 sapientia,
2810 4517 3015 4556 summa
3040 4504 3054 4532 ¹
3082 4503 3285 4572 justitia
3306 4546 3321 4569 ,
3359 4504 3515 4558 nulla
3560 4504 3789 4557 infirmi-

2193 4600 2292 4654 tas,
2325 4592 2465 4645 nulla
2488 4592 2777 4658 temeritas,
2800 4594 2941 4646 nulla
2968 4594 3217 4661 iniquitas
3243 4612 3256 4647 :
3283 4594 3586 4649 salubriter
3612 4606 3790 4648 tarum

2191 4682 2441 4735 discimus
2470 4699 2571 4736 non
2602 4684 3009 4753 magnipendere
3039 4700 3132 4739 seu
3162 4686 3323 4745 bona,
3347 4701 3445 4740 seu
3476 4688 3652 4751 mala,
3677 4702 3795 4752 qua:

2192 4773 2429 4827 videmus
2456 4790 2575 4828 esse
2606 4775 2756 4829 bonis
2785 4776 3041 4844 malisque
3067 4778 3403 4839 communia;
3434 4788 3497 4832 et
3528 4780 3623 4832 illa
3658 4779 3791 4831 bona

2192 4879 2447 4932 qurercrc,
2473 4880 2591 4932 qua:
2620 4864 2901 4929 bonorum,
2929 4875 3087 4934 atque
3129 4867 3213 4919 illa
3249 4868 3386 4920 mala
3428 4870 3681 4922 maxime
3713 4867 3795 4920 fu-

2191 4969 2335 5021 gere,
2365 4969 2482 5022 qua:
2512 4956 2719 5023 propria
2741 4966 2863 5008 sunt
2891 4956 3169 5009 malorum.
3216 4957 3352 5011 Cum
3384 4974 3527 5013 vero
3559 4959 3630 5012 ad
3666 4959 3793 5011 illud

2194 5044 2282 5097 Dei
2322 5044 2576 5112 judicium
2613 5046 2944 5108 venerimus,
2986 5048 3135 5115 cujus
3176 5057 3386 5117 tempus
3421 5050 3546 5117 jam
3583 5050 3823 5118 propre'

2191 5135 2305 5190 dies
2337 5137 2539 5204 judicii,
2577 5146 2631 5191 ct
2674 5137 2960 5206 aliquando
2997 5137 3113 5192 dies
3157 5140 3363 5192 Domini
3407 5151 3794 5209 nuncupatur;

2193 5240 2299 5279 non
2344 5229 2513 5280 solum
2568 5242 2912 5294 quaecumque
2964 5237 3090 5281 tunc
3132 5228 3548 5291 judicalmntur,
3606 5246 3796 5283 verum

2191 5319 2348 5373 etiam
2373 5319 2726 5387 (qua-cumque
2767 5319 2833 5371 ah
2882 5318 3031 5371 initio
3053 5321 3311 5385 judicata,
3339 5333 3394 5373 et
3424 5335 3798 5388 qusecumque

2194 5425 2357 5478 usque
2380 5410 2443 5463 ad
2473 5410 2596 5464 illud
2628 5418 2835 5478 tempus
2860 5408 3033 5462 adhuc
3054 5408 3342 5477 judicanda
3370 5422 3535 5475 sunt,
3565 5425 3797 5479 appare-

2190 5503 2320 5556 bunt
2344 5517 2461 5557 esse
2484 5501 2795 5571 justissima.
2834 5500 2933 5556 Ubi
2962 5502 3062 5553 huc
3088 5516 3299 5570 quoque
3328 5503 3793 5561 manifestabitur,

2191 5608 2345 5663 quam
2382 5593 2523 5660 justo
2558 5591 2755 5659 judicio
2796 5593 2882 5644 Dei
2931 5592 3036 5655 fiat,
3068 5601 3125 5644 ut
3166 5608 3305 5646 nunc
3349 5584 3479 5646 tant
3518 5590 3695 5648 multa
3740 5605 3800 5644 ac

2190 5701 2326 5756 pene
2359 5686 2531 5738 omnia
2566 5684 2704 5752 justa
2728 5683 2923 5752 judicia
2948 5682 3039 5736 Dei
3070 5698 3262 5737 sensus
3287 5694 3626 5756 mentesque
3651 5698 3793 5739 mor-

2276 5800 2290 5829 ι
2312 5804 2381 5846 su‘
2403 5796 2551 5847 nostri
2573 5801 2677 5845 Mss.
2702 5800 2751 5843 tu
2770 5800 2840 5855 ιλ,
2858 5805 3148 5855 murmurque.
3248 5801 3305 5842 at.
