4004 6522
1471 372 1670 430 uasa
1709 366 2097 430 viossmus.
3326 336 3433 395 ϐω

1853 478 2096 551 ἁεδῃῑεὶι,
2127 489 2224 531 nec
2248 487 2368 530 cum
2387 467 2586 541 judicat
2612 460 2865 536 prmterit.

1851 589 2077 649 CAPUT
2118 587 2206 642 lV.
2224 614 2294 627 —
2321 579 2470 649 Quod
2495 576 2562 633 ad
2585 569 2931 631 disserendum
2958 564 3024 622 de
3059 563 3331 621 novissimo
3344 562 3437 631 ju-

192 397 272 456 60!

193 510 350 566 talium
377 504 599 567 lateant;
640 510 761 555 eum
801 505 977 552 tamen
1012 494 1067 548 in
1103 492 1205 546 hac
1236 504 1293 544 re
1334 488 1542 559 piorum
1580 484 1739 541 ﬁdem

194 614 283 654 non
307 597 477 658 lateat,
496 591 697 661 justum
721 602 842 643 esse
866 583 1008 656 quod
1034 584 1179 638 latet.

194 704 392 764 CAPUT
430 701 516 757 lll.
547 728 618 740 —
644 697 780 764 Quid
813 697 869 750 in
901 695 1028 749 libro
1056 690 1360 760 Ecclesiaste
1395 686 1641 742 Salomon
1676 683 1745 737 de

256 799 324 852 his
346 811 455 867 qua:
480 794 533 847 in
558 792 655 846 hac
684 791 786 845 vita
813 800 859 843 et
884 787 1026 842 bonis
1051 795 1097 840 et
1117 781 1269 838 malis
1295 790 1410 835 sunt
1438 776 1745 839 communia,

255 885 529 957 disputarit.

256 999 445 1067 Nempe
464 995 738 1058 Salomon,
765 988 1191 1062 sapientissimus
1216 1000 1310 1040 rex
1342 980 1522 1046 Israel,
1550 978 1641 1050 qui
1663 992 1749 1032 re-

197 1088 355 1159 gnavit
382 1086 432 1139 in
456 1082 776 1145 Jerusalem,
808 1080 1002 1135 librum
1025 1077 1115 1151 qui
1139 1083 1357 1129 vocatur
1377 1069 1751 1131 Ecclesiastes,

198 1191 243 1233 ct
266 1193 292 1231 a
309 1174 502 1233 Judaiis
524 1188 735 1244 quoque
764 1170 991 1226 habetur
1008 1169 1069 1223 in
1098 1179 1368 1222 sacrarum
1410 1175 1617 1217 canone
1644 1158 1756 1211 Lit-

200 1283 430 1334 terarum,
451 1268 531 1322 sic
553 1278 785 1321 exorsus
805 1274 920 1318 est:
958 1259 1168 1315 Vanitas
1203 1256 1538 1312 vanitantium
1560 1254 1600 1318 ί,
1628 1249 1757 1305 dixit

170 1360 174 1364 ’
202 1362 534 1425 Ecclesiastes;
556 1358 751 1411 vanitas
769 1353 1121 1416 sanitantium,
1139 1360 1185 1405 et
1204 1350 1374 1404 omnia
1396 1348 1611 1401 uanitas.
1634 1343 1759 1411 Qua!

204 1454 372 1508 homini
394 1450 703 1505 abundantia
726 1449 781 1502 in
808 1447 946 1501 omni
984 1444 1155 1499 labore
1178 1457 1293 1507 suo,
1323 1457 1422 1511 quo
1448 1436 1642 1493 laborat
1670 1433 1760 1488 sub

200 1548 293 1602 sole
312 1543 505 1617 (Eccle.
532 1559 571 1608 i,
598 1542 634 1596 2
652 1549 698 1595 et
718 1539 809 1609 3)?
834 1539 1038 1594 Etcum
1059 1550 1129 1590 ex
1148 1534 1247 1588 hac
1274 1530 1537 1587 sententia
1558 1540 1761 1583 cmine-

204 1644 357 1691 ειετει
400 1643 615 1698 caetera,
664 1641 1093 1686 commemorans
1137 1636 1406 1680 aerumnas
1445 1630 1765 1687 erroresque

203 1726 314 1780 vita:
338 1724 516 1792 hujus,
538 1730 595 1777 et
621 1728 974 1776 vanescentes
998 1717 1205 1770 interea
1236 1722 1536 1780 temporum
1560 1708 1763 1775 lapsus,

204 1816 283 1869 ubi
310 1814 437 1869 nihil
461 1812 711 1878 solidum,
742 1810 875 1866 nihil
903 1808 1094 1864 stabile
1114 1805 1402 1868 retinetur;
1430 1804 1480 1857 in
1507 1815 1570 1857 ea
1586 1813 1767 1855 rerum

205 1907 419 1961 sanitate
444 1905 547 1962 sub
574 1904 708 1969 sole,
741 1901 871 1957 illud
899 1900 1060 1956 etiam
1089 1897 1330 1967 deplorat
1354 1889 1765 1965 quodammodo,

205 1999 333 2069 quod
347 2014 465 2054 cum
482 1998 552 2053 sit
567 1994 888 2052 abundantia
910 1990 1185 2063 sapientia
1212 2002 1374 2057 super
1393 1982 1770 2053 insipientiam,

206 2092 331 2145 sicut
372 2088 698 2145 abundantia
741 2085 876 2141 lucis
917 2098 1081 2154 super
1118 2081 1385 2144 tenebras,
1417 2076 1776 2146 sapientisque

206 2181 333 2236 oculi
358 2181 466 2236 sint
491 2180 547 2234 in
572 2179 747 2249 capite
773 2177 963 2248 ipsius,
995 2182 1048 2230 et
1078 2174 1272 2229 stultus
1311 2172 1364 2225 in
1406 2169 1643 2224 tenebris
1662 2182 1777 2221 am-

210 2276 367 2340 bulet;
397 2289 537 2330 unus
557 2286 735 2329 tamen
764 2272 1008 2326 incursus
1034 2269 1270 2323 incurrat
1291 2262 1541 2319 omnibus
1578 2260 1687 2331 (Id.
1717 2275 1775 2326 ll,

208 2367 291 2436 l5,
311 2366 425 2435 ll),
448 2366 631 2435 utique
656 2363 710 2418 in
736 2361 839 2417 hac
860 2360 967 2414 vita
995 2373 1113 2428 quae
1134 2356 1233 2411 sub
1252 2353 1367 2409 sole
1391 2353 1594 2423 agitur:
1617 2349 1783 2420 signi-

206 2460 361 2513 llcans
390 2458 635 2512 videlicet
659 2470 721 2511 ea
748 2453 905 2518 mala,
934 2466 1054 2521 quae
1084 2448 1237 2503 bonis
1276 2454 1332 2501 et
1359 2444 1512 2499 malis
1538 2442 1783 2497 videmus

206 2565 319 2605 esse
353 2548 679 2604 communia.
722 2544 861 2600 Dicit
906 2542 1067 2597 etiam
1111 2538 1262 2602 illud,
1289 2534 1429 2607 quod
1456 2543 1510 2590 et
1533 2533 1660 2588 boni
1691 2546 1784 2602 pa-

207 2642 397 2696 tiantur
424 2640 588 2703 mala,
633 2647 883 2707 tanquam
926 2633 1051 2689 mali
1093 2632 1222 2698 sint,
1266 2637 1323 2685 et
1366 2628 1493 2682 mali
1535 2634 1788 2696 tanquam

209 2733 325 2788 boni
346 2734 475 2798 siut,
505 2731 867 2801 adipiscantur
885 2727 1045 2791 bona,
1070 2724 1143 2779 ita
1165 2724 1419 2792 loquens:
1451 2718 1565 2785 Est,
1594 2717 1787 2787 inquit,

209 2826 413 2888 vanitas,
437 2840 555 2895 qua:
568 2828 701 2894 facta
716 2829 786 2876 est
802 2834 957 2889 super
975 2828 1193 2881 terram;
1211 2815 1329 2884 quia
1347 2822 1461 2868 sunt
1472 2811 1622 2882 justi,
1640 2826 1794 2880 super

210 2932 327 2987 quos
353 2917 491 2971 venit
516 2915 644 2969 sicut
674 2916 863 2983 factum
886 2908 1192 2979 impiorum;
1233 2913 1278 2959 et
1311 2912 1424 2957 sunt
1452 2901 1616 2969 impii,
1643 2913 1794 2969 super

211 3023 330 3076 quos
357 3007 494 3061 venit
533 3005 662 3060 sicut
703 3007 894 3073 factum
930 3001 1207 3071 justorum.
1256 2994 1378 3049 Dixi
1420 2994 1659 3061 quoniam
1700 2991 1797 3044 hoc

214 3117 406 3170 quoque
448 3098 647 3172 vanitas
692 3094 806 3167 (Id.
836 3106 951 3159 vui,
1000 3093 1111 3162 14).
1155 3090 1213 3145 ln
1266 3088 1365 3143 hac
1404 3087 1657 3149 vanitate,
1684 3083 1795 3148 cui,

213 3200 467 3261 quantum
514 3190 644 3244 satis
671 3188 843 3242 visum
879 3195 984 3252 est,
1016 3181 1323 3239 intimandae
1351 3187 1517 3234 totum
1550 3179 1710 3232 istum
1734 3175 1802 3235 li-

215 3286 367 3339 brum
410 3284 500 3339 vir
539 3278 963 3352 sapientissimus
1004 3274 1309 3347 deputavit,
1354 3286 1461 3327 non
1508 3271 1691 3340 utique
1732 3268 1803 3325 ob

214 3376 374 3439 aliud,
407 3376 513 3431 nisi
544 3382 602 3428 ut
628 3387 746 3429 eam
769 3372 931 3425 vitam
958 3366 1341 3428 desideremus,
1374 3377 1493 3433 qua:
1518 3361 1805 3415 vanitatem

215 3485 321 3524 non
353 3470 520 3524 habet
558 3465 657 3522 sub
701 3464 805 3519 hoc
843 3462 979 3528 sole,
1010 3459 1105 3515 sed
1133 3458 1419 3514 veritatem
1459 3452 1560 3507 sub
1598 3451 1686 3505 illo
1714 3449 1808 3519 qui

217 3559 341 3614 fecit
372 3559 519 3612 hunc
544 3554 751 3612 solem:
776 3552 832 3608 in
852 3551 953 3606 hac
973 3563 1102 3619 ergo
1134 3547 1385 3610 vanitate,
1418 3539 1676 3609 numquid
1706 3538 1809 3592 nisi

216 3651 359 3721 justo
381 3648 480 3703 Dei
507 3655 758 3715 rectoque
778 3640 979 3713 judicio
997 3638 1187 3694 similis
1202 3634 1376 3691 eidem
1396 3629 1615 3693 vanitati
1638 3626 1810 3681 lactus

218 3745 540 3794 vanesceret
562 3733 764 3790 homo?
797 3732 851 3786 ln
882 3730 1071 3785 diebus
1098 3737 1274 3781 tamen
1310 3720 1559 3777 vanitatis
1585 3731 1697 3773 suae
1726 3716 1810 3770 in-

217 3839 387 3885 terest
416 3827 729 3900 plurimum,
753 3832 928 3877 utrum
955 3820 1189 3882 resistat,
1214 3830 1283 3870 an
1311 3814 1642 3881 obtemperet
1665 3805 1813 3864 veri-

219 3921 337 3987 tati,
362 3929 422 3975 et
466 3927 645 3973 utrum
682 3917 752 3971 sit
777 3925 972 3982 expers
993 3924 1135 3964 vera:
1163 3904 1395 3979 pietatis,
1421 3917 1488 3956 an
1516 3900 1812 3971 particeps:

219 4029 327 4067 non
358 4020 584 4083 propter
612 4008 734 4062 vita:
762 4003 921 4074 hujus
946 4002 1029 4058 vel
1048 4002 1186 4056 bona
1207 3992 1549 4067 acquirenda,
1567 3991 1651 4046 vel
1680 3988 1815 4043 mala

219 4105 442 4160 vitanda
474 4094 808 4157 sanescendo
835 4092 1161 4151 transeuntia
1182 4106 1198 4156 ;
1220 4088 1317 4145 sed
1341 4094 1558 4158 propter
1585 4083 1817 4137 futurum

220 4197 515 4268 judicium,
544 4208 639 4264 per
660 4190 803 4262 quod
828 4194 985 4244 erunt
1003 4194 1058 4240 et
1082 4183 1240 4239 bonis
1260 4181 1427 4241 bona,
1458 4185 1514 4232 ει
1539 4174 1694 4230 malis
1709 4186 1821 4226 ma-

224 4263 300 4355 la,
334 4289 461 4344 sine
487 4263 593 4340 line
620 4295 890 4337 mansura.
924 4275 1163 4345 Denique
1191 4273 1290 4327 iste
1316 4268 1532 4337 sapiens
1575 4265 1718 4319 hunc
1760 4263 1823 4316 li-

222 4379 385 4434 brum
413 4377 499 4431 sic
526 4372 808 4437 conclusit,
840 4378 901 4424 ut
928 4368 1153 4430 diceret,
1178 4362 1338 4415 Deum
1360 4359 1497 4423 time,
1520 4365 1567 4411 et
1585 4353 1826 4409 mandata

225 4470 339 4533 eius
368 4465 612 4529 custodi;
637 4465 753 4533 quia
782 4462 876 4514 hoc
904 4467 975 4513 est
1004 4456 1167 4509 omnis
1196 4453 1383 4506 homo:
1408 4449 1528 4520 quia
1562 4462 1708 4501 ontne
1733 4444 1828 4498 hoc

224 4579 361 4631 Opus
394 4559 542 4618 Deus
574 4556 788 4610 adducet
812 4552 865 4606 in
884 4550 1137 4623 judicium
1164 4546 1219 4599 in
1267 4542 1405 4598 omni
1432 4540 1661 4610 despecto
1682 4578 1697 4602 ,

225 4629 453 4719 bonum,
492 4651 595 4705 sive
622 4646 814 4701 malum
845 4643 953 4707 (Id.
983 4656 1078 4703 xu,
1111 4639 1199 4700 l5,
1250 4634 1363 4707 ll).
1410 4632 1547 4700 Quid
1591 4629 1829 4711 brevius,

225 4746 447 4811 verius,
479 4739 745 4812 salubrius
786 4735 888 4791 dici
920 4730 1126 4804 potuit?
1170 4728 1353 4791 Deum,
1401 4723 1592 4794 inquit,
1620 4722 1756 4785 time,
1790 4727 1836 4772 et
1938 4711 2039 4765 ista

230 4837 494 4891 mandata
520 4833 631 4904 ejus
658 4828 887 4891 custodi;
913 4825 1031 4895 quia
1061 4823 1155 4876 hoc
1190 4828 1264 4874 est
1293 4817 1457 4871 omnis
1486 4816 1655 4869 homo.
1703 4811 1836 4878 Qui-

230 4940 481 4997 cumque
511 4923 653 4978 enim
675 4928 778 4983 est,
801 4918 903 4972 hoc
927 4926 1028 4980 est,
1060 4920 1241 4967 custos
1264 4908 1446 4977 utique
1467 4902 1837 4959 mandatorum
1942 4891 1997 4948 id

232 5020 372 5077 Dei:
399 5016 659 5088 quoniam
688 5011 778 5082 qui
810 5010 913 5063 hoc
941 5021 1047 5062 non
1091 5012 1192 5069 est,
1243 4999 1377 5056 nihil
1419 5004 1521 5053 est.
1552 4995 1668 5050 Non
1696 4992 1839 5048 enim

232 5110 306 5165 ad
335 5107 591 5165 veritatis
620 5103 903 5172 imaginem
933 5096 1274 5157 reformatur,
1301 5100 1588 5146 remanens
1615 5085 1669 5140 in
1695 5083 1844 5139 simi-

236 5200 483 5255 litudine
530 5192 797 5250 vanitatis.
848 5190 982 5257 Quia
1023 5202 1169 5241 omne
1202 5184 1297 5237 hoc
1324 5196 1472 5251 opus,
1501 5178 1552 5233 id
1576 5184 1677 5244 est,
1703 5173 1846 5246 quod

235 5293 309 5347 ah
341 5287 575 5345 homine
618 5284 677 5340 iit
719 5285 773 5339 in
818 5282 918 5336 hac
965 5279 1095 5345 vita,
1125 5276 1226 5331 sive
1271 5273 1475 5336 bonum,
1504 5269 1605 5325 sive
1630 5267 1844 5331 malum,

236 5385 391 5440 Deus
418 5380 641 5435 adducet
667 5380 722 5431 in
757 5373 1034 5447 judicium,
1060 5372 1114 5424 in
1141 5366 1278 5423 omni
1309 5365 1565 5432 despecto,
1588 5359 1639 5414 id
1665 5365 1766 5423 est,
1795 5356 1847 5411 in

235 5475 401 5532 omni
445 5472 610 5528 etiam
650 5468 738 5540 qui
776 5458 1192 5533 contemptibilis
1236 5456 1324 5511 hic
1362 5452 1591 5516 videtur,
1632 5456 1689 5503 ct
1729 5447 1850 5502 ideo

240 5582 351 5623 nec
384 5562 641 5619 videtur:
670 5555 921 5628 quoniam
951 5552 1095 5607 Deus
1121 5557 1176 5605 et
1204 5548 1378 5618 ipsum
1407 5543 1571 5608 videt,
1599 5554 1698 5595 nec
1726 5551 1849 5593 eum

314 5723 333 5755 ι
363 5719 496 5768 mliti
520 5718 600 5766 hic
623 5722 675 5765 et
696 5713 857 5764 statim
888 5721 1021 5758 vers.
1044 5704 1177 5766 eod.,
1201 5700 1478 5768 imitatum.
1509 5704 1563 5768 st
1603 5703 1711 5768 Mss.
1740 5708 1857 5744 con-

244 5764 696 5839 stanizerﬂli—alient,
742 5771 1073 5826 vanitantium.
1116 5764 1246 5817 cani.
1292 5764 1378 5815 lib.
1428 5764 1700 5821 luctract.,
1747 5768 1851 5819 cap.

246 5845 304 5905 7,
330 5856 387 5893 n.
416 5842 470 5892 ὅ.

1925 681 2057 735 dicio
2084 677 2203 741 Dei,
2238 672 2376 728 Novi
2403 670 2623 741 primum
2644 658 2973 725 Testamcnti,
2994 671 3055 711 ac
3077 653 3263 711 deinde
3299 651 3444 706 Vete-

1928 774 2000 827 ris
2029 766 2311 826 testimonia
2337 760 2624 833 prolaturus
2645 755 2729 810 sit.

1929 882 2096 952 llujus
2120 880 2297 949 itaque
2330 871 2502 930 ultimi
2536 866 2721 940 judicii
2752 862 2849 919 Dei
2872 855 3176 917 testimonia
3200 852 3270 908 de
3292 850 3443 907 Scri-

1858 943 2031 1048 pturis
2049 943 2247 1028 sanctis
2267 981 2387 1039 quas
2406 976 2608 1035 ponere
2636 956 2860 1021 institui,
2885 952 3035 1024 prius
3055 943 3297 1017 eligenda
3318 948 3449 997 sunt

1863 1036 1931 1125 de
1960 1068 2108 1123 libris
2131 1036 2476 1119 lustrumeuti
2501 1053 2656 1118 Novi,
2683 1057 2868 1121 postea
2896 1044 2966 1101 de
2991 1040 3219 1098 Veteris.
3249 1036 3451 1103 Quam-

1862 1162 1945 1217 vis
1969 1159 2112 1215 enim
2140 1163 2319 1210 vetera
2348 1150 2525 1221 priora
2550 1146 2659 1201 sint
2686 1151 2945 1209 tempore,
2972 1146 3108 1189 nova
3137 1138 3317 1185 tamen
3346 1139 3449 1179 an-

1866 1248 2168 1322 teponenda
2189 1251 2315 1300 sunt
2332 1239 2619 1311 dignitate;
2649 1230 2900 1302 quoniam
2920 1225 3009 1280 illa
3032 1230 3211 1277 vetera
3240 1229 3448 1287 praeco-

1866 1311 1954 1400 nia
1993 1347 2117 1396 sunt
2161 1348 2442 1393 novorum.
2486 1328 2635 1385 Nova
2662 1324 2829 1395 igitur
2857 1322 3123 1390 ponentur
3146 1311 3311 1382 prius,
3333 1320 3454 1377 quin

1868 1447 1927 1492 ut
1953 1432 2155 1489 firmius
2175 1427 2483 1500 probemus,
2511 1423 2852 1475 assumentur
2870 1420 2925 1465 et
2947 1415 3147 1463 vetera.
3171 1403 3229 1457 In
3252 1398 3453 1457 veteri-

1868 1528 1969 1583 bus
1996 1488 2257 1578 habentur
2274 1518 2387 1573 Lex
2412 1523 2466 1570 ει
2489 1508 2773 1579 Prophetas
2788 1504 2830 1570 ¹,
2860 1502 2914 1555 in
2937 1496 3091 1553 novis
3114 1488 3456 1561 Evangelium

1870 1579 2256 1684 etapostolicze
2272 1607 2508 1664 Litterae.
2528 1600 2617 1656 Ait
2636 1604 2813 1652 autem
2840 1587 3148 1660 Apostolus,
3174 1581 3279 1637 Per
3299 1579 3459 1648 legem

1871 1667 2005 1764 enini
2032 1703 2250 1775 cognitio
2275 1695 2487 1770 peccati.
2516 1689 2670 1747 Nunc
2693 1694 2859 1741 autem
2889 1681 2998 1736 sine
3018 1677 3126 1748 lege
3136 1670 3341 1746 justitia
3361 1667 3459 1721 Dei

1874 1760 2197 1869 manifestata
2225 1760 2317 1858 est,
2348 1786 2613 1856 testiﬁcata
2641 1794 2731 1851 per
2748 1774 2933 1846 Legem
2955 1778 3001 1825 et
3040 1763 3359 1835 Prophetas:
3376 1760 3461 1828 ju-

1876 1849 2212 1947 autem
2240 1849 2359 1946 Dei,
2531 1849 2684 1944 ﬁdem
2725 1867 2853 1923 Iesu
2877 1860 3070 1920 Christi
3101 1858 3157 1912 in
3183 1868 3354 1910 omnes
3377 1849 3466 1921 qui

1879 1982 2126 2039 credunt’
2150 1977 2324 2049 (Rom.
2346 1947 2657 2036 "1,20-22).
2677 1961 2804 2017 Haec
2824 1954 3026 2028 justitia
3050 1950 3144 2006 Dei
3176 1947 3243 2003 ad
3271 1958 3468 2000 novum

1880 2074 2111 2146 pertinet
2149 2041 2571 2124 "Testamentum,
2608 2063 2661 2111 et
2691 2045 3055 2108 testimonium
3086 2041 3246 2096 habet
3270 2052 3299 2091 a
3320 2042 3469 2090 vete-

1882 2130 2030 2222 ribus
2048 2161 2242 2224 Libris,
2274 2156 2379 2211 hoc
2404 2161 2506 2218 est,
2538 2164 2567 2202 a
2596 2146 2737 2215 Lege
2763 2149 2817 2198 et
2837 2133 3145 2208 Prophetis.
3166 2130 3320 2185 Prius
3339 2139 3472 2195 ergo

1888 2258 2004 2326 ipsa
2024 2266 2183 2309 causa
2214 2217 2457 2320 ponenda
2482 2217 2584 2308 est,
2607 2246 2661 2293 et
2684 2242 2868 2306 postea
2893 2237 3059 2285 testes
3079 2217 3470 2279 introducendi.

1886 2312 2040 2405 lianc
2065 2354 2120 2400 et
2144 2312 2259 2412 ipse
2286 2338 2442 2395 Jesus
2464 2331 2711 2389 Christus
2738 2323 2979 2380 ordinem
3006 2312 3321 2372 servandum
3339 2321 3469 2363 esse

1889 2399 2284 2498 demonstrans,
2314 2428 2514 2490 Scriba,
2545 2421 2737 2493 inquit,
2759 2415 2984 2473 eruditus
3008 2411 3061 2464 in
3085 2422 3239 2478 regno
3266 2401 3380 2464 Dei,
3402 2399 3479 2454 si-

1890 2532 2025 2588 milis
2064 2537 2139 2584 est
2165 2526 2271 2582 viro
2299 2516 2680 2595 patrifamilias,
2713 2505 2987 2581 proferenti
3026 2502 3090 2555 de
3126 2500 3359 2553 thesauro
3386 2506 3480 2547 suo

1893 2585 2021 2679 naua
2050 2630 2097 2675 et
2125 2585 2532 2684 vetera'watth.
2559 2621 2673 2670 xui,
2704 2600 2821 2671 δὲ).
2862 2596 2977 2653 Non
3020 2591 3175 2656 dixit,
3203 2585 3396 2641 Vetera
3425 2589 3484 2637 et

1895 2728 2064 2771 nova:
2087 2707 2227 2781 quod
2253 2675 2434 2773 utique
2454 2698 2698 2762 dixisset,
2722 2690 2822 2747 nisi
2850 2684 3128 2743 maluisset
3160 2675 3483 2734 meritorum
3508 2714 3515 2719 .

1896 2804 2140 2862 ordinem
2170 2808 2387 2854 servare
2411 2804 2569 2862 quam
2597 2794 2922 2854 temporum.

1898 2933 2125 2995 CAPUT
2165 2930 2317 2985 V.—
2340 2922 2534 2992 Quibus
2562 2915 2819 2974 sententiis
2846 2906 3050 2966 Domini
3090 2897 3372 2995 Saluatoris
3405 2893 3488 2949 di-

1990 3027 2155 3082 uinum
2169 3020 2426 3094 judicium
2452 3016 2680 3087 [alumni
2704 3007 2757 3061 in
2784 3004 2886 3075 line
2905 2995 3079 3056 saeculi
3099 2992 3401 3048 declaretur.

1908 3252 2101 3324 quibus
2121 3216 2345 3301 virtutes
2371 3250 2590 3310 magnas
2615 3233 2837 3293 fecerat,
2866 3238 3040 3295 neque
3065 3216 3422 3278 crediderant,
3440 3218 3499 3265 et

2773 3318 2811 3324 _-
3173 3308 3185 3321 ,
3390 3301 3499 3324 ,_,__

1912 3344 1991 3400 eis
2017 3339 2343 3408 alienigenas
2362 3331 2729 3399 anteponeret,

1914 3397 2071 3498 uobis,
2106 3397 2242 3501 Tyro
2262 3436 2309 3481 et
2336 3397 2518 3480 Sidoni
2543 3414 2801 3473 remissius
2836 3409 2929 3465 erit
2963 3406 3018 3460 in
3042 3404 3124 3458 die
3142 3397 3325 3472 judicii
3350 3408 3507 3465 quant

1916 3484 2072 3579 loli;
2100 3484 2174 3573 εἴ
2191 3516 2350 3587 paulo
2377 3520 2499 3582 post
2522 3506 2679 3563 alteri
2704 3500 2924 3564 civitati,
2952 3496 3131 3560 Amen,
3157 3488 3349 3561 inquit,
3390 3484 3507 3539 dico

1914 3577 2072 3676 iam,
2099 3577 2218 3681 quia
2246 3577 2393 3661 terra;
2412 3601 2754 3659 Sodomorum
2781 3590 3039 3647 remissius
3063 3586 3156 3639 erit
3182 3584 3235 3637 in
3261 3581 3344 3634 die
3356 3577 3508 3651 judi—

1916 3668 1985 3760 cii
2027 3668 2179 3774 quo...
2225 3697 2312 3752 tibi
2339 3690 2551 3765 (Matth.
2582 3703 2659 3753 xi,
2689 3685 2779 3747 se,
2810 3680 2926 3751 at).
2968 3678 3066 3731 uio
3109 3668 3511 3729 evidentiSsime

1919 3759 2176 3867 praedicat
2212 3759 2358 3844 diem
2380 3781 2565 3855 judicii
2594 3791 2716 3834 esse
2758 3780 3061 3829 venturum.
3101 3764 3173 3820 Et
3216 3762 3321 3816 alio
3364 3759 3509 3823 loco,

1929 3856 2037 3942 Viri
2066 3880 2329 3945 Ninivitaz,
2369 3874 2561 3944 inquit,
2586 3874 2792 3939 surgent
2828 3865 2880 3917 in
2914 3856 3114 3932 judicio
3141 3870 3254 3908 cum
3295 3864 3512 3921 genera-

1924 3978 2058 4033 tione
2082 3975 2201 4035 ista,
2224 3978 2279 4025 et
2301 3942 2700 4022 condemnabunt
2720 3971 2831 4011 eam
2851 3969 2871 4017 ;
2894 3950 3014 4023 quia
3037 3942 3373 4016 paenitentiam
3398 3954 3515 4009 ερε-

1922 4077 2042 4123 runt
2069 4067 2123 4120 in
2152 4058 2510 4134 praedicatione
2534 4051 2703 4115 Jonas,
2725 4056 2774 4101 et
2799 4060 2912 4100 ecce
2937 4042 3052 4110 plus
3080 4050 3230 4107 quant
3249 4032 3383 4085 Jona
3405 4029 3510 4083 hic.

1927 4159 2125 4229 Regina
2146 4123 2317 4209 Austri
2338 4155 2507 4218 surget
2540 4144 2593 4197 in
2616 4139 2816 4212 judicio
2843 4149 2958 4189 cum
2986 4126 3303 4201 generatione
3326 4123 3447 4189 ista,
3466 4128 3515 4173 et

1929 4216 2281 4307 condemnabit
2300 4216 2444 4305 eam}
2472 4237 2591 4310 quia
2624 4232 2755 4288 venit
2778 4246 2813 4283 a
2837 4226 3022 4297 ﬁnibus
3054 4233 3199 4276 terra:
3230 4216 3408 4271 audire
3434 4230 3520 4267 sa-

1932 4302 2175 4416 pientiam
2205 4302 2517 4396 Salomonis,
2563 4335 2611 4382 et
2653 4338 2763 4379 ecce
2812 4318 2929 4390 plus
2970 4330 3122 4385 quam
3167 4308 3414 4366 Salomon
3437 4302 3519 4357 hic

1934 4405 2047 4511 '(Id.
2073 4450 2165 4499 xu,
2192 4430 2283 4494 41,
2312 4425 2427 4495 42).
2456 4424 2599 4477 Duas
2626 4418 2732 4472 hoc
2760 4415 2877 4469 loco
2902 4424 2990 4465 res
3017 4405 3292 4464 discimus,
3314 4407 3369 4454 et
3388 4413 3520 4452 vcn-

1733 4487 1827 4498 ..--
1938 4487 2046 4511 ν--
2150 4487 2163 4499 ,
2271 4487 2280 4494 ,
2391 4487 2400 4495 ,

1729 4536 1831 4591 sive
1937 4538 2113 4583 turum
2132 4516 2541 4587 essejudicium,
2559 4519 2748 4566 etcum
2776 4510 3105 4558 mortuorum
3131 4487 3528 4548 resurrectione

1937 4626 2239 4674 venturum.
2268 4611 2342 4664 De
2369 4577 2615 4662 Ninivitis
2652 4598 2793 4653 enim
2816 4604 2872 4648 et
2900 4589 3082 4659 regina
3104 4581 3283 4640 Austri
3308 4577 3526 4649 quando

2071 4703 2299 4765 dicebat,
2329 4700 2395 4753 de
2422 4690 2647 4750 mortuis
2670 4688 2789 4743 sine
2812 4682 2977 4740 dubio
3014 4675 3351 4748 loquebatur,
3389 4682 3527 4740 quos

1942 4812 2119 4857 tamen
2146 4797 2198 4851 in
2226 4793 2314 4849 die
2335 4786 2520 4860 judicii
2551 4786 2948 4839 resurrecturos
2974 4784 3095 4827 esse
3124 4763 3387 4837 praedixit.
3415 4757 3527 4815 Nec

2002 4847 2246 4951 Ξξὶὶίὲῑι,
2292 4847 2714 4935 condemnabam,
2752 4867 2876 4937 quia
2919 4860 3019 4933 ipsi
3055 4853 3401 4934 judicabant:
3431 4847 3529 4904 sed

1945 4981 2070 5053 quia
2097 4964 2163 5034 ex
2206 4941 2447 5045 ipsorum
2488 4960 2890 5033 comparatione
2934 4951 3025 5008 isti
3069 4945 3262 5003 merito
3302 4941 3532 4997 damna-

1948 5072 2322 5216 bugbui‘iursus
2338 5152 2457 5217 alio
2480 5149 2619 5211 loco,
2647 5154 2769 5198 cum
2800 5137 2869 5193 de
2892 5132 3168 5190 hominum
3192 5125 3454 5180 bonorum
3480 5127 3539 5174 et

1953 5254 2215 5311 malorum
2241 5258 2384 5302 nunc
2410 5234 2784 5313 permixtione,
2812 5237 2997 5301 postea
3023 5217 3384 5293 separatione,
3415 5226 3541 5283 qua:

2166 5304 2255 5397 die
2292 5304 2475 5409 judicii
2502 5331 2678 5386 futura
2703 5332 2809 5391 est,
2837 5324 3163 5391 loqueretur,
3192 5306 3433 5409 adhibuit
3463 5304 3544 5359 si-

1958 5394 2310 5494 militudinem
2342 5427 2411 5483 de
2436 5424 2613 5479 tritico
2633 5415 2897 5473 seminato
2921 5417 2977 5465 et
3008 5394 3447 5474 superseminatis
3468 5396 3516 5448 si
3532 5423 3547 5434 -

1958 5528 2147 5590 saniis,
2172 5533 2398 5590 eamque
2417 5515 2527 5571 suis
2550 5519 2825 5580 espoueus
2848 5497 3119 5569 discipulis
3144 5512 3159 5549 :
3189 5490 3288 5560 Qui
3304 5490 3543 5551 seminat,

2027 5681 2173 5733 Isola
2197 5678 2344 5729 editio
2365 5682 2497 5731 101-.
2520 5660 2801 5737 ηνορὴοςὶίτε
2839 5717 2883 5737 ,μ
2930 5727 3029 5737 ω,
3097 5713 3231 5737 Μ...
3276 5706 3295 5737 ε

2027 5750 2049 5778 ⁸
2071 5710 2564 5795 πῖιέιιῗὲιὲδὶίὲξ
2582 5710 2885 5795 Ἶῶίὲαὶιηι-ίγι
2923 5727 3049 5769 cum.
3088 5713 3250 5772 Abest,
3276 5710 3327 5759 in
3368 5714 3498 5762 cum,
3518 5710 3549 5752 8

1969 5781 2255 5870 mihi";
2267 5781 2440 5863 grato;
2456 5781 2596 5845 textu
2619 5781 2846 5851 Apostob.

2773 3318 3145 3375 Verumtamen,
3173 3305 3365 3376 inquit,
3384 3301 3501 3356 dico
3587 3321 3596 3331 -
