3976 6514
623 369 729 427 685

625 477 814 548 inquit,
856 481 1039 536 bonum
1079 500 1263 552 semen,
1310 494 1397 541 est
1422 487 1590 545 Filius
1620 492 2010 568 hominismger
2037 511 2203 554 autent

626 579 699 623 est
724 571 942 625 ntundus
964 574 980 604 ¹
1002 590 1015 625 :
1044 572 1228 641 bonum
1253 592 1366 630 vero
1391 595 1559 633 semen
1596 582 1649 635 Iti
1668 596 1784 637 sunt
1814 587 1907 651 ﬁlii
1934 591 2104 658 regni;
2133 592 2205 642 zi-

626 660 774 712 zania
793 673 960 715 autem
978 662 1076 730 ﬁlii
1096 676 1211 719 sunt
1235 683 1447 737 nequam
1463 686 1483 723 :
1508 672 1740 729 inimicus
1762 687 1930 731 autem
1949 681 2038 749 qui
2060 683 2203 734 semi-

627 752 762 803 navit
789 768 867 816 ea,
892 762 962 807 cst
987 754 1220 811 diabolus
1240 774 1258 811 :
1284 762 1456 813 messis
1470 773 1634 816 autem
1649 772 2011 831 consummatio
2034 775 2206 828 seaculi

624 851 697 895 est
722 884 737 906 ,
766 860 1005 899 messores
1043 863 1158 901 vero
1194 850 1372 920 Angeli
1412 862 1545 907 sunt.
1574 855 1720 911 Sicut
1763 876 1879 929 ergo
1899 862 2207 933 colliguntur

625 932 843 995 sizania,
871 944 918 987 et
943 935 1049 1005 igni
1075 939 1469 1006 comburuntur;
1495 945 1567 997 sic
1590 947 1682 998 erit
1703 947 1756 1000 in
1780 955 2208 1009 consummatione
2274 964 2297 985 θ

625 1023 821 1075 steculi.
857 1023 1023 1079 Mittet
1054 1026 1221 1082 Filius
1246 1030 1463 1087 hominis
1490 1035 1707 1106 Angelos
1735 1055 1873 1106 suos,
1902 1051 1948 1094 et
1972 1044 2207 1114 colligent

626 1109 690 1162 de
707 1130 744 1165 rt
760 1128 860 1182 gno
888 1115 998 1184 ejus
1027 1120 1196 1171 omnia
1221 1123 1484 1188 scandala,
1515 1134 1561 1178 et
1583 1143 1668 1182 eos
1690 1130 1776 1198 qui
1804 1133 1997 1201 faciunt
2022 1109 2208 1205 iniqui-

624 1210 795 1267 tatem,
821 1212 870 1257 et
895 1206 1087 1260 mittent
1112 1225 1195 1262 eos
1219 1212 1272 1265 in
1300 1215 1553 1270 caminum
1576 1218 1706 1288 ignis
1722 1235 1741 1272 :
1764 1220 1831 1273 ibi
1866 1223 1958 1276 erit
1981 1224 2134 1292 ﬂetus
2159 1235 2207 1280 et

624 1294 812 1348 stridor
834 1296 1079 1352 dentium.
1104 1300 1248 1355 Tunc
1266 1305 1398 1373 justi
1420 1307 1682 1377 fulgebunt
1709 1312 1839 1366 sicut
1867 1315 1945 1368 sol
1971 1316 2023 1369 in
2052 1334 2205 1387 regno

625 1382 797 1438 Patris
818 1404 1009 1442 eorunt.
1035 1391 1134 1457 Qui
1150 1393 1294 1448 habet
1315 1412 1461 1451 aures
1490 1401 1750 1469 audiendi,
1777 1406 1951 1459 audiat
1991 1382 2203 1479 (Multis.

624 1488 737 1535 xui.
757 1478 971 1551 57-43).
1004 1481 1098 1536 llic
1125 1484 1335 1552 quidem
1355 1488 1611 1555 judicium
1631 1494 1714 1547 vel
1736 1494 1877 1549 diem
1894 1496 2077 1565 judicii
2100 1514 2205 1553 non

624 1566 941 1635 nominavit,
974 1572 1067 1625 sed
1099 1574 1265 1627 multo
1285 1592 1407 1631 eum
1428 1580 1623 1637 clarius
1654 1584 1781 1654 ipsis
1808 1587 1968 1643 rebus
1987 1605 2207 1661 expres-

624 1656 712 1719 sit,
746 1666 799 1712 et
830 1660 881 1713 in
910 1662 1012 1717 line
1037 1667 1217 1721 saeculi
1249 1668 1480 1727 futurum
1507 1689 1625 1729 esse
1654 1678 1918 1745 praedixit.

697 1749 749 1802 5.
790 1749 920 1804 Item
952 1753 1227 1823 discipulis
1269 1760 1630 1831 suis:Amen,
1673 1768 1859 1837 inquit,
1906 1771 2018 1825 dico
2047 1774 2202 1842 vobis,

622 1838 757 1905 quod
787 1855 870 1892 vos
897 1843 983 1910 qui
1006 1848 1161 1899 secuti
1190 1851 1306 1903 estis
1334 1868 1431 1916 me,
1473 1855 1525 1908 in
1563 1862 1954 1927 regeneratione,
1983 1880 2094 1918 cum
2121 1883 2205 1920 se-

623 1926 752 1980 derit
783 1929 949 1986 Filius
970 1933 1185 1991 hominis
1220 1940 1269 1992 in
1296 1944 1414 1997 sede
1451 1926 1727 2015 majestatis
1749 1968 1874 2019 suae,
1900 1956 2131 2012 sedebitis
2158 1970 2205 2013 et

622 2032 709 2071 vos
739 2036 891 2089 super
918 2025 1058 2079 sedes
1099 2028 1382 2098 duodecim,
1402 2036 1697 2104 judicantes
1739 2044 2003 2101 duodecim
2047 2051 2204 2105 tribus

622 2106 790 2163 Israel
813 2111 922 2183 (Id.
962 2132 1070 2181 xix,
1104 2118 1220 2188 28).
1255 2121 1351 2177 llic
1375 2126 1629 2183 discimus
1649 2146 1769 2186 cum
1793 2126 1911 2190 suis
1931 2137 2205 2209 discipulis

621 2198 971 2266 judicaturum
1001 2206 1203 2262 Jesum.
1238 2211 1390 2268 Unde
1434 2225 1487 2271 et
1529 2219 1659 2274 alibi
1698 2221 1895 2280 Judaeis
1943 2198 2079 2283 dixit:
2100 2249 2113 2284 :
2143 2232 2203 2285 Si

621 2307 712 2359 ego
735 2293 788 2346 in
815 2293 1088 2352 Beelzebub
1112 2302 1257 2370 ejicio
1283 2304 1552 2376 dannonia,
1583 2311 1683 2378 filii
1721 2316 1868 2368 vestri
1893 2317 1948 2371 in
1974 2336 2071 2388 quo
2111 2322 2207 2390 eji-

621 2381 945 2439 ciunt?ldeo
971 2389 1069 2457 ipsi
1089 2392 1289 2459 judices
1329 2399 1476 2451 vestri
1499 2412 1647 2455 erunt
1675 2402 1783 2471 (Id.
1818 2422 1911 2474 xu,
1952 2381 2065 2479 2'7).
2096 2381 2205 2468 N'ec

620 2475 872 2542 quoniam
890 2494 1051 2549 super
1071 2484 1348 2542 duodecim
1377 2491 1531 2546 sedes
1556 2508 1798 2551 sessuros
1819 2514 1937 2555 esse
1960 2502 2053 2567 ait,
2072 2503 2205 2559 duo-

622 2564 794 2621 decim
823 2570 967 2625 solos
993 2572 1235 2632 homines
1258 2594 1376 2633 cum
1407 2582 1499 2637 illo
1519 2584 1852 2653 judicaturos
1896 2602 2079 2660 putare
2106 2595 2205 2650 de-

580 2717 588 2725 ‘
619 2653 831 2711 bemus.
864 2660 1202 2720 Duodenan‘o
1218 2670 1412 2739 quippe
1441 2690 1681 2742 numero,
1703 2679 1945 2736 universa
1962 2685 2203 2753 qumdam

620 2748 917 2815 signiﬁcata
958 2756 1414 2825 estjudicantium
1463 2768 1767 2835 multitudo,
1819 2748 2034 2844 propter
2073 2779 2206 2836 duas

622 2847 802 2905 partes
832 2846 1038 2899 numeri
1068 2852 1376 2919 septenarii,
1407 2872 1515 2925 quo
1542 2859 1871 2929 signiﬁcatur
1894 2866 2206 2940 plerumque

620 2929 971 2986 universitas:
994 2952 1113 3005 quae
1134 2939 1252 2995 dua:
1276 2953 1472 3013 partes,
1504 2948 1553 3002 id
1582 2962 1662 3006 est
1690 2954 1786 3007 tria
1806 2929 2211 3027 atq-natuenat-

620 3026 733 3073 tera
752 3037 846 3089 per
861 3025 1086 3083 alteram
1104 3033 1252 3087 multi
1260 3035 1462 3103 plicata:
1481 3039 1761 3099 duodecim
1777 3025 1991 3105 faciunt.
2008 3025 2137 3108 Nam
2154 3067 2207 3109 et

618 3122 849 3178 quatuor
873 3124 972 3183 ter,
991 3127 1046 3173 et
1062 3120 1157 3175 tria
1183 3134 1370 3193 quater
1384 3127 1664 3188 duodecim
1683 3145 1835 3191 sunt:
1851 3148 1898 3193 et
1919 3142 1962 3194 si
1987 3158 2087 3212 qua
2101 3145 2205 3200 alia

619 3198 779 3270 hujus
824 3204 1132 3265 duodenarii
1176 3219 1419 3283 numeri.
1467 3237 1587 3291 quae
1609 3224 1675 3279 ad
1704 3226 1804 3281 hoc
1840 3198 2033 3298 Valeai,
2071 3236 2207 3291 ratio

621 3296 888 3362 reperitur
910 3298 1007 3369 (a).
1031 3303 1281 3375 Alioquin
1306 3313 1558 3378 quoniam
1585 3315 1637 3369 in
1665 3316 1841 3373 locum
1865 3296 2027 3378 Judaei
2044 3327 2205 3381 tradi-

623 3386 757 3440 toris
781 3393 1077 3456 apostolutu
1108 3396 1380 3455 Matthiam
1413 3403 1636 3474 legimus
1665 3410 1964 3468 ordinatum
2004 3415 2137 3489 (Act.
2164 3436 2198 3486 ι,

621 3474 748 3543 26);
773 3483 1046 3546 apostolus
1066 3484 1283 3555 Paulus,
1303 3493 1392 3561 qui
1415 3495 1533 3565 plus
1554 3498 1657 3554 illis
1677 3504 1923 3561 omnibus
1948 3474 2205 3566 laboravit

623 3567 670 3631 (Ι
699 3568 816 3622 Cor.
851 3588 939 3638 xv,
976 3576 1085 3647 l0),
1116 3579 1202 3634 ubi
1232 3583 1298 3637 ad
1323 3584 1668 3653 judicandum
1695 3596 1878 3652 sedeat
1908 3614 2011 3655 non
2042 3602 2208 3658 hahe-

621 3660 735 3714 bit:
769 3666 856 3733 qui
890 3669 1125 3734 profecto
1150 3689 1269 3728 cum
1297 3677 1417 3733 aliis
1438 3685 1637 3739 sanctis
1664 3686 1730 3741 ad
1758 3700 2036 3747 numerum
2057 3695 2202 3765 judi-

623 3769 745 3809 cutn
768 3773 826 3810 se
849 3762 1117 3827 pertinere
1139 3766 1488 3838 demonstrat,
1531 3790 1650 3830 cum
1670 3780 1818 3847 dicit,
1842 3762 2069 3841 Nescitis
2085 3790 2205 3855 quia

622 3850 830 3917 angelos
845 3854 1193 3921 judicabimus
1223 3861 1332 3933 (Id.
1363 3881 1435 3930 vr,
1464 3868 1556 3937 5)?
1580 3871 1653 3926 De
1672 3873 1802 3942 ipsis
1827 3893 2037 3948 quoque
2056 3850 2201 3950 judi-

624 3943 810 3997 caudis
841 3946 893 3999 in
936 3947 1036 4004 hoc
1080 3968 1303 4010 numero
1332 3957 1661 4019 duodenario
1689 3967 1880 4023 similis
1909 3986 2071 4027 causa
2099 3986 2200 4029 est.

621 4030 739 4087 Non
769 4037 913 4092 enim
942 4041 1063 4108 quia
1099 4043 1298 4101 dictum
1325 4059 1427 4117 est,
1447 4054 1735 4122 judicantes
1755 4059 2019 4116 duodecim
2048 4067 2206 4121 tribus

626 4124 814 4185 Israel.
842 4132 1009 4186 tribus
1038 4134 1187 4202 Levi,
1217 4155 1336 4208 qua:
1380 4145 1534 4197 tertia
1564 4146 1767 4201 decima
1793 4160 1894 4215 est,
1925 4154 1993 4207 ab
2016 4156 2093 4209 eis
2114 4156 2207 4225 ju-

623 4214 849 4271 dicanda
876 4236 981 4275 non
1004 4225 1127 4291 erit,
1146 4237 1236 4281 aut
1256 4231 1428 4286 solum
1451 4234 1598 4289 illum
1622 4241 1895 4306 populum.
1917 4259 2021 4298 non
2043 4248 2202 4301 etiam

625 4316 850 4363 cmteras
867 4323 1053 4379 gentes
1075 4316 1408 4384 judicabant.
1436 4324 1585 4391 Quod
1609 4340 1783 4385 autent
1810 4335 1902 4398 ait,
1931 4336 1982 4388 in
2002 4353 2206 4407 regene-

628 4397 848 4464 ratione,
877 4405 1059 4468 procul
1087 4406 1249 4461 dubio
1276 4421 1605 4469 mortuorum
1637 4425 2082 4480 resurrectionem
2110 4445 2205 4482 no-

626 4489 770 4543 mine
809 4492 977 4547 voluit
1017 4502 1435 4566 regenerationis
1484 4505 1722 4578 intelligi.
1774 4512 1865 4568 Sic
1908 4516 2048 4570 enim
2079 4533 2205 4573 caro

626 4589 807 4635 nostra
855 4590 1255 4653 regenerahitur
1304 4608 1397 4661 per
1445 4595 1915 4669 incorruptionem,
1948 4609 2205 4676 quemad-

624 4673 843 4728 modum
871 4687 954 4731 est
979 4678 1157 4735 anima
1188 4691 1372 4739 nostra
1402 4698 1710 4757 regenetata
1739 4708 1834 4762 per
1860 4673 2039 4751 ﬁdem.

697 4768 753 4821 4.
796 4768 956 4825 Multa
985 4784 1262 4841 prretereo,
1292 4792 1410 4845 qua:
1440 4780 1509 4834 de
1533 4781 1720 4837 ultimo
1752 4786 1954 4853 judicio
1993 4791 2062 4844 ita
2100 4792 2205 4847 dici

629 4858 895 4924 videntur,
925 4872 978 4916 ut
1008 4864 1287 4934 diligenter
1311 4870 1646 4926 considerata
1675 4877 2008 4943 reperiantur
2031 4881 2205 4936 ambi-

626 4965 750 5019 gua,
778 4952 864 5005 vel
894 4955 1060 5021 magis
1088 4956 1156 5010 ad
1200 4958 1342 5013 aliud
1389 4963 1736 5029 pertinentia;
1767 4968 1881 5023 sive
1906 4966 2110 5026 scilicet
2136 4971 2203 5027 ad

622 5057 747 5096 eum
776 5044 1072 5101 Salvatoris
1094 5047 1400 5115 adventum,
1428 5068 1534 5122 quo
1555 5070 1651 5125 per
1671 5063 1838 5111 totum
1872 5060 1970 5115 hoc
1997 5071 2207 5131 tempus

624 5134 679 5189 in
710 5135 946 5191 Ecclesia
977 5153 1071 5192 sua
1103 5142 1269 5206 venit,
1293 5141 1396 5198 hoc
1422 5155 1524 5210 est,
1557 5146 1608 5200 in
1642 5150 1895 5205 membris
1923 5153 2055 5218 suis,
2086 5169 2209 5222 par-

624 5228 884 5283 ticulatim
929 5239 1090 5299 atque
1139 5232 1412 5301 paulatim,
1452 5237 1705 5304 quoniam
1754 5248 1860 5294 tota
1902 5257 2096 5312 corpus
2123 5255 2207 5300 est

629 5316 776 5385 ejus;
813 5318 927 5373 sive
968 5320 1034 5373 ad
1079 5322 1344 5377 excidium
1391 5334 1618 5381 terrena:
1647 5326 2123 5401 Jerusalem:quia
2152 5344 2205 5389 et

625 5407 697 5460 de
720 5408 812 5461 illo
839 5424 959 5462 cum
987 5410 1239 5480 loquitur,
1259 5414 1568 5485 plerumque
1583 5418 1661 5471 sic
1679 5418 1928 5487 loquitur,
1953 5430 2203 5492 tanquam

627 5494 696 5549 de
744 5496 849 5553 line
876 5502 1054 5554 saeculi
1083 5512 1243 5571 atque
1267 5503 1336 5559 de
1362 5504 1453 5560 illo
1480 5505 1568 5562 die
1601 5506 1786 5577 judicii
1830 5512 2124 5569 novissimo
2149 5522 2207 5570 et

697 5684 714 5713 ι
741 5684 879 5755 miti.
903 5693 970 5755 est
986 5687 1292 5755 humanitus
1310 5703 1325 5755 _;
1341 5698 1403 5755 _et
1427 5691 1566 5749 intra,
1590 5690 1643 5755 hi
1661 5690 1754 5755 ﬁlii
1775 5696 1882 5743 sunt
1904 5703 2121 5755 nequam.
2150 5696 2205 5740 At

633 5746 943 5813 manuscriptl
963 5762 1053 5796 non
1076 5746 1376 5813 habent,ltic
1397 5788 1409 5808 ,
1436 5746 1600 5813 neque
1623 5746 1690 5803 lii.

694 5804 770 5868 (α)
796 5803 915 5856 Vide
937 5813 1096 5859 Euarr.
1123 5812 1172 5860 in
1194 5803 1309 5862 l‘sal.
1334 5803 1461 5870 uix.
1480 5803 1531 5863 n:
1550 5814 1597 5864 9.

1716 382 1805 440 DE
1843 384 2159 445 CIVITATE
2203 390 2332 458 DEI,
2374 392 2429 448 S.
2472 394 2837 454 AUGUSTINI
3720 418 3783 473 ας

2312 519 2505 574 magno
2546 508 2821 578 loquatur;
2852 514 2920 566 ita
2950 522 3006 567 ut
3044 515 3283 586 dignosci
3314 534 3420 574 non
3450 526 3599 591 possit
3621 529 3782 596 omnino,

2308 596 2409 650 nisi
2439 612 2501 652 ea
2527 615 2644 668 quae
2673 603 2810 670 apud
2839 614 2947 660 tres
2975 609 3356 677 evangelistas,
3393 612 3675 682 Matthaium,
3698 620 3784 673 llat-

2308 701 2447 754 cum,
2496 698 2551 744 et
2586 691 2783 747 Lucam
2812 695 2878 749 de
2905 695 3003 751 hac
3030 713 3091 752 re
3117 700 3363 755 similiter
3391 702 3524 757 dicta
3561 716 3677 769 sunt,
3700 709 3787 763 inter

2308 791 2368 832 se
2396 781 2572 834 omnia
2602 785 2961 840 conferantur.
2994 788 3247 855 Quaedam
3290 793 3486 862 quippe
3511 797 3626 850 alter
3659 800 3786 853 Obscu-

2308 871 2439 938 rius,
2467 874 2606 929 alter
2632 877 2863 945 explicat
2892 880 3129 949 planius;
3162 893 3219 938 ut
3241 900 3304 939 ea
3332 901 3451 955 qua:
3476 888 3538 941 ad
3565 904 3690 943 uuam
3719 908 3787 945 rem

2311 962 2624 1030 pertinentia
2666 966 2931 1035 dicuntur,
2975 984 3230 1041 appareat
3272 977 3415 1031 unde
3440 977 3672 1035 dicantur.
3691 982 3789 1047 Qud

2308 1050 2484 1108 facere
2511 1064 2799 1127 utcumque
2844 1063 3027 1116 curavi
3070 1064 3122 1118 in
3166 1066 3396 1135 quadam
3439 1069 3655 1139 epistola,
3688 1089 3790 1140 quam

2309 1143 2557 1214 rescripsi
2582 1146 2649 1201 ad
2675 1148 2843 1203 beatae
2869 1153 3139 1207 memoria:
3166 1155 3340 1210 virum
3364 1156 3671 1228 Hesychium,
3693 1162 3791 1216 Salo-

2309 1234 2505 1290 nitante
2552 1239 2697 1294 urbis
2743 1242 3073 1313 episcopum,
3120 1247 3273 1317 cujus
3299 1250 3536 1319 epistola:
3562 1252 3708 1306 titulus
3726 1264 3790 1319 ssi,

2308 1326 2375 1381 de
2404 1327 2534 1384 Fine
2558 1332 2737 1385 saeculi
2770 1333 2961 1405 (Epist.
2994 1337 3141 1407 199).

2379 1420 2431 1473 5.
2465 1420 2694 1477 Proinde
2710 1423 2821 1491 jam
2849 1426 2979 1481 illud
3006 1427 3094 1483 hic
3118 1428 3313 1497 dicam,
3337 1432 3475 1501 quod
3503 1432 3549 1486 in
3587 1432 3793 1503 Evangelia

2310 1509 2601 1564 secundum
2624 1512 2929 1570 Matthmum
2954 1517 3021 1572 de
3047 1520 3385 1588 separatione
3412 1522 3647 1577 bonorum
3665 1533 3706 1577 et
3723 1540 3794 1578 mt-

2309 1600 2483 1655 lorum
2528 1603 2720 1672 legitur
2767 1620 2867 1674 per
2901 1606 3160 1676 judicium
3204 1612 3654 1679 praesentissimum
3688 1624 3793 1681 atque

2308 1695 2659 1750 novissimum
2681 1697 2900 1753 Christi.
2926 1699 3054 1753 Cum
3078 1711 3244 1755 autent
3271 1705 3476 1769 venerit,
3500 1705 3663 1774 inquit,
3683 1705 3795 1759 Filius

2308 1786 2526 1840 hominis
2556 1788 2608 1840 in
2634 1790 2898 1857 majestate
2926 1806 3039 1857 sua,
3068 1799 3113 1845 et
3137 1808 3309 1846 omnes
3328 1794 3505 1863 Angeli
3525 1811 3624 1847 cum
3640 1811 3699 1857 eo,
3718 1804 3796 1845 ttat

2307 1877 2493 1931 sedebit
2520 1895 2675 1948 super
2699 1880 2867 1933 sedem
2894 1882 3171 1951 majestatis
3197 1898 3305 1937 stuc
3322 1924 3338 1947 ,
3371 1894 3418 1937 et
3451 1884 3796 1955 congregabantur

2307 1978 2422 2022 ante
2450 1984 2564 2022 eum
2593 1985 2763 2023 omnes
2790 1980 2992 2040 gentes,
3037 1981 3083 2025 et
3123 1974 3381 2041 separabit
3422 1990 3505 2028 eos
3540 1976 3595 2027 ab
3631 1975 3796 2034 invicem,

2306 2059 2435 2111 sicut
2478 2070 2651 2127 pastor
2697 2071 2922 2131 segregat
2963 2078 3076 2115 oves
3120 2062 3182 2117 ab
3230 2064 3392 2118 qudis
3420 2080 3440 2118 :
3462 2072 3506 2117 et
3542 2072 3693 2118 statuet
3724 2080 3798 2117 om

2305 2151 2505 2219 quidem
2531 2168 2563 2205 a
2599 2152 2790 2206 dextris
2816 2153 2943 2219 suis,
2983 2154 3156 2208 Iucdos
3182 2164 3354 2208 autem
3395 2172 3428 2208 a
3462 2156 3669 2211 sinistris.
3702 2154 3733 2207 Τ
3736 2171 3798 2206 aut

2307 2241 2437 2295 dicet
2466 2242 2578 2296 Rea:
2605 2244 2683 2297 Itis
2703 2283 2719 2310 ,
2747 2245 2835 2315 qui
2875 2261 2909 2297 a
2946 2245 3134 2299 dextris
3162 2247 3270 2315 ejus
3298 2244 3467 2313 erunt,
3502 2246 3667 2313 Venite,
3701 2247 3799 2300 bau-

2307 2332 2428 2384 dicti
2466 2331 2639 2387 Putris
2686 2335 2803 2400 mei,
2853 2336 3100 2403 possidete
3145 2345 3380 2406 paratum
3426 2338 3555 2390 vobis
3592 2354 3753 2406 regnant
3779 2352 3799 2387 a

2306 2423 2656 2476 constitutione
2683 2425 2878 2477 mundi.
2901 2423 3104 2478 Esurivi
3124 2426 3277 2490 enim,
3301 2436 3350 2479 et
3372 2426 3568 2480 dedistis
3589 2427 3691 2480 mihi
3704 2443 3799 2478 atas-

2307 2514 2527 2577 ducare;
2553 2514 2704 2577 sitivi,
2740 2524 2786 2568 et
2817 2514 3022 2569 dedistis
3046 2517 3168 2569 mihi
3194 2516 3397 2582 bibere;
3432 2519 3599 2587 hospes
3621 2534 3727 2571 erant
3744 2558 3754 2577 ,
3771 2526 3799 2567 tt

2308 2604 2580 2675 collegistis
2622 2622 2745 2669 me;
2787 2606 2973 2671 nudus,
3018 2616 3064 2660 et
3101 2608 3430 2677 cooperuistis
3476 2625 3581 2672 me;
3616 2609 3798 2676 inﬁrmat,

2308 2704 2357 2751 et
2384 2695 2619 2750 oisitastis
2645 2713 2763 2762 me;
2807 2698 2858 2750 in
2900 2714 3098 2751 carcere
3137 2715 3271 2752 erant
3293 2739 3310 2765 ,
3352 2709 3399 2753 et
3436 2701 3620 2753 uenistis
3653 2700 3707 2751 ad
3734 2716 3796 2749 nte.

2309 2785 2453 2841 Tunc
2475 2788 2845 2857 respondebunt
2870 2790 2915 2841 ei
2938 2789 3070 2858 justi
3092 2790 3361 2857 ,‘dicentes
3384 2805 3403 2843 :
3424 2789 3641 2852 Domine,
3661 2790 3801 2858 quandi

2310 2881 2521 2934 vidimus
2550 2887 2596 2934 te
2622 2880 2935 2945 esurientem,
2968 2891 3013 2933 et
3042 2881 3270 2950 pavimus
3287 2895 3309 2944 ;
3350 2881 3605 2945 sitientem,
3640 2891 3679 2931 et
3706 2878 3801 2928 ante

2308 2990 2419 3026 ntus
2464 2972 2550 3025 tibi
2597 2982 2771 3041 potum
2793 2972 2818 3024 ?
2860 2971 3074 3037 Quando
3102 2981 3268 3024 autem
3298 2982 3346 3025 te
3374 2972 3581 3025 vidimus
3606 2968 3799 3037 hospitem.

2309 3075 2355 3119 et
2396 3064 2689 3134 collegimus
2732 3072 2813 3129 te;
2842 3072 2930 3115 aut
2964 3063 3177 3126 nudum,
3205 3072 3251 3115 et
3278 3066 3615 3132 coaperuimus
3639 3060 3801 3158 lci-Aut

2307 3155 2511 3225 quando
2539 3164 2586 3207 te
2611 3154 2825 3207 vidimus
2850 3153 3128 3221 infirmum,
3152 3162 3237 3205 aut
3262 3153 3315 3205 in
3342 3168 3553 3222 carcere,
3578 3161 3618 3204 et
3642 3153 3801 3247 veniant

2307 3246 2375 3299 ad
2403 3245 2496 3299 te?
2525 3243 2592 3297 Et
2620 3244 2927 3313 respondens
2954 3243 3066 3297 Rea:
3092 3243 3221 3296 dicet
3249 3244 3375 3309 illis,
3401 3242 3553 3296 Arnen
3579 3242 3673 3294 dico
3694 3240 3799 3297 vobis.

2306 3336 2549 3407 quamdiu
2590 3336 2777 3405 fecistis
2819 3335 2906 3388 utti
2950 3336 3013 3387 de
3060 3334 3139 3388 Itis
3186 3334 3431 3404 fratribus
3475 3335 3589 3426 meis
3626 3330 3799 3426 minimis.

2307 3426 2430 3478 mihi
2458 3426 2660 3496 fecistis.
2709 3423 2849 3478 Tunc
2877 3425 3038 3490 dicet,
3070 3425 3268 3494 inquit,
3307 3434 3355 3479 et
3400 3426 3478 3479 his
3500 3425 3579 3493 qui
3600 3441 3627 3475 a
3648 3422 3801 3476 sinistris

2308 3526 2454 3579 erunt
2481 3531 2500 3570 :
2529 3515 2781 3569 Discedite
2819 3531 2851 3568 a
2879 3531 2976 3580 me,
3014 3515 3299 3581 maledicti,
3331 3516 3385 3568 in
3413 3516 3572 3584 ignem
3605 3524 3800 3567 tetanum.

2307 3608 2394 3677 qui
2419 3616 2627 3677 paratus
2646 3616 2718 3660 est
2742 3606 2943 3660 diabolo
2968 3614 3013 3660 et
3040 3606 3234 3674 angelis
3257 3608 3389 3675 ejus.
3420 3606 3608 3660 Deinde
3626 3603 3801 3657 similiter

2307 3700 2467 3753 etiam
2508 3699 2592 3752 his
2631 3706 2942 3763 enumerat,
2989 3696 3128 3766 quod
3176 3696 3264 3751 illa
3312 3712 3420 3752 non
3466 3695 3691 3758 iecerint,
3724 3705 3801 3759 qua:

2308 3791 2526 3846 dextros
2569 3789 2759 3845 fecisse
2805 3789 3135 3843 memoravit.
3164 3787 3523 3856 Similiterque
3550 3787 3801 3849 interrogan-

2312 3884 2472 3945 tibus,
2505 3881 2718 3952 quando
2744 3895 2865 3935 eum
2892 3879 3123 3933 viderint
3152 3879 3205 3933 in
3236 3878 3428 3933 horum
3450 3875 3699 3947 indigentia

2308 3976 2549 4029 stitutum
2582 3992 2595 4027 :
2631 3972 2773 4043 quod
2819 3971 3055 4027 minimis
3096 3970 3208 4025 suis
3249 3969 3444 4024 factum
3475 3984 3573 4023 non
3610 3974 3703 4027 est,
3734 3959 3799 4013 sibi

2311 4067 2505 4122 factum
2536 4082 2643 4121 non
2676 4065 2838 4139 fuisse
2866 4063 3187 4133 respondet;
3231 4074 3624 4152 sermonemque
3643 4052 3801 4152 cotula:

2308 4159 2463 4223 dens,
2488 4157 2553 4210 Et
2579 4156 2653 4221 Iti,
2683 4136 2872 4223 inquit,
2899 4154 2954 4207 in
2980 4153 3283 4223 supplicium
3304 4162 3545 4207 internum
3570 4140 3800 4212 ibunt,thin

2308 4258 2474 4302 autent
2499 4249 2553 4300 itt
2578 4249 2729 4300 vitam
2751 4256 2987 4299 aeternam
3014 4243 3226 4313 (Matth.
3254 4258 3389 4308 xxv,
3415 4240 3609 4308 51-46).
3636 4237 3801 4291 Joannes

2310 4356 2438 4394 vero
2464 4338 2786 4408 evangelista
2817 4336 3151 4405 apertissime
3180 4344 3363 4387 narrat
3398 4348 3517 4387 eum
3545 4332 3591 4383 in
3625 4337 3796 4382 resum'

2309 4434 2484 4489 ctione
2507 4440 2834 4485 mortuorum
2860 4429 3095 4482 futurum
3122 4426 3431 4495 praedixisse
3451 4422 3695 4493 judicium.
3710 4413 3798 4467 Cum

2309 4525 2449 4578 enim
2492 4521 2746 4583 dixisset,
2776 4518 2953 4587 Neque
2982 4518 3111 4569 enim
3137 4514 3294 4568 Pater
3322 4515 3523 4584 judico:

2308 4614 2398 4668 sed
2436 4612 2689 4682 judicium
2729 4625 2875 4662 omne
2909 4607 3043 4659 dedit
3073 4605 3238 4668 Filio,
3272 4616 3326 4657 ut
3354 4620 3524 4657 omnes
3551 4595 3797 4660 honoriﬁch

2262 4736 2273 4739 —
2311 4704 2526 4768 Filium,
2556 4703 2683 4756 sicut
2708 4699 3045 4766 honorificam
3072 4696 3276 4749 Patrem
3296 4713 3314 4748 :
3343 4695 3431 4763 qui
3460 4710 3554 4746 non
3578 4683 3798 4750 honoriﬁw

2312 4794 2526 4859 Filium,
2550 4808 2652 4846 non
2679 4790 2980 4857 honori/icat
3009 4786 3241 4849 Patrem,
3382 4784 3515 4878 misit
3539 4780 3662 4878 illum
3684 4792 3698 4828 :

2312 4885 2455 4939 tinus
2482 4879 2705 4947 addidit,
2728 4880 2905 4942 Amen,
2928 4893 3073 4930 amen
3103 4878 3216 4929 dico
3240 4874 3400 4939 vobis,
3428 4874 3542 4942 quia
3566 4871 3639 4963 qui
3662 4864 3798 4963 arbuti

2310 4991 2475 5030 meum
2510 4972 2674 5035 audit,
2714 4979 2761 5024 et
2803 4969 2958 5024 credit
3000 4968 3046 5021 ei
3090 4968 3175 5037 qui
3220 4983 3298 5019 nte
3341 4966 3498 5029 misit,
3538 4962 3668 5055 liabet
3698 4962 3813 5055 tantae

2308 5077 2590 5128 cateruam;
2626 5074 2673 5119 et
2713 5064 2767 5116 in
2802 5061 3056 5131 judicium
3094 5076 3195 5112 non
3232 5058 3413 5120 veniet,
3460 5054 3543 5148 sed
3581 5043 3799 5148 ιξξυξξίξὶί

2310 5168 2469 5213 morte
2496 5158 2548 5209 in
2577 5156 2728 5208 vitam
2757 5130 2933 5220 (Joan.
2967 5165 3023 5215 v,
3048 5147 3219 5201 22—24
3237 5149 3277 5215 ).
3309 5146 3452 5200 Ecce
3479 5144 3560 5197 hic
3584 5139 3691 5193 dixit
3711 5130 3796 5184 ﬁde-

2320 5250 2398 5306 les
2422 5261 2550 5304 suos
2576 5246 2629 5300 in
2662 5242 2920 5314 judicium
2951 5255 3056 5295 non
3086 5238 3286 5293 venire.
3318 5232 3589 5305 Quomodo
3611 5240 3711 5294 ergo
3738 5229 3796 5287 ρετ

2305 5340 2563 5410 judicium
2602 5334 2990 5405 separabantur
3019 5347 3050 5384 a
3079 5329 3261 5390 malis.
3293 5336 3349 5381 et
3377 5326 3445 5380 ad
3470 5326 3577 5393 ejus
3600 5321 3793 5412 delicta!"

2310 5432 2543 5493 stabunt,
2574 5442 2674 5481 nisu
2697 5426 2817 5496 quia
2848 5424 2951 5478 hoc
2980 5425 3096 5476 loco
3134 5420 3393 5489 judicium
3425 5434 3516 5486 pro
3540 5412 3795 5515 damnantia:

2313 5523 2528 5594 posuit?
2580 5522 2641 5574 In
2682 5519 2786 5572 tale
2830 5516 3026 5585 quippe
3064 5512 3321 5583 judicium
3364 5526 3468 5564 non
3510 5504 3703 5562 venient,
3736 5504 3792 5558 φιι

2374 5652 3790 5764 tenuitatisceramt‘mt.m“m

2314 5720 2887 5800 ttiet:--s'etllmtraitsii't.'ln
2924 5728 3030 5779 aliis
3052 5720 3220 5791 postea
3262 5725 3382 5776 locis
3404 5736 3499 5777 non
3519 5720 3601 5771 sibi

2316 5796 2487 5859 Confer
2507 5808 2660 5854 Tract.
2689 5797 2751 5849 22
2771 5796 2822 5848 in
2840 5800 3086 5845 Joannem.
