3976 6516
168 413 267 471 ωδ

171 528 386 582 audiunt
414 528 636 584 verbum
665 530 815 600 ejus,
847 540 902 587 et
929 532 1156 590 credunt
1183 536 1230 591 ei
1266 537 1353 606 qui
1386 538 1533 592 misit
1572 539 1743 594 illum.

174 620 383 674 CAPUT
434 621 519 675 Vl.
564 652 636 662 —
682 624 809 688 Qua:
849 624 913 679 sit
953 627 1117 694 prima
1154 630 1485 695 resurrectio,
1527 645 1641 700 qua:
1666 646 1748 684 se-

862 715 1054 771 cunda.

248 804 297 856 t.
342 803 542 857 Deinde
584 804 839 875 adjungit,
889 816 944 861 et
991 808 1121 861 dicit
1158 826 1172 861 :
1219 810 1409 871 Amen,
1442 826 1590 862 amen
1637 810 1751 863 dico

167 895 308 955 vobis
336 896 454 964 quia
480 898 610 949 venit
638 898 782 961 hora,
832 908 878 951 et
905 915 1035 952 nunc
1062 910 1134 953 est
1155 940 1170 964 ,
1214 902 1416 970 quando
1443 902 1627 953 mortui
1654 918 1752 953 au-

167 983 308 1038 dient
336 1001 502 1038 vocem
537 983 665 1039 Filii
690 988 789 1041 Dei
812 1005 829 1052 ;
872 1001 916 1042 et
946 991 1031 1058 qui
1060 991 1330 1056 audierint,
1378 993 1557 1045 vivent.
1606 993 1754 1046 Sicut

168 1074 304 1125 enim
333 1073 486 1128 Pater
514 1075 659 1129 habet
686 1080 836 1131 vitam
864 1080 914 1132 in
943 1081 1208 1148 semetipso
1228 1123 1243 1144 ,
1275 1083 1347 1134 sic
1376 1082 1510 1135 dedit
1541 1092 1587 1135 et
1614 1082 1753 1136 Filio

171 1164 352 1219 habere
372 1166 522 1219 vitam
538 1168 590 1220 in
605 1170 867 1239 semetipso
881 1170 1056 1241 (Joan.
1084 1188 1137 1235 v,
1157 1172 1228 1226 25
1239 1182 1285 1225 et
1298 1171 1409 1243 26).
1427 1172 1670 1226 Nondum
1688 1175 1755 1228 de

173 1256 407 1307 secunda
448 1263 871 1326 resurrectione,
929 1260 980 1314 id
1023 1271 1105 1315 est
1146 1278 1452 1332 corporum,
1497 1263 1753 1332 loquitur,

172 1359 295 1412 qua:
322 1346 373 1398 in
398 1347 504 1404 line
530 1348 701 1403 futura
731 1361 812 1405 est
837 1369 851 1416 ;
884 1353 977 1407 sed
1005 1353 1072 1408 de
1099 1354 1266 1423 prima
1285 1396 1299 1418 ,
1337 1370 1456 1425 qua:
1481 1372 1620 1409 nunc
1650 1366 1751 1410 est.

174 1436 325 1491 Hanc
350 1440 544 1510 quippe
571 1451 628 1496 ut
653 1443 1035 1513 distingueret,
1063 1448 1164 1513 ait,
1200 1447 1343 1501 Venit
1384 1448 1530 1515 hora,
1557 1460 1603 1502 et
1625 1467 1758 1504 nunc

172 1538 264 1582 est.
313 1530 429 1584 Non
467 1543 644 1588 autem
693 1538 791 1590 ista
820 1552 1138 1606 corporum,
1171 1539 1265 1593 sed
1312 1540 1609 1594 animarum
1653 1552 1754 1596 est.

174 1619 387 1675 [labent
414 1623 555 1677 enim
595 1634 650 1680 et
687 1627 879 1681 animm
926 1638 1151 1684 mortem
1198 1646 1346 1685 suam
1388 1632 1438 1684 in
1486 1632 1759 1701 impietate

171 1720 338 1779 atque
394 1716 623 1781 peccatis
673 1734 688 1771 :
732 1718 1023 1773 secundum
1078 1735 1235 1789 quam
1284 1732 1513 1775 mortem
1562 1722 1757 1777 mortui

172 1812 320 1869 sunt,
346 1804 414 1859 de
441 1806 633 1874 quibus
661 1808 797 1863 idem
824 1811 1077 1866 Dominus
1096 1813 1189 1879 ait,
1218 1813 1343 1867 Sine
1365 1828 1590 1870 mortuos
1614 1833 1760 1885 sepe-

171 1894 269 1948 lire
313 1906 537 1951 mortuos
584 1916 702 1953 suos
742 1903 760 1971 (
782 1900 968 1957 Matth.
996 1920 1123 1969 vut,
1161 1905 1232 1959 2‘2
1257 1906 1312 1975 );
1357 1915 1413 1960 ut
1454 1908 1660 1962 scilicet
1706 1909 1757 1961 in

170 1985 354 2037 anima
389 1989 606 2054 mortui,
652 1990 702 2044 in
742 2006 969 2062 corpore
1014 2004 1251 2051 mortuos
1288 1998 1595 2066 sepelirent.
1627 1999 1760 2052 Pro-

171 2082 297 2142 pter
328 2076 460 2131 istos
490 2095 617 2149 ergo
646 2081 918 2151 impietate
947 2096 1002 2139 et
1031 2086 1307 2156 iniquitate
1336 2089 1387 2142 in
1414 2090 1590 2142 anima
1617 2106 1762 2144 mor-

169 2174 320 2229 tuos,
354 2165 518 2233 Venit,
563 2171 750 2240 inquit,
782 2174 906 2227 hora
926 2217 940 2242 ,
968 2186 1015 2229 et
1049 2194 1181 2231 nunc
1210 2188 1318 2246 est,
1349 2182 1552 2250 quando
1577 2181 1763 2235 mortui

167 2257 385 2311 audient
411 2275 577 2313 vocem
605 2262 729 2316 Filii
754 2264 892 2329 Dei;
926 2278 974 2319 et
1011 2270 1096 2337 qui
1136 2270 1416 2336 audierint,
1447 2273 1629 2326 vivent.
1662 2274 1762 2338 Qui

166 2351 437 2405 audierint
478 2352 630 2422 dixit,
676 2358 765 2426 qui
812 2359 1139 2429 obedierint,
1181 2365 1268 2433 qui
1314 2365 1663 2433 crediderint,
1708 2375 1763 2420 et

167 2458 347 2512 usque
380 2446 432 2499 in
477 2446 636 2502 tinem
666 2455 1146 2518 perseveraverint.
1178 2455 1285 2511 Nec
1312 2458 1434 2511 fecit
1475 2459 1561 2512 hic
1599 2459 1761 2513 ullam

163 2534 539 2592 diﬂ‘ereutiam
590 2541 849 2596 bonorum
893 2552 948 2598 et
990 2546 1274 2601 malorum.
1321 2547 1579 2605 Omnibus
1617 2553 1759 2605 enim

162 2624 377 2679 bonum
410 2639 491 2696 est
520 2630 709 2686 audire
738 2647 922 2687 vocem
953 2634 1104 2704 ejus,
1148 2646 1200 2691 et
1230 2638 1444 2705 vivere,
1490 2640 1556 2694 ad
1599 2640 1761 2695 vitam

161 2716 396 2784 pietatis
442 2736 507 2773 ex
556 2722 844 2790 impietatis
891 2736 1064 2787 morte
1108 2730 1433 2784 transeundo
1456 2730 1495 2783 ι.
1544 2730 1618 2785 De
1657 2747 1759 2800 qua

160 2821 349 2865 morte
376 2814 455 2866 ait
483 2815 752 2882 apostolus
779 2816 1005 2885 Paulus,
1032 2818 1168 2890 Ergo
1209 2837 1381 2875 omnes
1410 2824 1595 2876 mortui
1618 2833 1757 2891 sunt,

159 2913 208 2956 et
243 2920 342 2970 pro
372 2905 607 2957 omnibus
650 2916 877 2962 mortuus
907 2912 1043 2975 est”,
1081 2920 1133 2963 ut
1171 2912 1257 2981 qui
1299 2913 1489 2980 vivunt,
1516 2916 1623 2982 jam
1660 2932 1763 2969 non

159 2992 262 3045 sibi
292 2994 469 3046 vivant
488 3036 501 3057 ,
529 2996 619 3049 sed
643 2996 689 3049 ei
712 2998 797 3067 qui
825 3015 916 3067 pro
956 3001 1081 3069 ipsis
1121 3011 1345 3057 mortuus
1369 3014 1463 3069 est,
1504 3015 1550 3057 et
1588 3022 1760 3060 resur-

158 3083 301 3135 rexit
331 3084 351 3151 (
381 3082 422 3136 ll
452 3083 570 3137 Cor.
601 3101 652 3149 v,
682 3087 768 3149 14,
801 3088 927 3157 15).
958 3088 1157 3144 Omnes
1200 3093 1377 3161 itaque
1403 3095 1595 3148 mortui
1640 3105 1765 3151 sunt

160 3171 219 3225 in
266 3175 535 3242 peccatis,
579 3176 791 3231 nemine
817 3193 1036 3245 prorsus
1061 3191 1287 3251 excepto
1311 3223 1325 3247 ,
1353 3185 1465 3238 sive
1489 3186 1764 3256 originali-

156 3262 292 3329 bus,
323 3263 446 3318 sive
477 3267 637 3318 etiam
668 3267 937 3323 voluntate
964 3270 1178 3335 additis,
1210 3274 1293 3327 vel
1328 3274 1624 3344 ignorando
1644 3317 1659 3341 ,
1681 3277 1766 3331 vel

156 3354 399 3408 sciendo
441 3371 540 3409 nec
567 3355 809 3412 iaciendo
835 3360 975 3429 quod
1002 3362 1203 3430 justum
1235 3373 1317 3419 est
1345 3383 1358 3417 :
1391 3374 1444 3420 et
1470 3382 1567 3436 pro
1590 3368 1768 3421 omni-

153 3445 265 3499 bus
298 3448 537 3501 mortuis
562 3449 712 3503 vivus
741 3461 980 3507 mortuus
1020 3463 1104 3508 est
1134 3471 1301 3522 unus,
1330 3457 1381 3511 id
1410 3468 1493 3513 est
1517 3501 1531 3524 ,
1560 3460 1766 3517 nullum

153 3535 381 3591 habens
428 3540 650 3593 omnino
682 3551 953 3610 peccatum
988 3561 1005 3597 :
1038 3554 1094 3598 ut
1133 3546 1223 3615 qui
1272 3563 1365 3616 per
1394 3551 1766 3606 remissionem

151 3638 527 3697 peccatorum
558 3630 762 3697 vivunt,
806 3632 916 3701 jam
943 3648 1051 3687 non
1081 3636 1183 3689 sibi
1212 3637 1413 3704 vivant,
1459 3639 1551 3693 sed
1581 3640 1631 3693 ei
1675 3642 1767 3710 qui

1472 425 1671 481 LIBER
1710 423 1821 482 VIG
1830 425 2094 485 ESIMUS.

3337 431 3443 489 686

1860 539 2000 593 unde
2025 539 2231 609 agimus
2258 556 2273 596 :
2303 539 2499 610 Nolite,
2528 541 2719 613 inquit,
2747 542 2921 596 mirari
2952 542 3062 609 hoc,
3092 544 3213 615 quia
3238 547 3397 600 veniet
3418 546 3438 579 ¹

1857 632 2015 697 hora,
2049 632 2102 684 in
2129 648 2230 701 qua
2272 648 2443 687 omnes
2471 634 2557 703 qui
2590 635 2643 687 in
2680 635 3014 689 monumentis
3039 646 3194 702 sunt,
3234 637 3443 691 audient

1856 734 2026 772 vocem
2050 721 2160 790 ejus
2184 722 2205 751 ²
2232 735 2246 783 ;
2276 730 2323 774 et
2354 722 2621 787 procedent
2649 723 2735 792 qui
2760 724 2889 776 bona
2919 725 3163 793 fecerunt,
3190 726 3243 778 in
3272 742 3444 779 resur-

1856 812 2127 865 rectionem
2156 812 2306 875 vitaz;
2332 812 2415 881 qui
2446 828 2560 866 vero
2598 814 2733 865 mala
2762 823 3001 884 egerunt,
3043 816 3095 866 in
3120 819 3443 869 resurrectio-

1858 919 1970 956 nem
1992 904 2177 972 judicii
2208 903 2397 975 (Joan.
2425 918 2477 967 v,
2500 904 2667 958 27-29
2687 906 2725 974 ).
2755 906 2865 960 Iloc
2893 916 2976 960 est
3006 906 3132 960 illud
3159 907 3439 976 judicium,

1857 992 1998 1061 quod
2028 993 2186 1060 paulo
2214 1002 2359 1058 ante,
2399 995 2537 1047 sicut
2565 1009 2723 1058 nunc,
2760 1010 2854 1064 pro
2880 995 3219 1049 damnatione
3246 1012 3435 1066 posue-

1859 1091 1975 1147 rat,
2003 1082 2188 1139 dicens
2209 1125 2223 1149 ,
2254 1084 2356 1149 Qui
2384 1083 2586 1137 verbum
2626 1101 2789 1138 meum
2827 1086 2991 1148 audit,
3029 1096 3075 1139 et
3104 1086 3261 1139 credit
3288 1088 3333 1139 ei
3358 1087 3445 1156 qui

1860 1175 1996 1227 misit
2038 1190 2151 1239 me,
2183 1174 2329 1227 habet
2372 1175 2525 1227 vitam
2567 1185 2840 1239 a'ternam,
2872 1186 2918 1229 et
2961 1179 3013 1229 in
3047 1177 3301 1246 judicium
3342 1193 3446 1231 non

1860 1266 2039 1329 veniet,
2058 1266 2147 1320 sed
2176 1268 2373 1320 transiit
2398 1283 2429 1319 a
2451 1277 2611 1323 morte
2636 1268 2687 1319 in
2714 1272 2865 1320 vitam
2892 1267 3077 1339 (Ibid.,
3105 1270 3194 1339 24)
3225 1287 3238 1323 :
3267 1269 3316 1323 id
3336 1278 3442 1334 est,

1862 1356 2177 1425 pertinendo
2222 1357 2289 1411 ad
2342 1358 2565 1427 primam
2618 1359 3098 1423 resurrectionem,
3151 1374 3252 1427 qua
3306 1374 3445 1415 nunc

1864 1450 2119 1501 transitur
2159 1462 2190 1502 a
2234 1455 2408 1502 morte
2447 1448 2513 1501 ad
2560 1449 2753 1513 vitam,
2801 1449 2853 1501 in
2898 1448 3290 1503 damnationem
3337 1464 3443 1504 non

1862 1540 2062 1603 veniet,
2105 1556 2264 1607 quam
2311 1539 2625 1610 significavit
2669 1541 3025 1609 appellatione
3066 1541 3269 1609 judicii,
3310 1541 3450 1595 sicut

1862 1632 2021 1687 etiam
2065 1632 2166 1686 hoc
2207 1633 2347 1697 loco,
2395 1632 2482 1686 ubi
2513 1633 2606 1697 ait,
2654 1633 2754 1699 Qui
2797 1649 2911 1686 vero
2949 1634 3085 1686 mala
3124 1643 3349 1701 egerunt,
3394 1633 3449 1685 in

1862 1724 2272 1776 resurrectionem
2290 1723 2478 1793 judicii
2496 1764 2510 1786 ,
2554 1724 2607 1777 id
2638 1732 2717 1778 est
2739 1766 2754 1790 ,
2785 1723 3161 1777 damnationis.
3194 1724 3451 1792 Resurgat

1863 1829 1991 1885 ergo
2018 1815 2069 1869 in
2104 1817 2292 1884 prima,
2322 1816 2410 1885 qui
2442 1831 2547 1869 non
2580 1815 2689 1868 vult
2716 1816 2766 1868 in
2798 1815 3030 1869 secunda
3057 1815 3449 1868 resurrectione

1865 1906 2127 1960 damnari.
2166 1905 2309 1960 Venit
2335 1906 2475 1960 enim
2506 1906 2652 1971 hora,
2681 1918 2728 1959 et
2756 1923 2889 1959 nunc
2916 1915 3009 1970 est,
3039 1907 3240 1974 quando
3267 1904 3453 1957 mortui

1864 1997 2068 2050 audient
2098 2012 2265 2050 vocem
2288 1995 2413 2049 Filii
2441 1996 2572 2060 Dei;
2600 2006 2645 2050 et
2670 1997 2756 2066 qui
2783 1996 3056 2058 audierint,
3078 1996 3237 2048 vivent
3261 1993 3452 2065 (Ibid.,

1863 2088 1934 2142 25
1954 2087 1972 2157 )
1996 2131 2010 2153 ,
2042 2088 2092 2142 id
2122 2098 2203 2141 est
2224 2130 2238 2153 ,
2271 2089 2324 2142 in
2365 2087 2757 2143 damnationem
2804 2103 2909 2142 non
2941 2088 3187 2149 venient,
3220 2103 3339 2156 qua:
3365 2103 3451 2142 se-

1864 2180 2034 2235 cunda
2064 2196 2209 2235 mors
2251 2180 2446 2234 dicitur
2486 2197 2500 2232 :
2544 2179 2594 2233 in
2624 2195 2781 2249 quam
2813 2188 3062 2243 mortem,
3108 2187 3229 2248 post
3257 2193 3455 2232 secun-

1865 2272 2008 2338 dam,
2032 2287 2150 2342 qute
2173 2287 2455 2342 corporum
2484 2271 2654 2325 futura
2685 2279 2789 2333 est,
2820 2270 3286 2331 resurrectionem,
3314 2285 3452 2338 prm-

1866 2365 2242 2434 cipitabuutur,
2272 2362 2364 2433 qui
2408 2364 2459 2416 in
2503 2362 2692 2431 prima,
2723 2377 2841 2432 qute
2868 2362 3162 2414 animarum
3194 2367 3278 2414 est
3298 2400 3312 2425 ,
3342 2374 3451 2412 non

1866 2462 2170 2525 resurgunt.
2207 2453 2379 2508 Veniet
2418 2453 2559 2508 enim
2605 2453 2732 2505 liora
2777 2451 2905 2523 (ubi
2937 2466 3042 2504 non
3087 2453 3195 2515 ait,
3240 2458 3288 2501 et
3317 2464 3450 2501 nunc

1867 2556 1980 2611 est;
2025 2546 2147 2615 quia
2190 2545 2243 2598 in
2286 2543 2392 2599 line
2421 2543 2601 2598 surculi
2644 2544 2767 2607 erit,
2814 2542 2917 2595 hoc
2960 2551 3043 2595 est
3086 2541 3137 2592 in
3182 2538 3368 2592 ultimo
3394 2545 3451 2593 et

1868 2636 2101 2691 maximo
2118 2636 2318 2705 judicio
2345 2636 2482 2706 Dei),
2507 2634 2710 2706 quando
2734 2649 2907 2686 omnes
2932 2632 3018 2701 qui
3042 2632 3093 2684 in
3120 2628 3454 2684 monumentis

1866 2738 2002 2795 sunt,
2030 2730 2236 2782 audient
2263 2743 2431 2781 vocem
2454 2730 2587 2797 ejus,
2621 2736 2668 2779 et
2692 2724 2955 2797 procedent
2981 2721 3166 2793 (Ibid.,
3184 2722 3298 2792 28).
3330 2720 3445 2774 Non

1867 2822 2001 2877 dixit
2026 2821 2471 2893 quemadmodum
2499 2820 2552 2874 in
2581 2820 2769 2890 prima,
2797 2827 2843 2872 et
2868 2818 2953 2889 qui
2973 2817 3243 2880 audierint,
3267 2816 3452 2868 vivent.

1866 2915 1981 2970 Non
2003 2914 2144 2971 enim
2168 2929 2356 2968 omnes
2377 2913 2577 2976 vivent,
2601 2926 2660 2965 ea
2689 2910 2890 2965 scilicet
2914 2909 3040 2975 vita,
3066 2923 3183 2977 qua:
3203 2908 3452 2976 quoniam

1866 3008 2020 3063 beata
2052 3014 2154 3071 est,
2185 3006 2296 3060 sola
2321 3004 2426 3057 vita
2453 3002 2676 3057 dicenda
2704 3010 2806 3056 est.
2836 2999 2967 3054 Nam
2996 3000 3177 3068 utique
3200 3013 3304 3050 non
3334 2997 3452 3051 sine

1868 3098 2240 3168 qualicumque
2270 3096 2376 3149 vita
2408 3101 2627 3164 possent
2664 3091 2886 3156 audire,
2924 3090 3071 3146 etde
3097 3088 3456 3143 monumentis

1871 3197 2181 3258 resurgente
2206 3202 2366 3242 carne
2390 3185 2703 3256 procedere.
2730 3186 2906 3251 Quare
2929 3180 3104 3236 autem
3136 3196 3239 3235 non
3266 3192 3457 3234 omnes

1872 3281 2072 3345 vivent,
2097 3278 2147 3331 in
2175 3293 2240 3332 eo
2268 3276 2410 3347 quod
2439 3276 2699 3345 sequitur,
2728 3273 2887 3329 docet
2911 3289 2924 3326 :
2957 3273 3055 3338 Qui
3085 3272 3235 3335 bona,
3264 3269 3456 3339 inquit,

1874 3375 2132 3443 fecerunt,
2176 3370 2229 3423 in
2267 3368 2683 3422 resurrectionem
2708 3366 2853 3432 vine,
2883 3364 2939 3418 hi
2968 3370 3093 3417 sunt
3116 3362 3206 3433 qui
3236 3360 3416 3415 vivent
3443 3377 3455 3412 :

1871 3464 1959 3532 qui
2002 3477 2119 3515 vero
2162 3460 2300 3513 mala
2341 3467 2585 3529 egerunt,
2629 3458 2682 3510 in
2724 3455 3138 3511 resurrectionem
3172 3451 3373 3521 iudicii,
3405 3449 3460 3503 hi
3530 3521 3536 3526 I

1873 3560 1998 3605 sunt
2025 3552 2112 3621 qui
2144 3565 2248 3603 non
2276 3550 2492 3613 vivent;
2531 3548 2653 3618 quia
2683 3546 2914 3601 secunda
2941 3552 3115 3599 morte
3142 3543 3456 3598 morientur.

1874 3646 2007 3702 Mala
2038 3644 2233 3712 quippe
2263 3648 2519 3711 egerunt,
2558 3639 2810 3708 quoniam
2840 3638 2981 3691 male
3007 3637 3252 3690 vixerunt
3282 3652 3297 3688 :
3322 3633 3461 3687 male

1872 3746 2048 3789 autem
2078 3734 2357 3797 vixerunt,
2388 3731 2512 3800 quia
2558 3729 2610 3783 in
2652 3728 2820 3798 prima
2840 3767 2855 3790 ,
2884 3741 3004 3795 qua:
3032 3739 3173 3779 nunc
3201 3732 3281 3778 est
3300 3764 3316 3788 ,
3347 3722 3465 3775 ani-

1872 3839 2078 3879 marum
2105 3821 2498 3877 resurrectione
2525 3834 2629 3872 non
2660 3817 2990 3880 revixerunt,
3018 3823 3110 3868 aut
3138 3812 3190 3867 in
3223 3828 3289 3866 eo
3317 3811 3461 3881 quod

1873 3916 2198 3977 revixerunt,
2222 3927 2327 3967 non
2358 3911 2412 3964 in
2437 3910 2595 3964 linem
2620 3922 2787 3978 usque
2813 3912 3142 3961 manserunt.
3165 3902 3313 3959 Sicut
3333 3916 3463 3970 ergo

1874 4006 1993 4061 dum
2015 4015 2137 4060 sunt
2163 4003 2612 4074 regenerationes,
2635 3999 2704 4055 de
2723 3998 2915 4069 quibus
2940 3997 3049 4067 jam
3071 4011 3228 4065 supra
3252 3994 3462 4047 locutus

1876 4113 1992 4153 sum
2011 4138 2024 4160 ,
2056 4111 2160 4151 una
2213 4093 2500 4148 secundum
2531 4090 2687 4145 tidem
2709 4131 2724 4157 ,
2754 4104 2873 4159 qua:
2903 4103 3044 4142 nunc
3074 4086 3132 4140 lit
3158 4101 3254 4155 per
3278 4083 3460 4152 Bapti-

1877 4203 2050 4242 smum
2068 4202 2084 4250 ;
2102 4185 2204 4239 alia
2231 4183 2524 4239 secundum
2550 4196 2790 4246 carnem,
2813 4194 2933 4249 quae
2960 4178 3050 4233 ﬁet
3072 4177 3125 4231 in
3149 4175 3264 4245 ejus
3290 4175 3467 4229 incor-

1879 4278 2126 4347 ruptione
2153 4286 2313 4346 atque
2352 4272 2751 4328 immortalitate
2781 4285 2877 4340 per
2915 4269 3173 4340 judicium
3216 4279 3464 4336 magnum

1881 4384 2039 4441 atque
2068 4368 2414 4424 novissimum
2444 4384 2457 4420 :
2492 4366 2563 4419 ita
2612 4372 2737 4420 sunt
2778 4372 2832 4418 et
2871 4360 3291 4417 resurrectiones
3322 4357 3462 4420 duae,

1882 4478 1985 4518 una
2015 4463 2185 4532 prima
2204 4500 2218 4525 ,
2246 4474 2365 4529 quae
2394 4466 2449 4513 et
2476 4472 2618 4511 nunc
2646 4464 2767 4522 est,
2795 4463 2850 4509 et
2874 4454 3171 4508 animarum
3200 4459 3316 4515 est,
3345 4463 3467 4518 qua:

1882 4553 2066 4609 venire
2102 4566 2208 4605 non
2249 4549 2508 4619 permittit
2546 4549 2598 4601 in
2629 4554 2853 4600 mortem
2880 4543 3205 4605 secundum;
3248 4541 3351 4594 alia
3381 4553 3468 4593 se-

1883 4644 2055 4701 cunda
2076 4684 2092 4709 ,
2119 4658 2239 4713 qua:
2269 4654 2411 4695 nunc
2440 4654 2546 4692 non
2574 4646 2692 4703 est,
2723 4635 2816 4690 sed
2848 4634 2901 4688 in
2932 4634 3109 4689 εωειιιί
3150 4632 3253 4686 line
3292 4630 3466 4685 futura

1885 4745 1987 4802 est,
2014 4749 2114 4788 nec
2138 4732 2434 4788 animarum
2457 4771 2472 4795 ,
2502 4728 2596 4782 sed
2623 4740 2907 4795 corporum
2934 4733 3036 4790 est,
3069 4739 3187 4793 qum
3217 4737 3313 4792 per
3341 4721 3467 4774 ulti-

1886 4844 2030 4884 mum
2079 4824 2337 4896 judicium
2380 4821 2513 4875 alios
2561 4820 2736 4873 mittet
2780 4818 2833 4871 in
2883 4816 3169 4872 secundam
3217 4822 3467 4878 mortem,

1887 4919 2019 4973 alios
2046 4917 2101 4971 in
2127 4930 2245 4971 eam
2270 4913 2455 4977 vitam,
2487 4926 2607 4980 qua:
2639 4925 2743 4964 non
2776 4908 2937 4964 habet
2975 4915 3223 4962 mortem.

1888 5030 2115 5088 CAPUT
2144 5027 2256 5084 Vll.
2280 5058 2353 5069 -—
2373 5026 2453 5081 De
2477 5025 2673 5079 duabus
2699 5020 3145 5078 resurrectionibus
3174 5028 3220 5072 et
3248 5018 3312 5072 de
3335 5015 3476 5070 mille

1961 5122 2109 5176 annis
2150 5119 2272 5189 quid
2316 5120 2369 5172 in
2408 5116 2715 5187 Apocalypsi
2742 5112 2961 5173 Joannis
3002 5114 3244 5183 scriptum
3285 5110 3388 5177 sit,
3427 5117 3476 5163 et

1962 5214 2087 5285 quid
2115 5215 2177 5267 de
2202 5213 2272 5267 eis
2300 5210 2663 5265 rationabiliter
2688 5208 2954 5262 sentiatur.

1970 5328 2021 5380 ι.
2068 5325 2145 5380 De
2175 5324 2258 5378 bis
2297 5322 2506 5378 duabus
2534 5319 3016 5376 resurrectionibus
3058 5316 3201 5373 idem
3242 5316 3481 5373 Joannes

1897 5417 2221 5488 evangelista
2252 5416 2304 5469 iu
2333 5415 2469 5469 libro
2496 5414 2586 5483 qui
2612 5413 2804 5468 dicitur
2825 5410 3193 5482 Apocalypsis,
3223 5424 3288 5464 eo
3316 5407 3479 5463 modo

1898 5511 2106 5564 locutus
2151 5516 2255 5571 est,
2301 5515 2360 5561 ut
2401 5521 2587 5560 earum
2633 5505 2805 5574 prima
2847 5518 2877 5556 a
2924 5502 3240 5573 quibusdam
3286 5501 3485 5557 nostris

1899 5617 2006 5656 non
2036 5599 2341 5665 intellecta,
2384 5597 2605 5667 insuper
2634 5595 2793 5651 etiam
2841 5594 2894 5648 in
2936 5592 3195 5664 quasdam
3234 5590 3484 5649 ridicula:

151 3732 259 3786 pro
291 3719 560 3773 omnibus
587 3720 872 3776 'mortuus
915 3734 996 3779 est
1043 3734 1257 3795 propter
1305 3737 1520 3797 peccata
1564 3740 1766 3799 nostra,

148 3819 212 3862 et
263 3809 585 3863 resurrexit
632 3820 849 3880 pr0pter
894 3812 1330 3880 justiﬁeationem
1382 3828 1659 3884 nostram;
1714 3829 1771 3874 ut

150 3900 469 3955 credentes
500 3901 552 3954 in
584 3917 704 3955 eum
734 3903 822 3972 qui
848 3897 1107 3972 justiticat
1133 3906 1374 3975 impium,
1402 3926 1465 3963 ex
1495 3910 1768 3978 impietate

144 3992 484 4064 iustiﬁcati,
534 4001 782 4063 tanquam
814 4010 881 4049 ex
928 4007 1098 4051 morte
1128 3999 1406 4065 viviﬁcati,
1435 4000 1502 4054 ad
1541 4002 1769 4070 primam

148 4084 656 4149 resurrectionem,
684 4101 802 4155 qua:
838 4102 976 4141 nunc
1010 4097 1092 4143 est
1113 4086 1155 4154 ⁸,
1186 4091 1454 4158 pertinere
1480 4094 1767 4161 possimus.

146 4176 238 4231 Ad
270 4176 429 4230 hanc
463 4176 605 4229 enim
640 4177 867 4245 primam
898 4194 1002 4232 non
1032 4181 1297 4246 pertinent
1318 4221 1331 4245 ,
1376 4181 1476 4236 nisi
1516 4183 1603 4252 qui
1633 4182 1773 4237 beati

146 4278 326 4322 erunt
356 4268 419 4320 in
470 4275 732 4320 aeternum
764 4284 777 4320 :
806 4266 873 4322 ad
899 4269 1187 4323 secundam
1216 4287 1375 4337 vero,
1405 4272 1475 4327 de
1503 4289 1605 4343 qua
1648 4290 1773 4329 mox

146 4358 463 4415 locuturus
488 4366 592 4422 est,
612 4367 666 4412 et
690 4359 872 4413 beatos
899 4361 1166 4429 pertinere
1191 4362 1423 4428 docebit,
1442 4371 1499 4418 et
1525 4365 1772 4421 miseros.

145 4452 265 4507 ista
298 4458 396 4505 est
439 4450 863 4519 misericordiae,
907 4452 993 4506 illa
1029 4452 1237 4521 judicii.
1283 4455 1510 4526 Propter
1537 4457 1679 4527 quod
1721 4459 1776 4513 in

140 4537 392 4601 Psaltno
424 4542 691 4611 scriptum
722 4552 804 4597 est
834 4562 849 4599 :
878 4542 1284 4600 Misericordiam
1309 4557 1355 4601 et
1374 4550 1629 4619 judicium
1658 4568 1778 4605 can-

146 4638 275 4691 tabo
306 4636 433 4700 tibi,
462 4632 689 4687 Domine
717 4634 888 4705 (Psal.
916 4622 971 4699 c,'
993 4636 1068 4706 t).

221 4729 285 4783 2.
339 4728 424 4782 De
466 4740 581 4795 quo
622 4723 824 4795 judicio
866 4737 1254 4795 consequenter
1295 4730 1573 4800 adjunxit,
1620 4740 1780 4803 atque

143 4822 229 4875 ait
261 4838 276 4875 :
304 4819 383 4873 Et
416 4825 725 4888 potestatem
752 4818 890 4870 dedit
915 4818 961 4870 ei
980 4819 1234 4889 judicium
1261 4824 1447 4891 facere,
1470 4823 1590 4889 quia
1612 4823 1781 4877 Filius

145 4910 396 4966 hominis
443 4917 553 4962 est.
599 4907 696 4962 Hic
738 4908 991 4974 ostendit,
1036 4909 1175 4979 quod
1221 4910 1273 4963 in
1313 4925 1374 4964 ea
1415 4926 1576 4967 carne
1603 4914 1783 4968 veniet

141 5005 553 5075 judicaturus,
583 5000 635 5053 in
662 5014 765 5070 qua
793 5010 1009 5054 venerat
1034 5001 1374 5069 iudicandus.
1401 5002 1483 5057 Ad
1513 5003 1614 5058 hoc
1639 5004 1782 5059 enim

147 5098 252 5166 ait,
281 5095 559 5167 quoniam
582 5091 750 5147 Filius
776 5092 992 5147 hominis
1017 5100 1109 5147 est.
1138 5096 1217 5147 Ac
1240 5093 1434 5150 deinde
1460 5094 1786 5166 subjungens

220 5290 241 5321 ι
265 5290 351 5357 δίο
375 5282 541 5357 vind.
570 5290 677 5357 iam.
706 5288 759 5357 et
921 5288 977 5332 At
996 5288 1129 5342 l.ov.,
1151 5287 1199 5332 et
1234 5283 1301 5333 ad
1334 5281 1478 5333 vitam
1500 5283 1689 5348 pietatis
1725 5298 1791 5335 ea:

961 5406 1125 5478 Abest,
1148 5419 1290 5478 umis,
1314 5418 1343 5454 a
1366 5409 1722 5478 manuscriptis.

218 5478 242 5509 ³
268 5481 325 5524 tn
353 5468 608 5535 pluribus
629 5467 973 5535 manuscriptisﬁ
988 5480 1081 5535 non
1107 5467 1334 5526 habetur,
1356 5480 1446 5531 pro
1460 5467 1694 5535 omnibus.

216 5539 243 5570 ι
262 5527 379 5585 Am:
412 5538 475 5581 et
499 5534 606 5585 Bx,
628 5540 739 5589 quw
757 5527 885 5577 nurui
904 5534 974 5577 est
995 5527 1284 5578 animarum.
1302 5527 1474 5578 Caneri
1497 5530 1606 5579 libri
1625 5542 1795 5581 carent

149 5611 304 5657 νοοε,
333 5593 663 5661 “meatum,
687 5601 797 5661 quae
841 5590 1120 5661 εξνοηεηάί
1158 5590 1303 5661 hujus
1340 5589 1428 5638 loci
1449 5604 1591 5661 causa
1612 5592 1795 5661 _addita

151 5668 255 5711 est,
288 5649 395 5709 ’δίο
434 5649 601 5717 paulo
623 5649 748 5712 post,
774 5665 825 5700 ιι.
864 5649 1127 5717 {eadem
1163 5649 1420 5717 editiones,
1445 5658 1498 5717 et
1512 5653 1665 5711 Viud.,
1699 5665 1795 5717 qua

150 5735 294 5771 mnu:
322 5712 597 5769 transitur
619 5726 649 5759 α
669 5718 821 5762 morte
843 5713 1114 5762 animarum
1136 5713 1202 5761 ad
1232 5712 1377 5761 vitam
1418 5713 1645 5762 virtutum
1668 5727 1685 5762 :
1708 5712 1792 5761 ubi

152 5790 273 5831 ιον.
303 5789 367 5832 es
391 5787 518 5831 uss.
549 5772 737 5826 habent
758 5781 961 5836 tantum,
984 5787 1079 5837 qua
1100 5786 1227 5825 num:
1249 5773 1480 5826 transitur
1502 5788 1535 5824 a
1557 5782 1706 5827 morte
1724 5775 1789 5826 ad

157 5843 331 5896 vitam.

1964 5774 1981 5806 ι
2015 5773 2088 5820 sic
2109 5771 2259 5823 nostri
2282 5768 2489 5819 codices.
2514 5773 2561 5816 In
2578 5774 2649 5827 8.,
2671 5765 2962 5829 quiavenit.
3055 5773 3113 5817 II.

1964 5836 1985 5868 ³
2008 5836 2079 5886 Sic
2103 5844 2218 5886 mss.
2244 5830 2360 5884 aliti
2385 5844 2525 5897 vero,
2549 5828 2712 5883 vocem
2732 5828 2826 5895 lilii
2849 5829 2956 5881 Dei.
3016 5862 3024 5869 .
