3976 6506
573 388 674 445 667

578 501 777 555 fabulas
796 503 1110 553 verteretur.
1127 491 1213 548 Ait
1231 492 1430 562 quippe
1450 490 1500 544 in
1524 488 1660 543 libro
1680 497 1976 542 memorato
1991 485 2152 542 Joan-

578 607 673 646 nes
700 589 972 659 apostolus
1002 604 1013 638 :
1044 584 1111 637 Et
1135 584 1236 636 vidi
1261 582 1497 651 angelum
1523 578 1899 632 descendentem
1923 576 1986 629 de
2008 576 2151 638 caelo,

579 681 838 735 habentem
866 680 1053 731 clavem
1092 674 1291 743 abyssi,
1333 682 1380 724 et
1423 680 1649 723 catenam
1677 670 1729 721 in
1771 684 1925 720 manu
1952 683 2045 720 sua
2066 707 2080 729 ,
2110 674 2157 718 et

580 773 736 825 tenuit
766 770 1035 822 draconem
1074 766 1217 818 illum
1246 772 1522 830 serpentem
1551 762 1833 828 antiquum,
1861 759 1947 828 qui
1971 774 2157 827 cogno-

577 863 799 914 minatus
827 870 899 913 est
928 858 1161 912 diabolus
1190 866 1233 910 et
1260 865 1464 909 satanas
1483 895 1499 918 ,
1528 863 1571 906 et
1597 853 1822 922 alligavit
1849 851 1993 904 illunt
2020 850 2158 903 mille

580 950 747 1015 annis,
776 960 822 1003 et
848 949 979 1002 misit
1004 948 1148 1000 illum
1177 946 1229 998 in
1258 945 1493 1014 abyssum
1517 957 1535 1005 ;
1566 952 1611 995 et
1641 942 1823 994 clausit
1847 980 1862 1003 ,
1912 949 1958 993 et
1980 939 2158 1008 signa-

578 1042 647 1094 uit
688 1056 840 1109 super
881 1055 1015 1100 eum,
1065 1047 1118 1089 ut
1166 1052 1265 1089 non
1310 1036 1565 1089 seduceret
1603 1034 1716 1104 jam
1763 1041 1971 1106 gentes,‘
2001 1030 2159 1082 donec

579 1132 823 1198 ﬁniantur
852 1130 989 1182 mille
1016 1129 1136 1181 anni
1165 1143 1184 1179 :
1214 1135 1323 1196 post
1353 1126 1459 1177 hinc
1488 1132 1681 1189 oportet
1718 1139 1831 1176 eum
1859 1119 1984 1175 solvi
2027 1119 2159 1173 brevi

580 1233 816 1291 tempore.
853 1219 914 1272 Et
952 1220 1053 1272 vidi
1081 1218 1255 1279 sedes,
1289 1225 1335 1269 et
1359 1216 1585 1269 sedentes
1612 1230 1764 1281 super
1802 1227 1907 1276 eas,
1939 1221 1984 1265 et
2007 1210 2155 1281 judi-

578 1313 713 1365 cium
756 1313 929 1364 datum
957 1320 1047 1364 est.
1084 1307 1149 1361 Et
1194 1309 1376 1361 animte
1423 1307 1699 1360 occisorum
1747 1304 1989 1375 propter‘
2019 1302 2157 1357 testi-

580 1404 804 1457 monium
844 1401 992 1466 Jesu,
1037 1410 1084 1454 et
1129 1409 1333 1469 propter
1375 1398 1574 1451 verbum
1602 1394 1717 1460 Dei,
1765 1405 1813 1449 et
1849 1395 1893 1449 si
1934 1395 2020 1462 qui
2057 1410 2159 1448 nou

577 1496 915 1548 adoraverunt
940 1493 1167 1554 bestiam,
1196 1507 1284 1544 nec
1320 1488 1590 1560 imaginem
1616 1488 1745 1557 ejus,
1772 1503 1929 1556 neque
1950 1501 2159 1555 accepe-

578 1597 695 1641 runt
721 1586 1096 1655 inscriptionem
1121 1584 1173 1636 in
1201 1585 1366 1653 fronte
1392 1589 1480 1634 aut
1508 1581 1561 1633 in
1586 1594 1741 1632 manu
1766 1594 1880 1643 sua,
1911 1586 1957 1631 et
1980 1592 2161 1647 regna-

578 1689 757 1735 verunt
791 1695 905 1731 cum
927 1678 1053 1731 Jesu
1090 1676 1229 1729 mille
1252 1674 1399 1727 armis
1429 1688 1447 1727 :
1472 1672 1653 1741 reliqui
1687 1686 1857 1724 eorum
1884 1685 1985 1722 non
2019 1669 2159 1722 vixe-

577 1778 718 1833 runt,
742 1768 899 1821 donec
924 1768 1167 1835 ﬁniantur
1191 1762 1329 1817 mille
1351 1763 1491 1816 anni.
1525 1760 1648 1815 Haec
1674 1759 1969 1813 resurrectio
1996 1759 2161 1828 prima

577 1869 671 1913 est.
694 1857 882 1912 Beatus
910 1866 957 1911 et
980 1866 1184 1911 sanctus
1211 1864 1304 1917 est,
1327 1853 1414 1921 qui
1438 1852 1583 1905 habet
1606 1851 1658 1905 in
1686 1852 1781 1903 hac
1808 1851 1970 1920 prima
1993 1866 2163 1902 resur-

578 1949 796 2002 rectione
825 1957 1035 2014 partem.
1066 1945 1132 1999 In
1169 1945 1278 1999 istis
1302 1944 1524 1998 secunda
1549 1958 1684 1995 mors
1715 1958 1816 1995 non
1846 1941 1994 1995 habet
2021 1949 2161 2007 pote-

579 2049 794 2103 statem;
818 2039 906 2092 sed
926 2048 1070 2091 erunt
1091 2037 1374 2092 sacerdotes
1399 2034 1489 2088 Dei
1515 2044 1561 2087 ct
1582 2033 1787 2097 Christi,
1814 2042 1858 2087 et
1885 2032 2162 2101 regnabant

579 2147 695 2184 cum
721 2147 777 2183 eo
804 2129 943 2183 mille
967 2130 1114 2181 annis
1145 2128 1326 2197 (Apoc.
1360 2142 1424 2179 xx
1449 2167 1462 2187 ,
1492 2124 1634 2194 1-6).
1666 2124 1767 2190 Qui
1800 2132 2016 2192 propter
2047 2123 2162 2178 haec

581 2222 740 2289 hujus
791 2222 909 2276 libri
959 2220 1117 2275 verba
1168 2220 1390 2289 primam
1434 2218 1878 2271 resurrectionem
1929 2215 2159 2269 futuram

578 2315 828 2383 suspicati
857 2322 980 2393 sunt
1008 2311 1340 2381 corporalem
1360 2352 1378 2377 ,
1420 2310 1559 2364 inter
1584 2315 1776 2364 czetera
1802 2309 2033 2364 maxime
2058 2323 2161 2362 nu-

580 2421 729 2460 mero
748 2420 1009 2459 annorum
1032 2405 1179 2460 mille
1202 2404 1427 2474 permoti
1452 2410 1597 2468 sunt,
1619 2410 1867 2471 tanquam
1889 2410 2161 2470 oporteret

579 2497 631 2549 iu
661 2497 859 2551 sanctis
888 2511 953 2551 eo
984 2496 1143 2550 modo
1170 2495 1336 2549 veluti
1366 2494 1497 2548 tanti
1540 2493 1797 2562 temporis
1829 2491 1942 2545 ﬁeri
1970 2491 2160 2545 sabba-

577 2587 817 2652 tismum,
847 2586 1127 2641 vacatione
1161 2586 1365 2641 scilicet
1393 2593 1573 2639 sancta
1606 2592 1725 2654 post
1752 2582 1961 2638 labores
1988 2598 2158 2638 anno-

576 2700 693 2737 rum
721 2699 814 2738 sex
843 2682 1086 2743 millium,
1113 2696 1180 2735 ex
1207 2696 1312 2750 quo
1337 2688 1547 2734 creatus
1570 2686 1652 2733 est
1677 2679 1863 2743 homo,
1895 2685 1951 2732 et
1977 2676 2158 2746 magni

576 2775 716 2827 illius
747 2774 946 2842 peccati
988 2771 1179 2826 merito
1226 2770 1279 2824 in
1320 2770 1477 2838 hujus
1519 2769 1855 2824 mortalitatis
1894 2783 2159 2823 mrumnas

574 2864 643 2918 de
675 2863 899 2932 paradisi
934 2862 1183 2916 felicitate
1211 2861 1460 2915 dimissus
1500 2868 1617 2925 est,
1647 2868 1703 2913 ut
1736 2859 1983 2928 quoniam
2022 2859 2158 2913 scri-

578 2963 725 3022 ptum
766 2964 876 3013 est,
909 2952 1053 3007 Unus
1077 2952 1185 3005 dies
1213 2950 1351 3019 apud
1377 2949 1653 3003 Dominum
1681 2951 1806 3002 sicut
1836 2949 1973 3002 mille
2013 2948 2156 3013 anni,

573 3054 620 3097 et
650 3044 788 3096 mille
815 3043 936 3096 anni
962 3043 1091 3096 sicut
1121 3042 1227 3094 dies
1254 3058 1386 3093 unus
1418 3040 1436 3113 (
1461 3040 1500 3094 ll
1528 3039 1668 3093 Petr.
1697 3056 1774 3105 tu,
1802 3040 1908 3109 8),
1940 3055 2032 3094 sex
2058 3056 2157 3095 an-

576 3149 764 3187 norum
789 3132 1020 3186 millibus
1043 3140 1291 3200 tanquam
1312 3146 1407 3185 sex
1426 3130 1611 3185 diebus
1634 3130 1883 3198 impletis,
1904 3139 2159 3199 sequatur

575 3225 721 3277 velut
748 3223 951 3277 sabbati
982 3222 1239 3289 septimus
1279 3221 1332 3275 in
1371 3220 1526 3274 annis
1555 3220 1700 3274 mille
1741 3222 2057 3288 postremis,
2088 3220 2156 3276 ad

575 3315 680 3369 hoc
725 3314 929 3368 scilicet
991 3312 1267 3367 sabbatum
1328 3309 1704 3365 celebrandum
1759 3311 2157 3379 resurgentibus

573 3405 793 3460 sanctis.
838 3404 972 3470 Qua:
1018 3401 1197 3471 opinio
1240 3408 1383 3455 esset
1430 3410 1717 3468 utcumque
1750 3400 2078 3467 tolerabilis,
2110 3401 2155 3455 si

494 3496 497 3497 ⁷
573 3496 765 3566 aliqua:
807 3495 1011 3551 delicia:
1054 3493 1356 3563 Spirituales
1403 3492 1455 3546 in
1497 3492 1587 3546 illo
1632 3492 1852 3547 sabbato
1895 3492 2157 3549 adfutura:

573 3587 773 3641 sanctis
820 3601 915 3656 per
961 3585 1169 3639 Domini
1220 3584 1553 3653 prmsentiam
1604 3583 1969 3639 crederentur.
2020 3583 2153 3639 Nam

571 3677 735 3732 etiam
766 3692 863 3731 nos
889 3677 990 3732 hoc
1014 3676 1212 3746 Opinati
1242 3675 1436 3730 fuimus
1460 3674 1747 3745 aliquando
1773 3672 1872 3747 (a).
1900 3675 2006 3729 Sed
2032 3690 2154 3729 cum

570 3768 780 3837 eosqui
826 3776 951 3822 tunc
981 3767 1398 3830 resurrexerint,
1426 3766 1606 3821 dicant
1635 3766 2155 3823 innuoderatissimis

570 3861 875 3916 carnalibus
901 3862 1072 3930 epulis
1101 3869 1381 3914 vacaturos
1401 3900 1416 3923 ,
1462 3860 1513 3913 in
1541 3859 1733 3929 quibus
1762 3859 1914 3914 cibus
1938 3859 2009 3913 sit
2036 3869 2155 3929 tan-

572 3960 659 4004 tus
679 3965 740 4003 ac
763 3958 937 4019 potus,
958 3959 1139 4003 utnon
1161 3950 1334 4003 solum
1357 3949 1553 4003 nullam
1578 3948 1889 4002 modestiam
1911 3958 2150 4015 teneant,

569 4041 665 4095 sed
712 4041 928 4095 modum
970 4055 1182 4110 quoque
1226 4040 1391 4108 ipsius
1438 4039 1820 4093 incredulitatis
1847 4039 2149 4094 excedant:

571 4131 718 4184 nullo
746 4130 905 4184 modo
949 4131 1045 4183 ista
1090 4136 1314 4197 possunt
1344 4127 1445 4182 nisi
1486 4144 1515 4183 a
1546 4128 1851 4183 carnalibus
1889 4128 2054 4184 credi.
2086 4128 2151 4183 Ili

568 4228 749 4275 autem
775 4221 863 4289 qui
893 4220 1193 4289 spirituales
1218 4228 1360 4283 sunt,
1392 4218 1523 4273 istos
1550 4218 1648 4272 ista
1668 4217 1946 4273 credentes
1965 4227 2154 4273 Χιλια-

566 4316 683 4371 στάς
704 4310 966 4379 appellant
992 4324 1167 4378 grareo
1189 4308 1478 4374 vocabulo;
1508 4324 1663 4377 quos,
1684 4310 1905 4365 verbum
1931 4325 1962 4365 e
1983 4311 2149 4367 verbo

567 4400 968 4467 exprimentes,
1022 4414 1120 4452 nos
1166 4410 1449 4466 possumus
1482 4395 1754 4451 Milliarios
1810 4414 2137 4469 nuncupare.

570 4492 675 4547 Eos
703 4501 881 4545 autem
910 4490 1123 4560 longum
1154 4494 1233 4544 est
1264 4488 1508 4543 refellere
1534 4487 1601 4541 ad
1630 4487 1867 4558 singula;
1912 4490 2006 4545 sed
2046 4506 2147 4560 po-

568 4583 701 4647 tius,
750 4580 1196 4650 quemadmodum
1228 4579 1509 4649 Scriptura
1556 4577 1671 4633 haec
1707 4579 2014 4649 accipienda
2054 4582 2145 4648 sit,

563 4671 674 4744 jam
702 4671 957 4725 debemus
986 4668 1289 4723 ostendere.
1569 4674 1575 4680 '

635 4763 691 4817 2.
738 4763 824 4817 Ait
864 4763 977 4832 ipse
1018 4762 1273 4815 Dominus
1298 4758 1453 4815 Jesus
1494 4759 1755 4825 Christus,
1789 4759 1955 4815 Nemo
1991 4772 2151 4833 potest

561 4855 773 4909 introire
799 4854 849 4907 in
879 4855 1081 4906 domum
1110 4852 1276 4920 fortis,
1304 4864 1349 4904 et
1374 4866 1494 4903 vasa
1514 4852 1623 4920 ejus
1657 4852 1866 4919 eripere,
1891 4852 1983 4905 nisi
2013 4855 2152 4920 prius

561 4946 842 5016 alligaverit
874 4946 1051 5013 fortem
1074 4942 1261 5015 (Marc.
1296 4958 1373 5007 ιιι,
1400 4941 1493 5011 27)
1526 4959 1538 4993 :
1571 4942 1835 4995 diabolum
1859 4944 2040 4998 volens
2071 4944 2152 4999 in-

564 5036 726 5105 lulligi
756 5034 963 5098 fortem,
994 5034 1115 5103 quia
1138 5035 1250 5102 ipse
1273 5046 1440 5102 genus
1462 5032 1752 5085 humanuru
1781 5032 1948 5100 potuit
1969 5042 2151 5088 tenere

561 5128 865 5196 Captivum;
890 5142 1011 5178 vasa
1038 5124 1323 5193 verocjus,
1356 5139 1472 5191 quae
1500 5121 1671 5176 fuerat
1699 5133 2000 5191 erepturus,
2022 5122 2150 5178 lide-

563 5218 641 5273 les
673 5233 799 5273 suos
840 5217 1063 5283 futuros,
1102 5231 1236 5285 quos
1278 5215 1367 5269 ille
1396 5215 1447 5268 in
1478 5214 1701 5268 diversis
1732 5215 1961 5282 peccatis
1990 5224 2149 5284 atque

562 5311 923 5381 impietatibus
946 5309 1264 5379 possidebat.
1288 5307 1358 5363 Ut
1381 5322 1509 5377 ergo
1534 5306 1843 5376 alligaretur
1861 5305 1945 5361 hic
1970 5305 2145 5372 fortis,

628 5421 645 5452 ⁸
672 5420 809 5477 Editi,
829 5421 997 5470 datum
1013 5426 1082 5470 est
1105 5416 1203 5467 illis
1223 5456 1236 5477 ,
1264 5422 1310 5468 et
1332 5416 1515 5467 annuas
1550 5415 1817 5466 occisorum
1841 5420 2053 5478 propter.
2077 5417 2150 5465 sic

564 5481 707 5542 plane
733 5483 926 5544 Vulgata
948 5491 999 5531 et
1015 5494 1173 5543 graeca
1206 5480 1350 5544 lectio
1374 5487 1513 5544 Apoc.
1537 5491 1624 5527 xx.
1649 5485 1863 5527 Attamen
1889 5479 2149 5544 manuscri-

563 5537 633 5603 pu
672 5537 847 5592 omnes
887 5544 963 5592 hic
986 5537 1229 5601 omittunt,
1251 5540 1348 5603 illis
1370 5553 1387 5598 ,'
1410 5537 1723 5601 habentque,
1748 5544 1802 5591 Et
1824 5537 2000 5587 anima!
2020 5537 2143 5587 occi-

560 5601 737 5719 iqrtgus’
748 5616 765 5651 :
788 5613 935 5714 atqu;
959 5605 1082 5654 hanc
1106 5606 1255 5665 ipsam
1279 5601 1539 5664 lectionem
1561 5607 1778 5662 exponet
1797 5607 1965 5661 postea
1988 5609 2146 5661 Augu-

560 5700 581 5713 .
613 5676 658 5708 In
763 5677 871 5723 cap.
930 5699 944 5714 .
1536 5722 1539 5723 ν
1728 5721 1739 5723 ᾼ
1968 5722 1971 5723 ν

557 5700 605 5836 ᾇ,
896 5699 1074 5775 Videre
1109 5732 1185 5776 est
1216 5725 1265 5776 in
1288 5737 1435 5775 serm.
1462 5722 1573 5785 239,
1598 5724 1680 5787 qui
1697 5721 1815 5772 alias
1838 5735 1903 5772 ex
1932 5722 2143 5772 sinuen-

594 5798 690 5833 uun
801 5818 817 5833 .

1636 374 1724 431 DE
1761 370 2080 430 CIVITATE
2124 367 2258 436 DEI,
2298 368 2357 424 S.
2388 370 2752 427 AUGUSTINI
3028 380 3041 387 ‘
3694 380 3768 437 653

2263 492 2541 553 propterea
2570 486 2700 540 vidit
2738 486 2836 541 iste
2867 487 3138 557 apostolus
3178 489 3230 543 in
3265 490 3567 561 Apocalypsi
3594 496 3770 565 angelus!

2262 574 2637 628 descendentem
2665 576 2727 630 de
2752 576 2875 629 ctelo
2891 618 2906 642 ,
2934 576 3192 631 habentem
3215 578 3405 632 clavem
3426 579 3599 650 abyssi,
3618 594 3657 637 et
3672 596 3774 639 cate-

2262 683 2381 720 nam
2420 667 2473 720 in
2510 683 2664 720 manu
2692 683 2804 720 sua.
2846 666 2914 721 Et
2953 669 3131 736 tenuit,
3160 670 3352 739 inquit,
3389 671 3637 725 draconem
3668 674 3775 729 illum

2260 764 2539 824 serpentem
2565 757 2843 824 antiquum,
2889 758 2974 825 qui
2998 759 3378 827 cognominatus
3421 770 3493 815 est
3528 762 3719 817 diabolus
3744 777 3777 818 et

2261 856 2465 900 satanas
2486 887 2500 910 ,
2545 856 2592 901 et
2638 848 2864 919 alligavit
2901 865 3011 902 eum
3057 850 3193 903 mille
3238 853 3410 916 annis,
3440 851 3538 907 hoc
3571 864 3659 919 est,
3693 856 3778 924 ejus

2262 947 2577 1007 potestatem
2604 939 2672 994 ab
2695 939 2773 995 eis
2796 938 3113 995 seducendis
3134 955 3195 996 ac
3225 941 3573 1010 possidendis,
3600 945 3676 1014 qui
3698 945 3781 1001 lue-

2263 1038 2384 1083 rant
2426 1028 2708 1095 liberandi,
2735 1029 2972 1084 cohibuit
2999 1040 3157 1100 atque
3202 1030 3450 1086 frenavit.
3487 1032 3615 1088 Mille
3645 1046 3780 1089 autem

2262 1121 2386 1174 anui
2416 1120 2623 1175 duobus
2649 1121 2820 1176 modis
2848 1131 3091 1191 possunt,
3122 1132 3376 1192 quantum
3416 1123 3544 1178 mihi
3565 1126 3780 1191 occurrit,

2263 1213 2481 1283 intelligi
2516 1231 2529 1267 :
2559 1223 2651 1268 aut
2674 1216 2795 1283 quia
2822 1215 2874 1268 in
2897 1215 3094 1269 ultimis
3129 1216 3284 1270 annis
3313 1216 3463 1270 mille
3490 1217 3582 1271 ista
3610 1220 3784 1289 magi-

2264 1314 2370 1373 tur,
2408 1305 2461 1360 id
2489 1314 2590 1371 est,
2620 1316 2777 1362 sexto
2819 1320 3077 1361 annorum
3119 1306 3369 1362 milliario
3406 1316 3641 1377 tauquam
3672 1320 3787 1364 sexto

2262 1398 2369 1463 die,
2397 1398 2548 1468 cujus
2570 1414 2711 1454 nunc
2736 1399 2904 1469 spatia
2926 1400 3215 1468 posteriora
3242 1400 3563 1464 volvuntur;
3590 1412 3787 1455 secuturo

2264 1488 2457 1544 deinde
2497 1490 2740 1554 sabbato,
2784 1488 2926 1559 quod
2966 1504 3069 1543 non
3115 1489 3274 1544 habet
3316 1504 3608 1559 vesperam,
3644 1492 3788 1560 requie

2263 1580 2467 1637 scilicet
2484 1591 2808 1646 sanctorum,
2850 1596 2969 1650 qua:
3006 1596 3111 1636 non
3155 1580 3315 1637 habet
3355 1581 3521 1636 tinem
3552 1600 3566 1638 :
3593 1592 3644 1637 ut
3671 1582 3789 1651 hujus

2264 1673 2496 1728 milliarii
2533 1681 2780 1743 tanquam
2811 1672 2915 1729 diei
2944 1673 3288 1729 novissimam
3330 1683 3558 1744 partem,
3586 1691 3688 1746 qua:
3720 1691 3787 1731 re-

2264 1765 2513 1821 manebat
2538 1765 2556 1797 ¹
2583 1780 2749 1835 usque
2792 1763 2860 1819 ad
2902 1764 3187 1819 terminum
3232 1764 3437 1829 saeculi,
3486 1765 3621 1821 mille
3658 1780 3790 1819 annos

2239 1858 2641 1929 .appellaverit;
2672 1871 2736 1911 eo
2757 1855 3005 1924 loquendi
3031 1854 3212 1921 modo,
3238 1869 3344 1925 quo
3370 1870 3498 1925 pars
3516 1855 3789 1925 signiﬁcatur

2264 1967 2295 2007 a
2325 1959 2436 2006 toto
2460 1968 2475 2006 :
2504 1957 2596 2004 aut
2620 1958 2769 2005 certe
2796 1947 2944 2003 mille
2967 1962 3139 2002 annos
3163 1962 3262 2017 pro
3286 1947 3444 2003 annis
3468 1948 3693 2003 omnibus
3716 1946 3791 2001 ha-

2259 2045 2347 2113 jus
2372 2041 2553 2097 saeculi
2585 2042 2793 2110 posuit;
2823 2049 2880 2095 ut
2904 2038 3141 2109 perfecto
3173 2052 3398 2094 numero
3428 2048 3684 2094 notaretur
3705 2040 3791 2107 ipsa

2264 2133 2519 2201 temporis
2565 2131 2857 2201 plenitudo.
2887 2130 3207 2184 Millenarius
3240 2130 3438 2199 quippe
3466 2145 3697 2185 numerus
3718 2130 3792 2184 de-

2264 2224 2397 2279 narii
2417 2224 2620 2278 numeri
2642 2220 2954 2292 quadratum
2975 2219 3203 2277 solidum
3220 2219 3412 2275 reddit.
3441 2221 3622 2275 Decem
3639 2220 3793 2290 quippe

2262 2314 2441 2370 decies
2464 2313 2640 2377 ducta,
2673 2312 2806 2366 liuut
2829 2319 3077 2375 centum;
3106 2325 3223 2380 quae
3238 2311 3347 2380 jam
3371 2311 3538 2380 ﬁgura
3559 2311 3792 2381 quadrata,

2262 2404 2358 2461 sed
2396 2405 2551 2474 plana
2589 2412 2673 2461 est
2695 2404 2739 2457 ¹.
2769 2402 2845 2461 Ut
2887 2410 3065 2457 autem
3097 2402 3152 2457 in
3188 2401 3519 2458 altitudinem
3554 2413 3729 2473 surgat,
3753 2411 3795 2459 et

2261 2496 2430 2552 solida
2477 2498 2585 2560 liat,
2618 2510 2802 2550 rursus
2839 2502 3054 2548 centum
3091 2493 3268 2549 decies
3310 2493 3723 2564 multiplicantur,
3753 2504 3793 2550 et

2264 2587 2409 2641 mille
2428 2596 2573 2640 sunt.
2609 2585 2780 2640 Porro
2800 2585 2845 2639 si
2866 2593 3080 2639 centum
3102 2584 3216 2653 ipsa
3244 2598 3340 2655 pro
3369 2585 3693 2641 universitate
3716 2586 3793 2640 ali-

2261 2678 2475 2749 quando
2522 2687 2822 2748 ponuntur,
2863 2677 3018 2747 quale
3064 2676 3195 2731 illud
3237 2686 3340 2741 est,
3399 2678 3543 2748 quod
3588 2679 3796 2733 Dominus

2260 2771 2440 2824 omnia
2464 2784 2558 2824 sua
2575 2768 2857 2823 dimittenti
2872 2777 2927 2823 et
2945 2782 3066 2823 eum
3088 2767 3328 2838 sequenti
3344 2769 3604 2837 promisit,
3627 2769 3792 2834 dicens,

2260 2861 2481 2931 Accipiet
2526 2861 2581 2915 in
2619 2862 2712 2914 hoc
2753 2859 2936 2914 steculo
2974 2858 3262 2928 centuplum
3306 2856 3533 2929 (Matth.
3572 2875 3673 2921 xix,
3708 2860 3793 2921 29;

2266 2952 2428 3005 Μαι-ο.
2463 2967 2519 3016 x,
2552 2950 2643 3021 30)
2669 2968 2682 3004 τ
2706 2948 2847 3018 quod
2886 2963 3158 3019 exponens
3186 2946 3580 3019 quodammodo
3609 2950 3793 3018 Aposto-

2260 3042 2365 3107 lus,
2392 3041 2484 3104 ait,
2517 3042 2673 3107 Quasi
2704 3038 2833 3093 nihil
2874 3038 3126 3102 habentes,
3153 3048 3199 3092 et
3227 3042 3397 3092 omnia
3436 3041 3722 3110 possidentes
3744 3039 3795 3106 (ll

2261 3132 2375 3186 Cor.
2407 3148 2480 3194 vr,
2510 3132 2631 3201 10);
2658 3131 2779 3201 quia
2802 3138 2856 3185 et
2882 3139 3005 3183 ante
3034 3128 3109 3201 (a)
3124 3128 3234 3199 jam
3256 3129 3457 3185 dictum
3481 3140 3610 3197 erat,
3635 3130 3796 3184 Fidelis

2260 3224 2476 3279 hominis
2516 3233 2649 3278 totus
2699 3222 2915 3276 mundus
2952 3222 3238 3275 divitiarum
3282 3231 3353 3277 est
3381 3240 3399 3277 :
3431 3234 3623 3294 quanto
3665 3223 3796 3291 magis

2261 3317 2405 3373 mille
2449 3332 2549 3388 pro
2606 3316 2947 3370 universitate
2993 3326 3294 3385 ponuntur,
3337 3315 3430 3370 ubi
3480 3325 3562 3370 est
3602 3313 3795 3369 soliditas

2260 3409 2425 3478 ipsius
2471 3407 2703 3462 denaria:
2744 3404 3117 3476 quadratum?
3145 3404 3297 3461 Unde
3336 3420 3438 3460 nec
3484 3404 3606 3460 illud
3647 3402 3797 3457 melius

2260 3499 2587 3569 intelligitur,
2618 3496 2759 3567 quod
2801 3494 2853 3551 in
2898 3496 3110 3551 Psalmo
3140 3496 3331 3567 legitur
3364 3514 3379 3551 :
3412 3495 3607 3550 Memor
3646 3496 3729 3566 fuit
3758 3495 3796 3545 in

2257 3592 2499 3646 steculum
2528 3588 2807 3643 testamenti
2850 3587 2949 3652 sui,
2996 3586 3128 3641 verbi
3167 3586 3303 3657 quod
3344 3586 3599 3640 ntandavit
3622 3586 3667 3638 in
3692 3583 3798 3637 milli

2257 3682 2599 3753 generationes
2620 3677 2790 3745 (Psal.
2820 3693 2924 3740 etv,
2955 3678 3033 3746 8),
3076 3676 3127 3730 id
3153 3686 3255 3741 est,
3288 3677 3339 3731 in
3379 3691 3589 3732 ournes.

2328 3772 2381 3826 5.
2414 3769 2479 3823 Et
2508 3770 2640 3827 misit
2668 3769 2835 3834 illum,
2864 3768 3049 3838 inquit,
3073 3769 3127 3822 in
3146 3768 3380 3838 abyssum
3406 3783 3426 3821 :
3458 3768 3632 3836 utique
3650 3762 3797 3819 diabo-

2258 3864 2367 3918 lum
2410 3864 2554 3917 misit
2587 3863 2639 3916 in
2686 3861 2958 3932 abyssum.
3001 3859 3116 3927 Quo
3160 3858 3374 3914 nomine
3422 3857 3699 3929 significata
3735 3862 3797 3907 est

2256 3952 2539 4008 multitudo
2569 3950 2969 4006 innumerabilis
2999 3948 3302 4018 impiorum,
3336 3962 3563 4018 quorum
3600 3947 3649 4000 in
3678 3942 3796 3998 mali-

2256 4044 2454 4112 gnitate
2474 4041 2729 4095 adversus
2750 4038 3042 4094 Ecclesium
3067 4038 3155 4092 Dei
3189 4038 3409 4091 multum
3436 4034 3680 4106 profunda
3699 4038 3796 4084 sunt

2256 4133 2417 4188 corda
2446 4148 2460 4184 :
2494 4130 2744 4200 nonquia
2768 4128 2839 4184 ibi
2868 4128 3113 4183 diabolus
3135 4137 3259 4181 ante
3280 4141 3385 4180 non
3412 4135 3531 4180 erat
3552 4140 3569 4190 ;
3592 4122 3677 4178 sed
3701 4120 3794 4175 ideo

2256 4224 2450 4279 dicitur
2475 4220 2845 4285 illuctmissus,
2867 4218 2987 4288 quia
3017 4217 3265 4272 exclusus
3301 4230 3331 4268 a
3359 4214 3688 4270 credentibus
3706 4209 3795 4278 plus

2255 4313 2418 4383 erepit
2447 4311 2638 4381 impios
2685 4307 2977 4379 possidere.
3028 4307 3155 4361 Plus
3200 4320 3429 4373 namque
3478 4302 3793 4374 possidetur:

2255 4404 2488 4469 diabolo,
2537 4402 2627 4472 qui
2675 4416 2781 4455 non
2821 4400 2993 4453 solum
3036 4397 3297 4451 alienatus
3325 4405 3408 4451 est
3435 4412 3465 4449 ει
3495 4395 3621 4458 Deo,
3647 4404 3792 4445 verum

2255 4498 2414 4552 etiam
2438 4494 2602 4564 gratis
2630 4491 2743 4547 odit
2768 4489 3061 4546 servientes
3092 4489 3222 4543 Deo.
3250 4486 3317 4541 Et
3343 4489 3546 4554 clausit,
3578 4485 3793 4555 inquit,tt

2254 4586 2467 4656 signavit
2507 4599 2658 4652 super
2681 4598 2816 4646 eum,
2844 4591 2895 4633 ut
2910 4582 3020 4649 jam
3046 4596 3146 4633 non
3178 4579 3431 4633 seduceret
3464 4587 3646 4650 gentes,
3672 4576 3794 4627 donis

2255 4680 2499 4747 ﬁniantur
2538 4675 2675 4728 mille
2699 4672 2840 4727 anni.
2880 4671 3073 4726 Clausit
3113 4688 3265 4739 super
3290 4688 3423 4737 eunt,
3470 4670 3661 4724 dictum
3700 4672 3791 4725 est.

2255 4767 2529 4823 interdixit
2570 4765 2619 4820 ei
2663 4780 2729 4819 ne
2775 4764 2944 4834 possit
2988 4762 3156 4829 exire,
3186 4761 3239 4816 id
3266 4770 3368 4822 est,
3401 4762 3619 4816 vetitum
3658 4767 3793 4811 trans-

2254 4860 2425 4932 gredi.
2478 4858 2710 4929 Signavit
2762 4866 2979 4919 autem,
3024 4854 3165 4925 quod
3224 4854 3444 4918 addidit,
3511 4850 3792 4922 signiﬁcasse

2256 4953 2385 5007 mihi
2418 4952 2643 5015 videtur,
2676 4949 2796 5020 quia
2840 4947 3105 5003 occultum
3148 4962 3267 5002 esse
3316 4946 3501 5009 voluit,
3543 4946 3626 5015 qui
3662 4939 3791 5012 perli-

2256 5051 2416 5097 ncant
2440 5041 2505 5095 ad
2534 5051 2735 5110 partem
2774 5038 2992 5102 diaboli,
3023 5046 3077 5091 et
3112 5038 3200 5107 qui
3232 5053 3337 5091 non
3376 5038 3683 5106 pertineant.
3707 5029 3792 5083 Hoc

2254 5135 2448 5205 quippe
2475 5137 2526 5187 tn
2554 5130 2751 5186 smculo
2776 5130 2878 5184 isto
2908 5143 3124 5198 prorsus
3147 5127 3274 5181 latet
3299 5145 3312 5181 :
3342 5127 3465 5197 quia
3492 5135 3545 5181 et
3569 5124 3652 5194 qui
3674 5119 3790 5174 vide—

2319 5289 2336 5318 ί
2364 5294 2430 5336 Ita
2451 5293 2558 5335 Mss.
2586 5290 2641 5333 At
2662 5283 2798 5339 editi,
2828 5280 3104 5331 remanebit.
3619 5338 3627 5341 _
3671 5331 3710 5341 ._
3747 5332 3755 5341 .

2317 5331 2602 5410 ξᾱνῑῖιῑση
2623 5331 3061 5410 mammam.
3087 5343 3250 5410 inest.
3275 5350 3446 5410 nam
3671 5331 3787 5410 ’Ἦ

2317 5396 2483 5474 (αγιβί
2502 5396 2751 5469 particula,
2776 5396 2900 5465 ante,
2922 5396 3291 5474 nonsuperiora
3316 5396 3465 5472 verba
3490 5396 3700 5474 entitling

2254 5464 2393 5523 sicuti
2426 5464 2692 5535 visirm_est
2726 5467 3066 5535 nonpqnlpi.
3095 5464 3485 5535 §Qd_5¥ll’eri°m,
3511 5468 3722 5535 WTPPEL

2255 5522 2384 5585 enim
2406 5531 2533 5594 quod
2548 5530 2765 5594 affertur,
2786 5524 2964 5594 t-‘idel‘is
2979 5522 3180 5594 homiiu's
3195 5522 3322 5594 totus.
3334 5524 3543 5594 "nitidus
3555 5522 3787 5594 (“1W

2252 5571 3371 5652 ᾗῐίἶςῖἑέιόἧῖόίῐᾴἱιῖῙέέὲὶνξέιήίε,
3414 5585 3582 5644 ibique
3606 5571 3783 5652 ιαμ).ιῦ

2254 5642 2362 5719 post
2381 5642 2575 5719 versum
2600 5652 2632 5699 6
2652 5650 2831 5719 legitur
2853 5648 2977 5719 apud
3014 5648 3341 5719 Septimgiuta,
3373 5642 3670 5719 apud:

2254 5700 2365 5768 ἱέιὶιί
2389 5700 2568 5764 nitatur
2590 5726 2619 5760 a
2648 5700 2900 5759 clamenté
2925 5700 3262 5768 Alexandrino,
3288 5706 3372 5755 lib.
3396 5706 3428 5768 f3
3449 5700 3784 5768 Str-fugamne!

2252 5756 2951 5833 ἐῖῖξὲιίἰέῧὲῐὲτῖιιαέζιέιίιιιὴὶιε
2968 5756 3084 5821 om.
3102 5768 3152 5829 ς,
3165 5767 3225 5818 ad
3244 5756 3497 5829 Epistolam
3517 5764 3617 5819 ua.
3639 5774 3680 5809 ιι.
3699 5756 3760 5806 es
