3976 6520
211 420 317 476 669

209 542 293 587 tur
328 541 492 600 stare,
523 540 696 586 utrum
736 531 805 585 sit
826 546 1044 586 casurus
1068 548 1084 596 ;
1110 542 1164 587 et
1201 533 1289 602 qui
1320 533 1523 587 videtur
1556 535 1736 603 jacere
1758 577 1776 603 ,

208 633 383 677 utrum
414 626 484 678 sit
524 634 884 688 surrecturus,
930 624 1192 678 incertum
1239 634 1338 680 est.
1378 626 1459 679 Ab
1499 628 1577 680 eis
1606 636 1783 680 autem

206 717 452 786 gentibus
485 715 803 770 seducendis
831 716 995 785 hujus
1013 716 1275 771 interdicti
1306 718 1517 772 vinculo
1544 726 1599 771 et
1635 718 1783 771 «lau-

208 816 321 859 stro
359 805 601 858 diabolus
647 804 957 874 prohibetur
993 815 1151 874 atque.
1178 806 1475 871 cohibetur,
1508 822 1640 875 quas
1668 822 1788 873 per-

210 897 439 949 tinentes
477 895 543 948 ad
585 893 853 950 Christum
898 895 1187 950 seducebat
1222 904 1399 961 antea,
1426 897 1509 949 vel
1551 898 1782 950 tenebat.

210 985 318 1038 llas
364 986 507 1039 enim
561 985 700 1039 Deus
748 985 909 1055 elegit
952 996 1076 1038 ante
1121 985 1304 1039 mundi
1352 987 1786 1040 constitutionem

210 1089 397 1127 eruere
418 1073 484 1127 de
507 1082 765 1141 potestate
791 1075 1128 1128 tenebrarum
1152 1073 1365 1145 (Ephes.
1387 1090 1425 1136 ι,
1448 1076 1527 1142 4),
1551 1085 1606 1129 et
1626 1086 1791 1128 trans-

211 1162 354 1216 ferre
381 1163 435 1215 in
462 1178 681 1231 regnum
712 1162 827 1217 Filii
857 1164 1131 1219 charitatis
1156 1180 1268 1217 sua:
1301 1166 1315 1195 ⁸
1345 1163 1564 1236 (Coloss.
1590 1180 1627 1227 ι,
1658 1164 1745 1232 l5)
1769 1204 1785 1228 ,

209 1254 348 1306 sicut
404 1253 688 1322 Apostolus
744 1254 839 1307 ait.
914 1253 1046 1307 Nam
1102 1253 1359 1307 seducere
1403 1254 1550 1307 illum
1605 1263 1789 1323 gentes

210 1346 372 1398 etiam
398 1360 556 1407 nunc,
589 1352 645 1398 et
679 1358 859 1399 secum
908 1344 1118 1399 trahere
1163 1345 1214 1397 in
1254 1353 1507 1398 mtcrnam
1538 1360 1784 1414 poenam,

211 1434 306 1488 sed
333 1451 435 1487 non
469 1434 868 1503 prcedestinatas
895 1435 947 1488 in
972 1444 1224 1488 aeternam
1256 1435 1442 1499 vitam,
1472 1436 1591 1504 quis
1620 1436 1789 1488 ﬁdelis

212 1526 461 1595 ignorat?
488 1525 595 1581 Nec
641 1536 893 1591 moveat,
932 1525 1071 1595 quod
1112 1540 1254 1594 saepe
1296 1525 1536 1581 diabolus
1584 1525 1790 1580 seducit

210 1616 371 1669 etiam
400 1616 537 1679 illos,
565 1617 652 1685 qui
675 1617 784 1685 jam
810 1616 1105 1686 regenerati
1128 1615 1182 1670 in
1209 1616 1442 1682 Christo,
1472 1617 1583 1670 vias
1613 1617 1789 1685 ingrc-

210 1706 427 1760 diuntur
471 1707 588 1761 Dei.
626 1705 782 1761 Novit
823 1707 965 1763 enim
1006 1706 1256 1761 Dominus
1294 1710 1379 1778 qui
1432 1717 1548 1762 sunt
1584 1710 1693 1777 ejus
1722 1706 1790 1779 (II

215 1795 347 1849 Tim.
377 1813 435 1861 ll,
466 1798 556 1868 l9)
586 1816 599 1850 :
630 1813 696 1853 ex
726 1798 808 1851 liis
835 1798 886 1852 in
913 1809 1167 1853 aeternam
1198 1798 1593 1853 damnationem
1616 1799 1787 1853 nemi-

210 1904 333 1941 nem
379 1888 470 1942 ille
496 1888 721 1943 seducit.
767 1888 857 1943 Sic
911 1889 1053 1942 enim
1098 1890 1245 1943 novit
1282 1904 1378 1944 eos
1407 1890 1683 1953 Dominus,
1732 1899 1790 1943 ut

212 1978 375 2042 Deus,
401 1994 557 2047 quem
580 1979 707 2033 nihil
729 1979 857 2034 latet
875 1980 1035 2034 etiam
1055 1979 1381 2045 futurorum;
1406 1996 1511 2035 non
1532 1988 1588 2034 ut
1606 1979 1787 2045 homo,

208 2070 298 2138 qui
323 2069 589 2123 hominem
614 2069 679 2123 ad
712 2084 947 2139 praesens
986 2070 1128 2124 videt
1155 2070 1221 2139 (si
1252 2077 1425 2124 tamen
1452 2070 1615 2137 videt,
1642 2070 1790 2138 cujus

207 2175 305 2214 cor
344 2176 447 2214 non
483 2160 667 2230 videt),
714 2162 885 2230 qualis
913 2171 1089 2216 autem
1118 2171 1303 2230 postea
1329 2163 1400 2216 sit
1428 2161 1658 2226 futurus,
1690 2177 1792 2217 nec

207 2265 270 2304 se
296 2253 467 2318 ipsum
497 2251 655 2304 videt.
688 2251 767 2305 Ad
798 2251 900 2306 hoc
936 2267 1063 2321 ergo
1102 2252 1296 2321 ligatus
1336 2261 1417 2306 est
1442 2252 1704 2314 diabolus,
1738 2260 1793 2305 et

209 2341 447 2395 inclusus
492 2342 545 2395 in
581 2342 796 2411 abysso,
845 2352 902 2395 ut
938 2342 1047 2410 jam
1096 2358 1199 2395 non
1230 2342 1449 2396 seducat
1485 2351 1692 2412 gentes,
1725 2358 1790 2395 ex

207 2433 401 2500 quibus
427 2442 636 2487 constat
658 2432 913 2497 Ecclesia,
941 2446 1073 2501 quas
1100 2440 1254 2486 antea
1283 2431 1529 2486 seductas
1556 2430 1789 2495 tenebat,

206 2530 493 2589 antequam
539 2530 683 2576 esset
724 2521 982 2575 Ecclesia.
1032 2520 1141 2575 Nec
1186 2522 1327 2575 enim
1373 2521 1571 2575 dictum
1600 2528 1699 2584 est,
1736 2530 1793 2575 ut

209 2627 317 2664 non
345 2611 623 2666 seduceret
647 2612 875 2680 aliquem
902 2627 915 2671 ;
948 2610 1064 2672 sed,
1094 2619 1146 2662 ut
1175 2628 1273 2663 non
1300 2611 1574 2675 seduceret,
1600 2612 1788 2679 inquit,

206 2701 314 2767 iant
357 2710 564 2769 gentes;
604 2700 655 2753 in
684 2701 875 2768 quibus
905 2699 1198 2753 Ecclesiam
1227 2699 1406 2767 procul
1432 2698 1593 2753 dubio
1630 2698 1794 2752 voluit

208 2790 430 2858 intelligi
458 2789 649 2843 :donec
692 2791 954 2857 ﬁniantur,
993 2791 1181 2858 inquit,
1228 2790 1368 2843 mille
1411 2791 1553 2856 anni,
1598 2790 1649 2843 id
1687 2798 1788 2854 est,

202 2892 301 2935 aut
329 2882 469 2950 quod
500 2890 735 2937 remanet
761 2882 829 2936 de
870 2889 1021 2935 sexto
1059 2882 1167 2945 die,
1209 2882 1297 2948 qui
1322 2890 1532 2935 constat
1554 2896 1621 2935 ex
1646 2881 1793 2934 mille

204 2975 364 3029 annis
390 2991 405 3039 ;
435 2984 526 3029 aut
569 2989 755 3029 omnes
797 2974 943 3042 anni,
972 2974 1165 3044 quibus
1198 2974 1449 3045 deinceps
1492 2974 1594 3029 hoc
1620 2990 1791 3029 stecu-

205 3067 319 3121 lum
352 3067 707 3136 peragendum
736 3074 839 3120 est.

279 3159 332 3211 ι.
362 3156 467 3212 Nec
492 3160 569 3211 sic
593 3157 957 3227 accipiendum
981 3166 1063 3212 est
1087 3159 1229 3226 quod
1251 3159 1343 3222 ait,
1376 3168 1429 3211 ut
1456 3176 1556 3212 non
1582 3158 1793 3214 seduce-

204 3259 282 3303 ret
296 3250 411 3319 jam
436 3258 620 3319 gentes,
652 3250 808 3301 donec
824 3249 1066 3317 ﬁniantur
1086 3249 1223 3303 mille
1246 3250 1367 3303 anni
1387 3264 1406 3314 ;
1435 3250 1582 3319 quasi
1610 3260 1794 3320 postea

204 3338 524 3393 seducturus
552 3339 621 3392 sit
646 3353 737 3392 eas
761 3338 1015 3392 duntaxat
1042 3350 1248 3407 gentes,
1277 3356 1341 3393 ex
1367 3340 1555 3409 quibus
1584 3339 1794 3409 prcede-

203 3430 402 3484 stinata
431 3438 639 3483 constat
681 3429 933 3491 Ecclesia,
965 3443 994 3482 a
1021 3432 1212 3501 quibus
1237 3431 1549 3485 seducendis
1595 3432 1685 3485 illo
1713 3442 1796 3486 est

204 3519 425 3573 vinculo
450 3520 782 3588 claustroque
809 3518 1127 3587 prohibitus.
1158 3521 1263 3576 Sed
1302 3530 1388 3574 aut
1418 3521 1504 3575 illa
1531 3521 1796 3576 locutione

203 3612 409 3689 dictum
451 3622 553 3675 est,
581 3627 698 3680 quae
743 3612 795 3665 in
842 3611 1132 3684 Scriptnris
1173 3613 1451 3683 aliquoties
1488 3612 1790 3677 invenitur,

203 3705 381 3773 qualis
399 3714 481 3758 est
501 3705 552 3757 in
570 3704 796 3767 Psalmo,
822 3704 910 3757 Sic
927 3709 1061 3761 oculi
1080 3706 1233 3759 nostri
1253 3704 1320 3757 ad
1340 3703 1608 3758 Dominum
1629 3702 1796 3756 Deum

206 3806 459 3857 nostrum.
500 3796 656 3847 donec
681 3796 974 3852 misereatur
1006 3799 1164 3852 nostri
1184 3796 1353 3867 (Psal.
1388 3810 1550 3859 cxxtt,
1577 3794 1671 3863 2);
1705 3810 1798 3849 ne-

206 3912 319 3965 que
345 3895 489 3949 enim
516 3910 635 3948 cum
664 3892 912 3948 misertus
938 3890 1114 3954 fuerit,
1147 3904 1251 3942 non
1272 3897 1427 3942 erunt
1451 3884 1589 3941 oculi
1615 3901 1798 3939 servo-

207 4002 332 4041 rum
360 3987 474 4054 ejus
515 3985 580 4039 ad
612 3986 889 4039 Dominum
941 3982 1104 4036 Deum
1153 3994 1305 4034 suum
1338 3994 1353 4032 :
1382 3984 1474 4032 aut
1517 3987 1660 4031 certe
1698 3976 1798 4030 istc

208 4086 300 4132 est
325 4076 458 4130 ordo
482 4076 783 4139 verborum,
812 4074 877 4127 Et
910 4072 1110 4136 clausit,
1143 4079 1189 4124 et
1221 4070 1433 4139 signavit
1466 4084 1617 4137 super
1645 4084 1755 4121 eum
1779 4109 1795 4134 ,

209 4167 375 4220 donec
393 4165 637 4234 ﬁniantur
692 4165 829 4219 mille
865 4164 1025 4228 anni;
1052 4161 1191 4231 quod
1223 4174 1348 4213 vero
1386 4159 1717 4227 interposuit,
1745 4167 1800 4211 ut

211 4273 320 4311 non
368 4257 623 4310 seduceret
656 4259 768 4327 jam
808 4266 996 4326 gentes,
1030 4255 1101 4307 ita
1147 4267 1206 4307 se
1245 4250 1424 4316 habet,
1456 4262 1513 4304 ut
1537 4253 1604 4303 ab
1643 4249 1799 4319 hujus

211 4345 423 4401 ordinis
446 4346 776 4399 connexione
802 4345 869 4398 sit
897 4344 1140 4405 liberum,
1186 4350 1240 4395 et
1265 4354 1481 4395 seorsus
1505 4339 1803 4407 intelligen-

212 4437 367 4499 dum,
398 4437 539 4490 velut
567 4438 609 4489 si
648 4444 765 4504 post
799 4434 1101 4497 adderetur,
1148 4441 1205 4486 ut
1233 4432 1311 4490 sic
1357 4446 1415 4485 se
1445 4429 1663 4483 haberet
1692 4437 1800 4482 tota

213 4526 503 4592 sententia,
549 4526 613 4579 Et
648 4525 844 4587 clausit,
884 4533 930 4577 et
956 4523 1167 4593 signavit
1209 4538 1359 4592 super
1386 4536 1521 4583 eum,
1553 4521 1708 4573 donec
1734 4518 1801 4586 ﬁ-

214 4619 430 4671 niantur
470 4617 607 4669 mille
651 4616 792 4680 anni,
827 4624 880 4667 ut
924 4629 1025 4666 non
1058 4613 1311 4666 seduceret
1346 4613 1460 4681 jam
1508 4618 1717 4679 gentes;
1748 4606 1800 4661 id

214 4717 325 4770 est,
374 4707 492 4760 ideo
532 4706 739 4771 clausit,
767 4704 935 4759 donec
962 4703 1211 4757 ﬁniantur
1250 4702 1396 4756 mille
1441 4700 1587 4765 anni,
1616 4709 1673 4752 ut
1691 4699 1801 4769 jam

218 4813 335 4853 non
362 4796 635 4851 seduceret
664 4805 869 4864 gentes.

256 4888 488 4944 CAPUT
525 4886 659 4941 VIII.
686 4915 758 4925 —
780 4884 859 4939 De
882 4884 1177 4953 alligatione
1199 4890 1247 4934 et
1287 4879 1533 4935 solutione
1559 4879 1766 4932 diaboli.

299 4980 353 5033 1.
378 4978 503 5032 Post
531 4979 657 5042 hac,
690 4976 875 5045 inquit,
905 4984 1096 5045 oportet
1134 4989 1246 5026 eum
1270 4971 1394 5024 solvi
1418 4970 1552 5023 brevi
1586 4968 1807 5038 tempore

220 5072 415 5141 (Apoc.
458 5086 554 5137 xx,
585 5069 661 5137 3).
712 5068 768 5122 Si
799 5066 901 5121 hoc
941 5074 1023 5120 est
1050 5064 1260 5118 diabolo
1304 5062 1451 5131 ligari
1490 5068 1544 5115 et
1572 5058 1801 5124 includi,

220 5160 522 5219 Ecclesiam
548 5173 650 5213 non
680 5173 835 5227 posse
872 5156 1165 5219 seducere;
1196 5153 1311 5207 bare
1335 5165 1464 5221 ergo
1488 5151 1590 5205 erit
1615 5148 1808 5202 solutio

217 5258 364 5326 ejus,
395 5265 455 5309 ut
482 5252 689 5324 possit?
718 5251 871 5306 Absit
899 5266 911 5303 :
939 5262 1204 5317 nunquam
1236 5246 1377 5300 enim
1404 5243 1471 5299 ab
1496 5242 1588 5297 illo
1619 5241 1807 5295 Eccle-

221 5350 308 5405 sia
333 5346 617 5401 seducetur
643 5342 1011 5413 praedestinata
1040 5347 1095 5394 et
1123 5338 1288 5393 electa
1318 5343 1440 5390 ante
1469 5333 1650 5388 mundi
1677 5347 1806 5386 con-

218 5438 578 5498 Stitutionem,
619 5434 687 5487 de
714 5448 815 5502 qua
854 5431 1051 5485 dictum
1090 5438 1193 5493 est,
1241 5425 1397 5479 Novit
1440 5424 1689 5478 Dominus
1727 5422 1811 5491 qui

218 5540 346 5585 sunt
385 5530 494 5599 ejus
537 5527 603 5598 (ll
644 5526 779 5580 Tim.
827 5541 885 5589 η,
919 5523 1007 5594 19)
1036 5539 1051 5575 :
1082 5531 1135 5576 et
1164 5533 1338 5575 tamen
1368 5518 1455 5573 hic
1482 5518 1626 5572 erit’
1652 5516 1811 5571 etiam

292 5641 312 5673 ¹
349 5646 415 5689 tta
437 5639 605 5703 plures
627 5637 788 5700 proba:
821 5643 949 5684 notae
979 5630 1302 5692 manuscripti.
1327 5636 1383 5679 At
1406 5628 1542 5689 editi,
1578 5623 1814 5676 claritatis

218 5713 486 5820 Μιςὲἰέόίιε,
507 5768 555 5810 et
573 5767 729 5809 tantm
753 5757 830 5807 hic
852 5756 945 5807 erit
967 5752 1195 5807 Ecclesia.
1209 5761 1324 5815 vox,
1345 5749 1572 5811 Ecclesta,
1593 5748 1687 5799 hoc
1706 5745 1812 5797 loco

222 5836 332 5876 non
354 5830 434 5875 est
450 5824 504 5873 in
525 5821 875 5881 Immusaiptis.

1519 423 1717 478 LIBER
1763 426 2135 482 VICESISIUS.

3359 440 3464 498 670

1895 542 1984 596 illo
2028 551 2287 609 tempore,
2334 557 2439 609 quo
2476 543 2759 599 solvendus
2804 553 2887 601 est
2928 545 3189 613 diabolus,
3234 549 3369 603 sicut
3396 565 3465 605 ex

1890 645 1995 700 quo
2022 640 2103 685 est
2150 631 2404 695 instituta,
2453 632 2536 685 hic
2584 632 2678 687 fuit
2706 642 2760 687 et
2787 634 2889 689 erit
2928 638 3069 690 omni
3120 646 3376 705 tempore,
3410 640 3462 690 in

1891 722 1999 774 suis
2023 722 2199 790 utique
2222 723 2309 790 qui
2330 722 2617 776 succedunt
2640 724 2906 778 nascendo
2933 726 3297 780 morientibus.
3326 727 3456 780 Nam

1892 812 2049 880 paulo
2078 819 2197 879 post
2216 811 2359 875 dicit,
2390 811 2528 878 quod
2555 813 2755 867 solutus
2790 813 3030 867 diabolus
3057 814 3303 870 seductas
3327 832 3462 885 gen-

1895 916 1975 959 tes
2014 912 2125 958 toto
2168 905 2296 957 orbe
2326 911 2583 958 terrarum
2620 905 2851 958 attrahet
2901 906 2953 960 in
2984 906 3179 959 bellmn
3208 908 3464 961 adversus

1891 1012 2030 1058 eam,
2062 1009 2286 1063 quorum
2316 993 2545 1046 hostium
2589 1010 2839 1049 numerus
2869 997 2979 1055 erit
2996 1006 3050 1049 ut
3092 1010 3249 1049 arena
3282 997 3463 1049 maris.

1894 1086 1960 1139 Et
1988 1087 2335 1149 ascenderunt,
2364 1086 2552 1153 inquit,
2583 1102 2731 1154 super
2757 1096 2902 1139 terra:
2930 1087 3262 1152 latitudinem,
3291 1096 3337 1140 et
3362 1089 3469 1140 cin-

1890 1188 2070 1232 xerunt
2108 1188 2276 1230 castra
2302 1186 2611 1240 sanctorum,
2647 1187 2693 1229 et
2730 1178 2963 1230 dilectam
2992 1179 3236 1232 civitatem
3264 1195 3281 1232 :
3308 1190 3353 1232 et
3379 1180 3465 1232 de-

1891 1269 2081 1322 scendit
2104 1269 2234 1337 ignis
2262 1268 2324 1319 de
2348 1268 2469 1321 calo
2488 1284 2518 1319 a
2552 1266 2677 1331 Deo,
2700 1278 2744 1319 et
2773 1269 2982 1320 comedit
3022 1285 3105 1321 eos
3131 1284 3148 1321 :
3172 1279 3217 1322 et
3238 1270 3467 1322 diabolus

1892 1361 1977 1430 qui
2012 1360 2268 1413 seducebat
2294 1375 2397 1419 eos,
2427 1359 2608 1411 missus
2653 1367 2724 1411 est
2768 1359 2817 1411 in
2847 1367 3080 1427 stagnum
3121 1361 3249 1429 ignis
3278 1370 3323 1414 et
3361 1358 3469 1412 sul-

1895 1452 2089 1520 phuris,
2113 1453 2199 1505 ubi
2225 1462 2273 1505 et
2297 1452 2450 1505 bestia
2475 1462 2522 1505 et
2549 1452 2983 1522 pseudopropheta
3013 1455 3029 1484 ⁸
3054 1470 3068 1515 ;
3098 1464 3143 1505 et
3172 1452 3469 1505 cruciabun-

1894 1552 1975 1593 tur
2000 1541 2081 1593 die
2105 1558 2163 1593 ac
2192 1552 2336 1594 nocte
2361 1544 2411 1594 in
2434 1542 2619 1595 uacula
2644 1542 2940 1595 saeculorum
2970 1541 3149 1612 (Apoc.
3178 1558 3265 1604 xx,
3290 1540 3466 1610 8-10).

1894 1634 1998 1688 Sed
2030 1633 2129 1687 hoc
2150 1634 2260 1702 jam
2288 1632 2352 1686 ad
2376 1633 2632 1702 judicium
2679 1634 3020 1686 novissimum
3051 1632 3298 1702 pertinet,
3329 1631 3468 1699 quod

1895 1740 2034 1778 nunc
2085 1733 2358 1791 propterea
2406 1722 2929 1775 commemorandum
2979 1722 3195 1790 putavi,
3244 1736 3310 1773 ne
3352 1720 3471 1789 quis

1893 1817 2159 1870 existimet
2180 1831 2245 1869 eo
2272 1820 2385 1883 ipso
2416 1829 2575 1882 parvo
2596 1824 2852 1882 tempore,
2881 1828 2986 1881 quo
3014 1813 3251 1866 solvetur
3278 1811 3462 1865 diabo—

1896 1906 1998 1971 lus,
2031 1907 2083 1958 in
2108 1904 2206 1958 hac
2236 1914 2372 1957 terra
2396 1904 2686 1957 Ecclesiam
2709 1918 2813 1955 non
2844 1901 3095 1966 futuram,
3128 1902 3217 1955 illo
3245 1900 3330 1953 hic
3352 1914 3471 1953 eam

1895 1998 1975 2051 vel
1999 2011 2102 2049 non
2132 1996 2449 2057 inveniente,
2474 1986 2592 2048 cum
2617 1994 2772 2047 fuerit
2788 1994 3012 2057 solutus,
3036 1994 3116 2046 vel
3139 1991 3473 2056 absumente,

1894 2103 2016 2141 cum
2061 2086 2217 2140 fuerit
2267 2085 2436 2139 modis
2483 2084 2730 2138 omnibus
2779 2090 3107 2151 persecutus.
3140 2080 3253 2134 Non
3300 2080 3478 2148 itaque

1897 2193 1989 2246 per
2019 2188 2185 2231 totum
2213 2175 2313 2229 hoc
2340 2185 2564 2243 tempus,
2597 2173 2737 2243 quod
2776 2173 2908 2226 liber
2933 2174 3031 2226 iste
3056 2171 3429 2238 complectitur
3450 2208 3469 2233 ,

1895 2284 1924 2321 a
1971 2267 2141 2336 primo
2192 2266 2393 2319 scilicet
2446 2264 2674 2317 adventu
2730 2262 2923 2316 Christi
2978 2276 3147 2330 usque
3193 2260 3243 2312 in
3294 2259 3476 2312 saeculi

1897 2360 2077 2421 ﬁnem,
2122 2371 2228 2426 quo
2253 2355 2356 2409 erit
2395 2354 2659 2407 secundus
2682 2354 2797 2421 ejus
2823 2352 3103 2414 adventus,
3132 2352 3200 2404 ita
3231 2349 3477 2404 diabolus

1896 2449 2160 2517 alligatur,
2193 2455 2250 2499 ut
2274 2447 2389 2513 ejus
2415 2444 2527 2498 hare
2552 2443 2663 2512 ipsa
2691 2446 2760 2496 sit
2784 2442 3037 2510 alligatio,
3070 2455 3165 2509 per
3189 2440 3289 2494 hoc
3315 2440 3479 2492 inter-

1895 2539 2112 2603 vallum,
2144 2536 2286 2604 quod
2330 2534 2475 2588 mille
2512 2548 2774 2587 annorum
2821 2546 3044 2584 numero
3084 2530 3335 2598 appellat,
3368 2543 3474 2582 non

1897 2630 2151 2683 seducere
2169 2626 2459 2680 Ecclesiam
2484 2640 2500 2688 ;
2532 2621 2958 2692 quandoquidem
2982 2620 3123 2674 illam
3142 2633 3241 2673 nec
3270 2618 3476 2671 solutus

1898 2719 2078 2786 utique
2099 2717 2411 2770 seducturus
2436 2724 2536 2767 est.
2564 2713 2693 2766 Nam
2724 2710 2958 2780 profecto
2986 2710 3031 2763 si
3056 2710 3105 2765 ei
3134 2709 3337 2777 alligari
3364 2717 3469 2769 est,

1897 2825 2000 2862 non
2046 2824 2201 2879 posse
2248 2807 2523 2869 seducere,
2562 2806 2685 2878 _sive
2727 2819 2832 2858 non
2884 2802 3156 2871 permitti;
3199 2800 3323 2868 quid
3370 2800 3477 2854 erit

1896 2898 2050 2963 solvi,
2096 2898 2195 2951 nisi
2226 2911 2381 2965 posse
2421 2896 2695 2957 seducere,
2724 2894 2834 2947 sive
2858 2891 3132 2961 permitti?
3159 2890 3308 2957 Quod
3337 2890 3477 2943 absit

1896 3001 1955 3044 ut
1997 2990 2087 3043 ﬁat
2117 3006 2129 3042 :
2157 2990 2250 3044 sed
2276 2988 2508 3058 alligatio
2537 2986 2752 3049 diaboli,
2795 2997 2877 3039 est
2920 2999 3022 3037 non
3054 2983 3287 3052 permitti
3317 2996 3474 3035 exer-

1896 3097 2020 3137 cere
2045 3083 2066 3113 ¹
2096 3089 2258 3136 totam
2286 3080 2652 3144 tentatiouem,
2677 3091 2833 3146 quam
2861 3084 3034 3144 potest
3060 3062 3143 3128 vel
3172 3074 3220 3128 vi
3241 3072 3324 3127 vel
3349 3071 3477 3126 dolo

1898 3173 1963 3227 ad
2005 3171 2334 3226 seducendos
2378 3169 2650 3231 homines,
2695 3167 2747 3219 in
2801 3174 3003 3233 partem
3048 3178 3198 3217 suam
3240 3158 3478 3231 cogendo

1898 3265 2175 3326 violenter,
2208 3261 2633 3316 fraudulenterve
2671 3256 2920 3311 fallendo.
2952 3254 3103 3323 Quod
3134 3255 3180 3309 si
3208 3253 3480 3322 permitte-

1898 3366 2045 3412 retur
2072 3357 2124 3410 in
2154 3364 2259 3409 tam
2285 3353 2441 3422 longo
2472 3362 2709 3420 tempore
2735 3359 2789 3404 et
2829 3357 2974 3402 tanta
3001 3346 3308 3400 inﬁrmitate
3339 3342 3478 3395 mul-

1900 3459 2094 3512 torum,
2126 3443 2380 3515 plu‘rimos
2424 3442 2592 3506 tales,
2621 3441 2807 3510 quales
2851 3439 2988 3492 Deus
3030 3435 3085 3490 id
3128 3434 3329 3504 perpeti
3374 3445 3479 3486 non

1900 3540 2030 3603 vult,
2058 3546 2113 3591 et
2139 3536 2319 3589 ﬁdeles
2347 3534 2616 3601 dejiceret,
2657 3539 2711 3585 et
2740 3545 2807 3584 ne
2844 3528 3126 3584 crederent
3153 3524 3433 3594 impediret
3462 3540 3485 3577 :-

1899 3629 2037 3699 quod
2065 3643 2133 3681 ne
2160 3627 2373 3690 laceret,
2405 3624 2653 3692 alligatus
2680 3630 2782 3675 est.

1968 3719 2024 3772 2.
2065 3717 2213 3771 Tunc
2246 3724 2420 3769 autem
2452 3714 2721 3776 solvetur,
2751 3708 2965 3779 quando
2993 3717 3047 3762 et
3078 3708 3241 3761 breve
3272 3715 3483 3773 tempus

1900 3810 2021 3863 erit.
2056 3805 2185 3861 Nam
2218 3802 2387 3858 tribus
2415 3801 2569 3855 annis
2606 3809 2661 3854 et
2694 3813 2789 3853 sex
2832 3796 3104 3851 mensibus
3139 3795 3328 3864 legitur
3357 3794 3483 3848 totis

1900 3900 2011 3954 suis
2033 3908 2358 3963 suorumque
2382 3892 2582 3946 viribus
2600 3888 2879 3943 saviturns
2906 3888 2979 3956 (a)
3017 3903 3030 3939 :
3063 3894 3115 3940 et
3147 3886 3280 3938 tales
3300 3892 3478 3945 erunt,

1901 4003 2022 4043 cum
2062 3985 2273 4056 quibus”
2314 3983 2362 4037 ei
2419 3977 2834 4049 belligerandum
2889 3985 3010 4041 est,
3056 3983 3115 4028 ut
3152 3974 3289 4028 vinci
3330 3981 3481 4027 tanto

1902 4080 2016 4149 ejus
2050 4078 2249 4145 impetu
2288 4072 2599 4140 insidiisque
2638 4084 2744 4123 non
2777 4066 3003 4135 possint.
3042 4064 3098 4119 Si
3136 4072 3311 4117 autem
3342 4077 3483 4117 nun-2

1902 4186 2059 4239 quam
2088 4168 2415 4229 solveretur,
2452 4163 2626 4217 minus
2662 4167 2940 4228 appareret
2982 4157 3097 4224 ejus
3126 4154 3351 4223 maligna
3382 4168 3481 4222 po-

1905 4260 2067 4313 tentia
2092 4299 2106 4323 ,
2153 4258 2326 4310 minus
2368 4262 2563 4309 sancta:
2600 4247 2833 4305 civitatis
2881 4246 3187 4301 lidelissima
3230 4241 3483 4312 patientia

1904 4352 2251 4419 probaretur;
2283 4345 2456 4398 minus
2483 4342 2712 4409 denique
2741 4338 3155 4406 perspiceretur,
3184 4348 3342 4403 quam
3373 4348 3482 4389 ma-

1902 4456 2009 4510 gno
2028 4440 2143 4507 ejus
2167 4437 2307 4492 malo
2334 4444 2438 4489 tam
2460 4433 2596 4488 bene
2615 4430 2774 4485 fuerit
2800 4443 2927 4482 usus
2946 4426 3292 4493 Omnipotens
3312 4421 3332 4452 ³
3359 4438 3371 4473 :
3395 4420 3485 4488 qui

1905 4549 2026 4588 eum
2073 4546 2174 4586 nec
2210 4529 2428 4584 omnino
2471 4522 2690 4579 abstulit
2732 4536 2762 4573 a
2811 4518 3102 4573 tentatione
3143 4521 3482 4568 sanctorum.

1905 4623 2145 4693 quamvis
2179 4621 2247 4674 ab
2288 4632 2472 4672 eorum
2510 4611 2850 4667 interioribus
2881 4604 3183 4659 hominibus
3210 4600 3268 4666 ⁸,
3301 4600 3388 4652 ubi
3431 4614 3484 4651 tn

1908 4691 2070 4769 Deum
2097 4710 2351 4773 creditur,
2384 4706 2526 4759 foras
2554 4701 2775 4755 missum
2797 4739 2814 4762 ,
2840 4706 2896 4750 ut
2928 4695 3221 4748 forinsecus
3246 4691 3362 4757 ejus
3385 4702 3482 4754 op-

1908 4803 2226 4874 pugnatione
2256 4797 2611 4866 proﬁcerent;
2653 4799 2708 4844 et
2750 4788 2802 4841 in
2831 4787 2910 4840 eis
2952 4784 3041 4854 qui
3083 4789 3205 4834 sunt
3240 4794 3307 4874 ex
3339 4784 3486 4874 parte

1908 4867 2109 4965 ipsius,
2142 4889 2406 4958 alligavit,
2449 4899 2517 4939 ne
2561 4889 2811 4952 quautam
2858 4884 3036 4945 posset
3077 4867 3402 4965 eﬁ‘undendq
3433 4875 3488 4919 et

1908 4957 2207 5040 exercendo
2227 4957 2505 5041 malitiam,
2527 4970 2937 5028 innumerabiles
2957 4966 3193 5019 inlirmos
3211 4976 3277 5014 ex
3297 4957 3489 5027 quibus

1908 5076 2205 5133 Ecclesiam
2226 5066 2566 5138 multiplicari
2594 5073 2648 5119 et
2672 5060 2875 5129 impleri
2903 5054 3198 5126 Oportebat,
3219 5051 3353 5104 alios
3372 5062 3489 5102 cre-

1975 5254 1992 5285 ι
2029 5251 2167 5310 aditi,
2208 5252 2256 5299 et
2296 5236 2738 5310 pseudoprophetis.
2781 5233 3078 5293 castigantur
3114 5238 3179 5275 ex
3219 5232 3485 5273 manuari-

1912 5322 2251 5433 pllImplet-ique
2270 5374 2635 5433 Μβςηϐπετενε·
2676 5420 2711 5433 ,,
2744 5422 2803 5433 η,
2862 5423 2979 5433 Μ...
3024 5422 3048 5433 ..
3074 5401 3373 5433 “mmmam:

1978 5437 2000 5469 ³
2030 5409 3420 5493 ﬁlii‘mﬁeemdbet’1253a3.922163%

1977 5466 2000 5529 ί
2187 5466 2739 5543 iiiiiﬁiilis‘oiiiﬁsus.
2771 5466 2941 5543 Verius
2971 5466 3084 5543 editi
3123 5466 3482 5543 Adiit-(Athljtil'l'l-l-l;

1978 5520 2000 5529 '
2032 5520 2161 5551 wn,
2188 5520 2297 5541 una!
2311 5520 2370 5539 ουι
2384 5520 2490 5537 ιυμσ
2512 5520 2739 5533 unum“..-
2787 5520 2854 5524 .-ἡ
2870 5520 2878 5521 κ
2892 5520 2933 5547 γογ
3147 5529 3156 5538 ·
3370 5524 3376 5531 .

1915 5557 2097 5619 δετίιδιίν
2119 5549 2425 5619 Maeotim
2462 5541 2741 5619 ’ξονιίηέραε-
2768 5523 3353 5619 θμὲεᾳξχλκξειξξτιλιᾶέἓ
3368 5520 3488 5619 133:9

1916 5586 2097 5691 Eas:
2112 5586 3491 5691 stare:

2761 5658 2872 5732 ejus
3238 5648 3494 5702 hominum

2178 5716 2397 5784 simiae
2409 5716 2495 5792 per
2517 5716 2664 5793 [idem
2686 5723 2736 5793 in
2757 5716 2983 5793 cardibus
2998 5718 3134 5793 misti1
3123 5716 3187 5761 is.

1983 5773 2762 5866 Rideatme
2805 5792 2911 5831 can.
2934 5791 3006 5836 xi,
3028 5775 3079 5836 ἲ.
3101 5773 3156 5823 2.
