3976 6520
526 518 731 579 dituros
758 566 773 589 ,
802 526 936 583 alios
964 526 1072 597 jam
1100 527 1378 584 credentes
1396 569 1410 593 ,
1444 542 1474 581 a
1514 527 1615 582 ﬁde
1644 528 1852 597 pietatis
1881 528 1980 583 bos
2006 528 2105 583 de-

528 614 786 684 terreret,
821 620 918 676 hos
957 619 1252 692 frangeret;
1280 631 1332 675 et
1358 620 1529 674 solvet
1558 620 1575 651 ⁸
1607 619 1657 673 in
1688 621 1793 674 fine
1815 661 1829 685 ,
1862 631 1919 675 ut
1944 632 2108 690 quam

532 709 722 761 fortem
747 709 1109 765 adversarium
1142 712 1230 765 Dei
1256 711 1441 765 civitas
1480 710 1844 779 superaverit,
1871 726 1991 765 cum
2018 713 2103 765 in-

535 799 679 865 genti
707 800 874 868 gloria
903 803 985 856 sui
1025 802 1377 871 redemptoris
1401 843 1416 867 ,
1448 801 1701 871 adjutoris
1720 841 1734 865 ,
1776 800 2104 868 liberatoris,

551 888 787 954 aspiciat.
816 892 871 946 ln
896 909 1079 947 eorum
1106 908 1255 957 sane,
1281 893 1372 962 qui
1403 900 1526 946 tunc
1552 891 1708 945 futuri
1732 900 1875 955 sunt,
1901 902 2111 946 sancto-

540 999 655 1037 rum
674 995 829 1052 atque
851 983 1083 1038 ﬁdelium
1100 983 1491 1052 comparatione
1505 982 1628 1051 quid
1645 982 1862 1036 smnus?
1881 981 2111 1049 quando-

528 1072 741 1139 quidem
772 1072 837 1126 ad
872 1073 989 1126 illos
1019 1072 1318 1141 probandos
1354 1080 1532 1126 tantus
1560 1073 1796 1126 solvetur
1823 1071 2067 1126 inimicus
2090 1112 2106 1138 ,

440 1218 443 1221 .
526 1180 651 1217 cum
673 1179 778 1233 quo
799 1179 896 1218 nos
923 1165 1080 1234 ligato
1108 1164 1265 1217 tantis
1288 1163 1534 1232 periculis
1558 1162 1891 1217 dimicamus.
1914 1164 2110 1228 Quam-

530 1258 609 1311 vis
631 1256 806 1311 ethoc
835 1257 1088 1324 temporis
1110 1256 1386 1309 intervallo
1406 1254 1662 1324 quosdam
1694 1254 1891 1309 milites
1910 1254 2107 1308 Christi

532 1356 641 1400 tam
667 1346 955 1416 prudentes
974 1356 1028 1400 et
1052 1345 1219 1400 fortes
1240 1345 1400 1399 fuisse
1424 1354 1582 1415 atque
1604 1360 1742 1409 esse,
1764 1360 1868 1399 non
1889 1345 2109 1399 dubium

528 1447 652 1500 est,
688 1448 746 1492 ut
783 1439 942 1492 etiam
988 1438 1034 1492 si
1076 1447 1197 1492 tunc
1244 1440 1294 1491 in
1345 1438 1442 1492 ista
1492 1438 1810 1493 mortalitate
1848 1438 2106 1504 viverent,

528 1527 744 1596 quando
770 1527 859 1582 ille
878 1527 1132 1592 solvetur,
1159 1542 1348 1582 omnes
1378 1527 1595 1582 insidias
1622 1528 1739 1596 ejus
1759 1536 1919 1596 atque
1939 1528 2109 1596 impe-

532 1624 619 1668 tus
645 1624 700 1669 et
728 1625 978 1670 caverent
1004 1616 1423 1685 sapientissime,
1455 1625 1509 1670 et
1539 1617 1921 1686 patientissime
1949 1616 2112 1671 susti-

530 1714 740 1759 [ICI'CIIL

604 1796 656 1849 5.
700 1795 825 1849 ll:cc
844 1804 1019 1850 autem
1041 1796 1275 1867 alligatio
1298 1797 1498 1852 diaboli
1526 1814 1632 1853 non
1658 1798 1827 1853 solum
1852 1799 1984 1854 facta
2006 1807 2107 1866 est,

530 1900 595 1938 ex
623 1902 727 1955 quo
756 1887 921 1955 caspit
949 1887 1188 1942 Ecclesia
1219 1890 1413 1956 prazter
1439 1871 1676 1944 Judaéam
1708 1898 1901 1943 terram
1931 1891 1982 1944 in
2012 1905 2110 1944 na-

532 1976 705 2030 tiones
730 1977 863 2031 alias
891 1978 1124 2047 aliasque
1162 1972 1409 2043 dilatari;
1451 1980 1546 2034 sed
1576 1980 1734 2033 etiam
1766 1995 1905 2034 nunc
1936 1981 1993 2033 fit
2013 2021 2025 2042 ,
2057 1990 2112 2035 et

532 2071 623 2122 liet
640 2086 806 2139 usque
820 2069 885 2124 ad
905 2074 1188 2125 terminum
1209 2072 1411 2137 saeculi,
1431 2087 1537 2141 quo
1555 2073 1839 2126 solvendus
1858 2083 1958 2127 est.
1978 2072 2110 2139 Quia

530 2171 586 2215 et
609 2178 747 2216 nunc
773 2163 1015 2217 homines
1044 2163 1109 2217 ab
1140 2163 1481 2229 inﬁdelitate,
1509 2164 1560 2217 in
1590 2179 1693 2232 qua
1726 2165 1837 2232 ipse
1858 2178 1952 2219 eos
1982 2179 2108 2233 pos-

531 2252 759 2316 sidcbat,
780 2262 1160 2307 convertuntur
1174 2253 1240 2307 ad
1264 2254 1443 2319 ﬁdem,
1457 2264 1509 2308 et
1532 2270 1697 2323 usque
1716 2256 1766 2308 in
1789 2255 1934 2308 illum
1954 2257 2110 2309 linem

533 2340 650 2393 sine
665 2340 827 2395 dubio
847 2349 1253 2395 convertentur:
1274 2350 1327 2396 et
1343 2344 1523 2411 utique
1544 2343 1826 2413 unicuique
1846 2346 1866 2374 ¹
1888 2344 1988 2399 iste
2007 2344 2114 2398 for-

531 2430 600 2483 tis
622 2439 746 2484 tunc
763 2431 1005 2499 alligatur
1024 2472 1037 2494 ,
1060 2431 1272 2501 quando
1286 2432 1354 2485 ab
1373 2433 1464 2487 illo
1492 2441 1739 2503 tanquam
1757 2449 1848 2487 vas
1870 2435 1985 2502 ejus
2004 2435 2113 2488 eri-

532 2518 674 2587 pitur
702 2537 715 2571 :
742 2528 798 2574 et
833 2521 1059 2590 abyssus
1100 2522 1187 2575 ubi
1230 2523 1468 2577 inclusus
1510 2532 1627 2587 est,
1660 2539 1766 2577 non
1798 2524 1849 2577 in
1878 2525 1957 2579 eis
1984 2540 2113 2579 con-

530 2621 737 2679 sumpta
758 2621 859 2677 est,
880 2613 1093 2681 quando
1109 2623 1231 2667 sunt
1252 2615 1465 2680 mortui,
1487 2616 1573 2683 qui
1597 2625 1720 2670 tunc
1735 2626 1885 2670 erant
1901 2619 2113 2686 quando

530 2716 652 2757 esse
675 2704 837 2773 cmpit
862 2705 1131 2770 inclusus;
1158 2706 1252 2761 sed
1279 2717 1651 2762 successerunt
1671 2710 1750 2763 eis
1773 2710 1861 2763 alii
1886 2724 2112 2764 nascen-

530 2792 633 2857 do,
665 2802 823 2863 atque
864 2798 1186 2863 succedunt,
1218 2798 1388 2853 donec
1426 2799 1639 2853 ﬁniatur
1680 2801 1783 2855 hoc
1822 2804 2109 2869 szeculum,

530 2885 619 2952 qui
652 2884 863 2940 oderint
901 2888 1265 2956 Christianos,
1317 2890 1369 2943 in
1415 2907 1639 2961 quorum
1677 2893 1932 2962 quotidie,
1969 2894 2114 2948 velut

530 2975 583 3028 in
621 2976 853 3045 abysso,
883 2980 1038 3033 caecis
1080 2989 1135 3034 et
1178 2981 1453 3050 profundis
1494 2982 1743 3038 cordibus
1786 2984 2108 3039 includatur.

533 3064 723 3121 Utrum
751 3079 929 3123 autem
959 3071 1119 3124 etiam
1149 3072 1254 3127 illis
1278 3072 1478 3128 ultimis
1508 3074 1673 3129 tribus
1700 3076 1852 3129 anuis
1881 3083 1935 3129 et
1963 3090 2114 3130 men—-

530 3155 680 3210 sibus
707 3173 827 3224 sex,
853 3160 1067 3229 quando
1094 3162 1297 3216 solutus
1325 3163 1451 3219 totis
1476 3164 1677 3220 viribus
1703 3166 1983 3219 sazvitnrus
2009 3173 2111 3232 est,

528 3246 719 3315 aliquis
735 3248 786 3301 in
807 3264 909 3317 qua
924 3266 1028 3304 non
1056 3250 1248 3316 fuerat,
1270 3252 1337 3307 sit
1356 3268 1668 3309 accessurus
1688 3255 1753 3308 ad
1784 3254 1961 3321 ﬁdem,
1978 3272 2112 3310 non-

531 3338 674 3391 nulla
699 3341 922 3407 quaestio
949 3351 1048 3395 est.
1076 3342 1353 3409 Quomodo
1388 3346 1529 3399 enim
1557 3346 1717 3400 stabit
1741 3347 1885 3416 quod
1913 3347 2113 3402 dictum

528 3436 642 3492 est,
673 3427 798 3494 Quis
826 3430 978 3484 intrat
1005 3432 1057 3485 in
1086 3434 1290 3487 domum
1320 3436 1467 3506 fortis
1487 3477 1503 3503 ,
1532 3446 1585 3489 ut
1619 3452 1736 3490 vasa
1766 3438 1874 3506 ejus
1899 3439 2110 3509 eripiat,

531 3518 627 3570 nisi
647 3522 788 3587 prius
801 3521 1079 3592 alligaverit
1096 3528 1275 3595 fortem
1290 3527 1497 3595 (Matth.
1517 3545 1607 3593 xu,
1628 3530 1698 3586 29
1714 3529 1771 3602 )?
1796 3531 1839 3585 si
1858 3532 2016 3587 etiam
2029 3550 2117 3589 so-

530 3608 643 3663 luto
667 3610 1003 3680 eripiuntur?
1032 3616 1106 3669 Ac
1130 3631 1225 3685 per
1247 3617 1345 3672 hoc
1359 3618 1425 3672 ad
1449 3618 1550 3673 hoc
1575 3635 1766 3691 cogere
1785 3620 1994 3677 videtur
2014 3624 2113 3679 ista

528 3702 812 3769 sententia,
831 3704 1179 3761 utcredamus
1199 3707 1306 3772 illo,
1330 3709 1452 3764 licet
1465 3710 1675 3781 exiguo,
1695 3722 1933 3782 tempore
1948 3715 2116 3770 nemi-

530 3806 653 3846 nem
683 3807 1019 3850 accessurum
1047 3812 1166 3853 esse
1195 3801 1389 3868 populo
1413 3802 1704 3857 christiano
1725 3843 1742 3867 ,
1772 3804 1866 3859 sed
1888 3820 2007 3859 cum
2030 3807 2110 3861 eis

530 3883 622 3949 qui
647 3884 756 3951 jam
776 3884 1062 3943 Christiani
1092 3892 1286 3957 reperti
1318 3891 1534 3960 fuerint,
1560 3895 1826 3950 diabolum
1858 3908 2118 3968 pugnatu-

531 3988 649 4028 rum
676 3992 687 4027 :
713 3992 776 4029 ex
798 3977 989 4047 quibus
1010 3982 1214 4035 etiamsi
1238 3983 1398 4053 aliqui
1423 3985 1544 4039 victi
1566 3988 1733 4041 secuti
1756 4004 1876 4044 eum
1900 3990 2113 4059 fuerint,

532 4081 637 4119 non
659 4082 753 4122 eos
773 4070 839 4124 ad
865 4073 1296 4140 praedestinatum
1328 4078 1552 4133 liliorum
1580 4080 1669 4135 Dei
1696 4098 1973 4137 numerum
1995 4100 2117 4154 pcr-

534 4156 724 4212 tinere.
755 4159 937 4230 Neque
972 4167 1114 4219 enim
1147 4167 1340 4223 frustra
1372 4169 1511 4225 idem
1541 4171 1775 4228 Joannes
1805 4177 2075 4243 apostolus
2096 4217 2114 4242 ,

532 4247 622 4315 qui
653 4258 708 4303 et
737 4250 873 4306 hanc
910 4254 1282 4328 Apocalypsim
1313 4264 1562 4331 scripsit,
1591 4264 1644 4319 in
1674 4266 1897 4335 epistola
1927 4284 2020 4323 sua
2049 4269 2117 4325 de

532 4339 849 4407 quibusdam
877 4345 1025 4411 dicit,
1055 4348 1137 4402 Ea:
1165 4351 1306 4404 nobis
1333 4354 1593 4422 exierunt,
1625 4359 1714 4410 sed
1748 4375 1849 4412 non
1886 4370 2029 4414 erant
2055 4378 2118 4415 ea:

533 4429 675 4484 nobis
705 4447 725 4485 :
753 4449 872 4488 nam
898 4436 943 4490 si
970 4437 1176 4506 fuissent
1200 4458 1264 4495 ex
1292 4444 1431 4498 nobis
1455 4486 1470 4506 ,
1502 4449 1801 4503 mansissent
1824 4451 1997 4520 utique
2021 4469 2115 4507 no-

533 4520 722 4612 biscum
750 4525 801 4597 (l
824 4526 980 4583 Joan.
1023 4546 1093 4597 ιι,
1124 4531 1243 4605 l9).
1277 4534 1384 4590 Sed
1414 4536 1538 4607 quid
1576 4538 1665 4594 ﬁet
1699 4540 1720 4572 '
1745 4541 1812 4597 de
1848 4544 2116 4612 parvulis?

533 4610 764 4668 Nimium
791 4617 987 4689 quippe
1031 4622 1342 4679 incredibile
1371 4637 1453 4680 est
1477 4667 1495 4695 ,
1526 4629 1699 4683 nullos
1732 4610 1858 4699 jam‘
1882 4640 2036 4687 natos
2061 4642 2116 4688 et

533 4705 771 4759 nondum
815 4706 1106 4778 baptizatos
1171 4718 1531 4787 praeoccupari
1587 4720 2007 4778 Christianorum
2050 4725 2114 4778 ll-

534 4790 635 4883 lios
657 4794 746 4850 illo
766 4804 1005 4867 tempore
1030 4802 1279 4870 infantes,
1311 4808 1486 4863 nullos
1506 4810 1664 4865 etiam
1688 4813 1815 4881 ipsis
1837 4814 1982 4868 nasci
2001 4814 2111 4883 jam

534 4882 756 4950 diebus;
784 4897 875 4944 aut
899 4890 945 4944 si
973 4903 1148 4959 erunt,
1181 4912 1285 4950 non
1315 4912 1408 4953 eos
1433 4914 1464 4954 a
1488 4902 1792 4968 parentibus
1818 4906 1927 4958 suis
1950 4882 2017 4959 ad
2041 4906 2115 4959 la-

536 4988 754 5066 vacrum
807 4986 1222 5051 regenerationis
1278 4989 1440 5045 modo
1488 5006 1821 5063 quocumque
1874 4996 2113 5066 perduci.

537 5065 684 5133 Quod
712 5070 756 5125 si
786 5072 873 5128 fiet
895 5114 908 5137 ,
946 5090 1051 5143 quo
1090 5086 1245 5146 pacto
1270 5080 1443 5135 soluto
1472 5081 1582 5151 jam
1619 5083 1833 5139 diabolo
1862 5065 1987 5140 vasa
2017 5087 2112 5141 ista

536 5160 848 5228 eripientur,
879 5163 931 5217 in
956 5167 1110 5235 cujus
1131 5168 1347 5223 domum
1378 5186 1534 5247 nemo
1560 5173 1741 5241 intrat,
1767 5185 1822 5230 ιιι
1848 5191 1969 5231 vasa
2000 5176 2116 5247 ejus

535 5252 745 5321 eripiat,
770 5255 871 5310 nisi
900 5258 1045 5325 prius
1069 5260 1363 5331 alligaverit
1391 5266 1547 5319 eum?
1576 5266 1686 5321 lmo
1710 5282 1835 5322 vero
1862 5268 1912 5323 id
1943 5270 2115 5338 potius

534 5352 618 5395 est
641 5345 999 5413 credendum,
1030 5364 1128 5404 nec
1152 5353 1240 5420 qui
1270 5354 1463 5409 cadant
1492 5356 1559 5411 de
1591 5357 1825 5413 Ecclesia
1849 5401 1863 5423 ,
1897 5375 1995 5415 nec
2023 5362 2114 5429 qui

533 5434 788 5490 accedant
816 5437 1072 5494 Ecclesia:
1099 5442 1188 5496 illo
1210 5452 1447 5513 tempore
1474 5446 1749 5503 defuturos
1777 5466 1791 5503 :
1816 5450 1909 5504 sed
1937 5452 2116 5519 profe-

600 5576 620 5647 ξ
885 5583 1073 5647 emanet
1100 5578 1377 5647 solveretur.
1403 5588 1476 5630 Er.
1505 5590 1563 5647 et
1577 5589 1710 5643 Lov.,
1736 5591 1782 5634 et
1804 5584 2027 5635 solvetur.
2062 5595 2116 5638 At

532 5630 661 5718 κῆ..
685 5635 731 5676 et
747 5631 896 5703 soloet
909 5648 927 5684 :
948 5630 1133 5709 scilicet
1153 5644 1286 5690 omni
1308 5650 1464 5692 iotens
1485 5630 1568 5705 qui
1591 5630 1710 5693 cuni
1725 5630 1992 5709 imgine“
2013 5630 2027 5635 ⁷
2062 5630 2065 5636 ﬁ

651 5695 698 5734 ¹¹¹
724 5690 885 5751 οάηιδν
906 5708 1161 5753 timuique
1183 5657 1416 5753 ﬁdelium.
1449 5708 1613 5753 Abest.
1638 5705 1870 5753 ﬁdelium.
1891 5722 1919 5753 ιι
1945 5709 2065 5753 nleri

1182 5690 1617 5769 ﬁdeliuntfltbest;
1629 5690 1870 5770 fideliuth
1882 5690 2116 5772 'a-pleris-

528 5761 629 5810 que
654 5760 1005 5816 manuscripus,
1082 5760 1092 5763 ‘
1182 5760 1192 5767 '
1598 5760 1610 5769 '
1634 5760 1647 5770 '
1943 5760 1963 5797 ',

593 5811 616 5845 ³
647 5818 740 5860 Mss
760 5845 775 5871 ,
807 5811 881 5876 ﬁt.
932 5848 935 5849 ν

1588 410 1674 466 DE
1710 411 2027 467 CIVITATE
2067 412 2197 480 DEI,
2229 412 2287 469 S.
2326 412 2689 471 AUGUSTINI
3721 419 3804 476 67".

2210 537 2298 584 cto
2327 536 2432 582 tam
2458 528 2620 583 fortes
2654 536 2810 583 erunt
2833 536 2885 583 et
2912 538 3161 598 parentes
3190 545 3292 601 pro
3323 530 3675 601 baptizandis
3696 550 3802 604 par-

2214 619 2352 673 vulis
2365 620 2554 682 suis,et
2568 618 2621 672 hi
2636 620 2725 688 qui
2742 629 2866 673 tunc
2880 621 3126 690 primitus
3137 623 3396 677 credituri
3416 634 3573 687 sunt,
3599 634 3655 678 ιιι
3671 628 3795 682 illum

2214 708 2405 763 fortem
2431 710 2645 763 vincant
2674 710 2831 778 etiam
2863 725 2968 765 non
2996 712 3217 781 ligatum
3242 754 3258 779 ,
3292 714 3346 767 id
3376 723 3501 778 est,
3536 718 3794 779 omnibus,

2212 800 2457 870 qualibus
2476 810 2631 855 antea
2656 816 2921 871 nunquam
2944 840 2961 867 ,
2989 803 3074 857 vel
3101 804 3306 857 artibus
3336 805 3706 871 insidiantem,
3729 811 3795 863 vel

2215 899 2489 960 urgentem
2514 891 2734 955 viribus,
2765 900 2819 946 et
2843 892 3123 961 vigilanter
3144 894 3467 963 intelligant,
3496 905 3554 951 et
3582 896 3799 951 toleras-

2215 990 2297 1036 ter
2316 982 2513 1047 ferant;
2547 997 2609 1036 ac
2637 982 2715 1037 sic
2741 982 2813 1037 illi
2840 983 2997 1037 etiam
3025 999 3129 1037 non
3162 985 3323 1054 ligato
3347 986 3674 1055 eripiantur.
3701 988 3798 1044 Nec

2216 1070 2338 1126 ideo
2366 1072 2494 1126 falsa
2523 1072 2626 1127 erit
2654 1073 2959 1142 evangelica
2986 1074 3073 1127 illa
3102 1076 3392 1143 sententia,
3420 1076 3552 1142 Quis
3577 1079 3731 1131 intrat
3752 1081 3798 1131 in

2214 1165 2420 1219 domum
2442 1165 2606 1233 fortis,
2636 1174 2689 1218 ut
2708 1180 2827 1219 vasa
2847 1166 2957 1236 ejus
2985 1167 3187 1235 eripiat,
3217 1168 3317 1222 nisi
3346 1169 3491 1239 prius
3518 1170 3798 1241 alligaverit

2211 1257 2437 1327 fortem?
2479 1256 2780 1313 Secundum
2827 1258 2968 1312 enim
3008 1259 3289 1313 sententiae
3328 1260 3449 1328 ejus
3483 1262 3795 1330 veritatem,

2211 1348 2342 1402 ordo
2364 1349 2463 1403 iste
2488 1356 2728 1403 servatus
2750 1357 2853 1416 est,
2882 1357 2938 1403 ιιι
2967 1350 3112 1418 prius
3136 1350 3446 1421 alligaretur
3470 1352 3652 1419 fortis,
3682 1370 3792 1409 cre-

2214 1439 2420 1508 ptisque
2446 1439 2587 1494 vasis
2616 1438 2752 1508 ejus,
2783 1439 2939 1509 longe
2966 1439 3179 1509 lateque
3206 1440 3257 1494 in
3280 1442 3535 1496 omnibus
3559 1445 3800 1513 gentibus

2211 1546 2276 1586 ex
2300 1532 2464 1585 firmis
2484 1541 2537 1587 et
2562 1530 2788 1586 inﬁrmis
2809 1532 2879 1585 ita
2902 1531 3344 1601 multiplicaretur
3365 1532 3631 1601 Ecclesia,
3662 1545 3720 1589 ut
3740 1551 3800 1590 ex

2212 1623 2324 1692 ipsa
2352 1639 2529 1678 rerum
2566 1622 2821 1677 divinitus
2851 1624 3221 1693 prcedictarum
3247 1633 3302 1679 et
3338 1625 3685 1695 impletarum
3716 1643 3802 1680 ro-

2212 1713 2515 1769 bustissima
2534 1713 2658 1779 ﬁde,
2677 1715 2838 1768 etiam
2859 1713 3034 1767 soluto
3054 1729 3177 1768 vasa
3200 1716 3371 1784 possit
3392 1715 3635 1771 auferre.
3659 1717 3805 1771 Sicut

2211 1806 2354 1859 enim
2386 1805 2656 1860 fatendum
2700 1813 2813 1873 est,
2842 1806 3131 1861 multorum
3179 1806 3535 1879 refrigescere
3571 1810 3802 1864 charita-

2213 1903 2341 1961 tem,
2365 1911 2487 1950 cum
2525 1895 2759 1950 abundat
2786 1896 3032 1966 iniquitas
3061 1895 3284 1965 (Matth.
3308 1914 3454 1963 XXIV,
3478 1898 3609 1968 12),
3635 1910 3693 1955 ει
3729 1902 3805 1955 in-

2213 1986 2421 2040 usitatis
2448 1986 2798 2056 maximisque
2814 1986 3269 2056 persecutionibus
3282 2000 3443 2059 atque
3456 1990 3687 2046 fallaciis
3698 1993 3805 2046 dia-

2213 2075 2319 2130 boli
2341 2076 2450 2145 jam
2478 2078 2660 2143 soluti,
2685 2092 2777 2132 eos
2797 2077 2887 2147 qui
2917 2077 2971 2132 in
3001 2077 3139 2133 libro
3165 2080 3284 2134 vita:
3314 2082 3500 2150 scripti
3524 2097 3635 2136 non
3662 2095 3807 2148 sunt,

2214 2168 2413 2223 multos
2442 2184 2562 2224 esse
2588 2184 2836 2224 cessuros
2863 2185 2878 2225 :
2904 2169 2974 2223 ita
3004 2170 3340 2239 cogitandum
3367 2182 3470 2238 est,
3501 2189 3611 2227 non
3634 2177 3807 2229 solum

2212 2274 2346 2327 quos
2369 2259 2536 2314 bonos
2559 2259 2741 2315 ﬁdeles
2757 2259 2888 2314 illud
2911 2268 3118 2330 tempus
3135 2262 3387 2327 inveniet,
3406 2264 3499 2317 sed
3521 2266 3808 2320 nonnullos

2212 2349 2374 2402 etiam
2400 2350 2488 2417 qui
2514 2348 2641 2404 foris
2666 2349 2839 2405 adhuc
2865 2358 3051 2417 erunt,
3078 2350 3364 2420 adjuvante
3387 2354 3479 2407 Dei
3508 2356 3687 2423 gratia
3713 2372 3804 2425 per

2214 2441 2696 2496 Considerationem
2737 2441 3166 2512 Scripturarum,
3210 2443 3262 2497 in
3301 2444 3496 2512 quibus
3527 2456 3584 2500 et
3619 2448 3722 2499 alia
3758 2459 3809 2502 et

2215 2531 2336 2586 ﬁnis
2360 2533 2473 2601 ipse
2494 2533 2878 2602 praenuntiatus
2898 2542 2997 2599 est,
3022 2550 3181 2603 quem
3202 2535 3386 2589 venire
3405 2535 3520 2605 jam
3549 2540 3808 2603 sentiunt,

2215 2623 2280 2677 ad
2306 2624 2627 2680 credendum
2656 2625 2798 2695 quod
2828 2640 2933 2680 non
2963 2626 3253 2681 credebant
3277 2669 3292 2693 ,
3327 2629 3537 2685 futuros
3566 2647 3693 2686 esse
3719 2633 3807 2686 lir-

2214 2714 2432 2778 miores,
2462 2724 2515 2769 et
2533 2715 2600 2769 ad
2626 2715 2943 2771 vincendum
2970 2716 3130 2771 etiam
3157 2732 3262 2771 non
3286 2717 3508 2788 ligatum
3536 2719 3808 2775 diabolum

2216 2803 2482 2858 fortiores.
2512 2804 2664 2872 Quod
2692 2806 2736 2859 si
2766 2804 2837 2859 ita
2863 2806 2993 2869 erit,
3026 2816 3312 2875 propterea
3349 2810 3702 2876 praecessisse
3727 2810 3810 2863 di-

2214 2893 2382 2948 cenda
2400 2902 2481 2949 est
2501 2894 2616 2963 ejus
2634 2895 2884 2964 alligatio,
2904 2905 3031 2951 utet
3053 2896 3198 2967 ligati
3226 2906 3281 2951 et
3299 2898 3459 2952 soluti
3484 2900 3807 2969 exspoliatio

2215 2993 2554 3054 sequeretur:
2570 2985 2817 3054 quoniam
2830 2986 2897 3040 de
2919 2986 3016 3040 hac
3037 3002 3095 3041 re
3114 2986 3315 3041 dictu‘m
3334 2996 3435 3052 est,
3458 2989 3589 3053 Quis
3606 2992 3810 3044 intrabit

2215 3076 2269 3129 in
2288 3076 2492 3131 domum
2514 3077 2677 3147 fortis,
2702 3087 2756 3132 ut
2776 3094 2894 3132 vasa
2917 3079 3025 3148 ejus
3047 3080 3248 3149 eripiat,
3274 3080 3373 3134 nisi
3393 3082 3539 3149 prius
3559 3082 3805 3153 alligare-

2214 3170 2282 3224 ιὶι
2315 3174 2492 3242 fortem
2510 3171 2538 3225 Ρ

2217 3279 2441 3335 CAPUT
2472 3279 2645 3333 IX.—
2663 3278 2811 3346 Quod
2836 3279 2900 3334 sit
2924 3295 3131 3351 regnum
3159 3290 3451 3334 sanctorum
3475 3298 3592 3335 cum
3614 3281 3809 3337 Christo

2288 3386 2378 3441 per
2391 3370 2529 3424 mille
2543 3387 2721 3437 annos,
2742 3378 2786 3425 et
2805 3370 2858 3424 in
2877 3387 2975 3439 quo
2994 3370 3309 3424 discernatur
3324 3388 3356 3423 a
3372 3388 3530 3442 regno
3547 3382 3759 3427 aeterno.

2289 3482 2340 3536 1.
2385 3480 2592 3536 Interea
2621 3481 2748 3536 dum
2786 3482 2932 3537 mille
2972 3482 3125 3537 annis
3164 3482 3357 3553 ligatus
3396 3491 3485 3537 est
3521 3483 3810 3549 diabolus,

2217 3572 2387 3627 sancti
2412 3573 2429 3604 ί
2462 3581 2685 3642 regnant
2712 3586 2832 3626 cum
2858 3569 3070 3626 Christo
3110 3571 3270 3626 etiam
3313 3572 3444 3641 ipsis
3471 3573 3623 3628 mille
3661 3575 3811 3629 annis

2216 3663 2419 3719 eisdem
2448 3664 2561 3718 sine
2589 3662 2783 3728 dubio,
2830 3671 2884 3717 et
2911 3662 3098 3718 eodem
3143 3662 3303 3717 modo
3334 3664 3698 3733 intelligendis
3718 3706 3736 3731 ,
3760 3665 3811 3719 id

2217 3765 2321 3823 est,
2352 3756 2455 3811 isto
2477 3756 2587 3825 jam
2621 3765 2858 3825 tempore
2894 3755 3086 3825 prioris
3112 3754 3228 3825 ejus
3254 3754 3539 3810 adventus.
3575 3756 3813 3825 Excepto

2219 3846 2414 3916 quippe
2441 3844 2531 3899 illo
2550 3860 2736 3915 regno,
2767 3844 2836 3900 de
2861 3859 2965 3914 quo
2992 3844 3044 3898 in
3077 3845 3180 3898 ﬁne
3205 3844 3445 3899 dicturus
3472 3854 3579 3909 est,
3614 3846 3811 3909 Venite,

2220 3938 2462 3993 benedicti
2512 3936 2681 3991 Patris
2723 3937 2822 3991 mei
2841 3978 2855 4000 ,
2890 3936 3137 4006 possidete
3166 3946 3401 4005 paratum
3434 3937 3575 3991 vobis
3604 3954 3814 4007 regnum

2219 4032 2430 4099 (Matth.
2449 4047 2575 4098 xxv,
2600 4028 2713 4099 54),
2742 4029 2843 4083 nisi
2872 4028 2979 4082 alio
3004 4028 3180 4097 aliquo
3204 4028 3382 4092 modo,
3398 4028 3573 4099 longe
3599 4030 3811 4099 quidem

2220 4122 2431 4191 impari,
2453 4121 2561 4189 jam
2585 4135 2724 4175 nunc
2749 4129 3034 4189 regnarent
3064 4133 3184 4173 cum
3213 4118 3303 4172 illo
3329 4120 3501 4173 sancti
3530 4120 3672 4188 ejus,
3695 4122 3809 4191 qui-

2220 4213 2319 4268 bus
2341 4214 2435 4276 ait,
2456 4211 2591 4266 Eece
2620 4228 2710 4283 ego
2737 4212 2988 4266 vobiscum
3015 4228 3125 4265 sum
3146 4227 3303 4281 usque
3330 4211 3385 4265 in
3412 4215 3811 4266 consummatio.

2219 4321 2334 4358 nem
2358 4305 2529 4358 sazculi
2555 4301 2676 4375 (Id.
2706 4318 2891 4367 xxvnt,
2920 4302 3055 4371 20);
3084 4301 3324 4371 profecto
3350 4318 3457 4356 non
3490 4304 3657 4358 etiam
3678 4318 3812 4357 nunc

2218 4397 2485 4453 diceretur
2516 4396 2753 4451 Ecclesia
2780 4409 3001 4466 regnum
3031 4395 3164 4464 ejus,
3197 4410 3491 4464 regnumve
3515 4397 3800 4450 caelorum.

2218 4488 2351 4543 Nam
2378 4488 2555 4557 utique
2581 4487 2683 4541 isto
2710 4497 2948 4555 tempore
2975 4486 3027 4540 in
3053 4500 3218 4556 regno
3250 4486 3341 4540 Dei
3365 4485 3611 4540 eruditur
3643 4487 3808 4542 scriba

2220 4580 2346 4643 ille,
2400 4578 2490 4648 qui
2541 4577 2744 4647 profert
2797 4578 2864 4632 de
2915 4578 3165 4631 thesauro
3216 4591 3315 4631 suo
3358 4592 3493 4630 nova
3547 4588 3604 4632 et
3638 4589 3808 4632 vetera

2219 4671 2239 4739 (
2262 4670 2447 4723 Matth.
2478 4684 2568 4723 χιιι
2588 4711 2603 4736 ,
2633 4669 2703 4724 52
2722 4669 2763 4739 ),
2793 4668 2859 4723 de
2887 4683 2993 4737 quo
3020 4683 3178 4737 supra
3208 4668 3370 4722 locuti
3398 4683 3608 4724 sumus.
3644 4670 3707 4725 Et
3741 4670 3805 4724 de

2219 4762 2459 4818 Ecclesia
2503 4762 2774 4816 collecturi
2814 4770 2938 4816 sunt
2980 4761 3179 4815 zizania
3227 4776 3500 4816 messores
3553 4762 3807 4833 illi,qn:e

2219 4854 2459 4924 permisit
2475 4844 2595 4908 cum
2619 4852 2793 4906 tritico
2814 4852 2971 4906 simul
2991 4866 3233 4907 crescere
3247 4867 3420 4922 usque
3439 4852 3510 4906 ad
3532 4868 3765 4907 messem
3795 4873 3806 4905 :

2218 4944 2358 5015 quod
2395 4958 2669 5014 exponens
2694 4944 2797 5007 ait,
2829 4942 3010 4998 Messis
3047 4952 3119 4997 est
3169 4942 3287 5011 finis
3327 4944 3547 5009 seculi,-
3576 4957 3813 4998 messores

2219 5048 2387 5091 autem
2430 5036 2611 5107 Angeli
2648 5043 2783 5089 sunt.
2825 5034 2973 5089 Sicut
3010 5050 3126 5104 ergo
3164 5033 3475 5103 colliguntur
3503 5035 3804 5097 zizaniant

2219 5128 2324 5198 igni
2352 5126 2742 5189 comburuntur;
2777 5126 2850 5180 sic
2893 5126 2985 5179 erit
3021 5125 3075 5182 in
3116 5124 3552 5178 consummatione
3593 5126 3804 5178 seculi:

2219 5221 2379 5273 mittet
2400 5218 2567 5272 Filius
2588 5217 2805 5271 hominis
2826 5216 3044 5286 Angelos
3067 5231 3205 5277 suos,
3232 5223 3281 5267 et
3310 5214 3552 5283 colligent
3579 5216 3645 5267 de
3663 5229 3803 5283 regns

2218 5312 2329 5381 ejus
2348 5310 2518 5364 omnia
2535 5309 2778 5364 scandala
2807 5306 2990 5379 (Ibid.,
3020 5306 3236 5374 59-41).
3263 5304 3535 5376 Numquid
3560 5305 3632 5361 de
3653 5319 3805 5378 regis)

2220 5401 2335 5467 illo,
2360 5400 2450 5455 ubi
2476 5400 2619 5453 nulla
2641 5408 2765 5454 sunt
2783 5397 3032 5453 scandala
3048 5398 3073 5449 't
3100 5397 3175 5452 De
3200 5397 3305 5451 isto
3326 5394 3455 5465 ergo
3481 5412 3652 5466 regno
3672 5398 3797 5464 eth‘,

2220 5493 2361 5563 quod
2384 5500 2466 5548 est
2492 5491 2577 5546 hic
2604 5489 2861 5555 Ecclesia,
2885 5488 3221 5559 colligentur.
3246 5487 3381 5543 Item
3402 5488 3552 5551 dicit,
3583 5489 3681 5554 Qui
3703 5489 3801 5540 sol-

2220 5585 2343 5638 verit
2388 5599 2543 5636 unum
2584 5584 2648 5636 de
2677 5581 2931 5635 mandatis
2960 5581 3071 5634 istis
3110 5580 3334 5633 minimis
3355 5621 3372 5642 ,
3402 5590 3453 5634 et
3477 5578 3701 5633 dot-amt
3735 5580 3800 5630 si:

2222 5677 2467 5739 homines,
2493 5671 2729 5728 minimus
2754 5673 3009 5729 vocabitur
3035 5674 3087 5726 in
3116 5689 3271 5741 regno
3296 5674 3539 5726 caelorum
3574 5688 3592 5727 :
3619 5676 3699 5741 qui
3717 5689 3796 5724 es-

2286 5833 2303 5865 ·
2339 5832 2472 5896 Editi,
2500 5829 2652 5884 sancti
2670 5828 2777 5883 Dei.
2798 5836 2852 5881 Al.
2889 5826 3195 5891 manuscripti
3211 5827 3463 5889 omittunt,
3490 5825 3594 5877 Dei.
