4072 6580
187 469 285 524 193

188 596 297 638 tum
323 587 575 653 possunt,
604 585 664 633 ut
692 575 876 633 videre
904 570 1114 628 valeant
1143 569 1197 625 in
1228 567 1321 624 Dei
1350 563 1646 621 substantia
1676 577 1784 618 non

185 691 303 731 esse
330 673 533 744 aliquid
562 671 693 737 tale,
724 668 876 740 quasi
902 665 1045 721 aliud
1074 664 1146 721 ibi
1173 663 1244 719 sit
1289 659 1607 723 substantia,
1646 656 1787 711 aliud

182 767 331 838 quod
372 764 583 821 accidat
620 760 956 824 substantiae,
1001 766 1057 813 et
1098 771 1205 811 non
1234 756 1304 809 sit
1327 752 1661 815 substantia;
1693 748 1790 804 sed

184 857 447 928 quidquid
491 856 566 911 ibi
607 853 828 922 intelligi
875 857 1072 921 potest,
1103 845 1400 903 substantia
1443 852 1546 900 est.
1587 841 1787 897 Verum

190 949 308 1003 lucc
332 947 438 1002 dici
480 952 707 1016 possunt
751 942 927 1007 facile,
973 949 1028 995 et
1065 937 1211 994 credi
1242 953 1255 989 :
1282 934 1451 990 videri
1480 940 1659 987 autem
1688 930 1790 1006 nisi

188 1039 357 1094 corde
376 1054 512 1109 puro
531 1033 799 1106 quomodo
820 1048 878 1088 se
894 1031 1147 1097 habeant,
1171 1027 1394 1083 omnino
1419 1039 1527 1080 non
1549 1030 1789 1094 possunt.

188 1137 531 1201 Quapropter
576 1128 690 1183 sive
729 1128 828 1182 ista
873 1140 999 1180 vera
1043 1123 1113 1177 sit
1158 1119 1444 1185 sententia,
1492 1118 1604 1173 sive
1648 1113 1792 1170 aliud

188 1223 392 1294 aliqttid
420 1223 510 1283 sit,
540 1221 673 1276 ﬁdes
694 1220 1007 1274 inconcussa
1033 1213 1263 1270 tenenda
1289 1220 1391 1275 est,
1422 1220 1481 1266 ut
1506 1210 1674 1265 Deum
1706 1207 1793 1262 di-

190 1331 383 1370 camus
425 1314 661 1378 Patrem,
702 1312 868 1366 Deum
898 1309 1112 1372 Filium,
1156 1306 1326 1361 Deum
1368 1303 1625 1374 Spiritum
1669 1316 1795 1357 san-

191 1418 342 1460 ctum
370 1422 385 1471 ;
414 1420 586 1475 neque
630 1412 737 1458 tres
765 1401 922 1467 deos,
954 1399 1048 1454 sed
1086 1399 1241 1453 istam
1267 1396 1583 1450 Trinitatem
1628 1407 1793 1447 unum

193 1498 370 1552 Deum
396 1512 413 1562 ;
441 1510 612 1566 neque
639 1493 881 1549 diversos
908 1502 1117 1557 natura,
1154 1487 1249 1544 sed
1275 1486 1515 1558 ejusdem
1546 1485 1795 1541 substan-

195 1590 326 1653 tite;
375 1602 547 1657 neque
585 1594 643 1640 ut
686 1585 842 1641 Pater
866 1581 1150 1652 aliquando
1178 1580 1248 1635 sit
1274 1578 1459 1643 Filius,
1511 1575 1794 1646 aliquando

194 1683 267 1735 sit
285 1681 519 1751 Spiritus
540 1689 757 1735 sanctus
782 1695 798 1743 ;
820 1677 915 1732 sed
944 1676 1100 1730 Pater
1124 1688 1339 1743 semper
1362 1672 1542 1737 Pater,
1561 1678 1616 1724 et
1631 1668 1796 1723 Filius

193 1789 415 1844 semper
454 1772 642 1839 Filius,
687 1778 743 1826 et
787 1769 1016 1839 Spiritus
1057 1775 1273 1821 sanctus
1319 1778 1531 1832 semper
1566 1761 1796 1830 Spiritus

194 1876 438 1919 sanctus.
480 1862 589 1918 Nec
614 1872 818 1918 temere
846 1859 914 1915 de
952 1856 1304 1913 invisibilibus
1334 1853 1531 1925 aliquid
1559 1852 1797 1907 afﬁrme-

196 1972 323 2011 mus
350 1968 602 2026 tanquam
630 1955 879 2016 scientes,
911 1950 1007 2006 sed
1039 1959 1289 2019 tanquam
1317 1944 1636 2010 credentes;
1666 1959 1800 2014 quo-

197 2050 343 2104 niam
371 2047 541 2102 videri
578 2046 679 2100 nisi
706 2043 961 2100 mundato
986 2041 1149 2099 corde
1180 2055 1289 2095 non
1319 2046 1547 2110 possunt
1577 2055 1589 2090 :
1628 2045 1682 2092 et
1707 2036 1796 2105 qui

196 2157 260 2195 ea
289 2140 433 2195 videt
459 2139 512 2193 in
541 2138 643 2192 hac
668 2137 774 2192 vita
802 2150 866 2192 ex
898 2145 1069 2207 parte,
1101 2142 1157 2189 ut
1185 2132 1385 2188 dictum
1408 2139 1511 2196 est,
1543 2139 1703 2200 atque
1744 2129 1797 2184 in

196 2232 485 2301 aenigmate
514 2228 559 2299 (ι
585 2228 705 2283 Cor.
742 2243 863 2295 xm,
904 2227 1020 2297 12),
1054 2241 1159 2281 non
1199 2231 1377 2295 potest
1409 2221 1625 2278 efﬁcere
1662 2230 1721 2275 ut
1746 2228 1801 2274 et

200 2323 295 2377 ille
330 2321 512 2377 videat
536 2320 623 2375 cui
649 2319 906 2391 loquitur,
939 2318 985 2375 si
1011 2317 1189 2373 cordis
1213 2314 1461 2371 sordibus
1487 2312 1796 2382 impeditur.

200 2412 349 2467 Beati
376 2423 554 2467 autem
578 2412 771 2466 mundo
788 2411 958 2477 corde,
985 2410 1226 2481 quoniam
1248 2408 1349 2479 ipsi
1378 2406 1539 2460 Deum
1566 2404 1800 2459 uidebunt

200 2507 416 2579 (Matth.
444 2523 501 2574 v,
541 2506 623 2577 8).
665 2505 793 2562 litae
817 2504 951 2561 ﬁdes
973 2512 1059 2561 est
1095 2504 1163 2559 de
1187 2504 1302 2559 Deo
1328 2500 1608 2557 conditore
1632 2511 1687 2556 et
1714 2515 1801 2555 re-

200 2612 458 2657 novatore
482 2611 688 2656 DOSII'O.

270 2694 363 2748 21.
406 2692 511 2748 Sed
537 2692 786 2763 quoniam
813 2690 1027 2747 dilectio
1052 2704 1159 2745 non
1186 2697 1394 2744 tantum
1423 2688 1476 2742 in
1506 2687 1674 2742 Deum
1702 2700 1800 2740 no-

200 2784 285 2839 bis
323 2784 582 2854 imperata
612 2792 714 2849 est,
757 2797 879 2838 cum
907 2781 1108 2837 dictum
1153 2788 1257 2843 est,
1291 2778 1485 2851 Diliges
1525 2777 1802 2831 Dominum

200 2874 372 2928 Deum
399 2883 537 2927 tuum
573 2892 635 2929 ea:
672 2883 777 2929 toto
801 2873 954 2927 corde
981 2882 1089 2939 tuo,
1114 2881 1162 2926 et
1185 2885 1252 2927 ea:
1278 2880 1383 2925 tota
1406 2870 1586 2924 anima
1610 2879 1717 2935 tua,
1753 2878 1802 2923 et

200 2981 265 3020 ea:
294 2975 405 3019 tota
442 2974 606 3019 mente
649 2974 781 3029 tua;
825 2964 920 3019 sed
964 2964 1125 3019 etiam
1169 2962 1223 3017 in
1265 2962 1603 3032 proximum;
1636 2975 1800 3026 nam,

200 3054 420 3125 Diliges,
444 3055 635 3125 inquit,
653 3055 941 3126 proximum
961 3064 1104 3107 tuum
1129 3063 1371 3121 tanquam
1391 3061 1438 3105 te
1458 3052 1627 3122 ipsum
1649 3049 1799 3123 (Luc.

200 3161 256 3213 ι,
286 3146 382 3218 27)
416 3164 429 3199 :
464 3147 508 3200 si
534 3155 714 3201 autem
758 3146 859 3201 ista
898 3144 1033 3201 ﬁdes
1076 3146 1547 3217 congregationem
1572 3144 1805 3200 societa-

201 3248 418 3309 temque
447 3238 726 3294 hominum
755 3254 863 3293 non
883 3246 1081 3306 teneat,
1103 3238 1156 3293 in
1182 3253 1285 3309 qua
1313 3237 1549 3294 fraterna
1567 3237 1802 3293 cltaritas

197 3344 479 3404 operetur,
512 3333 686 3387 minus
715 3331 983 3386 fructuosa
1023 3338 1127 3386 est.

269 3421 505 3478 CAPUT
543 3420 611 3476 Χ.
650 3452 724 3469 -
762 3420 990 3475 Ecclesia
1029 3421 1301 3475 catholica.
1346 3419 1597 3476 Remissio
1628 3438 1807 3492 pecca-

196 3522 390 3567 torum.
425 3511 605 3565 Tatius
635 3512 852 3565 hominis
890 3512 946 3565 in
988 3511 1169 3565 melius
1206 3512 1532 3565 commutatio
1577 3528 1807 3566 resurre-

199 3606 369 3659 ctione
411 3604 741 3675 perﬁcienda.
802 3602 981 3657 Carnis
1032 3603 1352 3656 resurrectio.
1404 3601 1808 3658 Resurrectionis

198 3701 397 3766 futuri:
456 3695 642 3749 veritas
712 3696 1065 3766 conﬁrmatur.
1124 3695 1408 3751 Credimus
1463 3703 1520 3753 et
1567 3706 1809 3754 sanetam

198 3787 500 3842 Eeclesiam
534 3787 575 3853 ί,
607 3786 791 3857 utique
833 3786 1170 3841 catholicam.
1210 3784 1344 3840 Nam
1391 3794 1446 3842 et
1490 3785 1727 3843 hzeretici
1756 3796 1811 3843 et

196 3877 532 3933 schismatici
559 3877 1002 3947 congregationes
1028 3892 1152 3931 suas
1173 3876 1431 3933 ecclesias
1457 3888 1670 3933 vocant.
1701 3878 1810 3935 Sed

197 3970 445 4026 haeretici
473 3969 543 4026 de
570 3969 683 4025 Deo
708 3968 839 4025 falsa
873 3969 1156 4025 sentiendo
1187 3971 1354 4041 ipsam
1383 3968 1541 4026 ﬁdem
1570 3971 1806 4039 violant;

197 4062 538 4119 schismatici
584 4071 765 4116 autem
810 4061 1216 4117 discissionibus
1262 4061 1457 4132 iniquis
1502 4079 1531 4116 a
1577 4060 1809 4117 fraterna

196 4153 469 4207 charitate
511 4150 797 4217 dissiliunt,
845 4152 1093 4222 quamvis
1121 4168 1184 4207 ea
1225 4151 1445 4207 credant
1487 4168 1606 4224 (λικε
1635 4153 1809 4207 credi—

198 4259 348 4299 mus.
381 4243 722 4312 Quapropter
750 4257 847 4298 nec
870 4242 1105 4299 lueretiei
1129 4244 1401 4314 pertinent
1426 4243 1491 4297 ad
1515 4244 1810 4299 Ecclesiam

200 4333 554 4397 catholicam,
586 4347 706 4403 qua:
731 4332 900 4404 diligit
935 4334 1098 4389 Deum
1125 4350 1140 4400 ;
1168 4348 1267 4390 nec
1295 4334 1644 4400 scltismatici,
1672 4351 1810 4405 quo-

203 4425 352 4479 niam
374 4422 550 4493 diligit
571 4424 907 4492 proximum;
936 4433 991 4479 ct
1010 4424 1130 4479 ideo
1157 4425 1390 4494 peccatis
1416 4426 1642 4496 proximi
1662 4427 1814 4481 facile

205 4514 466 4584 ignoscit,
510 4515 635 4584 quia
680 4515 780 4571 sibi
829 4524 1076 4585 precatur
1117 4517 1321 4587 ignosci
1359 4518 1427 4572 ab
1455 4517 1547 4573 illo
1578 4518 1667 4589 qui
1715 4534 1815 4574 nos

206 4606 583 4663 reconciliavit
625 4607 747 4675 sibi,
792 4606 977 4663 delens
1021 4609 1197 4662 omnia
1231 4610 1520 4678 praeterita,
1559 4619 1613 4666 et
1640 4610 1707 4666 ad
1737 4612 1815 4667 vi-

207 4708 323 4753 tam
365 4713 561 4751 novam
608 4713 707 4752 nos
750 4713 947 4754 vocans
978 4716 993 4753 :
1023 4713 1180 4769 quam
1230 4700 1391 4754 vitam
1421 4700 1593 4757 donec
1637 4701 1815 4773 perfe-

205 4801 353 4844 ctam
400 4790 697 4860 capiamus,
747 4791 863 4846 sine
905 4791 1136 4860 peccatis
1168 4806 1289 4848 esse
1332 4806 1439 4847 non
1478 4807 1813 4864 possumus:

211 4882 445 4935 interest
466 4890 645 4936 tamen
674 4882 853 4953 qualia
878 4883 1005 4938 sint.

285 4971 381 5026 22.
421 4971 536 5027 Nec
572 4972 643 5028 de
672 4981 1012 5044 peccatorum
1042 4973 1343 5030 differentia
1374 4976 1533 5032 modo
1579 4987 1815 5033 tractan-

203 5063 346 5120 dum
376 5073 481 5131 est,
513 5064 607 5120 sed
649 5065 975 5121 credendum
1013 5067 1253 5134 omnino,
1282 5069 1431 5123 nullo
1473 5069 1634 5124 modo
1664 5070 1818 5126 nubis

211 5157 424 5225 ignosci
471 5171 534 5211 ea
578 5173 699 5227 qua:
745 5172 1062 5228 peccamus,
1110 5158 1157 5213 si
1202 5174 1301 5213 nos
1347 5160 1704 5215 inexorabiles
1751 5161 1818 5217 ad

209 5248 543 5317 ignoscenda
572 5257 790 5319 peccata
832 5247 1087 5304 fuerimus
1117 5249 1326 5320 (Matth.
1356 5266 1431 5318 vt,
1478 5250 1589 5324 15).
1638 5252 1819 5325 Itaque

206 5340 489 5394 credimus
512 5349 565 5395 et
591 5340 967 5395 remissionem
996 5352 1355 5411 peccatorum.

287 5432 379 5487 23.
424 5433 495 5488 Et
533 5434 787 5503 quoniam
834 5434 933 5488 tria
976 5444 1101 5490 sunt
1142 5435 1333 5507 quibus
1378 5435 1542 5492 homo
1571 5448 1817 5504 constat,

208 5525 459 5593 spiritus,
488 5526 663 5579 anima
691 5533 748 5581 et
771 5539 968 5595 corpus
1000 5541 1016 5578 :
1045 5544 1163 5596 quae
1203 5543 1391 5583 rursus
1415 5527 1523 5582 duo
1549 5529 1816 5595 dicuntur,

210 5616 336 5687 quia
367 5630 514 5687 saepe
549 5618 731 5672 anima
756 5616 915 5671 simul
956 5632 1076 5672 cum
1104 5618 1293 5689 spiritu
1321 5620 1665 5685 nominatur;
1696 5635 1822 5692 pars

224 5832 234 5841 ν
280 5771 297 5803 ⁸
310 5778 431 5841 nes
454 5778 585 5829 Mss,
605 5770 657 5821 in
681 5775 901 5841 sanctam
924 5770 1205 5841 Ecclesium,
1217 5786 1334 5841 etc._;
1354 5782 1406 5841 et
1426 5772 1674 5841 aliquanto
1692 5783 1820 5841 post,

214 5834 630 5945 evagarde
661 5839 987 5898 peccatorum.
1021 5836 1097 5886 sic
1139 5838 1290 5887 etiam
1312 5834 1547 5899 inferius,
1584 5836 1639 5888 in
1660 5834 1823 5889 carnis

378 5895 638 5948 ectimem.

1622 440 1826 499 LIBER
1867 440 2069 498 ITNUS.

3382 457 3487 515 194

1895 566 2037 618 enim
2064 565 2306 635 qumdam
2336 568 2575 640 ejusdem
2608 576 2901 641 rationalis,
2934 592 3037 647 qua
3060 589 3246 636 carent
3276 581 3484 652 bestite,

1894 656 2115 723 Spiritus
2153 657 2347 715 dicitur
2399 680 2412 716 :
2454 662 2749 735 principale
2792 677 3033 723 nostrum
3081 671 3301 741 spiritus
3350 686 3486 740 est;

1895 745 2090 802 deinde
2117 748 2222 803 vita
2248 765 2351 820 qua
2392 753 2765 824 c0ujungimur
2790 759 3026 827 corpori,
3056 761 3231 815 anima
3257 762 3484 830 dicitur;

1895 844 2169 905 postremo
2196 839 2370 910 ipsum
2394 857 2586 913 corpus
2606 846 2854 914 quoniam
2875 848 3085 905 visibile
3114 862 3217 917 est,
3243 854 3484 911 ultimum

1897 935 2139 982 nostrum
2161 939 2262 985 est.
2288 930 2412 987 llaec
2423 944 2600 988 autem
2618 937 2793 990 omnis
2821 949 3065 993 creatura
3088 942 3103 972 ³
3125 942 3488 1012 ingemiscitet

1898 1020 2120 1087 parturit
2137 1036 2304 1091 usque
2328 1038 2467 1078 nunc
2486 1025 2786 1095 (Rom.vm,
2805 1028 2901 1095 22)
2918 1048 2929 1081 :
2946 1031 3092 1086 dedit
3116 1042 3290 1089 tamen
3314 1039 3496 1105 primi-

1899 1110 1997 1164 tias
2018 1111 2253 1182 spiritus,
2273 1115 2393 1184 quia
2411 1116 2636 1173 credidit
2660 1120 2790 1187 Deo,
2807 1134 2859 1176 et
2878 1123 3030 1177 honre
3051 1124 3163 1194 jam
3194 1129 3486 1187 voluntatis

1896 1211 1998 1257 est.
2024 1202 2120 1257 llic
2142 1206 2357 1275 spiritus
2377 1207 2541 1263 etiam
2558 1221 2779 1266 vocatur
2800 1229 2972 1279 meus,
2990 1215 3059 1269 de
3073 1232 3179 1286 quo
3205 1218 3491 1291 dicitApo-

1900 1293 2087 1359 stolus,
2119 1293 2291 1350 Mente
2317 1299 2475 1352 servio
2506 1300 2603 1371 legi
2627 1300 2724 1355 Dei
2753 1302 2927 1375 (Rom.
2959 1321 3054 1372 vtt,
3085 1308 3202 1376 25).
3230 1310 3330 1378 Qui
3361 1310 3488 1367 item

1899 1387 2006 1441 alio
2032 1387 2148 1443 loco
2174 1388 2320 1456 dicit,
2346 1390 2509 1447 Testis
2536 1404 2610 1449 est
2645 1398 2781 1450 enim
2807 1399 2931 1452 mihi
2963 1399 3114 1465 Deus,
3145 1405 3227 1457 cui
3254 1406 3415 1460 servio
3438 1407 3492 1461 in

1887 1479 2080 1547 spiritu
2106 1496 2214 1533 meo
2237 1480 2345 1551 (Id.
2376 1499 2414 1551 ι,
2447 1484 2524 1557 9).
2568 1487 2758 1542 Anima
2791 1504 2921 1545 vero
2943 1505 3065 1545 cum
3091 1496 3322 1550 carnalia
3349 1496 3485 1553 bona

1899 1569 2071 1625 adhuc
2096 1574 2315 1642 appetit,
2344 1590 2471 1629 caro
2498 1579 2818 1635 nominatur.
2860 1581 2991 1637 Pars
3019 1586 3161 1639 enim
3191 1586 3306 1655 ejus
3339 1604 3492 1658 qua:-

1899 1658 2021 1714 dam
2052 1664 2252 1717 resistit
2279 1666 2486 1734 spiritui
2514 1670 2557 1735 ',
2585 1684 2690 1724 non
2723 1681 2935 1739 natura,
2980 1673 3073 1727 sed
3103 1678 3492 1733 consuetudine

1902 1763 2260 1823 peccatorum.
2287 1757 2439 1813 Unde
2460 1759 2672 1828 dicitur,
2698 1761 2870 1817 Mente
2887 1764 3046 1820 servio
3075 1766 3174 1837 legi
3198 1767 3314 1835 Dei,
3339 1786 3492 1825 carne

1900 1855 2066 1898 autem
2079 1844 2176 1916 legi
2194 1850 2404 1917 peccati.
2425 1850 2553 1915 Quae
2570 1854 2902 1909 consuetudo
2919 1856 2969 1908 itt
2987 1865 3229 1913 naturam
3245 1876 3397 1914 versa
3410 1871 3494 1917 est

1901 1938 2191 1991 secundum
2209 1944 2605 2009 generationem
2626 1947 2905 2003 mortalem
2922 1959 3141 2018 peccato
3159 1952 3310 2019 primi
3329 1952 3497 2009 homi-

1902 2027 2005 2081 nis.
2039 2027 2266 2099 ldeoque
2292 2032 2547 2103 scriptum
2576 2044 2678 2102 est,
2705 2035 2767 2090 Et
2789 2054 2879 2093 nos
2898 2038 3174 2110 aliquando
3195 2043 3383 2111 fuimus
3402 2062 3497 2098 na-

1902 2119 2131 2173 turaliter
2145 2120 2243 2189 ﬁlii
2279 2123 2371 2176 ira!
2400 2124 2421 2155 ³
2443 2124 2656 2195 (Ep/tes.
2682 2144 2750 2194 ιι,
2781 2129 2836 2199 5)
2857 2172 2872 2197 ,
2893 2130 2945 2185 id
2983 2140 3067 2188 est
3090 2134 3366 2202 vindictae,
3400 2152 3497 2206 per

1903 2227 2060 2281 quam
2093 2213 2287 2270 factum
2314 2226 2399 2273 est
2425 2228 2479 2273 ιιι
2504 2221 2798 2276 serviamus
2824 2223 2923 2291 legi
2952 2228 3173 2294 peccati.
3201 2227 3297 2282 Est
3315 2240 3493 2285 autem

1902 2307 2095 2361 animat
2135 2318 2323 2365 natura
2363 2311 2596 2380 perfecta
2621 2355 2636 2380 ,
2677 2330 2798 2370 cum
2838 2317 3045 2386 spiritui
3084 2334 3182 2373 suo
3210 2321 3492 2385 subditur.

1904 2408 1959 2455 et
1984 2416 2103 2455 cum
2132 2404 2371 2471 sequitur
2398 2417 2707 2476 sequentem
2734 2410 2919 2464 Deum.
2942 2410 3067 2467 Ideo
3086 2413 3323 2468 animalis
3347 2416 3497 2470 homo

1904 2507 2005 2546 non
2040 2494 2253 2564 percipit
2277 2512 2390 2565 qua:
2416 2506 2533 2550 sunt
2564 2497 2790 2570 Spiritus
2816 2499 2913 2554 Dei
2938 2500 2983 2572 (Ι
3014 2502 3131 2556 Cor.
3164 2520 3223 2570 ιι,
3244 2505 3355 2574 14).
3389 2505 3496 2561 Sed

1905 2600 2010 2639 non
2044 2594 2150 2640 tam
2169 2587 2276 2641 cito
2296 2588 2471 2643 anima
2493 2592 2805 2661 subjugatur
2824 2592 3030 2661 spiritui
3053 2593 3120 2647 ad
3144 2594 3337 2649 bonam
3360 2611 3497 2666 ope-

1904 2677 2166 2731 rationem
2186 2717 2201 2740 ,
2245 2693 2403 2748 quam
2433 2680 2539 2735 cito
2565 2682 2781 2750 Spiritus
2813 2683 2924 2738 Deo
2952 2684 3017 2737 ad
3048 2700 3226 2739 veram
3259 2686 3416 2741 ﬁdem
3443 2699 3500 2743 et

1906 2768 2099 2823 bonam
2125 2769 2452 2826 voluntatem
2479 2790 2491 2824 :
2517 2773 2610 2827 sed
2640 2774 2926 2843 aliquando
2960 2776 3161 2831 tardius
3181 2777 3296 2847 ejus
3326 2778 3498 2847 impe-

1907 2870 1993 2915 tus
2012 2902 2027 2925 ,
2050 2877 2156 2932 quo
2177 2861 2231 2915 in
2260 2863 2492 2917 carnalia
2525 2875 2580 2920 et
2607 2866 2917 2935 temporalia
2945 2866 3150 2934 deﬂuit,
3178 2870 3496 2923 refrenatur.

1906 2952 2012 3009 Sed
2052 2954 2303 3023 quoniam
2347 2963 2402 3009 et
2436 2955 2549 3025 ipsa
2586 2955 2875 3011 mundatur
2897 2999 2911 3021 ,
2944 2959 3209 3028 recipiens
3237 2961 3500 3016 stabilita-

1907 3051 2015 3098 tem
2057 3053 2262 3099 naturae
2302 3060 2413 3101 sua:
2446 3045 2755 3103 dominante
2785 3048 2972 3117 spiritu
2997 3091 3014 3117 ,
3043 3051 3184 3120 quod
3213 3052 3315 3106 sibi
3342 3064 3503 3123 caput

1906 3142 1991 3191 est
2013 3176 2027 3200 ,
2053 3134 2138 3190 cui
2159 3133 2276 3203 ejus
2299 3135 2460 3205 capiti
2481 3146 2641 3206 caput
2661 3146 2744 3193 est
2764 3137 3008 3193 Christus
3030 3181 3045 3205 ,
3074 3156 3180 3195 non
3206 3151 3290 3196 est
3309 3142 3501 3213 despe-

1908 3227 2131 3283 randum
2180 3227 2340 3283 etiam
2388 3244 2583 3299 corpus
2626 3231 2834 3285 restitui
2866 3241 3068 3287 natura:
3098 3235 3328 3303 propriae
3359 3254 3372 3289 :
3405 3236 3501 3291 sed

1910 3319 2091 3389 utique
2117 3334 2223 3374 non
2253 3329 2359 3374 tam
2388 3321 2496 3376 cito
2526 3336 2683 3391 quam
2709 3322 2886 3377 anima
2911 3366 2926 3391 ,
2958 3324 3097 3380 sicut
3125 3341 3298 3396 neque
3325 3328 3501 3383 anima

1912 3417 2018 3464 tam
2061 3411 2169 3466 cito
2209 3426 2369 3481 quam
2409 3412 2665 3482 spiritus;
2715 3414 2809 3468 sed
2852 3423 3090 3485 tempore
3119 3428 3418 3487 opportuno
3447 3420 3501 3475 in

1913 3504 2200 3560 novissima
2245 3504 2369 3560 tuba
2389 3547 2405 3572 ,
2446 3520 2569 3561 cum
2608 3508 2794 3561 mortui
2822 3518 3082 3580 resurgent
3108 3510 3428 3582 incorrupti,
3455 3523 3505 3567 et

1910 3613 2003 3650 nos
2025 3597 2419 3652 immutabimur.
2453 3597 2522 3652 Et
2546 3598 2667 3654 ideo
2687 3599 2955 3654 credimus
2979 3611 3033 3656 et
3053 3603 3233 3657 eat-nis
3263 3618 3505 3661 resurre-

1911 3688 2143 3743 ctionem
2178 3704 2193 3753 ;
2234 3702 2340 3743 non
2382 3698 2586 3744 tantum
2630 3691 2753 3760 quia
2796 3700 3073 3760 reparatur
3113 3693 3291 3749 anima
3321 3734 3338 3761 ,
3384 3710 3506 3765 quas

1912 3794 2054 3834 nunc
2104 3789 2320 3849 propter
2357 3781 2603 3837 carnales
2640 3781 2951 3838 affectiones
2988 3797 3113 3838 caro
3155 3786 3502 3851 nominatur;

1914 3869 2009 3924 sed
2040 3869 2154 3925 haec
2173 3871 2332 3925 etiam
2354 3871 2578 3928 visibilis
2604 3888 2733 3928 caro
2756 3888 2875 3943 quae
2901 3874 3214 3930 naturaliter
3234 3885 3318 3930 est
3341 3892 3468 3932 caro
3486 3917 3504 3943 ,

1914 3964 2067 4034 cujus
2113 3978 2307 4019 nomen
2354 3965 2529 4019 anima
2560 3982 2665 4020 non
2696 3974 2915 4036 propter
2944 3977 3185 4022 naturam
3209 4009 3227 4034 ,
3257 3968 3349 4023 sed
3380 3984 3507 4038 pro-

1915 4066 2035 4127 pter
2071 4055 2380 4112 affectiones
2415 4057 2657 4112 carnales
2681 4058 2886 4127 accepit
2913 4076 2929 4113 ε
2958 4056 3075 4113 hmo
3100 4073 3227 4129 ergo
3250 4058 3504 4125 visibilis,

1915 4165 2037 4220 quae
2078 4149 2292 4220 proprie
2319 4149 2517 4205 dicitur
2543 4165 2669 4206 caro
2689 4193 2705 4218 ,
2739 4151 2855 4206 sine
2882 4150 3217 4207 dubitatione
3240 4151 3507 4207 credenda

1916 4251 2001 4297 est
2042 4256 2342 4313 resurgere.
2392 4242 2615 4298 Videtur
2652 4243 2795 4298 enim
2839 4242 3031 4299 Paulus
3073 4244 3351 4313 apostolus
3390 4260 3508 4300 eam

1920 4342 2170 4407 tauquam
2207 4335 2372 4406 digito
2399 4335 2718 4401 ostendere,
2749 4352 2872 4392 cum
2898 4337 3059 4401 dicit,
3092 4336 3301 4407 Oportet
3328 4355 3511 4393 corru-

1920 4428 2091 4498 ptibile
2132 4427 2226 4482 hoc
2271 4428 2480 4482 induere
2519 4429 2966 4499 incorruptionem.
3004 4428 3135 4484 Cum
3171 4430 3316 4487 enim
3348 4431 3511 4498 dicit,

1919 4519 2044 4584 hoc,
2076 4519 2127 4573 in
2154 4534 2272 4575 eam
2298 4519 2450 4589 quasi
2476 4519 2698 4591 digitum
2727 4520 2971 4575 intendit.
2994 4520 3145 4589 Quod
3176 4530 3353 4577 autem
3384 4523 3515 4577 visi-

1920 4610 2028 4666 bile
2068 4620 2186 4675 est,
2231 4611 2282 4666 id
2327 4621 2504 4682 potest
2545 4611 2714 4681 digito
2753 4612 2962 4669 ostendi
3003 4630 3017 4668 :
3057 4613 3309 4683 quoniam
3334 4622 3519 4684 posset
3556 4656 3559 4659 -

1921 4702 2083 4757 etiam
2127 4702 2304 4757 anima
2343 4702 2706 4774 corruptibilis
2748 4702 2908 4768 dici;
2951 4717 3075 4757 nam
3119 4703 3263 4758 vitiis
3304 4719 3516 4758 morum

1924 4794 2036 4864 ipsa
2062 4796 2440 4864 corrumpitur.
2473 4794 2540 4849 Et
2564 4796 2777 4851 mortale
2803 4796 2898 4850 hoc
2924 4796 3133 4850 induere
3157 4794 3519 4849 immortalita-

1923 4896 2021 4940 tem
2053 4883 2161 4958 (ld.
2192 4903 2280 4950 xv,
2308 4886 2378 4943 52
2409 4897 2456 4941 et
2485 4888 2603 4959 55),
2633 4902 2753 4942 cum
2786 4887 2997 4957 legitur,
3027 4887 3215 4942 eadem
3244 4885 3520 4956 signiﬁca-

1926 4988 2011 5032 tur
2036 4978 2260 5033 visibilis
2285 4993 2431 5043 caro,
2462 4982 2583 5049 quia
2611 4979 2664 5033 in
2691 4995 2807 5034 eam
2836 4978 3127 5035 identidem
3160 4978 3303 5033 velut
3322 4978 3519 5047 digitus
3562 5024 3565 5027 .

1925 5069 2236 5124 intenditur.
2282 5070 2463 5126 Potest
2499 5070 2642 5126 enim
2682 5078 2737 5126 et
2773 5071 2949 5125 anima
2994 5071 3132 5124 sicut
3157 5068 3523 5138 corruptibilis

1925 5172 2144 5233 propter
2187 5179 2397 5218 morum
2441 5163 2565 5218 vitia
2596 5202 2615 5228 ,
2658 5163 2726 5216 ita
2763 5164 2923 5215 etiam
2956 5161 3199 5215 mortalis
3224 5159 3349 5215 dici.
3379 5158 3519 5216 Mors

1925 5254 2120 5327 quippe
2148 5255 2338 5309 anima:
2370 5263 2455 5309 est
2499 5262 2799 5323 apostatare
2843 5268 2874 5306 a
2921 5251 3031 5307 Deo
3066 5250 3252 5323 (Eccli.
3285 5268 3354 5319 ι,
3384 5252 3472 5322 id)
3503 5268 3520 5305 ς

1925 5348 2068 5419 quod
2098 5348 2328 5419 primum
2355 5347 2477 5418 ejus
2496 5355 2773 5418 peccatum
2798 5346 2852 5400 in
2880 5346 3130 5417 paradiso
3156 5347 3324 5402 sacris
3347 5346 3519 5403 Litte-

1926 5445 2001 5499 ris
2027 5442 2352 5498 continetur.

1996 5537 2090 5594 24.
2134 5537 2395 5607 Resurget
2430 5535 2589 5604 igitur
2627 5548 2826 5604 corpus
2863 5533 3155 5590 secundum
3178 5532 3523 5590 cbristianam

1994 5720 2010 5749 ί
2048 5718 2119 5767 sic
2155 5721 2261 5764 Mss.
2298 5718 2354 5778 at
2378 5712 2493 5762 editi
2521 5725 2535 5762 :
2561 5718 2659 5761 Hoc
2694 5716 3043 5778 autem_omms
3066 5716 3307 5778 creatura.
3360 5766 3373 5778 ο
3410 5767 3420 5777 _

1992 5782 2024 5854 ﬂ
2035 5766 2244 5838 Quatuor
2260 5777 2423 5847 probae
2446 5782 2572 5854 nota:
2591 5780 2718 5832 Mss,
2740 5771 3012 5823 nominatur
3032 5779 3080 5822 et
3103 5770 3282 5823 resistit
3293 5766 3526 5829 spiritui;

1930 5843 2134 5897 omisso,
2156 5852 2273 5899 pars
2290 5841 2396 5900 ejus
2482 5841 2665 5887 tedam.
2897 5893 2924 5903 μ

2000 5904 2019 5935 ³
2054 5903 2239 5966 Aliquot
2259 5907 2390 5959 Mss,
2414 5850 2592 5961 ἱεῗίηιξιε
2623 5902 2799 5947 natura
2832 5894 2922 5959 [tlu
2957 5896 3062 5946 εγω.
