3976 6522
170 402 275 461 675

170 526 263 567 tem
294 510 498 584 fecerit,
527 518 573 564 et
599 509 671 565 sic
707 506 973 573 docuerit,
1003 520 1215 574 magnus
1239 502 1495 559 vocabitur
1521 501 1575 555 in
1602 517 1757 571 regno

165 604 404 657 cmlorum
425 600 636 673 (Matth.
662 598 849 667 v,19).
878 594 1167 665 Utrumque
1187 594 1315 649 dicit
1345 593 1398 647 in
1416 606 1581 661 regno
1594 590 1760 644 eualon

168 709 301 759 rum,
323 702 377 747 et
396 691 485 761 qui
510 706 615 745 non
643 689 768 743 facit
788 702 827 742 ιι
842 687 1034 741 andata
1057 702 1175 756 quze
1190 684 1368 747 docet,
1390 683 1491 737 hoc
1512 688 1595 737 est
1614 680 1758 735 enim

165 783 395 848 solvere,
428 795 532 835 non
565 792 803 842 servare,
834 793 941 832 non
972 776 1181 839 facere;
1214 785 1268 829 et
1297 774 1447 828 illum
1477 771 1565 842 qui
1593 769 1754 835 facit,

166 882 220 928 et
244 872 321 927 sic
347 870 507 926 docet
533 886 547 923 :
571 869 666 925 sed
696 868 857 924 istum
884 868 1184 931 minimum,
1214 865 1361 919 illum
1393 876 1665 933 magnum.
1690 860 1759 915 Et

162 963 417 1019 continuo
445 969 663 1017 secutus
688 957 927 1029 adjungit
948 998 962 1022 ,
992 956 1121 1010 Dico
1146 956 1279 1009 enim
1329 953 1487 1018 vobis,
1516 951 1634 1021 quia
1660 950 1759 1004 nisi

164 1052 492 1109 abundaverit
504 1051 708 1121 justitia
726 1059 889 1104 uestra
914 1064 1068 1118 super
1092 1044 1386 1101 Scribarum
1404 1052 1449 1097 et
1467 1041 1761 1096 Pharisaeo-

164 1162 275 1201 rum
296 1186 311 1208 ,
341 1143 393 1199 id
414 1152 496 1199 εει
516 1183 531 1209 ,
558 1156 722 1212 super
740 1141 1001 1211 justitiam
1040 1154 1226 1194 eorum
1268 1136 1357 1206 qui
1382 1136 1594 1191 solvunt
1614 1132 1756 1203 quod

161 1235 358 1289 docent
380 1234 420 1286 ¹.
444 1233 519 1287 De
544 1231 749 1287 Scribis
772 1231 917 1287 enim
944 1238 1001 1285 et
1029 1226 1313 1283 Pharisaais
1342 1226 1470 1280 dicit
1489 1226 1594 1279 alio
1615 1224 1754 1291 loco,

162 1324 422 1390 Quoniam
451 1323 646 1388 dicunt,
677 1330 846 1376 etnon
877 1321 1071 1392 faciunt
1104 1317 1324 1388 (Matth.
1353 1332 1502 1381 xxnl,
1530 1316 1623 1384 3).
1645 1314 1757 1368 Nisi

159 1430 291 1485 ergo
311 1428 473 1484 super
508 1426 604 1467 eos
632 1410 983 1466 abundaverit
1007 1408 1211 1479 justitia
1238 1416 1411 1461 vestra
1432 1448 1447 1472 ,
1480 1405 1530 1459 id
1560 1414 1671 1469 est,
1701 1413 1759 1459 ut

160 1519 256 1559 vos
281 1519 388 1557 non
412 1502 650 1566 solvatis,
677 1501 771 1556 sed
800 1499 1010 1555 faciatis
1035 1498 1207 1568 potius
1234 1496 1375 1567 quod
1404 1495 1632 1560 docetis,
1657 1510 1757 1547 non

157 1594 436 1661 intrabitis,
465 1594 657 1664 inquit,
679 1594 733 1647 in
754 1608 965 1662 regnum
991 1591 1229 1645 cmlorum
1258 1588 1378 1660 (Id.
1403 1604 1457 1651 v,
1487 1586 1558 1642 20
1576 1586 1614 1655 ).
1636 1585 1757 1640 Alio

158 1685 324 1741 modo
352 1685 511 1755 igitur
538 1683 939 1754 intelligendum
972 1692 1057 1737 est
1093 1695 1313 1750 regnum
1344 1678 1634 1740 caelorum,
1666 1676 1755 1731 ubi

156 1777 322 1831 ambo
359 1783 523 1841 sunt,
550 1783 606 1829 et
647 1774 737 1830 ille
776 1772 982 1828 scilicet
1008 1772 1099 1841 qui
1138 1770 1295 1825 solvit
1323 1768 1464 1838 quod
1496 1767 1672 1831 docet,
1704 1772 1758 1820 et

156 1869 251 1925 ille
278 1867 371 1937 qui
412 1866 570 1931 facit;
602 1864 698 1920 sed
744 1865 832 1920 ille
871 1864 1143 1924 minimus,
1174 1862 1274 1916 iSIe
1302 1873 1526 1929 magnus
1557 1859 1578 1889 '
1610 1873 1623 1907 :
1651 1856 1757 1909 alio

155 1958 325 2014 modo
352 1965 529 2015 autem
553 1971 774 2026 regnum
804 1954 1062 2009 ccelorum
1089 1951 1300 2013 dicitur,
1333 1962 1440 2018 quo
1462 1962 1565 2001 non
1595 1946 1759 2000 intrat

157 2050 265 2106 nisi
290 2050 387 2105 ille
408 2049 496 2119 qui
524 2048 665 2102 facit.
696 2048 773 2101 Ac
801 2060 897 2116 per
922 2044 1025 2098 hoc
1048 2042 1134 2097 ubi
1159 2052 1441 2109 utrumque
1466 2052 1631 2108 genus
1652 2047 1753 2099 est,

155 2139 406 2195 Ecclesia
436 2146 519 2193 est
544 2136 715 2206 qualis
743 2149 883 2189 nunc
911 2142 995 2189 est
1037 2150 1051 2187 :
1093 2132 1179 2186 ubi
1217 2138 1394 2184 autem
1430 2127 1558 2183 illud
1583 2127 1756 2181 solum

153 2231 282 2295 erit,
315 2228 556 2284 Ecclesia
582 2236 666 2282 est
690 2225 861 2297 qualis
882 2234 1009 2279 tunc
1032 2223 1156 2289 erit,
1179 2220 1392 2292 quando
1417 2219 1589 2273 malus
1618 2218 1669 2272 in
1695 2231 1757 2271 ea

152 2338 265 2378 non
297 2320 427 2376 erit.
459 2320 598 2389 Ergo
628 2317 865 2373 Ecclesia
892 2324 948 2371 et
981 2328 1122 2369 nunc
1148 2320 1234 2369 est
1260 2326 1486 2382 regnum
1517 2309 1756 2375 Christi,

152 2427 499 2484 regnumque
524 2411 803 2467 calorum.
830 2409 1075 2477 Regnent
1113 2406 1290 2474 itaque
1316 2419 1437 2458 cum
1465 2402 1558 2457 illo
1595 2400 1758 2456 etiam

149 2520 301 2561 nunc
323 2503 498 2557 sancti
519 2501 655 2572 ejus,
675 2500 828 2555 aliter
842 2497 1081 2569 quidem,
1099 2511 1257 2565 quam
1280 2503 1407 2550 tunc
1425 2491 1722 2563 regnabunt
1742 2506 1755 2544 :

150 2611 257 2651 nec
291 2604 479 2649 tamen
504 2609 624 2648 cum
666 2592 759 2646 illo
788 2597 1014 2661 regnant
1040 2587 1240 2642 zizania
1260 2627 1277 2654 ,
1308 2584 1549 2655 quamvis
1573 2584 1625 2637 in
1657 2581 1761 2637 Ee-

148 2686 326 2741 clesia
368 2698 496 2738 cum
539 2682 717 2737 tritico
762 2686 1027 2736 crescant.
1072 2678 1315 2747 Regnant
1341 2675 1483 2731 enim
1510 2688 1629 2728 cum
1670 2672 1761 2726 illo

156 2777 253 2845 qui
282 2775 497 2830 faciunt
536 2772 676 2844 quod
716 2770 1005 2841 Apostolus
1039 2768 1143 2833 ait,
1175 2768 1234 2821 Si
1267 2764 1606 2820 resurrexistis
1647 2778 1762 2815 cum

149 2868 391 2933 Christo,
404 2881 518 2935 quae
531 2880 729 2918 sursum
741 2872 855 2917 sunt
874 2861 1055 2932 sapite,
1070 2859 1154 2913 ubi
1163 2856 1393 2914 Christus
1407 2864 1477 2910 est
1492 2857 1544 2909 in
1557 2854 1763 2908 dextera

149 2958 254 3013 Dei
278 2958 506 3012 sedens:
529 2970 640 3021 qua:
659 2968 857 3007 sursum
876 2950 1104 3021 quwrite,
1136 2964 1238 3002 non
1262 2961 1375 3016 quae
1398 2961 1550 3015 super
1578 2954 1763 2998 terram

152 3048 395 3119 (Coloss.
416 3062 496 3112 ιιι,
519 3047 544 3100 l
567 3055 615 3099 et
631 3044 707 3113 ἓ).
729 3042 806 3097 De
826 3041 1070 3111 qualibus
1091 3040 1216 3093 item
1238 3037 1387 3099 dicit.
1411 3034 1552 3106 quod
1577 3048 1761 3089 eorum

146 3137 510 3194 conversatio
536 3134 606 3189 sit
646 3134 699 3187 in
729 3132 880 3187 etelis
904 3128 1165 3201 (Philipp.
1197 3143 1255 3182 ιιι
1321 3124 1439 3195 20).
1487 3124 1765 3178 Postremo

145 3238 398 3299 regnant
443 3242 565 3281 cum
607 3226 718 3289 illo,
764 3223 855 3293 qui
896 3236 962 3277 eo
990 3219 1151 3275 modo
1170 3225 1292 3271 sunt
1340 3217 1391 3270 in
1423 3229 1587 3283 regno
1626 3214 1763 3282 ejus,

149 3330 213 3375 ut
239 3319 359 3374 sint
386 3318 550 3373 etiam
578 3316 677 3384 ipsi
705 3328 928 3384 regnum
959 3311 1097 3380 ejus.
1133 3306 1413 3374 Quomodo
1439 3314 1614 3357 autem
1643 3311 1768 3356 sunt

144 3424 392 3482 regnum
449 3405 685 3472 Christi,
712 3408 837 3474 qui,
887 3411 947 3456 ut
992 3401 1094 3454 alia
1138 3409 1381 3463 taceam,
1424 3393 1665 3464 quamvis
1695 3392 1767 3446 ibi

146 3481 267 3558 sint
299 3501 491 3555 donec
532 3497 850 3566 colligantur
875 3493 927 3547 in
974 3491 1080 3545 ﬁne
1120 3486 1300 3544 saeculi
1343 3485 1411 3539 de
1450 3498 1615 3553 regno
1652 3481 1768 3550 ejus

145 3593 341 3647 omnia
363 3588 642 3652 scandala,
663 3596 839 3641 tamen
862 3584 969 3638 illic
987 3596 1081 3636 sua
1098 3586 1365 3650 quierunt,
1383 3591 1490 3633 non
1507 3590 1625 3645 quae
1640 3573 1768 3628 Jesu

142 3684 366 3743 Christi
401 3680 529 3753 (Id.
562 3696 621 3746 ιι,
646 3676 788 3749 21)?

220 3777 281 3832 2.
320 3778 410 3831 De
443 3774 547 3829 hoc
580 3787 709 3842 ergo
746 3784 914 3841 regno
955 3767 1190 3831 militim,
1225 3766 1276 3820 in
1306 3778 1413 3834 quo
1441 3761 1619 3817 adhuc
1644 3773 1767 3813 eum

145 3870 318 3925 hoste
346 3865 686 3935 conﬂigitur,
716 3870 772 3917 et
805 3860 1092 3931 aliquando
1117 3864 1439 3933 repugnatur
1466 3865 1770 3922 repugnan-

144 3961 304 4014 tibus
342 3957 502 4012 vitiis
523 3955 566 4020 ⁸,
594 3952 879 4022 aliquando
916 3949 1229 4006 cedentibus
1265 3949 1573 4015 imperatur,
1602 3943 1774 3996 donec

141 4054 423 4107 veniatur
456 4049 522 4102 ad
557 4046 682 4101 illud
712 4044 1109 4116 paeatissimum
1138 4054 1383 4110 regnum,
1416 4036 1503 4090 ubi
1528 4036 1645 4089 sine
1671 4032 1772 4086 ho-

144 4155 237 4198 ste
283 4139 651 4211 regnabutur,
682 4146 737 4191 et
772 4135 840 4191 de
887 4134 988 4188 hac
1026 4132 1192 4201 prima
1236 4126 1626 4183 resurrectione
1654 4137 1773 4193 qua:

143 4250 304 4290 nunc
335 4241 465 4295 εει,
500 4230 635 4284 liber
669 4228 769 4283 iste
797 4227 875 4281 sic
902 4225 1153 4295 loquitur.
1180 4219 1311 4275 Cum
1350 4219 1492 4274 enim
1522 4217 1769 4279 dixisset,

143 4324 379 4396 alligari
423 4320 703 4377 diabolum
742 4317 888 4372 mille
915 4316 1099 4381 annis,
1131 4324 1186 4367 et
1229 4320 1413 4381 postea
1452 4308 1584 4363 solvi
1628 4304 1775 4360 brevi

145 4430 457 4488 tempore;
493 4429 615 4467 mox
665 4406 1065 4480 recapitulando
1113 4404 1239 4475 quid
1276 4404 1328 4457 in
1362 4402 1478 4455 istis
1508 4399 1653 4453 mille
1681 4412 1776 4450 an-

145 4514 241 4567 nis
271 4518 416 4581 agat
444 4504 691 4561 Ecclesia
734 4502 818 4558 vel
859 4510 1043 4571 agatur
1080 4499 1135 4552 in
1174 4512 1236 4550 ea
1260 4535 1275 4559 ,
1304 4493 1370 4546 Et
1410 4493 1547 4557 uidi,
1578 4489 1774 4558 inquit,

148 4577 391 4657 sedes'et
417 4596 656 4651 sedentes
681 4608 834 4662 super
860 4606 963 4653 eas,
994 4596 1039 4642 et
1059 4585 1315 4658 judicium
1342 4584 1517 4636 datum
1544 4589 1634 4634 est.
1661 4577 1777 4632 Non

147 4694 264 4747 hoc
306 4686 628 4761 putandum
658 4693 740 4739 est
766 4683 833 4736 de
865 4682 1052 4734 ultimo
1088 4676 1288 4747 judicio
1326 4675 1428 4728 dici
1459 4690 1472 4725 :
1501 4672 1594 4727 sed
1625 4670 1781 4725 sedes

146 4781 627 4855 praepositorum,
656 4784 711 4830 et
736 4774 834 4844 ipsi
867 4769 1133 4842 priepositi
1162 4765 1485 4835 intelligendi
1513 4773 1654 4827 sunt,
1688 4777 1782 4831 per

145 4852 298 4946 quos
330 4869 597 4927 Ecclesia
634 4879 776 4921 nunc
814 4863 1158 4932 gubernatur.
1189 4855 1451 4912 Judicium
1488 4860 1661 4908 autem
1690 4852 1784 4905 da-

148 4941 273 5022 tum
329 4962 564 5018 nullum
613 4956 805 5012 melius
847 4952 1210 5023 accipiendum
1252 4946 1490 5006 videtur,
1532 4958 1689 5011 quam
1731 4941 1783 4995 id

146 5054 307 5127 quod
338 5053 566 5106 dictum
595 5054 699 5110 est,
733 5044 859 5111 Quia
885 5040 1157 5112 ligaveritis
1184 5039 1239 5091 in
1269 5046 1420 5099 terra,
1455 5035 1613 5102 ligata
1638 5038 1786 5085 erunt

149 5120 199 5203 et
234 5149 293 5199 in
320 5143 469 5198 caelo
494 5158 519 5204 ;
545 5146 592 5191 et
617 5151 729 5207 qua:
754 5132 998 5189 solveritis
1022 5132 1075 5184 in
1103 5140 1243 5207 terra
1260 5168 1275 5193 ,
1306 5126 1471 5180 soluta
1496 5122 1640 5176 erunt
1666 5130 1711 5174 et
1733 5120 1788 5174 in

153 5202 289 5290 emta
320 5234 344 5305 (
372 5202 584 5285 naut.
611 5202 775 5288 ivln,
810 5224 941 5292 l8).
970 5220 1121 5276 Unde
1144 5202 1463 5286 Apostolus,
1494 5212 1628 5280 Quid
1655 5212 1787 5265 enim

148 5327 290 5381 mihi
319 5303 427 5387 est,
458 5317 661 5387 inquit,
685 5316 747 5369 de
774 5315 850 5366 his
871 5313 956 5384 qui
982 5312 1104 5382 foris
1125 5317 1240 5364 sunt
1256 5305 1525 5379 judicare?
1545 5319 1709 5357 nonne
1728 5303 1791 5355 de

150 5417 236 5468 his
259 5413 361 5483 qui
383 5412 547 5463 intus
571 5414 685 5460 sunt
704 5420 789 5457 vos
804 5402 1048 5474 judicatis
1070 5399 1111 5470 (l
1133 5398 1251 5452 Cor.
1274 5413 1326 5461 v,
1351 5394 1476 5465 1‘2)?
1500 5393 1565 5447 Et
1585 5392 1789 5457 anima,

149 5505 367 5575 inquit,
407 5497 711 5553 occisorum
740 5502 942 5563 propter
965 5488 1300 5544 testimonium
1338 5484 1486 5550 Jesu,
1514 5493 1560 5537 et
1589 5491 1795 5552 propter

224 5620 240 5681 ι
282 5613 652 5681 οωιιεξριιεεη
676 5605 729 5655 id
753 5610 824 5654 est
857 5615 1002 5666 super
1020 5614 1100 5652 eos
1127 5599 1212 5663 qui
1242 5596 1425 5649 soluunt
1449 5593 1576 5657 quod
1606 5592 1793 5644 docent.

221 5680 244 5710 ²
281 5667 556 5730 Mss.,ille
573 5680 789 5731 magnus.

224 5739 247 5771 ³
274 5737 469 5785 Plures
509 5727 851 5788 manuscripti,
892 5721 1209 5788 pugnantibus
1232 5719 1376 5772 vitiis.
1411 5724 1467 5766 Et
1498 5729 1608 5767 mox
1652 5713 1797 5764 iidem

156 5800 353 5863 aliique
372 5802 596 5851 omnes,
629 5784 1202 5851 aliquando'cddenlibus.

1515 387 1719 445 LIBER
1757 386 2137 445 VICESIMUS.

3342 395 3447 453 an.
3504 370 3509 377 ’

1865 501 2067 555 verbum
2095 497 2194 553 Dei
2218 515 2237 553 :
2264 499 2575 557 subauditur
2600 500 2739 574 quod
2765 510 2948 573 postea
2974 502 3210 560 dicturus
3234 516 3338 575 est,
3369 526 3446 564 re-

1863 602 2141 663 gnaverunt
2178 608 2293 645 cum
2328 591 2453 647 Iesu
2480 592 2619 648 mille
2644 596 2792 648 annis
2818 594 2999 667 (Apoc.
3029 612 3119 663 xx,
3145 597 3228 666 4),
3253 600 3445 655 anima

1864 682 2067 736 scilicet
2090 688 2381 751 martyrum
2408 682 2643 737 nondum
2675 683 2776 738 sibi
2802 686 3115 754 corporibus
3139 688 3251 743 suis
3275 689 3454 743 reddi-

1866 772 1951 827 tis.
1982 772 2163 842 Neque
2187 773 2327 827 enim
2356 774 2564 842 piorum
2592 774 2782 828 anima:
2820 786 3150 830 mortuorum
3180 791 3440 846 separan-

1866 871 1951 918 tur
1974 863 2042 919 ab
2065 862 2300 918 Ecclesia
2318 903 2334 927 ,
2359 878 2477 936 qua:
2506 879 2645 919 nunc
2678 864 2838 921 etiam
2864 872 2948 923 est
2973 879 3193 937 regnum
3219 866 3440 922 Christi.

1864 952 2236 1024 Alioquinnec
2260 953 2326 1007 ad
2356 954 2522 1009 altare
2553 955 2644 1011 Dei
2675 956 2829 1011 ﬁeret
2869 972 3053 1013 eorum
3093 960 3347 1013 memoria
3386 960 3439 1014 in

1861 1046 2344 1101 communicatione
2369 1046 2608 1115 corporis
2644 1046 2880 1111 Christi;
2920 1061 3019 1103 nec
3045 1049 3241 1118 aliquid
3278 1049 3440 1118 prod-

1860 1145 2003 1190 esset
2037 1136 2104 1189 ad
2143 1136 2259 1203 ejus
2304 1135 2355 1189 in
2403 1136 2656 1204 periculis
2694 1136 3023 1205 Baptismum
3069 1153 3317 1204 currere,
3372 1152 3440 1193 ne

1861 1227 1975 1281 sine
2002 1227 2093 1281 illo
2121 1226 2334 1282 ﬁniatur
2364 1227 2478 1283 lucc
2508 1228 2643 1292 vita;
2674 1242 2774 1282 nec
2811 1228 2878 1282 ad
2916 1231 3437 1298 reconciliationem,

1862 1319 1905 1373 si
1936 1318 2071 1374 forte
2098 1335 2192 1388 per
2219 1320 2577 1388 paenitentiam
2605 1319 2865 1373 malamve
2894 1320 3270 1375 conscientiam
3293 1321 3441 1390 quis-

1861 1425 1963 1477 que
1991 1409 2058 1463 ab
2086 1410 2274 1463 eodem
2304 1424 2526 1479 corpore
2563 1418 2839 1478 separatus
2864 1416 2966 1463 est.
3001 1409 3110 1464 Cur
3135 1411 3274 1465 enim
3306 1412 3441 1467 ﬁunt

1861 1500 1961 1554 ista
1986 1539 2001 1564 ,
2031 1501 2131 1554 nisi
2167 1501 2287 1570 quia
2329 1502 2539 1566 ﬁdeles,
2571 1502 2729 1556 etiam
2756 1500 3027 1567 defuncti,
3058 1502 3293 1557 membra
3324 1504 3440 1572 ejus

1861 1592 2020 1644 sunt?
2055 1591 2306 1657 Quamvis
2346 1606 2476 1661 ergo
2514 1606 2633 1645 cum
2678 1592 2789 1646 suis
2824 1592 3138 1661 corporibus
3169 1592 3434 1659 nondum,

1855 1681 1967 1750 jam
1996 1689 2169 1736 tamen
2195 1697 2377 1737 eorum
2406 1684 2597 1737 anima:
2632 1692 2857 1753 regnant
2884 1698 3002 1737 cum
3036 1683 3154 1744 illo,
3185 1684 3310 1738 dum
3352 1686 3437 1739 isti

1862 1771 2006 1825 mille
2025 1772 2148 1825 anni
2170 1771 2476 1826 decurrunt.
2501 1772 2649 1827 Unde
2671 1774 2721 1827 in
2747 1772 2848 1827 hoc
2873 1773 3061 1828 eodem
3084 1774 3217 1828 libro
3236 1782 3290 1829 et
3308 1775 3434 1829 alibi

1862 1860 2054 1931 legitur
2080 1879 2092 1913 :
2116 1862 2261 1916 Beati
2282 1864 2483 1928 mortui,
2505 1864 2589 1933 qui
2611 1865 2665 1917 in
2686 1864 2902 1918 Domino
2925 1864 3225 1931 moriuntur,
3249 1867 3433 1919 amodo

1862 1962 1907 2009 et
1936 1955 2052 2024 jam
2077 1956 2200 2009 dicit
2227 1954 2451 2026 Spiritus
2470 1996 2487 2022 ,
2518 1966 2573 2010 ut
2616 1956 2923 2026 requiescant
2948 1974 2980 2009 a
3009 1957 3260 2011 laboribus
3284 1959 3426 2025 suis;

1860 2061 1980 2099 nam
2019 2062 2172 2115 Opera
2207 2062 2380 2101 eorum
2422 2056 2694 2115 sequuntur
2727 2046 2843 2099 illos
2871 2044 3001 2116 (Id.
3034 2062 3142 2111 xtv,
3174 2047 3301 2119 15).
3332 2048 3437 2102 [ιθ-

1860 2150 1987 2211 gnat
2017 2143 2192 2211 itaque
2218 2156 2338 2195 cum
2360 2138 2573 2194 Christo
2602 2153 2741 2193 nunc
2764 2139 2992 2208 primum
3022 2140 3257 2195 Ecclesia
3284 2142 3335 2195 in
3361 2143 3446 2196 vi-

1861 2235 1942 2288 vis
1970 2242 2023 2289 ει
2052 2232 2295 2287 mortuis.
2341 2230 2593 2285 Prwterea
2624 2229 2787 2295 enim,
2814 2230 2952 2284 sicut
2978 2229 3105 2285 dicit
3131 2231 3439 2301 Apostolus,

1862 2332 2088 2377 mortuus
2112 2332 2184 2376 est
2209 2322 2457 2386 Christus,
2479 2329 2534 2373 ut
2558 2328 2605 2373 et
2628 2319 2851 2373 vivorum
2875 2326 2919 2373 et
2948 2329 3257 2374 mortuorum
3277 2321 3445 2375 domi-

1862 2423 2007 2468 netur
2031 2412 2203 2482 (Rom.
2230 2428 2341 2479 xxv,
2372 2410 2449 2481 9).
2476 2409 2582 2465 Sed
2610 2408 2730 2464 ideo
2758 2408 3124 2464 tantummodo
3152 2418 3443 2481 martyrum

1862 2504 2068 2559 animas
2107 2500 2572 2565 commemoravit,
2612 2500 2733 2570 quia
2779 2498 2877 2568 ipsi
2920 2500 3187 2569 praecipue
3224 2509 3448 2570 regnant

1864 2594 2093 2660 mortui,
2120 2593 2209 2663 qui
2239 2606 2407 2662 usque
2445 2590 2511 2645 ad
2550 2599 2775 2645 mortem
2813 2604 2910 2659 pro
2943 2593 3167 2645 veritate
3201 2600 3447 2646 certave-

1865 2695 2009 2740 runt.
2031 2684 2135 2740 Sed
2157 2699 2188 2738 a
2214 2693 2363 2753 parte
2387 2691 2552 2738 totum
2578 2680 2654 2753 (a)
2678 2682 2839 2736 etiam
2864 2688 3086 2736 caeteros
3111 2691 3348 2735 mortuos
3369 2682 3448 2736 in-

1866 2776 2154 2847 telligimus
2181 2775 2504 2845 pertinentes
2527 2772 2594 2828 ad
2619 2772 2931 2837 Ecclesium,
2957 2769 3097 2841 quod
3121 2779 3205 2825 est
3224 2786 3446 2842 regnum

1865 2866 2082 2923 Christi.

1938 2959 1993 3013 5.
2023 2956 2174 3025 Quod
2204 2969 2335 3011 vero
2361 2954 2630 3025 sequitur,
2663 2952 2729 3006 Et
2764 2952 2809 3007 si
2845 2952 2931 3021 qui
2971 2968 3071 3005 non
3112 2952 3445 3008 adoraverunt

1869 3053 2103 3116 bestiam,
2132 3066 2222 3103 nec
2249 3049 2521 3119 imaginem
2548 3047 2656 3118 ejus
2674 3086 2691 3112 ,
2720 3061 2810 3099 nec
2837 3053 3133 3114 acceperunt
3158 3043 3447 3114 inscriptio-

1869 3159 1983 3196 nem
2024 3143 2077 3195 in
2121 3144 2319 3212 fronte,
2359 3148 2448 3191 aut
2489 3138 2543 3191 in
2582 3152 2737 3189 manu
2773 3152 2866 3189 sua
2896 3150 2916 3188 :
2944 3134 3100 3188 simul
3133 3133 3200 3188 de
3224 3135 3358 3187 vivis
3385 3149 3449 3187 ac

1871 3235 2096 3290 mortuis
2124 3233 2380 3287 debemus
2407 3230 2668 3299 accipere.
2701 3228 2829 3295 Qum
2854 3227 2921 3280 sit
2948 3240 3108 3296 porro
3131 3222 3233 3281 ista
3261 3225 3449 3289 bestia,

1874 3327 2116 3398 quamvis
2148 3325 2217 3379 sit
2241 3323 2545 3392 diligentius
2576 3319 2945 3389 inquirendum
3008 3333 3115 3372 non
3150 3328 3324 3371 tamen
3353 3316 3452 3369 ah-

1874 3420 2057 3472 horret
2085 3432 2115 3470 a
2142 3415 2246 3469 ﬁde
2273 3421 2414 3470 recta
2432 3454 2448 3479 ,
2481 3421 2538 3466 ut
2568 3411 2679 3479 ipsa
2708 3409 2866 3479 impia
2892 3409 3079 3463 civitas
3106 3407 3449 3477 intelligatur,

1873 3521 1927 3565 et
1958 3508 2182 3578 populus
2207 3505 2502 3560 inﬁdelium
2531 3502 2829 3558 contrarius
2856 3501 3052 3571 populo
3077 3499 3218 3553 ﬁdeli
3244 3510 3298 3553 et
3322 3498 3456 3552 civi-

1875 3600 1968 3654 tati
2000 3598 2111 3652 Dei.
2142 3596 2324 3665 Imago
2355 3610 2480 3649 vero
2503 3594 2619 3662 ejus
2646 3592 2911 3647 simulatio
2937 3590 3051 3657 ejus
3074 3588 3200 3642 mihi
3224 3587 3457 3653 videtur,

1874 3692 1931 3746 in
1960 3691 2038 3745 eis
2063 3688 2316 3742 videlicet
2344 3684 2648 3740 hominibus
2667 3724 2680 3747 ,
2713 3682 2800 3751 qui
2840 3680 2985 3734 velut
3014 3678 3169 3732 ﬁdem
3198 3679 3455 3746 profiten-

1877 3794 1983 3845 tur,
2010 3791 2063 3837 et
2092 3779 2380 3834 inﬁdeliter
2409 3776 2607 3830 vivunt.
2652 3773 2880 3841 Fingunt
2905 3770 3045 3823 enim
3076 3782 3134 3823 se
3161 3781 3283 3822 esse
3313 3766 3456 3835 quod

1877 3891 1981 3931 non
2012 3882 2169 3936 sunt,
2199 3880 2560 3937 vocanturque
2586 3880 2692 3920 non
2724 3862 2898 3918 veraci
2927 3860 3100 3928 efﬁgie
3118 3900 3133 3922 ,
3163 3859 3254 3913 sed
3283 3857 3456 3911 fallaci

1878 3965 2106 4035 imagine
2130 3960 2436 4018 Christiani.
2462 3957 2543 4012 Ad
2568 3954 2808 4011 eamdem
2836 3964 3062 4020 namque
3086 3948 3307 4001 bestiam
3335 3962 3459 4015 per-

1878 4059 2050 4112 tinent
2086 4069 2192 4108 non
2227 4051 2398 4106 solum
2427 4058 2609 4117 aperte
2629 4044 2824 4099 inimici
2858 4043 2876 4074 ί
2914 4038 3142 4095 nominis
3175 4037 3370 4093 Christi
3402 4047 3459 4091 ει

1880 4148 1998 4217 ejus
2023 4144 2420 4216 gloriosissimas:
2440 4137 2688 4201 civitatis,
2716 4135 2808 4190 sed
2826 4132 2987 4187 etiam
3011 4130 3231 4193 zizania,
3254 4144 3371 4197 quae
3393 4128 3462 4183 de

1881 4253 2047 4309 regno
2075 4237 2225 4305 ejus,
2254 4232 2397 4303 quod
2436 4240 2518 4285 est
2559 4227 2794 4283 Ecclesia
2815 4267 2829 4289 ,
2863 4224 2917 4278 in
2959 4223 3064 4276 ﬁne
3100 4219 3278 4275 szeeuli
3307 4218 3463 4273 colli-

1881 4328 2050 4401 genda
2079 4335 2220 4381 sunt.
2256 4325 2322 4378 Et
2353 4322 2442 4392 qui
2470 4327 2591 4375 sunt
2616 4318 2705 4388 qui
2734 4332 2839 4369 non
2864 4314 3089 4368 adorant
3117 4311 3339 4365 bestiam
3367 4323 3465 4363 nec

1884 4420 2167 4490 imaginem
2208 4417 2353 4485 ejus,
2384 4412 2485 4469 nisi
2520 4410 2612 4481 qui
2650 4408 2848 4463 faciunt
2872 4404 3011 4475 quod
3042 4404 3113 4456 ait
3144 4401 3464 4479 Apostolus,

1888 4513 1969 4568 Ne
1992 4513 2100 4566 sitis
2112 4512 2297 4582 jugum
2315 4507 2551 4559 ducentes
2569 4516 2681 4554 cum
2700 4497 2988 4568 inﬁdelibus
3009 4493 3079 4563 (ll
3102 4490 3220 4547 Cor.
3242 4506 3314 4556 vi,
3339 4490 3468 4559 ll)?

1887 4606 2001 4660 Non
2031 4580 2253 4657 adorant
2277 4599 2440 4661 enim,
2475 4594 2525 4649 id
2554 4601 2657 4655 est,
2687 4606 2790 4644 non
2820 4585 3176 4645 consentiunt,
3209 4596 3313 4635 non
3344 4580 3466 4633 sub-

1883 4697 2138 4767 jiciuntur
2165 4708 2179 4744 :
2210 4703 2383 4758 neque
2406 4684 2673 4751 accipiunt
2706 4677 3125 4745 inscriptionem,
3155 4680 3333 4726 notam
3364 4670 3466 4724 sci-

1889 4760 2011 4840 licet
2050 4780 2287 4837 criminis
2311 4818 2327 4844 ,
2366 4777 2420 4830 in
2466 4773 2671 4837 fronte,
2712 4776 2930 4839 propter
2969 4761 3384 4833 professionem;
3414 4760 3466 4811 in

1890 4891 2072 4936 manu,
2102 4878 2316 4942 prapter
2340 4864 2725 4936 operationem.
2755 4858 2838 4912 Ab
2870 4856 2953 4911 his
2980 4854 3136 4923 igitur
3162 4850 3312 4904 malis
3336 4849 3468 4902 alie-

1892 4968 1983 5030 ni,
2016 4940 2133 5018 sive
2166 4961 2339 5015 adhuc
2370 4959 2421 5011 in
2463 4956 2563 5010 ista
2607 4950 2815 5006 mortali
2858 4960 3019 5001 carne
3056 4948 3328 5006 viventes,
3357 4940 3470 4993 sive

1892 5055 2163 5119 defuncti,
2204 5056 2426 5120 regnant
2463 5060 2585 5101 cum
2629 5041 2842 5096 Christo
2878 5038 2986 5107 jam
3032 5048 3206 5099 nunc,
3242 5031 3470 5101 quodam

1893 5146 2053 5202 modo
2083 5144 2204 5198 huic
2231 5119 2454 5208 tempori
2481 5147 2737 5203 congruo,
2767 5145 2858 5199 per
2884 5136 3049 5182 totum
3083 5124 3185 5177 hoc
3213 5119 3473 5176 interval-

1894 5240 2025 5304 lum,
2053 5234 2193 5306 quod
2221 5244 2444 5286 numero
2468 5226 2613 5281 mille
2637 5221 2965 5292 significatur
2988 5228 3271 5269 annorum.

1968 5301 2022 5383 4.
2056 5301 2256 5395 Iieliqui
2282 5336 2452 5377 eorum
2474 5359 2489 5384 ,
2521 5316 2724 5385 inquit,
2758 5326 2857 5364 non
2886 5309 3136 5362 vixerunt.
3164 5303 3301 5356 Hora
3330 5301 3489 5372 enim_

1898 5437 2039 5479 nunc
2072 5431 2152 5475 est
2172 5392 2192 5484 ,⁷
2217 5432 2337 5485 cum
2384 5412 2575 5468 mortui
2613 5405 2867 5462 audient’
2896 5414 3081 5455 vocem
3112 5395 3229 5451 Filii
3261 5392 3391 5457 Dei;
3423 5400 3478 5446 et

1966 5586 1983 5617 ι
2019 5579 2156 5649 aditi,
2174 5572 2435 5649 non‘solum
2456 5567 2609 5623 auerti
2631 5561 2830 5617 inimici.
2851 5559 3048 5610 Codices
3066 5564 3195 5617 Mss,
3216 5564 3309 5603 non
3326 5547 3479 5602 sofunt

1967 5650 2066 5694 erte
2088 5650 2290 5690 immtat.
2637 5690 2646 5696 _

1967 5711 1986 5740 ²
2023 5701 2155 5751 Vind.
2184 5710 2280 5747 Am.
2306 5706 2357 5745 et
2380 5707 2504 5752 mss,
2529 5688 2747 5740 multant.

1971 5739 2043 5831 (a)
2534 5739 2636 5817 qua
2653 5763 2679 5799 a
2705 5752 2840 5812 parte
2864 5749 3017 5795 totum
3038 5739 3286 5807 accipitur.
