4004 6528
526 350 631 407 075

529 467 615 536 qui
642 463 905 518 audierint
924 504 940 528 ,
970 463 1145 517 vivent
1173 479 1188 518 :
1215 446 1399 532 reliqui
1427 477 1551 517 vero
1580 478 1763 518 eorum
1794 480 1897 517 nou
1926 465 2103 517 vivent

536 553 712 626 (Joan.
739 570 790 614 v,
812 554 924 620 25).
947 553 1095 619 Quod
1117 568 1243 607 vero
1262 553 1513 617 subdidit,
1536 554 1689 607 donec
1710 555 1952 623 ﬁniantur
1972 556 2106 609 mille

530 644 691 706 anni;
730 643 1123 711 intelligendum
1154 652 1269 709 est,
1297 643 1434 713 quod
1464 658 1529 697 eo
1560 652 1796 711 tempore
1827 660 1929 697 non
1956 644 2102 697 vixe-

533 742 674 799 runt,
696 748 802 802 quo
822 734 996 787 vivere
1015 732 1331 798 debuerunt,
1356 734 1421 787 ad
1441 733 1599 786 vitam
1627 733 1827 787 scilicet
1847 732 1913 787 de
1935 742 2103 787 morte

534 822 875 876 transeundo.
903 823 970 876 Et
998 822 1115 876 ideo
1143 838 1262 876 Cllllt
1282 822 1396 876 dies
1422 822 1645 884 venerit.
1672 838 1775 891 quo
1801 822 1890 876 liat
1913 831 1965 876 et
1982 838 2100 876 cor-

532 929 719 982 porum
742 915 1077 987 resurrectio,
1106 930 1210 967 non
1240 913 1305 967 ad
1332 915 1490 967 vitam
1512 913 1578 967 de
1604 912 1953 967 monumentis
1983 926 2102 980 pro-

528 1004 749 1068 cedent,
779 1004 874 1058 sed
915 1006 979 1059 ad
1014 1006 1303 1074 judicium;
1334 1004 1399 1059 ad
1436 1004 1824 1059 damnationem
1865 1004 2098 1068 scilicet,

529 1110 647 1163 qua:
672 1095 902 1149 secunda
929 1108 1073 1149 mors
1093 1095 1302 1149 dicitur.
1334 1097 1512 1149 Donec
1531 1097 1670 1159 enim
1696 1096 1937 1148 liniantur
1958 1095 2100 1148 mille

527 1186 673 1249 anni,
704 1186 1022 1255 quicumque
1050 1203 1154 1239 non
1180 1187 1387 1253 vixerit,
1412 1186 1462 1240 id
1487 1196 1585 1248 est,
1612 1186 1711 1239 isto
1734 1196 1841 1239 toto
1865 1195 2099 1253 tempore

528 1289 633 1341 quo
662 1276 835 1342 agitur
860 1276 1026 1343 prima
1055 1277 1391 1337 resurrectio,
1425 1292 1527 1329 non
1553 1276 1776 1328 audierit
1801 1291 1982 1329 vocem
2010 1274 2098 1328 Fi-

527 1365 581 1419 lii
624 1366 713 1419 Dei
734 1407 749 1429 ,
778 1374 832 1421 et
857 1366 922 1419 ad
951 1368 1108 1419 vitam
1135 1366 1202 1419 de
1230 1376 1399 1420 morte
1439 1367 1739 1430 transierit;
1784 1367 2017 1435 profecto
2046 1365 2097 1418 in

525 1454 756 1507 secunda
780 1456 1186 1521 resurrectione,
1215 1471 1330 1525 quae
1355 1456 1528 1510 carnis
1552 1465 1651 1519 est,
1682 1456 1731 1508 in
1764 1464 1983 1510 mortem
2015 1470 2101 1511 se-

524 1546 751 1598 cundam
789 1560 908 1599 cum
940 1546 1051 1614 ipsa
1079 1561 1237 1600 carne
1268 1546 1525 1600 transibit.
1564 1544 1811 1615 Sequitur
1838 1546 1976 1599 enim
2000 1585 2014 1610 ,
2044 1554 2098 1599 et

524 1634 673 1699 dicit,
707 1634 833 1687 Ila’c
868 1636 1161 1688 resurrectio
1190 1636 1353 1706 prima
1379 1646 1469 1688 est.
1500 1634 1685 1688 Beatus
1712 1646 1757 1687 et
1786 1645 1984 1687 sanctus
2012 1634 2097 1700 qui

500 1720 502 1723 ’
526 1724 670 1777 habet
693 1726 743 1777 in
765 1725 859 1778 hac
882 1726 1044 1794 prima
1069 1726 1428 1779 resurrectione
1450 1735 1640 1795 partem
1665 1724 1842 1794 (Apoc.
1867 1740 1959 1791 xx,
1982 1724 2093 1794 56),

524 1813 579 1868 id
609 1823 726 1880 est,
762 1816 1022 1884 particeps
1055 1815 1170 1885 ejus
1198 1823 1297 1869 est.
1342 1815 1457 1885 Ipse
1497 1824 1578 1869 est
1619 1822 1792 1868 autem
1834 1815 2098 1882 particeps

524 1904 661 1972 ejus,
688 1906 775 1974 qui
805 1921 912 1958 non
941 1906 1111 1959 solum
1138 1921 1168 1959 a
1196 1914 1387 1967 morte,
1416 1920 1532 1973 qua:
1561 1906 1611 1957 in
1641 1906 1865 1974 peccatis
1890 1912 1990 1969 est,
2015 1918 2098 1957 re-

524 1994 752 2059 viviscit,
782 2009 962 2049 verum
991 1994 1149 2047 etiam
1178 1994 1229 2048 in
1260 2009 1324 2048 eo
1352 1993 1490 2063 quod
1519 1993 1787 2057 revixerit,
1820 2007 2095 2061 permane—

525 2084 620 2139 bit.
646 2083 711 2137 In
735 2085 859 2148 istis,
885 2085 1071 2153 inquit,
1093 2084 1313 2138 secunda
1335 2100 1466 2137 mors
1492 2100 1590 2137 non
1617 2082 1761 2135 habet
1786 2091 2093 2151 potestatem.

490 2192 493 2195 '
527 2175 693 2231 liabet
717 2190 843 2243 ergo
866 2176 918 2228 in
948 2175 1183 2244 reliquis,
1210 2175 1276 2229 de
1302 2175 1490 2244 quibus
1516 2174 1753 2242 superius
1778 2173 1872 2237 ait,
1901 2171 2097 2241 Reliqui

524 2280 693 2317 eorum
722 2280 822 2317 non
849 2265 1106 2329 vixerunt,
1138 2264 1295 2317 donec
1329 2264 1572 2332 ﬁniantur
1604 2263 1739 2316 mille
1773 2264 1893 2314 anni
1919 2278 1938 2316 :
1962 2277 2096 2331 quo-

525 2356 667 2409 niam
708 2356 808 2409 isto
844 2364 953 2409 toto
986 2356 1241 2426 temporis
1272 2355 1578 2419 intervallo,
1605 2353 1741 2422 quod
1769 2352 1911 2407 mille
1930 2365 2097 2408 annos

523 2452 713 2511 vocat,
740 2453 1222 2514 quantumcumque
1251 2444 1302 2497 in
1331 2459 1395 2498 eo
1424 2444 1645 2514 quisque
1674 2458 1856 2497 eorum
1886 2443 2014 2496 vixit
2040 2441 2096 2495 in

523 2550 767 2605 corpore,
795 2550 899 2589 non
926 2535 1116 2590 revixit
1138 2551 1168 2588 a
1196 2543 1389 2599 morte,
1416 2535 1466 2589 in
1491 2550 1591 2603 qua
1618 2548 1737 2588 eum
1767 2533 1976 2588 tenebat
2001 2533 2097 2586 im-

523 2627 710 2696 pietas,
744 2635 799 2680 ut
827 2627 904 2680 sic
932 2626 1295 2681 reviviscendo
1331 2627 1516 2697 primae
1546 2624 1947 2679 resurrectionis
1973 2640 2094 2693 par-

523 2717 690 2784 ticeps
725 2714 907 2779 ﬁeret,
937 2724 1095 2786 atque
1131 2715 1186 2769 in
1222 2730 1287 2770 eo
1328 2724 1638 2784 potestatem
1680 2713 1911 2769 secunda
1953 2728 2096 2768 mors

522 2819 629 2859 non
657 2804 894 2858 haberet.

521 2914 744 2970 CAPUT
783 2914 851 2969 Χ.
882 2945 954 2954 —-
982 2914 1118 2982 Quid
1142 2914 1543 2986 respondendum
1573 2914 1635 2968 sit
1662 2915 1765 2977 eis,
1799 2915 1884 2985 qui
1917 2923 2096 2982 putant

589 3006 1002 3059 resurrectionem
1025 3007 1092 3059 ad
1118 3007 1229 3060 sola
1251 3022 1487 3077 corpora,
1516 3022 1616 3061 non
1639 3007 1789 3059 etiam
1810 3006 1877 3057 ad
1902 3007 2096 3059 animas

591 3108 853 3166 pertinere.

589 3186 727 3241 Sunt
748 3186 836 3257 qui
862 3194 1049 3256 putant
1072 3185 1519 3240 resurrectionem
1547 3183 1649 3238 dici
1680 3200 1784 3237 non
1816 3196 1971 3252 posse
1995 3183 2096 3238 nisi

470 3282 486 3297 ’
524 3291 803 3346 corporum
828 3294 842 3330 :
888 3278 1110 3346 ideoque
1151 3277 1307 3330 istam
1337 3290 1546 3345 quoque
1573 3276 1623 3328 in
1650 3276 1958 3344 corporibus
1988 3275 2096 3344 pri-

525 3384 663 3423 mam
687 3368 911 3420 ftitttraui
939 3382 1058 3421 esse
1084 3366 1432 3421 contendunt.
1462 3366 1695 3431 Quorum
1724 3370 1864 3421 enim
1890 3374 1992 3430 est,
2019 3366 2098 3420 in-

525 3458 743 3526 quiunt,
774 3455 963 3511 cadere
983 3498 999 3520 ,
1028 3471 1209 3509 eorum
1236 3464 1318 3510 est
1346 3470 1626 3523 resurgere
1658 3472 1671 3507 :
1704 3455 1896 3508 cadunt
1919 3464 2094 3509 autem

523 3562 745 3617 corpora
789 3546 1063 3601 moriendo
1091 3564 1104 3600 :
1137 3563 1259 3601 nam
1287 3556 1340 3601 et
1367 3562 1397 3600 a
1425 3547 1661 3601 cadendo
1684 3546 1936 3601 cadavera
1961 3562 2097 3600 nun-

521 3648 781 3708 cupantur
808 3636 905 3708 (a).
933 3637 1046 3692 Non
1071 3653 1196 3708 ergo
1223 3638 1541 3702 animarum,
1570 3638 1829 3707 inquiunt,
1858 3654 2095 3693 resurre-

520 3730 626 3783 ctio
652 3736 828 3798 potest
850 3742 988 3790 esse,
1016 3728 1109 3782 sed
1135 3744 1439 3797 corporum.
1467 3728 1572 3784 Sed
1597 3728 1721 3799 quid
1745 3738 1927 3783 contra
1954 3729 2097 3798 Apo-

519 3819 712 3873 stolum
733 3817 930 3883 dicunt,
954 3817 1043 3886 qui
1067 3833 1183 3873 eam
1210 3819 1654 3873 resurrectionem
1678 3820 1943 3889 appellat?
1963 3820 2093 3875 Nam

516 3908 808 3963 secundum
836 3909 1137 3964 interiorem
1156 3950 1173 3975 ,
1200 3925 1304 3965 non
1332 3909 1624 3965 secundum
1650 3914 1966 3965 exteriorem
1995 3911 2095 3966 ho-

520 4003 717 4055 minem
744 4001 922 4070 utique
952 4011 1367 4068 resurrexerant,
1390 4003 1579 4067 quibus
1604 4004 1697 4069 ait,
1729 4004 1791 4058 Si
1817 4005 2096 4059 resurrexi-

519 4089 609 4143 stis
633 4106 748 4142 cum
775 4090 971 4144 Christo
993 4132 1009 4156 ,
1036 4106 1150 4158 qua:
1176 4107 1373 4144 sursum
1402 4096 1523 4145 sunt
1559 4092 1721 4161 sapite
1748 4092 1969 4163 (Coloss.
2006 4109 2091 4161 ιιι,

522 4180 599 4250 1).
626 4180 795 4245 Quem
820 4194 1034 4235 sensum
1064 4182 1240 4237 verbis
1265 4181 1382 4235 aliis
1409 4181 1531 4236 alibi
1571 4183 1763 4251 posuit,
1791 4182 1992 4245 dicens,
2028 4184 2096 4239 Ut

522 4270 939 4340 quemadmodum
961 4270 1185 4325 Christus
1208 4289 1240 4324 a
1261 4273 1471 4326 mortuis
1492 4274 1758 4326 resurrexit
1779 4290 1865 4341 per
1884 4275 2096 4343 gloriam

524 4360 719 4423 Patris,
744 4361 816 4414 sic
841 4370 887 4413 et
908 4377 998 4414 nos
1024 4361 1076 4413 in
1106 4362 1317 4413 novitate
1339 4362 1451 4414 vita:
1479 4361 1785 4415 ambulemus
1806 4365 1823 4430 (
1848 4362 1996 4415 Rom.
2022 4380 2094 4427 vr,

522 4450 600 4521 4).
632 4450 765 4504 Hine
787 4458 869 4504 est
893 4459 947 4504 et
973 4449 1097 4504 illud
1118 4492 1133 4515 ,
1167 4450 1333 4519 Surge
1349 4490 1364 4515 ,
1396 4450 1485 4519 qui
1506 4450 1694 4504 dormis
1714 4492 1727 4513 ,
1758 4461 1806 4504 et
1832 4468 2043 4521 exsurge
2065 4469 2098 4505 a

523 4540 753 4604 mortuis,
774 4548 821 4592 et
840 4539 1140 4592 illuminabit
1165 4548 1211 4593 te
1236 4539 1469 4594 Christus
1490 4535 1702 4609 (Ep/tes.
1728 4557 1778 4604 v,
1808 4540 1920 4610 14).
1947 4542 2096 4609 Quod

522 4640 700 4685 autem
726 4630 939 4694 dicunt,
972 4645 1075 4684 non
1104 4646 1259 4699 posse
1285 4646 1561 4700 resurgere
1579 4670 1593 4694 ,
1624 4631 1722 4685 nisi
1747 4632 1837 4700 qui
1865 4632 2093 4698 cadunt;

523 4733 579 4776 et
602 4721 721 4776 ideo
744 4732 929 4790 putant
950 4724 1390 4777 resurrectionem
1416 4723 1481 4777 ad
1501 4738 1745 4793 corpora,
1774 4740 1877 4779 non
1898 4725 1964 4779 ad
1984 4725 2099 4778 ani-

525 4828 640 4867 mas
679 4812 945 4881 pertinere
966 4853 982 4879 ,
1011 4813 1134 4882 quia
1160 4828 1438 4882 corporum
1478 4823 1561 4868 est
1597 4814 1788 4868 cadere
1816 4831 1830 4867 :
1862 4830 1958 4869 cur
1991 4830 2097 4869 non

524 4902 762 4967 audiunt,
793 4901 914 4956 Non
943 4904 1179 4956 recedatis
1202 4904 1395 4967 abillo,
1419 4920 1480 4957 ne
1504 4905 1697 4958 cadatis
1722 4905 1905 4975 (Eccti.
1929 4922 1986 4973 ιι,
2009 4907 2096 4977 7);

525 5006 613 5061 et,
642 4995 749 5049 Suo
777 4995 981 5048 domino
1006 5003 1103 5047 stat
1130 5006 1219 5048 aut
1244 4995 1379 5048 cadit
1410 4996 1429 5066 (
1451 4995 1601 5050 Rom.
1630 5012 1735 5061 xw,
1762 4997 1820 5067 4)
1844 5015 1858 5059 ;
1883 5006 1935 5052 et
1954 5039 1971 5061 ,
2002 4999 2100 5063 Qui

527 5096 669 5152 putat
705 5101 759 5139 se
795 5094 961 5150 stare,
986 5085 1149 5139 videat
1172 5086 1188 5116 ί
1219 5103 1281 5140 ne
1303 5086 1451 5139 cadat
1478 5085 1536 5156 (l
1564 5087 1682 5141 Cor.
1713 5103 1765 5152 x,
1799 5087 1943 5159 12)?
1969 5090 2101 5145 Puto

526 5174 668 5228 enim
693 5172 832 5243 quod
858 5174 909 5229 in
933 5174 1131 5240 anima,
1159 5190 1263 5228 non
1292 5176 1344 5228 in
1370 5189 1597 5243 corpore
1621 5190 1776 5229 casus
1800 5177 1899 5232 iste
1921 5194 2105 5234 caven-

527 5262 628 5316 dus
654 5272 754 5317 est.
795 5263 852 5318 Si
892 5263 1051 5333 igitur
1087 5263 1389 5318 cadentium
1417 5274 1499 5318 est
1526 5266 1878 5331 resurrectio,
1908 5267 2103 5322 cadunt

528 5360 705 5407 autem
742 5362 799 5407 et
832 5352 1057 5417 animm;
1087 5352 1323 5422 profecto
1350 5346 1405 5407 et
1433 5354 1637 5407 animas
1667 5370 1942 5424 resurgere
1970 5372 2097 5411 con-

531 5444 779 5496 litendum
809 5453 909 5499 est.
938 5444 1089 5510 Quod
1133 5452 1309 5498 autem
1348 5458 1469 5499 cum
1508 5444 1761 5508 dixisset,
1793 5445 1859 5498 In
1886 5449 1993 5501 istis
2021 5464 2101 5500 se-

531 5534 696 5585 cunda
730 5550 863 5588 mors
892 5552 993 5589 non
1022 5535 1167 5589 habet
1193 5544 1525 5604 potestatem;
1552 5535 1790 5606 adiunxit
1813 5546 1971 5608 atque
1997 5539 2098 5616 ait,

596 5668 613 5733 ξ
649 5669 780 5733 Pl???
802 5664 887 5722 ουί
908 5672 1113 5733 Putat“
1133 5670 1278 5733 stare,
1303 5671 1466 5718 caueat
1487 5678 1546 5719 ne
1575 5666 1738 5717 cadat.

591 5723 668 5787 (a)
688 5723 786 5773 vid.
804 5723 949 5776 serm.
973 5726 1080 5790 2H,
1106 5741 1155 5776 ιι.
1179 5725 1226 5776 2.

1616 347 1705 433 DE
1734 347 2055 404 CIVITATE
2094 348 2233 416 DEI,
2274 349 2329 404 S.
2372 350 2725 405 AUGI'STINK

3673 367 3764 423 676

2211 463 2317 519 Sed
2348 476 2489 518 erunt
2529 467 2810 520 sacerdotes
2841 467 2935 523 Dei
2956 479 3002 522 et
3026 465 3248 537 Christi,
3278 484 3325 527 ει
3365 480 3639 544 regnabam
3665 495 3767 536 cum

2207 568 2263 605 eo
2298 554 2432 607 mille
2467 557 2612 608 annis
2641 571 2660 608 :
2686 571 2790 608 non
2819 558 2995 624 utique
3021 558 3088 612 de
3128 560 3257 613 solis
3284 563 3551 631 cpisc0pis
3577 575 3629 619 et
3656 583 3765 635 pre-

2204 642 2431 711 sbyteris
2457 644 2651 699 dictum
2677 654 2756 699 est
2777 686 2791 709 ,
2819 648 2906 715 qui
2937 649 3146 718 proprie
3177 650 3287 720 jam
3318 662 3577 707 vocantur
3606 655 3652 708 in
3673 658 3765 716 Ec.

2204 731 2362 786 clesia
2399 734 2704 788 sacerdotes
2733 753 2746 788 :
2775 736 2867 791 sed
2905 738 3040 791 sicut
3077 754 3264 794 omnes
3284 742 3620 798 Christianos
3644 747 3766 802 dict-

2204 836 2323 887 mus
2342 833 2557 893 propter
2579 827 2854 895 mysticum
2876 828 3129 898 chrisma,
3147 832 3226 887 sic
3244 848 3434 887 omnes
3452 837 3769 905 sacerdotes,

2203 913 2448 978 anniam
2481 917 2711 968 membra
2756 927 2878 971 sunt
2923 920 3080 974 unius
3120 922 3436 979 sacerdotis.
3478 924 3555 979 De
3592 928 3769 995 quibus

2202 1004 2468 1069 apostolus
2500 1004 2682 1057 Petrus
2701 1045 2717 1069 ,
2750 1006 2926 1072 Plebs,
2958 1010 3153 1078 inquit,
3180 1024 3388 1077 sancta,
3417 1016 3586 1084 regale
3613 1034 3767 1071 sacer-

2201 1092 2389 1145 dotium
2412 1094 2455 1161 (Ι
2485 1094 2622 1148 Petr.
2650 1111 2707 1159 ιι,
2732 1096 2809 1164 9).
2836 1098 2996 1163 Sane,
3021 1101 3141 1154 licet
3168 1101 3400 1157 breviter
3424 1115 3583 1174 atque
3612 1118 3771 1163 trans-

2201 1193 2405 1249 eunter,
2436 1185 2719 1241 insinuavit
2749 1188 2912 1243 Deum
2943 1206 3062 1245 esse
3088 1191 3354 1247 Christum
3385 1195 3484 1264 (a),
3513 1195 3768 1265 dicendo,

2200 1271 2497 1328 Sacerdotes
2540 1276 2638 1329 Dei
2678 1288 2725 1331 et
2762 1278 2977 1345 Christi,
3023 1281 3125 1336 hoc
3167 1292 3281 1346 est,
3324 1284 3497 1340 Patris
3535 1296 3592 1341 et
3630 1288 3769 1355 Filii;

2200 1366 2440 1433 quamvis
2482 1378 2695 1436 propter
2723 1370 2944 1425 formam
2972 1374 3147 1439 servi,
3174 1375 3311 1429 sicut
3338 1375 3476 1430 [ilius
3514 1378 3769 1447 hominis,

2199 1452 2271 1506 ita
2305 1456 2461 1509 etiam
2491 1460 2738 1514 sacerdos
2767 1461 3007 1518 Christus
3040 1464 3260 1521 effectus
3288 1467 3357 1521 sit
3395 1468 3446 1522 in
3485 1478 3771 1537 aeternum,

2198 1545 2486 1600 secundum
2526 1548 2767 1604 ordinem
2810 1551 3199 1609 Melchisedech
3229 1555 3414 1624 (Psat.
3445 1572 3565 1625 clx,
3594 1559 3673 1631 4).
3704 1562 3773 1618 De

2198 1649 2299 1703 qua
2330 1651 2387 1690 re
2412 1636 2463 1689 iu
2493 1638 2591 1693 hoc
2618 1654 2778 1709 opere
2804 1657 2907 1696 non
2936 1645 3099 1699 semel
3125 1645 3373 1703 diximus.

2197 1746 2419 1803 CAPUT
2443 1748 2533 1804 XI.
2563 1781 2636 1790 —
2659 1752 2737 1805 De
2761 1752 2869 1824 Cog
2892 1766 2936 1808 et
2968 1755 3156 1827 Magog
3178 1799 3193 1824 ,
3224 1775 3351 1827 quos
3377 1761 3446 1813 ad
3479 1778 3775 1833 persequen-

2268 1838 2385 1891 dam
2414 1839 2689 1895 Ecclesiant
2714 1843 2838 1911 Dei,
2869 1847 3067 1901 solutus
3094 1865 3253 1919 prope
3288 1852 3441 1919 linem
3461 1857 3643 1909 siccati
3669 1858 3779 1910 dia-

2267 1929 2407 1982 bolus
2434 1930 2676 1986 incitabit.

2270 2019 2332 2073 Et
2357 2037 2468 2074 cum
2494 2023 2625 2089 ﬁniti
2648 2026 2851 2095 fuerint,
2884 2027 3072 2099 inquit,
3104 2030 3243 2085 mille
3270 2034 3411 2097 anni,
3442 2034 3667 2090 solvetur
3693 2055 3779 2092 sa-

2198 2119 2342 2165 tanas
2366 2112 2429 2165 de
2456 2115 2685 2167 custodia
2708 2131 2829 2182 sua,
2853 2128 2897 2170 et
2925 2118 3077 2172 exibit
3102 2120 3170 2172 ad
3187 2122 3501 2178 seducendas
3529 2127 3775 2194 nationes,

2195 2215 2307 2269 qua:
2332 2212 2449 2255 sunt
2473 2203 2525 2256 in
2552 2214 2763 2273 quatuor
2784 2208 2985 2276 angulis
3023 2218 3169 2264 terra!
3190 2253 3204 2277 ,
3242 2211 3354 2284 Cog
3387 2224 3434 2267 et
3474 2215 3668 2288 Magog
3692 2259 3705 2281 ,
3735 2230 3780 2272 et

2198 2292 2357 2343 trahet
2372 2308 2456 2346 eos
2473 2293 2526 2345 in
2546 2293 2751 2360 bellum,
2773 2312 2983 2365 quorum
3003 2316 3238 2355 numerus
3257 2313 3328 2357 est
3351 2313 3402 2357 ut
3422 2321 3583 2359 arena
3607 2311 3776 2363 maris.

2196 2379 2278 2433 Ad
2311 2380 2411 2435 hoc
2436 2396 2563 2451 ergo
2592 2392 2716 2438 tunc
2745 2386 3002 2455 seducet,
3036 2399 3091 2443 ut
3135 2390 3187 2444 in
3219 2392 3320 2446 hoc
3351 2393 3553 2449 bellum
3589 2397 3779 2453 trahat.

2195 2471 2327 2526 Nam
2355 2484 2406 2525 et
2436 2484 2590 2528 antea
2619 2476 2792 2530 modis
2819 2478 3010 2546 quibus
3036 2490 3285 2548 poterat,
3320 2498 3416 2551 per
3445 2486 3589 2540 mala
3620 2488 3782 2542 multa

2197 2574 2254 2618 et
2278 2566 2420 2619 varia
2443 2567 2744 2622 seducebat.
2778 2568 2949 2624 Exibit
2975 2582 3151 2626 autem
3177 2573 3375 2628 dictum
3404 2586 3516 2644 est,
3550 2578 3602 2631 in
3632 2593 3783 2648 aper-

2196 2660 2302 2706 tam
2362 2658 2781 2722 persecutionem
2827 2660 2893 2713 de
2941 2660 3159 2715 latebris
3212 2674 3458 2733 erumpet
3506 2668 3779 2723 odiorum.

2197 2744 2320 2798 llare
2346 2744 2487 2799 enim
2515 2747 2620 2800 erit
2661 2748 2944 2803 novissima
2984 2753 3286 2820 persecutio
3313 2793 3329 2817 ,
3361 2756 3662 2810 novissimo
3691 2759 3786 2812 im-

2196 2834 2431 2890 minente
2454 2836 2669 2903 judicio,
2694 2854 2848 2908 quam
2879 2852 3061 2895 sancta
3103 2843 3339 2897 Ecclesia
3373 2854 3485 2899 toto
3515 2857 3785 2903 terrarum

2195 2926 2328 2979 orbe
2357 2927 2602 2995 patietur,
2634 2931 2877 2983 universa
2906 2932 3110 2986 scilicet
3130 2934 3318 2987 civitas
3338 2933 3541 2990 Christi
3574 2939 3645 2990 ab
3667 2944 3785 2993 uni-

2196 3032 2347 3070 versa
2379 3017 2571 3071 diaboli
2596 3020 2830 3082 civitate,
2857 3031 3280 3093 quantacumque
3306 3026 3410 3078 erit
3438 3037 3670 3096 utraque
3696 3044 3786 3082 su-

2198 3122 2292 3174 per
2323 3115 2535 3160 terram.
2568 3107 2766 3163 Gentes
2793 3110 2988 3179 quippe
3016 3112 3151 3178 istm,
3175 3128 3311 3182 quas
3340 3118 3580 3184 appellat
3604 3118 3721 3188 Gog
3738 3127 3788 3172 et

2197 3196 2408 3265 Magog,
2442 3214 2542 3251 non
2567 3200 2644 3253 sic
2666 3209 2789 3253 sunt
2817 3202 3161 3269 accipiendzc,
3197 3213 3446 3273 tanquam
3482 3209 3599 3262 sint
3628 3210 3789 3278 aliqui

2198 3287 2249 3339 in
2274 3288 2446 3356 aliqua
2473 3300 2621 3356 parte
2647 3297 2905 3344 terrarum
2938 3291 3147 3346 barbari
3175 3296 3474 3360 constituti,
3513 3299 3632 3352 sive
3658 3313 3790 3368 quos

2196 3378 2406 3445 quidam
2435 3380 2766 3449 suspicantur
2788 3382 2949 3435 Getas
2974 3392 3029 3436 et
3054 3384 3378 3454 Massagetas
3402 3426 3418 3453 ,
3451 3399 3683 3458 propter
3711 3390 3796 3443 lit-

2198 3477 2337 3523 teras
2378 3471 2563 3524 horum
2613 3473 2882 3526 nominum
2932 3475 3128 3542 primas
3158 3516 3173 3541 ,
3221 3479 3334 3532 sive
3383 3480 3603 3548 aliquos
3657 3482 3790 3538 alios

2194 3560 2541 3628 alienigenas,
2567 3567 2623 3615 et
2658 3576 2688 3614 a
2721 3561 2961 3615 Romano
2986 3564 3105 3633 jure
3135 3566 3426 3636 sejunetos.
3456 3570 3604 3625 Toto
3637 3587 3791 3625 nam-

2195 3665 2298 3719 que
2335 3650 2461 3705 orbe
2492 3660 2747 3706 terrarum
2791 3654 3068 3723 signiﬁcati
3108 3668 3234 3712 sunt
3263 3658 3349 3714 isti
3374 3674 3526 3727 esse,
3556 3678 3684 3718 cum
3712 3665 3793 3718 di-

2193 3748 2336 3793 ctum
2362 3749 2464 3805 est,
2493 3739 2737 3796 Nationes
2759 3754 3002 3812 quwsunt
3026 3746 3077 3799 in
3105 3757 3322 3817 quatuor
3349 3752 3564 3821 angulis
3594 3764 3748 3809 terra:
3773 3770 3793 3809 .'

2195 3845 2392 3900 easque
2436 3831 2661 3901 subjecit
2701 3847 2825 3887 esse
2854 3833 2964 3905 Gog
2989 3846 3037 3889 et
3068 3835 3277 3909 Magog.
3319 3839 3574 3907 Quorum
3626 3845 3793 3899 inter-

2195 3921 2541 3988 pretationem
2570 3922 2839 3976 nominum
2867 3938 2987 3979 esse
3013 3928 3373 3996 comperimus
3400 3930 3522 4001 Gog
3550 3942 3751 3989 tectum
3776 3976 3792 3998 ,

2194 4009 2379 4079 Magog
2406 4009 2473 4065 de
2493 4020 2633 4065 tecto
2660 4011 2732 4083 (b)
2758 4029 2773 4065 :
2798 4021 3046 4083 tanquam
3069 4014 3284 4082 domus,
3310 4027 3366 4073 et
3391 4019 3513 4090 ipse
3541 4025 3633 4092 qui
3668 4039 3801 4093 pro-.

2195 4100 2333 4155 cedit
2366 4100 2433 4156 de
2459 4100 2640 4155 domo.
2667 4101 2866 4157 Gentes
2895 4104 3056 4173 igitur
3089 4116 3248 4171 sunt,
3282 4107 3334 4162 in
3364 4111 3575 4179 quibus
3602 4114 3795 4169 diabo-

2197 4193 2305 4247 lum
2343 4194 2488 4249 velut
2524 4193 2575 4247 in
2604 4194 2797 4265 abysso
2840 4196 3085 4264 superius
3124 4198 3571 4269 intelligebamus
3626 4206 3795 4259 inclu-

2195 4298 2349 4348 sum;
2380 4291 2434 4337 et
2471 4282 2583 4352 ipse
2619 4283 2687 4337 de
2724 4284 2827 4339 illis
2868 4285 3262 4355 quodammodo
3304 4305 3429 4347 sese
3456 4293 3707 4350 efferens
3743 4305 3795 4351 et

2260 4394 2332 4456 (a)
2357 4394 2771 4467 Christum_itaque
2783 4402 2935 4467 neum
2961 4410 3077 4467 esse
3095 4398 3455 4467 proﬁtebantur
3473 4413 3663 4467 aperte
3679 4420 3799 4456 mar-

2196 4454 2346 4522 tyres,
2361 4454 2557 4522 quando
2571 4455 2662 4522 diis
2682 4454 2948 4522 Sacriﬁmare
2959 4454 3111 4520 jussi.'
3123 4454 3575 4522 respoudebaut'sé
3586 4454 3684 4517 ᾔίιῖ
3702 4454 3798 4519 “Eo

2199 4514 2251 4587 (ξι
2270 4514 2450 4587 christo
2468 4514 2750 4587 sacriﬁcare.
2765 4519 2847 4587 sic
2862 4514 3003 4587 beaia
3024 4514 3251 4583 Crispina,
3277 4537 3389 4585 qua:
3413 4514 3569 4587 passa
3594 4514 3798 4579 (isthic;

2197 4575 2405 4625 cletiano
2426 4577 2689 4650 semiudum
2729 4585 2780 4628 et
2821 4581 3096 4650 Maximiano
3127 4575 3342 4650 augusio
3374 4575 3797 4650 consulibus—die

2197 4650 2428 4713 mearum
2444 4636 2789 4713 ρξερεωυιίιιωρ
2833 4642 2960 4713 and
3001 4636 3239 4713 οριοηίειῖέι
3280 4636 3798 4713 ῖτιιρρεειίιιὲῐώξ

2198 4697 2399 4747 Αιιιιιὶιιο
2415 4698 2717 4765 proconsule,
2740 4697 2882 4749 sicuti
2904 4702 3065 4765 ferunt
3087 4706 3322 4765 passionis
3344 4697 3696 4762 illiusVAc—ta—i'n
3706 4697 3798 4763 ἶῖιῖ

2199 4765 2361 4836 ΒΨἬΨ
2384 4758 2713 4836 ληὲίῖῗὲίέῗξιίῐι
2734 4768 2863 4836 ιοηιο
2881 4764 3028 4836 tmte
3047 4758 3269 4836 νωὲἒῑὶλε
3298 4758 3624 4836 ιβυιιίιυείιῖ
3640 4758 3794 4836 δὲδῦ

2200 4820 2371 4881 inquit,
2399 4837 2422 4865 ι
2442 4820 2715 4884 sacriﬁcavi,
2748 4835 2841 4884 nee
2876 4823 3088 4874 sacriﬁco
3129 4820 3221 4875 nisi
3258 4829 3343 4876 uni
3382 4820 3492 4880 Ded
3518 4841 3577 4883 et
3600 4820 3794 4884 ῡὸιῖιίἶιο

2207 4882 2748 4957 ξΔιιιιξιιῖρᾲιιξξιιειιιοὶξιο
2770 4883 2882 4933 Filio
2905 4885 3038 4957 ejus,_
3052 4887 3135 4948 qui
3152 4895 3312 4957 “natus
3344 4898 3423 4957 est
3449 4902 3509 4943 et
3551 4882 3793 4957 passus;

2200 4946 2254 5016 tit
2275 4944 2567 5016 stammarius
2587 4951 2779 5015 martyr,
2798 4958 2945 5007 quem
2966 4948 3058 5016 sub
3070 4944 3251 5015 eodem
3269 4950 3481 5016 anuli‘no
3502 4944 3803 5016 pr'oeoumle

2200 5003 2461 5069 incivitate
2499 5003 2934 5069 vagensi'pas'sum
2976 5009 3249 5069 imperante
3292 5003 3803 5067 Maximiano—etihab

2202 5061 3059 5142 ﬁseatséeneiaseinream"?
3095 5069 3428 5142 ωειρειοωεη
3465 5061 3611 5142 ᾦιῑλὸ
3625 5061 3805 5142 ῐιὶιαῖιὸ

2202 5124 2440 5197 publicata
2456 5137 2468 5172 :
2493 5142 2515 5169 ι
2529 5132 2773 5197 Nunquam
2788 5126 2998 5197 sacriﬁco
3018 5129 3286 5197 daemoniis,
3299 5134 3392 5182 sed
3409 5124 3507 5185 uni
3521 5124 3801 5197 660ἶῖἆᾷ

2202 5191 2356 5252 Atque
2372 5184 2617 5252 aliquanto
2636 5184 2759 5252 post,
2790 5190 3053 5252 ¢_Domino,
3077 5206 3101 5235 ι
3130 5192 3215 5252 ait,
3244 5184 3283 5239 ι’
3303 5200 3421 5244 Jesu
3438 5184 3648 5249 Chnisto'

2210 5262 2234 5290 ί
2254 5244 2570 5325 ξίὲλειιιξὲευὲ
2595 5244 2708 5325 ἱεῗέίέ
2741 5244 3214 5325 909.1”!!95‘émnb
3246 5267 3386 5325 mars
3425 5244 3804 5325 εἶὸῶἷίῆῖιὲε

2211 5308 2305 5371 (in
2330 5308 2533 5371 eis_sunt
2556 5321 2569 5356 :
2595 5308 2705 5371 huic
2741 5316 2838 5358 Deo
2870 5311 3112 5361 credimus
3149 5308 3211 5362 et'
3236 5317 3509 5368 servimus.
3536 5338 3560 5365 ι
3593 5308 3805 5371 ὴᾶιιὲἷιὸ

2202 5366 2384 5445 ἓῒιῗξδξῗ
2395 5368 2838 5445 @ﬁmeultu'mque
2858 5372 3010 5445 ipsius
3030 5374 3080 5421 in
3103 5376 3354 5445 [most-(llos
3369 5366 3805 5445 νϐιᾴξὺῶῖῶἐί

2205 5434 2320 5501 ιξιεε
2330 5431 2518 5490 pagani,
2544 5437 2599 5501 ut
2625 5431 2795 5501 videre
2821 5431 2897 5501 est
2917 5445 3079 5495 supra,
3123 5431 3212 5501 lib.
3234 5439 3313 5501 18,
3336 5451 3447 5499 cap.
3475 5443 3564 5501 5⁸5,
3589 5452 3643 5494 et
3666 5431 3751 5493 lib.
3780 5431 3800 5492 ἱ

2203 5487 2994 5571 9Ξ.ίὶὲηὲβ.υείέ-ίὶἰ³“.εθ¹ίδωῑυωὲ
3022 5487 3109 5571 93'1-
3132 5497 3215 5571 1'2
3254 5487 3343 5571 ‘23.
3361 5487 3645 5571 οᾶιτὲίέἱιιῖὲ
3660 5487 3806 5553 ἐᾶἐώ

2206 5548 3277 5629 (9229.1{i0399rre93r999-49m.’sitcum)fg
3295 5548 3477 5611 Christi
3497 5548 3807 5629 Esaias;

2211 5564 2355 5620 [quoa
2378 5564 2457 5599 me
2473 5564 2569 5600 non
2587 5564 2977 5661 gmtereundum
3001 5564 3220 5620 Silentio)
3253 5577 3277 5605 ι
3295 5564 3331 5607 Ci

2211 5626 2236 5656 ι
2259 5608 2374 5678 nfex
2399 5626 2423 5655 ι
2451 5611 2593 5673 appel
2642 5623 2718 5661 tur
2733 5626 2762 5661 a
2786 5616 2951 5678 Pontio
2973 5617 3019 5664 in
3044 5617 3197 5678 ipsius
3213 5621 3331 5670 vita.

2207 5664 2496 5782 Byzantina
2507 5664 2958 5734 interpretationem
2971 5664 3211 5741 comperit
3228 5664 3359 5748 55m
3379 5684 3742 5756 Hieronymum
3758 5689 3804 5740 in

2378 5733 2467 5782 clis
2483 5747 2588 5782 can.
2615 5748 2815 5782 xxxvm.

2378 5733 2467 5782 clis
2483 5747 2588 5797 cap.
2615 5733 2815 5788 xxxviii.
