4004 6520
254 400 346 455 ηπ
1537 390 1735 447 LIBER
1776 390 2163 451 Vtcssmus.

255 512 531 587 procedens
564 531 577 566 :
607 521 666 567 ut
694 511 796 566 illae
822 512 929 567 sint
955 518 1150 566 tectum
1175 552 1188 575 ,
1216 510 1329 578 ipse
1355 508 1420 563 de
1452 516 1611 563 tecto.
1639 506 1697 561 Si
1725 520 1821 559 au-

254 616 349 660 tem
379 613 662 670 utrumque
691 601 985 656 referamus
1016 601 1080 653 ad
1106 610 1291 669 gentes
1315 641 1330 663 ,
1381 614 1483 653 nou
1524 613 1684 651 unum
1725 596 1822 649 ho-

255 710 361 749 rum
399 692 465 746 ad
503 692 648 755 illas,
676 693 900 746 alterum
931 690 997 745 ad
1025 690 1292 744 diabolum
1326 705 1340 751 ;
1374 699 1426 743 et
1456 698 1650 742 tectum
1692 689 1820 756 ipsre

254 793 407 847 sunt,
454 783 577 852 quia
626 783 676 834 in
701 782 781 835 eis
825 797 964 834 nunc
1010 780 1295 835 includitur
1334 789 1387 834 et
1426 779 1820 847 quodammodo

255 873 433 943 tegitur
476 872 723 925 inimicus
765 872 1013 939 antiquus
1041 886 1055 935 ;
1105 880 1158 924 et
1187 870 1253 923 de
1282 879 1423 924 tecto
1464 871 1591 939 ipsa:
1620 880 1771 923 erunt
1800 909 1815 934 ,

252 962 451 1032 quando
477 961 528 1014 in
555 970 797 1029 apertum
825 961 1003 1013 odium
1033 960 1101 1014 de
1146 970 1333 1028 operto
1375 968 1643 1027 eruptura:
1672 970 1816 1015 sunt.

253 1051 389 1120 Quod
415 1066 541 1105 vero
567 1052 657 1115 ait,
688 1049 758 1102 Et
786 1050 1113 1103 ascenderunt
1133 1066 1284 1119 super
1306 1060 1452 1102 terra:
1476 1049 1815 1113 latitudinem,

252 1159 304 1195 eo
341 1142 599 1195 cinxerunt
650 1150 815 1193 castra
860 1151 1152 1193 sanctorum
1195 1150 1240 1193 et
1290 1140 1523 1193 dilectam
1571 1140 1818 1192 civitatem

254 1230 445 1302 (Apoc.
471 1246 540 1285 xx
564 1271 580 1296 ,
609 1232 661 1295 7,
689 1231 727 1284 8
753 1231 770 1298 )
801 1248 815 1285 :
848 1245 955 1283 non
999 1230 1179 1298 utique
1223 1230 1291 1282 ad
1334 1245 1495 1283 unum
1526 1229 1697 1282 locum
1730 1244 1819 1282 ve-

253 1324 413 1383 nisse,
440 1324 521 1375 vel
555 1321 759 1375 venturi
787 1336 906 1374 esse
945 1321 1225 1388 signiﬁcati
1274 1330 1430 1384 sunt,
1463 1320 1611 1388 quasi
1638 1319 1818 1386 aliquo

251 1429 347 1467 uno
374 1413 489 1467 loco
515 1412 687 1466 futura
717 1414 822 1466 sint
848 1422 1021 1465 castra
1053 1422 1355 1466 sanctorum
1382 1422 1437 1465 et
1470 1412 1659 1465 dilecta
1688 1411 1819 1464 civi-

251 1513 354 1566 tas;
381 1516 502 1556 cum
535 1502 648 1555 haec
672 1516 776 1555 non
804 1503 872 1555 sit
902 1502 999 1554 nisi
1029 1502 1225 1556 Christi
1256 1500 1493 1558 Ecclesia
1520 1510 1631 1554 toto
1656 1510 1819 1555 terra-

250 1609 355 1647 rum
380 1591 512 1647 orbe
536 1591 727 1646 ditl'usa
755 1609 769 1645 :
798 1606 861 1646 ac
911 1606 1004 1660 per
1033 1591 1134 1645 hoc
1175 1592 1494 1661 ubicumque
1539 1600 1664 1644 tunc
1691 1591 1813 1653 erit,

247 1701 354 1755 qua:
384 1685 433 1738 in
462 1684 714 1739 omnibus
737 1684 983 1753 gentibus
1007 1684 1140 1749 erit,
1174 1683 1315 1753 quod
1354 1684 1704 1753 signiﬁcatum
1736 1691 1819 1737 est

248 1790 450 1830 nomine
473 1775 766 1829 latitudinis
789 1783 944 1828 teme.
966 1814 982 1839 ,
1015 1775 1083 1827 ibi
1110 1784 1269 1828 erunt
1286 1785 1463 1828 castra
1487 1784 1813 1838 sanctorum,

246 1866 311 1920 ibi
349 1866 448 1920 erit
486 1865 677 1920 dilecta
710 1865 818 1919 Deo
846 1865 1036 1919 civitas
1060 1866 1216 1933 ejus;
1250 1866 1321 1918 ibi
1348 1865 1416 1919 ab
1439 1866 1687 1918 onmihus
1716 1864 1817 1917 iui-

248 1954 389 2009 micis
414 1954 527 2009 suis
552 1997 566 2018 ,
595 1954 718 2024 quia
747 1964 801 2010 et
832 1954 929 2023 ipsi
959 1955 1010 2008 in
1039 1954 1286 2008 omnibus
1312 1954 1555 2023 gentibus
1584 1969 1702 2007 cum
1729 1955 1815 2007 illa

244 2055 417 2111 erunt,
446 2047 831 2116 persecutionis
872 2047 1014 2101 illius
1050 2047 1381 2102 immanitate
1417 2049 1681 2117 cingetur,
1714 2046 1816 2101 hoc

246 2150 318 2191 est
337 2178 351 2200 ,
380 2138 429 2191 in
460 2138 733 2207 angustias
766 2138 1120 2192 tribulationis
1147 2139 1437 2195 arctabitur
1458 2180 1472 2202 ,
1525 2140 1814 2209 urgebitnr,

247 2228 614 2294 concludetur;
640 2242 737 2283 nec
764 2229 1004 2283 militiam
1033 2230 1051 2261 ι
1079 2244 1228 2283 suam
1258 2230 1493 2297 deseret,
1517 2246 1634 2300 qua:
1662 2245 1818 2285 voca-

244 2319 359 2374 bulo
383 2331 466 2375 est
494 2321 755 2389 appellata
793 2329 1116 2385 castrorum.
1456 2314 1469 2327 ί

240 2429 456 2487 CAPUT
486 2430 605 2485 XII.
641 2461 714 2471 —
750 2431 828 2485 An
866 2432 934 2485 ad
970 2432 1199 2485 ultimum
1230 2432 1534 2501 supplicium
1573 2436 1816 2504 pertineat

304 2524 591 2592 impiorum,
622 2525 757 2594 quod
784 2524 1098 2579 descendisse
1133 2525 1263 2596 ignis
1292 2526 1352 2579 de
1372 2526 1515 2591 caelo,
1549 2537 1595 2580 et
1619 2529 1817 2582 eosdem

303 2616 573 2670 comedisse
600 2624 922 2669 memoratur.

302 2726 449 2793 Quod
480 2743 609 2783 vero
656 2728 770 2792 ait,
804 2727 871 2781 Et
913 2729 1167 2782 descendit
1203 2730 1334 2800 ignis
1364 2730 1439 2798 (α)
1470 2731 1532 2784 de
1572 2731 1723 2786 ctelos
1769 2742 1817 2785 et

239 2820 438 2875 comedit
478 2838 564 2876 eos
587 2821 767 2893 (Apoc.
802 2838 896 2886 xx,
926 2822 1023 2891 9):
1057 2838 1161 2877 non
1195 2830 1492 2877 extremum
1524 2824 1813 2892 putandum

239 2922 313 2967 est
353 2913 403 2968 id
441 2930 566 2969 esse
605 2915 944 2986 supplicium,
974 2915 1112 2984 quod
1143 2915 1261 2980 erit,
1292 2930 1412 2970 cum
1454 2917 1682 2984 dicetur,
1718 2917 1813 2971 Di-

237 3004 408 3057 scedite
454 3021 485 3056 a
528 3021 643 3071 me,
687 3004 979 3069 maledicti,
1020 3006 1071 3058 in
1114 3006 1280 3076 ignem
1307 3015 1545 3060 ceternum
1579 3007 1811 3078 (Matth.

239 3109 351 3157 xxv,
378 3093 490 3163 Al).
523 3093 673 3148 Tunc
702 3095 897 3165 quippe
938 3095 991 3149 in
1026 3095 1199 3165 ignem
1235 3097 1513 3151 mittentur
1541 3098 1638 3167 ipsi
1665 3138 1679 3161 ,
1708 3114 1813 3155 non

239 3183 363 3251 ignis
392 3184 459 3238 de
486 3184 627 3239 caelo
656 3186 830 3239 veniet
856 3200 1017 3254 super
1052 3186 1212 3255 ipsos.
1245 3186 1340 3241 llic
1367 3196 1546 3242 autem
1576 3188 1707 3242 bene
1734 3188 1815 3242 in-

236 3275 476 3344 telligitur
502 3274 634 3345 ignis
656 3274 717 3328 de
746 3275 869 3329 caelo
894 3316 909 3340 ,
939 3275 1006 3329 de
1034 3276 1145 3344 ipsa
1180 3276 1429 3331 ﬁrmitate
1464 3288 1769 3331 sanctorum
1796 3317 1811 3341 ,

234 3382 327 3434 qua
360 3383 462 3421 non
490 3368 694 3421 cessuri
738 3376 860 3422 sunt
900 3369 1238 3423 saevientibus
1260 3409 1275 3433 ,
1307 3377 1363 3423 ut
1390 3384 1575 3425 eorum
1623 3370 1816 3425 faciant

233 3456 572 3511 Voluulalcm.
618 3455 1032 3511 Firmamentum
1078 3469 1159 3513 est
1205 3460 1347 3512 enim
1398 3460 1631 3526 cmlum,
1663 3462 1815 3530 cujus

235 3548 473 3603 ﬁrmitate
492 3548 568 3601 illi
586 3548 963 3603 cruciabuntur
983 3549 1357 3604 ardentissimo
1378 3551 1528 3614 zelo;
1560 3553 1811 3620 quoniam

234 3653 329 3691 non
367 3646 627 3709 poterunt
651 3639 920 3694 attrahere
962 3640 1013 3693 iu
1047 3649 1224 3709 partes
1255 3640 1568 3695 Antichristi
1598 3650 1811 3697 sanctos

230 3730 440 3786 Christi.
486 3733 557 3788 Et
597 3732 711 3801 ipse
740 3733 843 3787 erit
884 3734 1019 3803 ignis
1049 3734 1138 3802 qui
1168 3734 1414 3788 comedet
1440 3748 1569 3797 eos,
1615 3744 1670 3789 et
1711 3735 1812 3789 hoc

230 3840 259 3875 a
284 3822 389 3878 Deo
421 3840 441 3878 :
469 3824 596 3895 quia
628 3825 720 3878 Dei
765 3840 989 3879 munere
1028 3824 1410 3895 insuperabiles
1442 3825 1575 3878 ﬁunt
1599 3827 1767 3880 sancti
1792 3868 1807 3891 ,

232 3916 365 3970 unde
394 3917 774 3973 excruciantur
799 3917 1018 3972 inimici.
1060 3917 1209 3972 Sicut
1232 3918 1373 3971 enim
1404 3917 1456 3971 in
1487 3918 1627 3972 bono
1670 3919 1811 3987 posi-

232 4018 336 4062 tum
354 4016 459 4074 est,
479 4006 636 4063 Zelus
649 4008 825 4062 domus
844 4018 945 4061 tua:
964 4008 1176 4061 comedit
1190 4024 1267 4061 me
1288 4009 1304 4076 (
1316 4006 1457 4061 Psal.
1474 4024 1655 4070 vant,
1678 4008 1763 4077 10)
1790 4026 1805 4073 ;

232 4096 296 4150 ita
324 4113 356 4153 e
384 4096 691 4160 contrario,
724 4095 878 4152 Zelus
921 4098 1181 4165 occupavit
1205 4095 1395 4165 plebem
1415 4096 1739 4157 ineruditum.
1763 4107 1811 4150 et

230 4204 354 4241 nunc
369 4188 505 4257 ignis
532 4187 810 4240 contrarios
826 4188 1047 4240 comedet
1073 4185 1221 4257 (lsai.
1243 4202 1387 4251 xxVI,
1405 4187 1491 4251 ll,
1505 4203 1602 4240 sec.
1622 4185 1806 4258 LXX).

231 4278 291 4331 Et
306 4297 439 4334 nunc
455 4281 665 4349 utique,
679 4288 901 4350 excepto
916 4280 1118 4334 scilicet
1136 4279 1301 4333 ultimi
1321 4280 1461 4333 illius
1478 4280 1807 4350 ignejtnlicii.

230 4376 328 4427 Aut
354 4374 399 4429 si
426 4388 553 4428 eam
596 4372 835 4442 plagam,
863 4386 965 4442 qua
1011 4371 1338 4441 pereutiendi
1386 4381 1511 4425 sunt
1559 4373 1810 4427 Ecclesia:

229 4477 604 4535 persecutores
630 4506 646 4531 ,
694 4466 940 4519 veniente
984 4464 1094 4534 jam
1132 4462 1345 4518 Christo
1365 4504 1379 4528 ,
1408 4478 1543 4533 quos
1568 4466 1812 4519 viventes

228 4558 463 4613 inveniet
513 4571 676 4625 super
722 4564 951 4619 terram,
978 4554 1192 4624 quando
1219 4555 1501 4610 interticiet
1546 4555 1817 4610 Antichri-

228 4658 362 4702 stum
392 4648 591 4718 spiritu
619 4647 728 4701 oris
755 4646 838 4701 sui
868 4646 885 4717 (
908 4645 949 4701 II
978 4645 1155 4700 Thess.
1183 4661 1240 4711 ιι,
1263 4646 1341 4714 8),
1375 4646 1550 4715 ignem
1581 4646 1813 4716 appella-

225 4744 298 4798 vit
318 4740 742 4798 descendentem
770 4738 838 4795 de
861 4739 1020 4804 caelo,
1047 4753 1245 4807 eosque
1272 4737 1641 4793 comedentem
1664 4777 1681 4803 ,
1712 4753 1810 4793 ne-

227 4849 323 4901 que
341 4831 447 4886 hoc
470 4830 723 4887 ultimum
754 4830 1070 4900 supplicium
1099 4829 1201 4883 erit
1230 4828 1534 4897 impiorum,
1563 4828 1655 4882 sed
1682 4828 1811 4883 illud

226 4926 360 4995 quod
392 4926 538 4981 facta
563 4938 843 4993 corporum
874 4921 1263 4978 resurrectione
1289 4920 1493 4989 passuri
1523 4930 1668 4973 sunt.

226 5056 450 5113 CAPUT
494 5055 634 5111 XIII.
674 5085 745 5095 —
781 5054 859 5108 An
899 5065 1090 5123 tempus
1127 5054 1483 5122 persecutionis
1520 5054 1813 5107 Antichristi

550 5145 686 5197 mille
722 5144 866 5197 annis
904 5144 1334 5196 annunterandum
1361 5144 1491 5197 sit’.

292 5283 419 5337 Ilaec
452 5279 759 5353 persecutio
788 5278 1102 5342 novissima,
1136 5293 1253 5347 qua:
1292 5275 1463 5333 futura
1490 5287 1572 5331 est
1600 5276 1667 5330 ab
1696 5279 1808 5331 An-

280 5446 298 5476 ι
333 5442 494 5491 Editio
534 5445 684 5500 um,
724 5434 977 5488 malitiam.
1009 5433 1295 5484 Emendatur
1339 5446 1403 5483 ex
1445 5431 1588 5481 editis
1626 5430 1735 5482 aliis
1761 5439 1813 5482 et

218 5502 586 5565 manuscriptis.
961 5564 969 5565 ί
1024 5563 1032 5565 4
1423 5553 1452 5565 _.
1522 5554 1532 5564 .

278 5551 533 5616 i115
560 5567 615 5611 Al.
638 5559 774 5619 editi,
798 5571 867 5608 an
888 5563 1199 5621 antetempus
1215 5553 1556 5620 persecutionis
1572 5551 1812 5604 Antichri-

220 5626 277 5676 sti
297 5626 434 5676 mille
459 5622 579 5673 armi
601 5618 951 5671 annumerandi
971 5618 1084 5669 sint.

277 5675 353 5751 (α)
491 5684 726 5751 omissum
747 5689 843 5751 est,
866 5694 897 5729 a
920 5689 1054 5740 Deo;
1240 5685 1403 5726 tamen
1431 5689 1491 5725 eo

397 5746 612 5812 legebat
636 5736 925 5812 Augustinus
946 5756 960 5791 :
987 5736 1173 5791 nam‘id
1196 5754 1328 5798 mox,
1347 5738 1585 5801 quomodo
1624 5736 1721 5787 illic
1744 5739 1812 5786 in-

224 5805 550 5873 t'e'lIigcndutn
572 5808 651 5866 sit,
669 5805 886 5866 exponit.

3402 408 3508 461 6'78

1930 509 2172 565 tichristo
2202 512 2375 580 (sicut
2417 514 2524 585 jam
2570 516 2839 586 diximus,
2871 520 2992 590 quia
3040 531 3093 575 et
3130 520 3181 575 in
3232 520 3331 577 hoc
3370 523 3505 579 libro

1927 603 2170 667 superius
2184 600 2364 673 [Αροσ.
2384 621 2440 671 x,
2457 618 2501 658 et
2526 607 2626 679 x1],
2646 618 2698 663 et
2724 610 2861 681 apud
2894 612 3159 666 Danielem
3190 612 3503 682 prophetam

1930 689 1943 761 Ι
1974 692 2106 747 Dan.
2136 692 2231 764 xu]
2264 696 2487 763 positum
2514 702 2638 768 est),
2668 702 2836 755 tribus
2861 704 3013 758 annis
3038 714 3091 757 et
3114 720 3207 758 sex
3234 706 3507 759 mensibus

1926 783 2045 837 erit.
2075 785 2224 851 Quod
2253 796 2478 857 tempus,
2511 793 2750 860 quamvis
2774 794 3042 864 exiguum,
3072 806 3244 849 utrum
3267 797 3333 850 ad
3361 797 3506 851 mille

1924 890 2093 929 annos
2136 880 2436 947 pertineat,
2465 884 2656 951 quibus
2684 898 2735 938 et
2764 886 3031 941 diabolum
3075 888 3289 956 ligatum
3335 888 3457 941 dicit
3486 927 3502 950 ,

1925 979 1976 1020 et
2007 980 2217 1023 sanctos
2248 986 2470 1040 regnare
2494 990 2612 1027 cum
2634 975 2879 1042 Christo;
2905 994 2973 1031 an
2994 979 3193 1033 eisdem
3220 978 3374 1032 annis
3402 979 3502 1032 hoc

1927 1075 2142 1127 ρςτιγιιιιι
2166 1064 2394 1130 spatium
2422 1066 2825 1133 superaddatur,
2850 1079 3005 1134 atque
3026 1072 3094 1123 sit
3115 1081 3284 1135 ostra,
3311 1071 3504 1123 merito

1924 1150 2225 1219 ambigitur.
2257 1152 2387 1220 Quia
2417 1154 2461 1208 si
2491 1155 2777 1210 dixerimus
2820 1158 2884 1210 ad
2929 1159 3144 1213 eosdem
3188 1174 3356 1213 annos
3401 1160 3503 1215 hoc

1924 1242 2191 1309 pertinere
2219 1284 2234 1307 ,
2277 1258 2379 1298 non
2425 1252 2572 1299 tanto
2619 1256 2856 1315 tempore
2881 1289 2895 1313 ,
2937 1249 3028 1302 sed
3060 1250 3351 1320 prolixiore
3379 1264 3501 1304 cum

1921 1332 2135 1385 Christo
2164 1348 2379 1401 regnum
2408 1344 2711 1389 sanctorum
2745 1337 3037 1405 reperietur
3064 1339 3310 1405 extendi,
3340 1355 3500 1409 quam

1922 1424 2164 1478 diabolus
2189 1427 2410 1495 alligari.
2444 1427 2692 1483 Profecto
2719 1430 2861 1482 enim
2892 1431 3056 1484 sancti
3088 1447 3206 1484 cum
3235 1446 3332 1485 suo
3361 1433 3504 1501 Itege

1921 1518 2079 1570 etiam
2109 1518 2158 1571 in
2195 1518 2307 1586 ipsa
2333 1520 2597 1587 praecipue
2637 1522 3004 1588 persecutione
3041 1524 3331 1590 reguahuut
3366 1526 3504 1577 mala

1923 1618 2062 1661 tanta
2096 1608 2387 1671 vincentes.
2419 1611 2630 1680 quando
2652 1612 2760 1681 jam
2790 1613 3033 1667 diabolus
3063 1630 3166 1667 non
3196 1616 3297 1667 erit
3321 1614 3505 1684 alliga-

1922 1708 2027 1764 tus,
2054 1711 2108 1754 ut
2129 1717 2221 1756 eos
2251 1705 2493 1774 persequi
2524 1704 2772 1758 omnibus
2793 1706 2995 1759 viribus
3019 1706 3203 1776 possit.
3227 1706 3505 1774 Quomodo

1920 1807 2046 1861 ergo
2073 1793 2171 1847 ista
2206 1794 2475 1863 Scriptura
2506 1796 2705 1851 eisdem
2742 1797 2885 1851 mille
2913 1799 3066 1851 annis
3095 1808 3375 1867 utrumque
3407 1798 3503 1853 de-

1922 1886 2213 1950 terminat,
2263 1886 2457 1941 diaboli
2500 1881 2705 1943 scilicet
2752 1889 3141 1958 alligationem,
3177 1905 3506 1959 regnumque

1920 1986 2221 2031 sanctorum
2248 1996 2262 2041 ;
2295 1994 2415 2032 cum
2447 1980 2603 2033 trium
2631 1996 2888 2034 annorum
2918 1992 2970 2034 et
3000 1983 3101 2035 scx'
3131 1980 3393 2035 mensium
3421 1981 3505 2034 in-

1920 2071 2139 2124 tervallo
2172 2072 2316 2141 prius
2342 2072 2551 2125 desinat
2577 2073 2809 2142 alligatio
2830 2073 3024 2126 diaboli
3051 2114 3066 2138 ,
3094 2088 3252 2143 quam
3284 2087 3503 2143 regnum

1918 2173 2222 2218 sanctorum
2252 2165 2305 2218 in
2336 2164 2415 2218 his
2443 2165 2588 2220 mille
2626 2166 2777 2219 anuis
2816 2180 2933 2219 cum
2961 2165 3214 2219 Christo?
3241 2164 3295 2220 Si
3326 2174 3505 2219 autem

1917 2255 2205 2311 dixerimus
2253 2272 2470 2325 parvum
2516 2258 2897 2326 persecutionis
2936 2256 3091 2326 hujus
3130 2256 3231 2310 hoc
3272 2256 3504 2325 spatium

1919 2361 2024 2399 non
2068 2346 2479 2416 cmnputandum
2528 2348 2579 2402 in
2626 2348 2769 2402 tuille
2811 2348 3002 2414 annis,
3043 2348 3137 2401 sed
3165 2348 3244 2401 eis
3272 2348 3504 2416 impletis

1921 2438 2094 2506 potius
2121 2437 2476 2506 adjiciendum
2503 2455 2517 2503 ;
2550 2447 2605 2492 ut
2631 2439 2844 2508 proprie
2874 2439 3040 2507 possit
3072 2439 3286 2506 intelligi
3314 2479 3327 2501 ,
3357 2438 3502 2507 quod

1916 2542 2038 2581 cum
2065 2529 2285 2581 dixisset
2309 2570 2322 2588 .
2356 2529 2655 2583 Sacerdotes
2681 2529 2778 2583 Dei
2800 2540 2845 2583 et
2873 2529 3057 2583 Christi
3088 2531 3362 2599 regnabant
3388 2545 3503 2583 cum

1918 2635 1974 2672 eo
2000 2620 2138 2673 mille
2160 2622 2325 2685 annis,
2354 2620 2562 2690 adjecit,
2591 2621 2792 2674 Etcum
2820 2623 2950 2689 finiti
2976 2622 3161 2690 fuerint
3190 2621 3327 2675 mille
3353 2622 3500 2687 anni,

1917 2715 2134 2767 solvetur
2172 2725 2375 2768 satanas
2406 2716 2467 2768 de
2504 2716 2733 2768 custodia
2769 2732 2903 2780 sua;
2941 2717 3043 2770 ISltl
3073 2715 3213 2768 enim
3256 2714 3412 2768 modo
3444 2723 3502 2768 et

1916 2820 2139 2874 regnum
2169 2816 2471 2860 sanctorum
2510 2815 2565 2861 et
2592 2808 2860 2861 vinculum
2899 2806 3092 2860 diaboli
3133 2806 3289 2859 simul
3316 2820 3498 2860 ceSsa-

1919 2908 2033 2953 tura
2055 2914 2175 2954 esse
2194 2899 2472 2969 signiﬁcat,
2498 2910 2555 2954 ut
2577 2900 2769 2955 deinde
2795 2902 3175 2971 persecuttonis
3195 2900 3335 2954 illius
3362 2910 3498 2955 tem-

1916 3006 2017 3061 pus
2045 3007 2142 3046 nee
2168 2993 2233 3045 ad
2261 3000 2566 3047 sanctorum
2596 3009 2840 3064 regnum,
2870 3010 2967 3048 nec
2993 2993 3058 3047 ad
3086 2992 3379 3047 custodiam
3406 3006 3500 3046 sa-

1919 3091 2073 3146 lanas,
2098 3097 2322 3151 quorum
2349 3092 2627 3153 utrumque
2652 3085 2705 3137 in
2732 3084 2879 3139 mille
2902 3084 3057 3137 anuis
3075 3092 3177 3147 est,
3207 3083 3496 3152 pertinere,

1915 3174 2009 3229 sed
2047 3175 2442 3244 superadditutn
2471 3186 2525 3231 et
2559 3186 2706 3231 extra
2734 3179 3143 3247 computandum
3170 3193 3290 3232 esse
3311 3175 3500 3232 creda-

1919 3276 2044 3321 tur:
2074 3281 2324 3337 cogemur
2354 3268 2504 3323 lateri
2532 3278 2748 3324 sanctos
2787 3271 2841 3324 in
2878 3270 2965 3325 illa
3007 3271 3374 3339 persecutione
3410 3285 3497 3323 re-

1916 3368 2169 3428 gnaturos
2215 3374 2321 3413 non
2372 3368 2655 3414 esse'cum
2698 3360 2935 3416 Christo.
2984 3361 3088 3416 Sed
3140 3362 3259 3430 quis
3305 3361 3501 3417 audeat

1915 3450 2096 3505 dicere
2125 3490 2142 3516 ,
2194 3459 2321 3506 tunc
2348 3467 2467 3506 cum
2500 3451 2591 3508 illo
2616 3467 2721 3507 non
2748 3462 3027 3522 regnatura
3067 3468 3159 3507 sua
3211 3453 3447 3507 membra
3476 3495 3493 3521 ,

1914 3542 2125 3610 quando
2148 3543 2198 3597 ei
2238 3542 2466 3597 maxime
2498 3555 2658 3614 atque
2704 3545 2991 3600 fortissime
3023 3546 3400 3611 coluerebunt,
3444 3554 3499 3601 et

1913 3648 2019 3701 quo
2048 3642 2287 3701 tempore
2312 3643 2511 3703 quanto
2539 3636 2642 3689 erit
2665 3637 2841 3689 acrior
2869 3637 3098 3705 impetus
3136 3638 3256 3691 belli
3286 3679 3303 3704 ,
3350 3646 3499 3693 tanto

1913 3724 2084 3791 major
2103 3723 2270 3793 gloria
2292 3741 2395 3777 non
2412 3725 2635 3779 cedendi
2658 3726 2697 3790 ι,
2724 3735 2870 3779 tanto
2889 3728 3104 3780 densior
3126 3742 3321 3781 corona
3346 3744 3494 3782 utar-

1914 3816 2077 3886 tyrii?
2103 3818 2207 3870 Aut
2231 3817 2274 3870 si
2302 3829 2519 3886 propter
2545 3817 2933 3885 tribulationes,
2962 3834 3093 3887 quas
3120 3819 3322 3887 passuri
3344 3830 3490 3885 sunt,

1912 3925 2019 3964 non
2040 3909 2247 3964 dicendi
2270 3919 2395 3964 sunt
2413 3911 2713 3980 regnaturi;
2741 3926 3076 3980 consequens
3099 3914 3220 3978 erit,
3250 3922 3303 3966 ut
3329 3914 3493 3970 etiam

1911 4002 2275 4071 superioribus
2301 4002 2487 4056 diebus
2514 4002 2564 4055 in
2590 4001 2791 4057 eisdem
2830 4002 2971 4056 mille
2994 4004 3147 4056 annis
3176 4004 3494 4074 quicumque

1912 4095 2298 4150 tribulabantur
2316 4103 2639 4159 sanctorum,
2661 4109 2727 4148 eo
2747 4094 2862 4164 ipso
2882 4102 3120 4165 tempore
3142 4095 3493 4151 tribulationis

1913 4204 2025 4243 sua:
2050 4204 2171 4243 cum
2199 4188 2413 4242 Christo
2439 4204 2544 4242 non
2573 4202 2822 4258 regnasse
2848 4188 3093 4242 dicantur
3124 4205 3136 4240 :
3167 4202 3231 4242 ac
3264 4202 3360 4256 per
3391 4188 3493 4242 hoc

1912 4290 1967 4335 et
1992 4280 2062 4334 illi
2092 4322 2107 4345 ,
2152 4295 2377 4350 quorum
2416 4282 2624 4333 animas
2664 4290 2850 4333 auctor
2889 4279 3006 4333 libri
3035 4279 3189 4349 hujus
3209 4279 3405 4333 vidisse
3434 4294 3495 4336 se

1912 4372 2095 4428 scribit
2112 4371 2410 4425 occisorum
2437 4381 2659 4442 propter
2679 4372 3038 4425 testimonium
3061 4371 3185 4427 Jesu
3207 4380 3261 4426 et
3280 4380 3496 4441 propter

1913 4463 2134 4519 verbum
2164 4463 2291 4527 Dei,
2324 4479 2429 4517 non
2461 4464 2753 4534 regnabant
2778 4479 2896 4518 cum
2924 4462 3137 4519 Christo
3161 4465 3372 4534 quando
3403 4480 3495 4534 pa-

1915 4555 2182 4609 tiebantur
2215 4556 2674 4624 petsecutionem;
2706 4564 2759 4608 et
2787 4555 2885 4622 ipsi
2916 4570 3132 4623 regnum
3164 4555 3355 4609 Christi
3387 4570 3494 4611 non

1914 4653 2066 4700 erant
2086 4688 2102 4711 ,
2130 4660 2264 4715 quos
2289 4645 2529 4698 Christus
2560 4645 2903 4698 excellentius
2934 4644 3254 4712 possidebat.
3287 4645 3494 4699 Absur-

1915 4734 2188 4790 dissimutn
2216 4734 2267 4787 id
2291 4734 2504 4802 quidem
2531 4742 2585 4787 et
2611 4733 2758 4787 omni
2782 4732 2940 4787 modo
2968 4734 3341 4788 aversaudum.
3382 4734 3492 4788 Sed

1912 4835 2059 4881 certe
2100 4826 2291 4879 animre
2333 4825 2576 4879 victrices
2619 4825 3119 4895 gloriosissimorum
3160 4836 3492 4897 martyrum,

1910 4918 2159 4973 omnibus
2188 4916 2460 4973 doloribus
2498 4931 2561 4970 ac
2605 4917 2871 4971 laboribus
2900 4918 3160 4985 superatis
3187 4926 3345 4985 atque
3376 4918 3494 4970 tini-

1913 5012 2019 5074 tis,
2062 5018 2405 5078 posteaquam
2446 5007 2688 5062 mortalia
2732 5007 2967 5061 membra
3015 5017 3338 5077 posuerunt,
3370 5022 3491 5061 eum

1912 5102 2125 5158 Christo
2154 5102 2333 5172 utique
2358 5109 2711 5171 regnaverunt
2736 5108 2792 5155 et
2817 5111 3038 5170 regnant
3059 5141 3074 5165 ,
3104 5100 3276 5155 donec
3306 5101 3494 5154 ﬁnian-

1916 5205 2001 5250 tur
2030 5194 2173 5250 mille
2210 5196 2367 5257 anni,
2398 5204 2456 5249 ut
2500 5204 2679 5263 postea
2722 5196 2949 5263 receptis
2982 5195 3141 5247 etiam
3184 5194 3493 5264 corporibus

1912 5286 2020 5356 jam
2064 5285 2448 5339 immortalibus
2475 5292 2715 5353 regnent.
2758 5283 2987 5338 Proinde
3018 5284 3193 5336 tribus
3220 5284 3320 5336 illis
3340 5283 3494 5338 annis

1918 5390 2073 5449 atque
2101 5377 2322 5432 dimidio
2345 5420 2361 5443 ,
2390 5378 2578 5431 anima:
2608 5376 2906 5429 occisorum
2938 5391 3032 5445 pro
3057 5376 3172 5443 ejus
3202 5375 3456 5445 martyrio
3475 5416 3491 5438 ,

1920 5478 1973 5525 et
1999 5484 2115 5538 qua:
2140 5477 2294 5522 antea
2322 5466 2390 5521 de
2413 5466 2727 5535 corporibus
2751 5467 3011 5529 exierunt,
3044 5474 3095 5520 et
3122 5481 3238 5533 quze
3263 5465 3372 5533 ipsa
3399 5482 3495 5519 no-

1917 5562 2129 5616 vissima
2170 5558 2538 5629 persecutione
2580 5567 2704 5613 sunt
2737 5558 2954 5612 exiturae
2981 5598 2997 5621 ,
3042 5557 3333 5626 regnabunt
3374 5571 3494 5610 cum

1918 5655 2007 5709 illo
2030 5694 2044 5719 ,
2097 5652 2265 5707 donec
2304 5650 2516 5704 ﬁniatur
2559 5650 2784 5703 mortale
2821 5646 3073 5703 saeculum
3101 5688 3119 5713 ,
3165 5655 3219 5703 et
3258 5647 3325 5701 ad
3367 5646 3495 5703 illud

1986 5794 2002 5826 ί
2021 5790 2158 5845 Vind.
2184 5792 2289 5842 Am.
2316 5794 2392 5844 Er.
2421 5799 2473 5842 et
2493 5790 2662 5848 plures
2682 5803 2879 5842 manusc
2895 5793 3005 5854 -ipti,
3031 5803 3124 5841 non
3147 5778 3355 5848 cedenti.
