3976 6510
576 346 679 404 079

582 470 827 527 regnum,
861 452 949 509 ubi
977 466 1122 508 mors
1148 467 1254 506 non
1279 450 1402 517 erit,
1432 456 1750 505 transeatnr.
1774 449 2031 517 Quocirca
2052 462 2174 503 cum

574 547 791 601 Christo
832 545 1165 615 regnantium
1209 550 1518 598 sanctorum
1572 539 1750 610 plures
1800 539 1925 594 anni
1960 548 2171 617 erunt,

578 652 739 707 quam
766 635 964 689 vinculi
1001 633 1200 690 diaboli
1242 643 1298 688 et
1339 631 1597 687 custodia:
1627 649 1641 684 :
1673 632 1795 700 quia
1828 630 1902 685 illi
1929 646 2049 685 cum
2074 644 2173 685 suo

578 741 705 795 rege
734 726 825 780 Dci
852 726 987 780 Filio
1011 766 1027 792 ,
1063 725 1174 796 jam
1202 725 1414 779 diabolo
1446 738 1549 779 non
1577 723 1737 793 ligato
1756 723 1916 777 etiam
1945 737 2041 792 per
2064 731 2174 776 tres

578 816 699 871 illos
718 831 888 872 annos
904 832 967 871 ac
988 817 1283 882 semissem,
1301 816 1616 886 regnabunt.
1637 815 1898 870 Remanet
1919 814 2095 883 igitur,
2115 821 2174 868 ut

576 922 698 961 cum
726 908 992 971 audimus,
1017 908 1316 963 Sacerdotes
1336 908 1432 961 Dei
1471 916 1519 961 et
1547 906 1735 962 Christi
1760 905 2036 977 regnabant
2056 922 2172 959 cum

576 996 667 1050 illo
696 998 835 1051 mille
862 999 1031 1065 annis,
1058 1009 1239 1054 etcum
1267 1000 1401 1068 ﬁniti
1420 999 1606 1070 fuerint
1634 998 1771 1052 mille
1789 998 1932 1065 anni,
1953 997 2172 1051 soluetur

581 1098 789 1145 satanas
805 1091 867 1144 de
881 1092 1112 1145 custodia
1127 1107 1223 1145 sua
1237 1108 1257 1156 ;
1273 1100 1365 1145 aut
1394 1106 1497 1145 non
1517 1090 1664 1157 regni
1689 1089 1845 1158 hujus
1862 1098 2167 1141 sanctorum

578 1179 933 1250 intelligamus
948 1198 1117 1237 annos
1138 1183 1283 1237 mille
1301 1182 1460 1244 liniri,
1479 1181 1573 1236 sed
1592 1181 1782 1235 vinculi
1799 1179 1993 1234 diaboli
2010 1187 2170 1247 atque

573 1272 861 1338 custodiae;
885 1281 943 1327 ut
964 1287 1133 1328 annos
1160 1273 1304 1328 mille
1336 1314 1350 1337 ,
1383 1273 1433 1327 id
1459 1281 1541 1326 est
1558 1314 1573 1335 ,
1599 1286 1768 1326 annos
1794 1285 1979 1324 onmes
2003 1283 2131 1323 suos
2148 1310 2165 1336 ,

574 1376 799 1431 qumque
824 1378 947 1433 pars
968 1363 1161 1418 habeat
1188 1364 1412 1418 diversis
1435 1378 1500 1417 ac
1526 1362 1755 1434 propriis
1779 1359 2169 1430 prolixitatibus

577 1453 861 1521 tiniendos,
889 1456 1146 1525 ampliore
1174 1465 1480 1511 sanctorum
1498 1468 1682 1521 regno,
1702 1452 1947 1507 breviore
1972 1449 2167 1505 diaboli

573 1546 783 1605 vinculo
815 1563 829 1604 ε
860 1555 948 1605 aut
975 1556 1120 1604 certe
1143 1589 1158 1612 ,
1198 1546 1451 1617 quoniam
1494 1546 1652 1599 trium
1698 1557 1960 1597 annorum
1988 1550 2042 1596 et
2072 1555 2167 1597 sex

574 1640 836 1695 mensium
855 1639 1222 1696 brevissimum
1240 1638 1467 1707 spatium
1484 1644 1586 1700 est,
1617 1634 1914 1704 computari
1930 1634 2166 1689 noluisse

570 1732 837 1797 credatur,
863 1733 975 1787 sive
996 1731 1135 1803 quod
1154 1731 1332 1785 minus
1348 1739 1550 1783 satana:
1568 1726 1859 1792 vinculum,
1881 1726 1995 1781 sive
2022 1724 2165 1795 quod

571 1824 798 1893 amplius
830 1824 1040 1878 videtur
1067 1838 1287 1893 regnum
1318 1820 1517 1875 habere
1550 1827 1857 1873 sanctorum
1887 1834 1902 1869 :
1931 1817 2070 1872 sicut
2096 1814 2167 1870 de

570 1915 966 1985 quadringentis
988 1915 1142 1970 annis
1169 1914 1220 1967 in
1249 1920 1401 1969 sexto
1424 1910 1634 1966 decimo
1652 1908 1805 1979 hujus
1819 1907 1999 1978 operis
2013 1907 2165 1962 volu-

569 2007 715 2061 mine
734 2007 996 2077 disputavi
1019 2006 1156 2077 (cap.
1175 2005 1291 2075 24);
1316 2003 1565 2075 quoniam
1588 2002 1705 2072 plus
1732 2000 1929 2070 aliquid
1951 2009 2104 2055 erant
2120 2002 2160 2065 ',

568 2105 624 2151 et
653 2106 828 2151 tamen
856 2095 1225 2166 quadringenti
1256 2102 1385 2149 sunt
1411 2092 1700 2162 nuncupati
1729 2108 1744 2146 :
1777 2101 1831 2145 et
1865 2090 1990 2145 talia
2019 2103 2164 2160 sazpe

567 2188 906 2258 reperiuntur
942 2188 994 2242 in
1024 2186 1241 2242 Litteris
1280 2188 1479 2252 sacris,
1506 2185 1553 2239 si
1577 2185 1697 2255 quis
1724 2183 1984 2239 advertat.

566 2296 793 2353 CAPUT
832 2297 973 2354 XIV.
999 2328 1071 2337 —
1098 2296 1177 2360 De
1213 2297 1538 2351 damnatione
1581 2295 1771 2350 diaboli
1797 2311 1912 2349 cum
1939 2294 2067 2361 suis,
2112 2303 2163 2348 et

639 2406 731 2461 per
771 2389 1242 2461 recapitulationem
1282 2388 1345 2442 de
1373 2387 1739 2442 resurrectione
1774 2402 2019 2456 corporea
2054 2402 2163 2440 om-

638 2483 779 2537 nium
805 2492 1139 2549 mortuorum,
1184 2491 1235 2537 et
1264 2481 1328 2535 de
1343 2480 1543 2552 judicio
1572 2480 1769 2533 ultima:
1796 2478 2158 2533 retributionis.

639 2597 765 2651 Post
819 2596 958 2650 hanc
1014 2602 1191 2650 autem
1238 2591 1808 2649 commemorationem
1855 2589 2161 2645 novissima:

566 2686 975 2756 persecutionis,
1010 2684 1244 2739 breviter
1272 2682 1650 2752 complectitur
1681 2690 1873 2746 totum,
1905 2679 2047 2750 quod
2074 2678 2159 2732 ul-

565 2777 822 2846 timojam
845 2775 1049 2846 judicio
1068 2774 1332 2839 diabolus,
1358 2782 1557 2828 etcum
1580 2786 1679 2827 suo
1705 2771 1945 2841 principe
1972 2770 2160 2827 civitas

565 2868 780 2922 inimica
802 2882 1020 2937 passura
1050 2876 1152 2922 est.
1187 2866 1325 2921 Dicit
1362 2864 1506 2920 enim
1535 2880 1548 2916 :
1582 2862 1647 2917 Et
1676 2862 1908 2916 diabolus
1950 2862 2039 2933 qui
2074 2877 2159 2915 se-

567 2958 777 3012 ducebut
801 2959 1093 3025 eos,missus
1113 2968 1185 3013 est
1201 2957 1254 3011 in
1279 2966 1514 3028 stagnum
1542 2956 1675 3026 ignis
1689 2964 1736 3009 et
1763 2955 2039 3023 sulphuris,
2059 2970 2158 3025 quo

565 3051 727 3105 bestia
754 3060 801 3105 et
826 3050 1369 3121 pseudOprOpheta;et
1390 3049 1750 3102 cruciabuntur
1770 3050 1791 3080 ³
1816 3048 1897 3103 die
1921 3064 1983 3101 ac
2009 3058 2157 3102 nocte

564 3141 621 3193 in
645 3141 831 3194 uacula
852 3136 1159 3195 saeculorum
1183 3139 1364 3212 (Apoc.
1393 3155 1484 3203 xx,
1505 3138 1539 3194 9
1556 3147 1603 3193 et
1626 3137 1735 3203 lO).
1759 3137 1993 3193 Bestiam
2022 3138 2158 3194 bene

564 3232 786 3302 intelligi
816 3232 985 3302 ipsam
1012 3233 1231 3302 impiam
1258 3232 1550 3295 civitatem,
1578 3245 1735 3300 supra
1762 3231 1873 3299 jam
1903 3229 2155 3285 diximus.

568 3325 779 3380 Pseudo
816 3341 943 3381 vero
989 3325 1245 3395 prepheta
1278 3324 1395 3393 ejus
1419 3331 1512 3377 aut
1551 3321 1911 3377 Antichristus
1937 3332 2038 3387 est,
2066 3331 2158 3378 aut

566 3416 742 3487 imago
784 3417 894 3480 illa,
942 3416 994 3470 id
1041 3426 1124 3470 est
1170 3417 1502 3486 ﬁgmentum,
1529 3414 1598 3470 de
1623 3429 1731 3485 quo
1771 3414 1842 3468 ibi
1870 3413 2031 3468 locuti
2058 3428 2155 3469 su-

567 3521 707 3561 mus.
756 3507 885 3561 Post
927 3506 1041 3561 haec
1080 3505 1253 3576 ipsum
1296 3504 1644 3559 novissimum
1683 3504 1964 3574 judicium,
2012 3501 2155 3573 quod

563 3598 671 3653 erit
712 3598 763 3652 in
791 3598 1023 3653 secunda
1055 3596 1452 3653 resurrectibne
1476 3604 1831 3661 mortuorum,
1861 3610 1981 3667 qua:
2027 3609 2154 3649 cor-

564 3705 751 3761 porum
799 3700 903 3755 est,
954 3689 1355 3760 recapitulando
1400 3704 1644 3754 narrans,
1675 3687 1948 3758 quomodo
1994 3686 2157 3741 fuerit

562 3781 664 3836 sibi
703 3782 1018 3843 revelatum,
1048 3779 1117 3833 Et
1156 3781 1282 3847 uidi,
1315 3781 1506 3850 inquit,
1548 3782 1786 3834 thronum
1824 3795 2067 3850 magnum
2106 3788 2155 3833 et

562 3872 856 3939 candidum,
888 3881 935 3925 et
962 3874 1216 3926 sedentem
1244 3888 1397 3941 super
1439 3888 1574 3936 eum,
1603 3872 1751 3941 cujus
1776 3887 1808 3923 a
1850 3872 1981 3942 facie
2021 3870 2154 3941 fugit

561 3962 742 4016 caelum
765 3971 813 4017 et
840 3973 995 4026 terra,
1024 3971 1070 4016 et
1097 3964 1236 4017 locus
1267 3978 1440 4017 eorum
1464 3962 1695 4016 inventus
1734 3978 1835 4015 non
1860 3972 1933 4015 est
1964 3960 2149 4033 (Ibid.,

562 4052 678 4123 il).
706 4050 821 4107 Non
845 4053 939 4119 ait,
979 4054 1091 4108 Vidi
1124 4054 1374 4108 thronum
1405 4068 1655 4123 magnum
1683 4061 1738 4108 et
1780 4053 2067 4107 candidum
2096 4061 2153 4109 et

562 4142 837 4196 sedentem
863 4158 1025 4210 super
1047 4159 1191 4208 eum,
1223 4152 1279 4199 et
1308 4143 1376 4199 ab
1399 4144 1517 4211 ejus
1554 4142 1690 4198 facie
1714 4142 1845 4213 fugit
1871 4144 2065 4199 emlum
2097 4152 2153 4200 et

564 4243 743 4297 terra;
773 4232 1026 4301 quoniam
1054 4248 1161 4287 non
1195 4242 1320 4287 tunc
1361 4232 1558 4288 factum
1603 4242 1704 4298 est,
1752 4233 1804 4288 id
1844 4242 1948 4297 est.
1996 4242 2151 4290 ante-

564 4338 722 4394 quam
753 4332 895 4377 esset
921 4324 988 4378 de
1024 4326 1158 4379 vivis
1195 4334 1248 4380 et
1288 4327 1514 4380 mortuis
1537 4326 1869 4395 judicatum:
1912 4328 2006 4383 sed
2027 4344 2152 4383 eum

562 4428 624 4468 se
654 4411 854 4468 vidisse
872 4413 1003 4468 dixit
1031 4415 1085 4467 in
1116 4416 1310 4469 throno
1336 4414 1635 4479 sedentem,
1666 4431 1695 4469 a
1719 4417 1872 4485 cujus
1896 4417 2029 4473 facie
2064 4418 2151 4472 fu-

560 4506 638 4573 git
662 4504 856 4559 caalum
903 4515 957 4559 et
983 4513 1159 4571 terra;
1189 4505 1283 4560 sed
1326 4514 1536 4576 postea.
1568 4506 1792 4561 Peracto
1834 4507 2033 4578 quippe
2059 4509 2148 4578 ju-

559 4596 701 4650 dicio
731 4603 855 4651 tunc
875 4610 995 4651 esse
1016 4595 1225 4652 desinet
1245 4595 1350 4651 hoc
1368 4596 1562 4651 caelum
1585 4606 1640 4652 et
1661 4596 1775 4651 haec
1798 4607 1959 4663 terra,
1982 4614 2153 4668 quan-

560 4688 632 4743 do
658 4688 874 4758 incipiet
896 4702 1019 4744 esse
1057 4689 1254 4744 caelum
1282 4704 1479 4744 novum
1508 4697 1564 4745 et
1610 4700 1748 4745 terra
1789 4706 1947 4746 nova.
1976 4691 2148 4746 Muta-

562 4779 709 4834 tione
738 4794 966 4849 namque
996 4794 1197 4845 rerum,
1230 4795 1337 4834 non
1361 4780 1508 4835 omni
1537 4780 1699 4835 modo
1730 4781 1944 4836 interitu
1976 4791 2151 4836 trans-

561 4869 659 4923 ibit
686 4869 771 4923 hic
795 4868 1045 4923 mundus.
1070 4868 1222 4923 Unde
1247 4878 1301 4924 et
1321 4870 1611 4939 Apostolus
1637 4872 1732 4937 ait,
1756 4870 1996 4925 Prteterit
2017 4871 2149 4926 enim

560 4963 726 5032 ﬁgura
747 4962 899 5031 hujus
915 4961 1231 5029 mundi,uolo
1248 4977 1332 5016 vos
1351 4963 1461 5017 sine
1484 4962 1825 5017 sollicitudine
1844 4980 1950 5018 esse
1966 4965 2009 5036 (l
2026 4964 2147 5022 Cor.

558 5068 654 5122 vn,
678 5056 741 5109 51
767 5064 814 5108 et
834 5052 961 5125 '52).
989 5053 1183 5123 Figura
1213 5069 1341 5124 ergo
1372 5055 1629 5124 praeterit,
1648 5070 1755 5109 non
1783 5064 1990 5110 natura.
2013 5055 2149 5111 Cum

559 5166 689 5220 ergo
709 5165 770 5205 se
793 5149 1027 5205 Joannes
1049 5148 1250 5205 vidisse
1270 5148 1495 5203 dixisset
1512 5147 1789 5204 sedentem
1816 5164 1979 5219 super
2004 5149 2151 5204 thro-

561 5258 712 5310 num,
751 5256 781 5296 a
811 5242 963 5311 cujus
1006 5241 1163 5308 facie,
1208 5241 1348 5312 quod
1378 5250 1565 5311 postea
1606 5240 1840 5296 futurum
1882 5251 1984 5307 est,
2018 5242 2152 5313 fugit

560 5335 756 5389 caelum
786 5342 840 5388 et
875 5341 1016 5388 terra
1046 5350 1060 5387 :
1102 5332 1171 5387 Et
1214 5332 1339 5398 vidi,
1374 5332 1564 5401 inquit,
1610 5342 1835 5387 mortuos
1864 5350 2075 5404 magnos
2102 5343 2150 5388 et

620 5470 637 5531 ι
674 5473 725 5531 In
747 5467 1031 5529 quibusdam
1061 5475 1191 5528 Mss.,
1215 5466 1325 5530 plus
1347 5466 1497 5531 aliqui
1513 5472 1669 5531 erant.

619 5530 641 5559 ²
673 5530 745 5576 Sic
767 5530 1077 5594 manuscripti
1090 5532 1230 5592 juxta
1248 5529 1478 5592 graecum.
1502 5530 1624 5594 _Edl_ti
1646 5541 1783 5587 vero,
1800 5533 1847 5579 el
1862 5529 2152 5594 pseudopro-

555 5590 715 5653 phettz
745 5588 1168 5653 excruciabumur.
1207 5588 1356 5653 Porro
1393 5589 1640 5653 particula,
1682 5595 1745 5648 et,
1781 5588 2002 5651 proxime
2034 5588 2151 5644 ante

557 5649 785 5715 verbum,
810 5649 1169 5715 cruciabuntur,
1191 5651 1337 5702 deest
1357 5649 1555 5715 quidem
1576 5653 1624 5699 in
1648 5649 1903 5715 impressis
1924 5653 2152 5715 editionis

815 5711 906 5759 sed
930 5712 979 5761 in
1002 5710 1210 5777 antiquis
1231 5710 1395 5765 tamen
1412 5710 1787 5764 corbeiensilius
1807 5712 1968 5765 Bibliis
1990 5713 2152 5768 latinis

554 5782 813 5832 reperitur.

1682 333 1771 389 ΠΕ
1810 331 2131 390 CIVITATE
2169 333 2304 399 DEI,
2345 334 2402 390 S.
2431 336 2796 394 AUGUSTINI
3703 352 3775 412 δικ

2284 451 2535 517 pusillos;
2558 463 2607 507 et
2626 455 2790 525 aperti
2819 466 2935 510 sunt
2964 457 3115 525 libri;
3153 468 3201 514 et
3227 460 3366 515 alius
3395 461 3513 517 liber
3529 476 3775 539 apertum,

2279 545 2368 614 qui
2389 555 2464 600 est
2490 548 2604 601 vita:
2640 548 3035 620 uniuscujusque
3058 553 3172 623 (a);
3201 566 3249 609 et
3279 556 3497 625 judicati
3529 570 3628 613 sinu
3648 571 3778 622 mortui

2280 654 2345 691 ea:
2366 639 2491 704 ipsis
2514 641 2779 711 scripturis
2810 639 3052 697 librorum
3088 647 3369 702 secundum
3394 652 3520 719 facta
3540 669 3620 705 sua
3646 654 3775 725 (Αροε.

2278 744 2370 793 xx,
2405 729 2519 801 12).
2549 730 2741 787 Libros
2781 732 2918 789 dixit
2944 751 3064 793 esse
3105 748 3343 807 apertos,
3371 748 3428 794 et
3469 741 3677 799 librum:
3713 751 3779 805 sed

2279 818 2472 875 librum
2501 823 2799 892 cujusmodi
2844 841 2952 881 non
2994 830 3197 896 tacuit;
3245 832 3336 901 qui
3378 841 3469 900 est,
3511 834 3672 907 inquit,
3700 843 3779 896 rite

2276 914 2689 987 uniuscujusque.
2711 918 2853 991 Ergo
2878 920 2952 975 illi
2976 921 3120 990 libri,
3149 938 3286 992 quos
3310 924 3487 994 priore
3512 926 3616 983 loco
3638 935 3778 999 posuit,

2276 1006 2604 1078 intelligendi
2631 1021 2758 1067 sunt
2799 1014 2969 1069 sancti
3001 1023 3056 1069 et
3080 1024 3289 1072 veteres
3327 1026 3385 1073 et
3412 1020 3545 1085 novi,
3571 1032 3619 1076 ut
3647 1024 3687 1077 in
3709 1026 3783 1081 illis

2275 1100 2650 1182 ostenderetur
2673 1118 2793 1173 quae
2822 1105 2963 1159 Deus
2998 1104 3111 1160 ﬁeri
3141 1121 3235 1161 sua
3276 1108 3517 1164 mandata
3554 1111 3782 1181 jussisset:

2276 1188 2330 1244 in
2360 1191 2451 1245 illo
2471 1202 2649 1248 autem
2675 1195 2768 1263 qui
2792 1205 2873 1251 est
2898 1196 3020 1251 vitae
3045 1198 3480 1270 uniuscujusque,
3508 1203 3618 1272 quid
3643 1206 3781 1261 horum

2273 1282 2497 1353 quisque
2524 1301 2628 1339 non
2657 1287 2888 1354 fecisset,
2914 1290 3027 1345 sive
3054 1290 3288 1347 fecisset.
3312 1292 3416 1359 Qui
3446 1295 3783 1353 libersicarna-

2272 1370 2397 1426 liter
2414 1375 2697 1444 cogitetur,
2724 1379 2844 1448 quis
2870 1381 2988 1450 ejus
3016 1383 3456 1451 magnitudinem,
3486 1396 3571 1441 aut
3605 1388 3783 1459 longitu-

2272 1464 2473 1533 dinem,
2505 1469 2678 1523 valcat
2697 1470 3007 1528 aestimare?
3034 1483 3126 1528 aut
3148 1483 3351 1544 quanto
3381 1486 3603 1548 tempore
3627 1480 3706 1549 legi
3724 1497 3787 1550 po-

2274 1557 2399 1611 terit
2427 1558 2585 1623 liber,
2639 1561 2692 1616 in
2742 1578 2848 1633 quo
2889 1565 3107 1635 scriptae
3132 1578 3257 1621 sunt
3299 1569 3557 1624 universa:
3582 1572 3682 1625 vita:
3703 1574 3786 1627 uni-

2275 1650 2594 1704 versorum?
2633 1652 2717 1707 An
2762 1662 2941 1709 tantus
2983 1657 3311 1726 Angelorum
3358 1674 3598 1715 numerus
3639 1663 3785 1729 aderit,

2270 1751 2502 1810 quantus
2532 1743 2808 1799 hominum
2849 1747 2976 1815 erit,
3016 1756 3072 1803 et
3112 1749 3273 1803 vitam
3322 1763 3475 1805 suam
3519 1753 3709 1822 quisque
3738 1755 3787 1808 ab

2270 1833 2476 1903 Angelo
2500 1835 2601 1889 sibi
2626 1835 2866 1892 adhibito
2899 1838 3081 1894 audiet
3114 1840 3377 1896 recitari?
3414 1840 3524 1897 Non
3554 1858 3665 1913 ergo
3688 1860 3788 1899 unus

2268 1924 2404 1979 liber
2431 1925 2535 1980 erit
2560 1926 2821 1996 omnium,
2852 1928 2946 1984 sed
2975 1929 3167 2000 singuli
3197 1932 3543 2002 singulorum.
3571 1933 3787 2003 Scriptura

2269 2030 2398 2071 vero
2424 2016 2523 2072 ista
2546 2034 2710 2073 unum
2737 2021 2922 2075 volens
2942 2021 3188 2094 intelligi,
3216 2021 3287 2077 Et
3308 2024 3464 2087 alius.
3493 2025 3663 2097 inquit,
3696 2027 3787 2080 liber

2269 2120 2474 2179 apertus
2498 2119 2589 2166 est.
2618 2111 2872 2181 Quaadam
2896 2114 3056 2185 igitur
3075 2115 3156 2170 vis
3174 2124 3258 2171 est
3280 2116 3611 2187 intelligenda
3633 2117 3787 2181 divina,

2266 2217 2373 2272 qua
2422 2202 2513 2259 ﬁet
2558 2213 2617 2259 ut
2660 2204 2855 2276 cuique
2895 2221 3059 2277 opera
3100 2222 3218 2274 sua,
3262 2209 3351 2264 vel
3383 2209 3517 2263 bona
3560 2210 3634 2265 vel
3666 2210 3786 2273 mals,

2268 2305 2461 2350 cuncta
2493 2296 2545 2350 in
2587 2297 2903 2352 memoriam
2944 2308 3284 2366 revocentur,
3317 2310 3377 2355 et
3422 2301 3607 2356 mentis
3644 2302 3789 2355 intuitu

2266 2389 2404 2442 mira
2448 2389 2723 2444 celeritate
2753 2399 3074 2457 cernantur;
3123 2400 3181 2445 ut
3222 2401 3463 2458 accuset,
3507 2393 3583 2447 vel
3622 2401 3789 2447 exmset

2266 2478 2490 2533 scientia
2528 2480 2947 2547 conscientiam;
2977 2491 3137 2552 atque
3178 2483 3249 2537 ita
3285 2483 3447 2538 simul
3494 2492 3546 2539 et
3570 2498 3727 2538 omnes
3753 2491 3791 2537 et

2265 2571 2459 2640 singuli
2482 2571 2817 2641 judicentur.
2848 2574 2979 2641 Qua:
3003 2575 3253 2629 nimirum
3280 2576 3362 2630 vis
3387 2575 3579 2641 divina,
3603 2576 3702 2629 libri
3722 2590 3790 2627 no-

2264 2678 2389 2717 men
2416 2664 2639 2733 accepit.
2667 2666 2721 2720 In
2749 2680 2813 2721 ea
2833 2667 3029 2737 quippe
3051 2667 3449 2738 quodammodo
3471 2670 3660 2739 legitur,
3679 2668 3793 2738 quid-

2265 2752 2393 2822 quid
2419 2770 2481 2808 ca
2511 2753 2741 2810 faciente
2783 2757 3042 2812 recolitur
3061 2760 3100 2811 ¹.
3130 2757 3200 2814 Ut
3242 2767 3419 2814 autem
3466 2760 3702 2825 ostendat,
3725 2760 3790 2828 qui

2263 2843 2461 2896 mortui
2480 2843 2755 2911 judicandi
2783 2846 2912 2914 sint,
2949 2847 3127 2917 pusilli
3147 2858 3202 2903 et
3230 2849 3431 2920 magni,
3454 2849 3793 2918 recapitulaado

2264 2931 2395 2987 dicit
2440 2944 2690 3004 tanquam
2736 2936 2804 2991 ad
2844 2936 2899 2992 id
2925 2937 3159 3005 rediens,
3191 2940 3336 3010 quod
3366 2941 3693 3011 praeterierat.
3719 2953 3790 3008 po-

2265 3024 2436 3079 tiusve
2461 3025 2773 3083 distulerat:
2814 3026 2884 3081 Et
2912 3029 3135 3083 exhibuit
3172 3047 3314 3085 mare
3342 3043 3563 3086 mortuos
3584 3032 3661 3101 qui
3679 3033 3721 3084 in
3748 3046 3791 3083 ω

2263 3124 2442 3189 erant,
2473 3125 2519 3169 et
2559 3133 2695 3170 mors
2740 3126 2789 3171 et
2828 3120 3058 3190 infernus
3096 3119 3429 3175 reddiderunt
3466 3132 3668 3175 mortuos
3702 3137 3792 3190 quos

2262 3205 2316 3258 in
2356 3222 2411 3259 se
2450 3206 2696 3262 habebant
2728 3207 2911 3282 (Ibid.,
2942 3211 3063 3282 15).
3105 3211 3218 3267 lloc
3261 3214 3449 3282 procul
3496 3213 3645 3269 dubio
3682 3214 3792 3284 prius

2264 3295 2460 3351 factum
2492 3307 2594 3363 est,
2634 3315 2792 3370 quam
2822 3312 3001 3358 essent
3034 3305 3227 3359 mortui
3270 3305 3531 3374 judicati:
3580 3317 3627 3362 et
3654 3317 3787 3360 tanien

2261 3389 2390 3443 illud
2423 3390 2569 3459 prius
2596 3391 2795 3446 dictum
2823 3402 2925 3448 est.
2957 3394 3070 3449 Hoc
3097 3405 3180 3451 est
3204 3411 3334 3467 ergo
3371 3398 3512 3468 quod
3540 3398 3656 3464 dixi,
3683 3412 3793 3451 reca-

2262 3480 2539 3550 pitulando
2568 3498 2689 3537 cum
2718 3483 2784 3538 ad
2811 3483 2862 3538 id
2881 3484 3108 3541 rediisse
3123 3487 3265 3556 quod
3298 3486 3793 3544 intemtiserat.Nunc

2261 3582 2441 3628 autem
2489 3574 2733 3629 ordinem
2780 3576 2971 3643 tenuit,
3021 3587 3183 3648 atque
3234 3589 3290 3633 ut
3334 3580 3678 3651 explicaretur
3709 3579 3793 3647 ipse

2260 3664 2414 3732 ordo,
2447 3667 2780 3722 commodius
2804 3669 2965 3723 etiam
3014 3668 3082 3724 de
3124 3669 3380 3736 iudicatis
3418 3674 3648 3733 mortuis.
3686 3668 3790 3740 quod

2256 3756 2367 3824 jam
2396 3757 2625 3825 dixerat,
2674 3775 2773 3815 suo
2802 3762 3051 3831 repetivit
3081 3762 3221 3817 loco.
3263 3763 3402 3819 Cum
3429 3765 3566 3821 enim
3593 3766 3789 3829 dixisset,

2260 3846 2329 3900 Et
2372 3849 2595 3903 exhibuit
2636 3868 2776 3905 mare
2804 3862 3029 3909 mortuos
3072 3856 3158 3923 qui
3185 3855 3237 3909 in
3258 3872 3317 3910 eo
3346 3867 3513 3922 erant,
3554 3867 3598 3911 et
3632 3864 3792 3909 morsu

2258 3940 2491 4007 infernus
2516 3941 2844 3997 reddiderunt
2866 3954 3091 3999 mortuos
3117 3962 3241 4014 quos
3267 3947 3322 4000 in
3340 3965 3395 4003 se
3419 3948 3651 4002 habebant
3670 3966 3684 4009 ;
3702 3962 3792 4002 mox

2257 4032 2462 4087 addidit
2503 4033 2645 4103 quod
2686 4034 2846 4104 paulo
2893 4047 3020 4091 ante
3066 4048 3341 4107 posuerat,
3372 4039 3440 4093 Et
3474 4040 3675 4109 judicati
3705 4048 3791 4090 sunt

2257 4124 2445 4194 singuli
2469 4125 2746 4179 secundum
2775 4130 2910 4197 facta
2934 4144 3047 4182 suo.
3080 4128 3189 4184 lloc
3224 4140 3307 4185 est
3344 4132 3490 4185 enim
3519 4131 3649 4201 quod
3672 4144 3790 4198 supra

2256 4214 2488 4279 dixerat,
2520 4215 2588 4270 Et
2606 4218 2825 4289 judicati
2868 4229 2984 4273 sunt
3025 4222 3210 4275 mortui
3255 4226 3533 4277 secundum
3562 4227 3683 4294 {octo
3705 4236 3788 4274 sua.

2256 4329 2485 4386 CAPUT
2523 4330 2641 4411 XV.
2668 4363 2740 4372 —
2768 4333 2867 4399 Qui
2913 4335 3016 4388 sint
3062 4336 3269 4402 mortui,
3316 4353 3446 4406 quos
3484 4339 3551 4391 ad
3588 4336 3790 4409 judicia

2330 4423 2556 4477 exhibuit
2581 4440 2739 4490 mare,
2764 4425 2841 4479 uel
2868 4442 2992 4495 quos
3017 4444 3151 4482 mors
3174 4440 3221 4483 et
3240 4429 3397 4499 inferi
3424 4431 3738 4484 reddiderant.

2329 4533 2435 4588 Sed
2460 4534 2552 4603 qui
2594 4543 2719 4589 sunt
2767 4536 2985 4603 mortui,
3036 4552 3171 4608 quos
3200 4538 3447 4595 exhibuit
3473 4556 3630 4606 mare,
3659 4539 3728 4608 qui
3752 4536 3788 4588 in

2256 4639 2324 4681 eo
2349 4627 2541 4681 erant?
2566 4626 2749 4697 Neque
2793 4629 3071 4699 enimqui
3113 4630 3167 4685 in
3208 4632 3345 4686 mari
3392 4635 3788 4694 moriuntur.non

2256 4728 2383 4773 sunt
2427 4720 2480 4774 in
2533 4720 2763 4788 inferno,
2817 4730 2910 4777 aut
2954 4737 3177 4793 corpora
3228 4739 3422 4780 eorum
3466 4734 3718 4781 servantur
3752 4721 3788 4771 in

2254 4810 2389 4863 mari
2414 4826 2429 4875 ;
2458 4820 2571 4876 aut,
2611 4810 2754 4881 quod
2794 4820 2878 4867 est
2901 4812 3207 4880 absurdius,
3237 4829 3389 4870 mare
3412 4817 3629 4870 habebat
3662 4814 3789 4867 bemus

2254 4912 2521 4969 mortuos,
2551 4913 2606 4958 et
2635 4904 2875 4959 infernus
2901 4906 3089 4959 malos.
3120 4906 3251 4974 Quis
3282 4902 3385 4962 huc
3410 4906 3693 4979 putaverit?
3714 4900 3789 4957 Sed

2254 4994 2496 5064 profecto
2524 4997 2911 5051 convenienter
2932 4997 3147 5066 quidam
3176 4998 3280 5054 hoc
3304 4999 3427 5054 loco
3456 5016 3597 5054 mare
3615 5012 3698 5068 pro
3716 4997 3789 5049 isto

2255 5087 2454 5139 sacculo
2480 5086 2714 5155 positum
2747 5087 3035 5154 accipiunt.
3062 5088 3193 5142 Cum
3225 5104 3355 5159 ergo
3386 5100 3444 5146 et
3470 5106 3598 5161 quos
3630 5089 3702 5142 hic
3728 5088 3789 5139 in-

2254 5177 2435 5231 veniet
2456 5176 2700 5232 Christus
2730 5177 2784 5231 in
2825 5193 3050 5247 corpore
3077 5180 3423 5247 constitutos,
3456 5181 3606 5235 simul
3631 5177 3787 5248 signiﬁ-

2254 5275 2404 5321 caret
2424 5281 2544 5322 cum
2570 5268 2634 5322 iis
2657 5267 2747 5338 qui
2777 5270 3134 5324 resurrecturi
3159 5279 3282 5325 sunt
3305 5270 3635 5339 iudicandos,
3667 5269 3786 5323 etiam

2256 5360 2402 5427 ipsos
2443 5368 2683 5415 mortuos
2726 5361 3040 5432 appellavit,
3094 5372 3149 5417 et
3187 5363 3360 5418 bonos
3409 5366 3597 5434 quibus
3622 5362 3783 5417 dicitur.

2258 5448 2454 5504 Μοτῑηὶ
2498 5451 2633 5504 enim
2673 5463 2811 5517 estis,
2856 5462 2901 5505 et
2940 5453 3041 5506 vita
3080 5464 3247 5507 vestra
3295 5444 3591 5509 abscondita
3614 5462 3676 5507 est
3706 5464 3785 5502 cur

2256 5541 2457 5599 Christo
2484 5544 2539 5597 in
2565 5543 2676 5598 Deo
2724 5543 2941 5617 (Coloss.
2977 5561 3055 5612 Ill,
3100 5546 3193 5617 '5);
3238 5556 3292 5601 et
3320 5549 3497 5603 malos
3542 5547 3605 5601 de
3645 5542 3787 5615 quibus

2320 5657 2337 5727 ξ
2373 5660 2567 5727 harass.
2596 5662 2652 5705 At
2690 5656 2828 5727 editi,
2851 5656 3087 5727 quidquid
3113 5670 3143 5705 a
3164 5656 3369 5727 faciente
3386 5657 3623 5708 nqu,

2319 5717 2392 5778 (a)
2413 5718 2559 5783 abest
2581 5731 2695 5781 vox,
2716 5717 3106 5781 uniuscujusque,
3129 5717 3375 5782 a’t‘ulgam
3401 5729 3455 5771 et
3475 5734 3503 5770 a
3526 5730 3671 5783 ετςιιοο
3686 5722 3787 5766 tu!

2258 5778 2621 5843 Apocalypseos.
