3976 6512
207 433 310 492 681

205 548 422 608 dicitur,
470 543 594 598 Sine
623 551 846 595 mortuos
887 537 1098 607 sepelire
1145 546 1368 590 mortuos
1398 552 1515 589 suos
1561 535 1776 605 (Matth.

205 654 316 698 vin,
343 637 454 704 2'2).
486 635 715 688 Possunt
736 633 926 685 mortui
948 630 1106 685 etiam
1133 637 1348 697 propter
1371 627 1471 681 hoc
1491 628 1613 689 dici,
1640 626 1781 695 quod

207 715 448 781 mortalia
479 733 669 794 gerunt
718 737 942 792 corpora
983 739 995 773 :
1045 720 1184 773 unde
1229 719 1534 788 Apostolus,
1577 717 1772 785 Corpus

203 819 423 886 quidem,
449 816 636 882 inquit,
668 823 920 866 mortuum
958 822 1030 866 est
1060 821 1266 880 propter
1295 821 1588 877 peccatum;
1628 810 1782 876 8ρὶνὶ-

204 924 282 962 tus
319 917 484 959 autem
514 906 613 956 vita
660 913 731 956 est
761 911 966 973 propter
999 903 1254 970 justitiam
1293 900 1464 970 (Rom.
1507 916 1618 963 vui,
1649 899 1734 969 10)
1764 916 1777 952 :

205 1014 486 1066 utrumque
514 998 564 1050 in
595 997 808 1050 homine
849 993 1080 1058 vivente,
1125 1005 1281 1062 atque
1327 993 1377 1045 in
1421 993 1519 1044 hoc
1555 1008 1779 1060 corpore

202 1091 487 1144 Coltslilttln
531 1104 650 1142 esse
679 1087 1068 1148 demonstrans,
1101 1095 1154 1138 et
1189 1100 1382 1153 corpus
1410 1096 1696 1145 mortuum,
1726 1093 1780 1138 et

203 1181 443 1248 Spiritum
476 1179 657 1230 vitam.
691 1176 797 1230 Nec
830 1184 1005 1228 tamen
1036 1175 1166 1226 dixit
1192 1189 1383 1241 corpus
1414 1175 1653 1237 mortale,
1686 1172 1779 1227 sed

201 1282 467 1325 mortuum
495 1288 506 1323 :
536 1269 778 1338 quamvis
805 1267 988 1320 eadem
1013 1267 1170 1335 paulo
1202 1276 1318 1334 post
1343 1266 1502 1319 etiam
1538 1265 1780 1318 mortalia

199 1378 420 1430 corpora
455 1361 612 1429 (Ibid.
649 1359 758 1430 ll),
791 1359 929 1412 sicut
955 1358 1195 1412 usitatius
1216 1366 1493 1422 vocantur,
1521 1357 1773 1424 appellet.

199 1453 308 1507 llos
334 1469 460 1519 ergo
492 1461 728 1504 mortuos
756 1450 998 1505 exhibuit
1027 1465 1193 1516 mare,
1222 1451 1309 1519 qui
1335 1452 1386 1503 in
1417 1465 1481 1503 eo
1522 1461 1694 1515 erant,
1725 1449 1778 1503 id

199 1555 302 1608 est,
352 1544 590 1599 exhibuit
637 1543 882 1597 homines
913 1542 1012 1596 hoc
1055 1541 1329 1606 saeculum,
1375 1541 1696 1609 quicumque
1726 1542 1778 1594 in

197 1651 264 1688 eo
290 1644 461 1700 erant,
487 1635 606 1702 quia
635 1633 868 1686 nondum
899 1632 1156 1686 obierant.
1193 1629 1260 1684 Et
1296 1646 1430 1683 mors
1457 1641 1504 1683 et
1529 1631 1775 1701 infernus,

194 1728 390 1797 inquit,
424 1726 746 1779 reddiderunt
777 1733 1016 1788 mortuos,
1035 1739 1158 1792 quos
1188 1722 1240 1775 in
1263 1738 1316 1776 se
1342 1722 1604 1775 habebant.
1637 1721 1779 1775 Mare

192 1819 456 1883 exhibuit,
501 1817 620 1886 quia
651 1817 788 1870 sicut
818 1816 1014 1869 inventi
1065 1823 1207 1880 sunt,
1255 1813 1584 1868 adfuerunt:
1633 1827 1778 1867 mors

179 1912 323 1964 'vero
353 1921 407 1965 et
450 1909 687 1964 infernus
737 1907 1101 1973 reddiderunt,
1132 1907 1382 1975 quoniam
1411 1905 1551 1967 vitae,
1581 1904 1649 1959 de
1675 1920 1778 1973 qua

191 2002 301 2071 jam
351 2000 614 2065 exierant,
663 2006 997 2052 revocarunt.
1028 1997 1137 2051 Nec
1182 1996 1376 2050 frustra
1424 1996 1646 2049 fortasse
1672 2010 1776 2048 non

191 2093 326 2145 satis
355 2091 450 2144 fuit
476 2100 530 2144 ut
559 2090 759 2144 diceret
781 2106 934 2154 mors,
965 2096 1055 2142 aut
1083 2089 1311 2158 infernus
1332 2104 1351 2151 ;
1375 2086 1467 2141 sed
1496 2097 1779 2156 utrumque

189 2183 392 2237 dictum
424 2191 536 2237 est:
571 2196 735 2243 mors,
783 2190 998 2250 propter
1041 2179 1244 2242 bonos,
1293 2179 1381 2246 qui
1415 2178 1778 2233 tantummodo

188 2283 422 2326 mortem
453 2272 655 2341 perpeti
686 2279 990 2340 potuerunt,
1018 2285 1121 2322 non
1144 2277 1197 2323 et
1219 2270 1514 2333 infernum;
1541 2268 1777 2323 infernus

185 2375 370 2418 autem
415 2373 628 2433 propter
657 2363 848 2427 malos,
878 2363 964 2432 qui
995 2363 1152 2415 etiam
1198 2375 1383 2429 ptenas
1408 2360 1546 2429 apud
1578 2361 1776 2416 inferos

185 2457 450 2526 pendunt.
480 2455 533 2509 Si
564 2455 704 2509 enim
731 2470 834 2507 non
861 2453 1087 2507 absurde
1108 2453 1252 2507 credi
1274 2452 1501 2518 videtur,
1525 2453 1772 2520 antiquos

182 2552 350 2604 etiam
398 2559 632 2615 sanctos,
663 2549 751 2618 qui
782 2549 986 2602 venturi
1034 2547 1230 2601 Christi
1273 2555 1556 2600 tenuerunt
1597 2547 1773 2611 ﬁdem,

181 2643 322 2696 locis
349 2641 562 2710 quidem
589 2655 616 2693 a
650 2640 928 2693 tormentis
955 2638 1236 2707 impiorum
1259 2638 1648 2700 remotissimis,
1679 2639 1775 2693 sed

179 2732 326 2801 apud
377 2730 576 2784 inferos
619 2728 802 2795 fuisse,
835 2730 1004 2784 donec
1032 2743 1126 2782 eos
1169 2727 1292 2783 inde
1333 2728 1548 2796 sanguis
1577 2729 1775 2782 Christi

177 2833 235 2879 et
281 2821 350 2876 ad
400 2837 460 2875 ea
495 2822 606 2876 loca
653 2821 942 2874 descensus
983 2828 1214 2886 erueret,
1261 2821 1499 2891 profecto
1525 2820 1774 2890 deinceps

176 2913 309 2968 boni
347 2911 528 2965 ﬁdeles
558 2911 726 2964 ell‘uso
755 2911 843 2964 illo
875 2911 1045 2980 pretio
1082 2911 1191 2980 jam
1225 2910 1506 2980 redempti,
1553 2925 1773 2980 prorsus

177 3004 392 3059 inferos
437 3003 701 3068 nesciunt,
750 3002 921 3056 donec
960 3003 1118 3056 etiam
1168 3002 1396 3071 receptis
1440 3003 1770 3070 corporibus,

173 3098 322 3152 bona
372 3097 632 3164 recipiant
675 3111 793 3166 quzu
842 3104 1135 3149 merentur.
1163 3094 1298 3149 Cum
1326 3104 1501 3149 autem
1531 3094 1770 3156 dixisset,

175 3190 248 3244 Et
266 3189 493 3260 judicati
532 3199 644 3242 sunt
671 3187 858 3258 singuli
883 3187 1158 3240 secundum
1194 3191 1330 3257 facta
1371 3203 1498 3252 sua;
1547 3187 1774 3242 breviter

172 3282 436 3348 subjecit,
470 3281 914 3349 quemadmodum
948 3280 1142 3334 fuerint
1175 3279 1435 3349 judicati:
1475 3279 1540 3332 Et
1575 3297 1708 3334 mors
1728 3290 1775 3335 et

169 3375 437 3444 infernus,
473 3371 658 3440 inquit,
691 3373 830 3424 missi
855 3380 974 3423 sunt
998 3373 1049 3424 in
1086 3381 1319 3441 stagnum
1363 3372 1532 3441 ignis:
1562 3371 1644 3426 his
1673 3388 1772 3426 n0-

167 3466 425 3521 minibus
473 3463 776 3532 significans
819 3461 1111 3526 diabolum,
1165 3463 1413 3531 quoniam
1463 3463 1652 3516 mortis
1692 3474 1773 3517 est

166 3565 369 3612 auctor
398 3563 454 3608 et
496 3553 819 3607 infernarum
854 3567 1148 3621 pmnarum,
1183 3553 1588 3622 universumque
1617 3554 1769 3608 simul

165 3649 490 3702 daemonum
520 3645 849 3699 societatem.
881 3645 989 3697 Hoc
1013 3653 1093 3697 est
1119 3643 1260 3697 enim
1299 3645 1440 3712 quod
1466 3661 1621 3713 supra
1657 3647 1770 3699 evi-

164 3739 395 3793 dentius
429 3737 850 3805 przcoccupaudo
871 3737 978 3805 jam
1003 3736 1228 3802 dixerat,
1258 3747 1304 3789 et
1328 3736 1555 3791 diabolus
1575 3739 1663 3809 qui
1690 3757 1769 3792 se-

161 3830 392 3882 ducebat
429 3843 530 3892 eos,
561 3828 742 3879 missus
770 3836 840 3880 est
876 3827 929 3878 in
971 3835 1204 3896 stagnum
1241 3826 1374 3895 ignis
1407 3835 1455 3878 et
1489 3828 1765 3896 sulphuris.

156 3920 324 3990 Quod
360 3918 442 3973 ibi
490 3933 618 3972 vero
656 3919 933 3972 obscurius
973 3917 1305 3985 adjunxerat,
1339 3917 1541 3982 dicens,
1584 3918 1695 3984 Quo
1724 3928 1773 3972 et

156 4015 348 4079 bestia,
404 4020 456 4064 et
501 4009 983 4078 pseudopropheta;
1033 4008 1116 4061 hic
1163 4009 1417 4076 apertius,
1451 4005 1518 4060 Et
1559 4009 1642 4078 qui
1673 4025 1772 4062 non

157 4115 308 4167 sunt,
344 4101 547 4170 inquit,
576 4101 760 4152 inventi
789 4101 841 4152 in
867 4098 993 4151 libro
1023 4098 1137 4151 vita:
1163 4098 1357 4166 scripti,
1389 4097 1528 4152 missi
1564 4107 1679 4151 sunt
1717 4098 1771 4151 in

157 4208 417 4267 stagnum
449 4192 580 4263 ignis
603 4190 784 4262 (Apoc.
814 4205 902 4252 xx,
935 4189 1020 4254 M,
1048 4188 1157 4257 15).
1182 4188 1297 4241 Non
1329 4188 1495 4241 Deum
1515 4188 1650 4242 liber
1672 4188 1773 4242 iste

157 4291 592 4343 commemorat,
627 4298 693 4336 ne
723 4282 987 4336 oblivione
1014 4279 1265 4334 fallatur:
1298 4279 1391 4334 sed
1419 4279 1769 4348 praedesnna-

157 4382 376 4434 tionem
410 4375 673 4444 signiﬁcat
703 4389 909 4435 eorum,
942 4372 1132 4439 quibus
1167 4380 1364 4424 {eterna
1407 4369 1618 4423 dabitur
1642 4370 1768 4423 vita.

155 4474 360 4541 Neque
407 4467 554 4520 enim
602 4467 772 4519 nescit
810 4479 903 4518 eos
931 4465 1092 4527 Deus,
1126 4470 1180 4516 et
1209 4465 1261 4515 in
1293 4461 1395 4516 hoc
1437 4460 1574 4513 libro
1621 4460 1766 4529 legit,

153 4573 215 4618 ut
250 4562 397 4615 sciat
421 4577 435 4610 :
463 4555 555 4609 sed
582 4556 759 4625 potius
788 4555 895 4622 ipsa
928 4553 1041 4621 ejus
1075 4551 1404 4621 prazscientia
1430 4549 1497 4604 de
1523 4550 1770 4618 illis,qua:

151 4657 273 4710 falli
308 4668 427 4707 non
464 4656 659 4718 potest,
689 4648 823 4700 liber
850 4654 937 4700 est
962 4646 1103 4710 vitzr,
1135 4645 1314 4713 inquo
1342 4653 1465 4696 sunt
1489 4642 1691 4710 scripti,
1719 4640 1769 4695 id

150 4759 263 4816 est,
303 4763 376 4800 an
388 4754 445 4797 te
476 4739 800 4811 prmcogniti.

298 4871 546 4933 CAPUT
589 4869 725 4926 XVI.
751 4900 822 4910 —
846 4868 924 4922 De
951 4868 1073 4921 cazlo
1101 4883 1246 4931 novo,
1275 4876 1320 4920 et
1350 4876 1484 4918 terra
1503 4881 1648 4919 nova.

228 5016 430 5072 Finito
463 5016 642 5061 autem
669 5005 890 5075 judicio,
925 5019 1028 5071 quo
1059 5000 1432 5071 pratnuntiavit
1453 4998 1768 5067 iudicandos

148 5112 366 5173 malos,
407 5109 583 5159 restat
612 5109 668 5151 ut
713 5099 870 5150 etiam
901 5096 965 5148 de
990 5094 1142 5148 bonis
1172 5092 1331 5145 dicat.
1359 5090 1475 5143 .lam
1504 5090 1644 5142 enim
1671 5104 1766 5142 ex-

146 5201 393 5279 plicavit
425 5193 572 5266 quod
605 5191 836 5245 breviter
860 5205 886 5240 a
931 5189 1152 5240 Domino
1187 5185 1381 5238 dictum
1433 5194 1514 5236 est
1553 5222 1566 5244 ,
1612 5181 1770 5236 Ibunt

146 5274 238 5354 isti
261 5298 321 5350 in
350 5283 676 5359 supplicium
697 5291 972 5341 teternnm;
1001 5278 1255 5347 sequitur,
1286 5283 1342 5328 ut
1371 5275 1601 5343 explicet
1626 5274 1765 5342 quod

145 5392 325 5445 etiam
363 5379 446 5435 ibi
487 5376 840 5432 connectitur,
883 5369 1018 5422 J2:in
1054 5379 1220 5421 autent
1252 5367 1304 5418 in
1339 5367 1491 5418 vitam
1529 5375 1768 5417 aztcrnam

153 5475 390 5542 (Matth.
447 5481 578 5526 xxv,
625 5463 735 5531 4(3).
779 5462 845 5514 Et
872 5462 992 5523 vidi,
1033 5460 1220 5528 inquit,
1255 5459 1432 5511 cretum
1477 5472 1674 5514 novum,
1721 5465 1768 5506 et

148 5584 354 5624 terram
406 5573 617 5614 novam.
655 5553 791 5607 Nam
823 5555 1039 5620 primum
1071 5551 1249 5612 uelum
1288 5559 1333 5602 et
1376 5560 1509 5601 terra
1556 5549 1720 5616 prima
1749 5548 1764 5577 ¹

148 5658 519 5717 recesserunt,
566 5657 610 5699 et
654 5661 791 5697 mare
809 5644 919 5712 jmn
964 5660 1064 5694 non
1107 5653 1174 5693 est
1207 5641 1385 5711 (Apoc.
1418 5655 1523 5702 xxi,
1557 5637 1633 5706 l).
1664 5635 1768 5689 isto

147 5755 249 5807 ﬁet
281 5743 518 5802 ordine,
567 5736 704 5806 quod
735 5735 977 5800 superius
1018 5730 1435 5800 praeoccupando
1478 5731 1584 5800 jam
1613 5727 1767 5794 dixit,

216 5886 235 5919 ι
275 5892 331 5933 ω
357 5874 600 5930 omnibus
618 5883 720 5921 uss.
741 5872 900 5929 deest,
920 5867 1093 5930 prima.

566 5951 840 6010 PATROL.
887 5951 1038 6010 XLI.

1481 421 1680 477 LIBER
1722 419 1990 475 VICESIM
1999 420 2101 474 US.

3357 427 3460 481 68‘!

1892 534 2087 586 vidisse
2112 549 2170 588 se
2196 549 2356 602 super
2384 534 2642 589 thronum-
2671 537 2964 603 sedentem,
2993 553 3021 592 a
3047 538 3196 607 cujus
3225 541 3356 594 facie
3383 553 3463 594 tu-

1889 625 1966 693 git
1990 623 2181 678 cmlum
2227 634 2282 678 et
2309 634 2466 678 terra.
2509 625 2762 680 Judicatis
2805 628 3001 697 quippe
3029 630 3130 693 bis,
3162 631 3250 698 qui
3277 632 3460 698 scripti

1892 729 1999 768 non
2031 723 2154 768 sunt
2184 715 2234 767 in
2276 715 2410 769 libro
2436 717 2575 780 vitae,
2620 726 2674 770 et
2700 719 2749 769 in
2781 729 3036 772 internum
3067 721 3238 787 ignem
3283 723 3462 779 miSsis

1892 805 2004 874 (qui
2032 807 2167 875 ignis
2195 806 2512 874 cujnsmodi,
2535 819 2589 862 et
2617 809 2667 861 in
2691 823 2792 877 qua
2822 811 3103 863 mundich
3138 827 3312 865 rerum
3335 828 3458 880 par-

1890 905 1941 948 te
1973 895 2177 949 luturus
2213 898 2298 960 sit,
2337 896 2598 949 hominem
2623 900 2761 952 scire
2786 899 3014 953 arbitror
3043 901 3329 969 neminem,
3352 903 3453 955 nisi

1886 983 2022 1039 forte
2048 986 2130 1038 cui
2157 986 2382 1053 Spiritus
2412 987 2619 1039 divinus
2649 989 2921 1057 ostendit).
2953 1000 3074 1044 tunc
3106 989 3270 1059 ﬁgura
3303 991 3462 1060 huius

1886 1077 2070 1130 mundi
2116 1077 2498 1131 mundanorum
2548 1078 2742 1146 ignium
2772 1078 3180 1149 conﬂagratione
3212 1083 3458 1149 macteri-

1887 1166 1983 1232 bit,
2015 1167 2150 1221 sicut
2180 1167 2371 1220 factum
2399 1176 2481 1221 est
2509 1169 2893 1223 mundanarum
2931 1186 3186 1239 aquarum
3229 1171 3454 1225 inunda-

1887 1258 2032 1312 tione
2059 1258 2334 1312 diluvium.
2386 1259 2477 1314 llla
2523 1261 2718 1329 itaque,
2764 1270 2821 1315 ut
2865 1262 2996 1325 dixi,
3043 1264 3460 1333 conﬂagratione

1884 1350 2151 1404 mundana
2181 1352 2565 1405 elementorum
2595 1353 3012 1422 corruptibilium
3039 1355 3459 1424 qualitates,qua3

1886 1443 2201 1510 corporibus
2249 1445 2444 1498 nostris
2476 1445 2907 1513 corruptibilibns
2937 1446 3312 1515 congruebant,
3367 1463 3457 1500 ar-

1889 1532 2064 1586 dcndo
2097 1535 2304 1602 penitus
2334 1534 2653 1600 interibunt;
2686 1545 2844 1605 atque
2872 1537 2983 1605 ipsa
3027 1536 3318 1591 substantia
3367 1552 3458 1590 eas

1884 1624 2163 1693 qualitates
2201 1624 2434 1689 habebit,
2468 1641 2586 1694 qua:
2609 1627 2921 1694 corporibus
2947 1627 3333 1681 immortalibus
3355 1627 3457 1680 mi-

1883 1717 2038 1770 rabili
2088 1719 2380 1773 mutatione
2409 1719 2763 1772 conveniant:
2806 1727 2864 1772 ut
2887 1720 3090 1773 scilicet
3136 1720 3364 1772 mundus
3403 1720 3456 1772 in

1884 1808 2074 1862 melius
2133 1810 2452 1873 innovatus,
2507 1819 2628 1878 apte
2683 1810 3110 1864 accommodetur
3157 1811 3458 1866 hominibus

1884 1900 2044 1952 etiam
2076 1914 2236 1955 carne
2261 1901 2312 1954 in
2341 1901 2531 1954 melius
2558 1901 2840 1955 innovatis.
2874 1901 3025 1968 Quod
3051 1911 3224 1955 autem
3252 1902 3345 1966 ait,
3390 1902 3457 1955 Et

1882 2007 2021 2044 mare
2029 1993 2145 2061 jam
2173 2009 2272 2046 non
2289 2003 2359 2046 est
2381 2008 2400 2046 :
2423 2003 2598 2046 utrum
2618 1994 2852 2048 maximo
2872 1995 2962 2048 illo
2985 1995 3176 2048 ardore
3202 1996 3454 2061 siccetur,

1881 2095 1946 2134 an
1979 2091 2034 2136 et
2079 2083 2251 2152 ipsum
2289 2093 2525 2137 vertatur
2556 2085 2608 2138 in
2637 2085 2848 2149 melius,
2881 2100 2985 2138 non
3017 2085 3172 2140 facile
3209 2087 3455 2142 dixerim.

1881 2170 2084 2226 Caelum
2112 2174 2308 2242 quippe
2348 2189 2541 2228 novum
2584 2183 2640 2228 et
2665 2182 2861 2228 terram
2888 2191 3078 2228 novam
3122 2175 3350 2230 futuram
3380 2179 3455 2232 le-

1881 2261 2052 2330 gimus
2077 2279 2090 2315 :
2118 2263 2186 2318 de
2215 2265 2345 2318 mari
2375 2274 2552 2320 autem
2579 2281 2718 2320 novo
2762 2266 2962 2335 aliquid
3012 2283 3097 2322 me
3128 2269 3332 2336 uSpiam
3377 2271 3457 2324 le-

1881 2352 2042 2419 gisse.
2072 2368 2176 2406 non
2219 2354 2437 2419 recolo;
2468 2355 2571 2408 nisi
2609 2355 2751 2424 quod
2781 2356 2831 2409 in
2866 2355 2966 2412 hoc
2993 2356 3179 2411 eodem
3208 2359 3342 2412 libro
3368 2375 3456 2413 re-

1881 2443 2102 2510 peritur,
2113 2454 2349 2512 tanquam
2365 2461 2502 2498 mare
2526 2446 2732 2499 vitreum
2754 2447 2916 2499 simile
2934 2448 3168 2516 crystallo
3184 2447 3361 2519 (Apoc.
3379 2463 3454 2513 IV,

1881 2532 1946 2596 6;
1979 2549 2067 2598 xv,
2097 2533 2177 2598 2).
2205 2534 2309 2590 Sed
2336 2545 2461 2590 tunc
2503 2552 2609 2591 non
2639 2537 2704 2590 de
2735 2541 2835 2592 isto
2860 2538 2965 2592 ﬁne
2993 2538 3173 2592 saeculi
3204 2539 3455 2608 loqueba-

1879 2631 2000 2677 tur:
2033 2640 2132 2680 nec
2162 2629 2378 2696 proprie
2425 2629 2624 2684 dixisse
2653 2629 2864 2685 videtur
2901 2646 3068 2696 mare,
3099 2632 3192 2685 sed
3219 2641 3457 2702 tanquam

1877 2730 2035 2770 mare.
2057 2717 2305 2782 Quamvis
2323 2727 2380 2773 et
2407 2736 2568 2784 nunc,
2599 2720 2737 2774 sicut
2763 2730 2906 2775 amat
2930 2721 3235 2791 prophetica
3264 2723 3459 2778 locutio

1882 2807 2114 2874 propriis
2133 2808 2310 2862 verbis
2329 2811 2578 2864 translata
2610 2812 2857 2877 miscere,
2881 2828 2942 2864 ac
2967 2815 3045 2867 sic
3067 2815 3460 2882 quodammodo

1879 2898 2055 2952 velare
2091 2899 2232 2968 quod
2280 2901 2494 2965 dicitur,
2529 2904 2698 2971 potuit
2740 2903 2808 2957 de
2837 2904 2931 2958 illo
2977 2904 3112 2958 mari
3141 2904 3339 2969 dicere,
3390 2906 3459 2958 Et

1877 3003 2018 3042 mare
2033 2991 2148 3060 jam
2189 3008 2289 3057 non
2317 3002 2424 3057 est;
2455 2993 2522 3047 de
2547 3008 2653 3063 quo
2680 3008 2837 3062 supra
2884 2994 3108 3061 dixerat,
3139 2994 3204 3048 Et
3238 2995 3458 3049 exhibuit

1877 3095 2016 3133 mare
2041 3093 2282 3148 mortuos,
2306 3085 2390 3154 qui
2418 3085 2469 3137 in
2493 3102 2550 3138 eo
2580 3096 2743 3138 erant.
2767 3085 2884 3140 Jam
2913 3087 3056 3140 enim
3079 3095 3203 3141 tunc
3231 3102 3335 3140 non
3357 3089 3460 3141 erit

1879 3169 1980 3223 hoc
2023 3175 2271 3228 εεηειιιιιιη
2305 3176 2407 3228 vita
2438 3176 2741 3229 mortalium
2773 3177 3134 3231 turbulentum
3165 3188 3220 3232 et
3248 3179 3458 3248 procel-

1879 3263 2072 3328 losum,
2105 3266 2243 3336 quod
2272 3268 2432 3320 maris
2461 3268 2677 3323 nomine
2699 3269 2960 3337 liguravit.

1877 3375 2102 3431 CAPUT
2149 3376 2310 3432 XVII.
2343 3407 2416 3418 —
2443 3377 2522 3432 De
2550 3379 2792 3432 Ecclesia:
2824 3378 3192 3449 gloriﬁcationc
3219 3379 3327 3432 sine
3355 3379 3457 3448 ﬁne

2481 3478 2591 3537 post
2617 3471 2770 3538 ﬁnem
2801 3471 2839 3522 ¹.

1957 3581 2026 3632 Et
2050 3581 2315 3643 ciuitatem,
2351 3580 2541 3650 inquit,
2571 3597 2808 3650 magnam
2841 3580 3127 3633 Jerusalem
3155 3597 3334 3634 novam
3357 3581 3460 3635 vidi

1876 3677 2253 3730 descendentem
2281 3674 2344 3726 de
2370 3673 2492 3726 cazlo
2514 3688 2547 3724 a
2568 3671 2696 3735 Deo,
2717 3681 2962 3740 aptatam,
2993 3673 3138 3742 quasi
3160 3687 3339 3724 novam
3357 3689 3459 3724 nu-

1878 3779 2015 3838 ptam
2045 3776 2275 3820 ornatam
2300 3765 2480 3817 marito
2502 3779 2617 3818 suo.
2651 3763 2714 3814 Et
2731 3763 2902 3814 audivi
2930 3777 3099 3815 vocem
3134 3779 3369 3830 magnam
3395 3764 3458 3816 de

1877 3859 2058 3912 throno
2081 3859 2343 3921 dicentem,
2379 3855 2510 3907 Ecce
2537 3853 2915 3907 tabernaculum
2952 3851 3050 3904 Dei
3101 3869 3214 3904 cum
3240 3853 3457 3904 homini-

1876 3949 1986 4011 bus,
2017 3958 2061 4002 et
2083 3948 2325 4000 habitabit
2365 3962 2476 3998 cum
2507 3946 2597 4007 eis,
2628 3954 2674 3997 et
2706 3943 2806 4011 ipsi
2830 3952 2977 3996 erunt
3002 3944 3221 4014 populus
3247 3945 3372 4013 ejus,
3409 3953 3458 3997 et

1875 4041 1982 4109 ipse
2005 4038 2138 4092 Deus
2159 4039 2251 4092 erit
2272 4053 2387 4090 cum
2411 4037 2500 4090 eis.
2521 4035 2589 4088 Et
2632 4035 2874 4103 absterget
2901 4032 3038 4086 Deus
3067 4049 3260 4086 omnem
3283 4034 3455 4103 lacry-

1875 4147 2010 4184 mam
2035 4129 2098 4182 ab
2127 4129 2286 4182 oculis
2311 4144 2522 4192 eorum;
2547 4135 2594 4180 et
2617 4142 2754 4178 mors
2771 4127 2884 4194 jam
2914 4142 3015 4178 non
3059 4126 3172 4189 erit,
3196 4141 3353 4194 neque
3377 4126 3457 4177 lu-

1875 4231 2004 4286 ctus,
2052 4235 2208 4290 neque
2245 4219 2471 4282 clamor,
2520 4216 2608 4270 sed
2643 4233 2733 4269 nec
2772 4216 2918 4269 dolor
2950 4217 3106 4281 ullus,
3141 4216 3260 4285 quia
3284 4215 3457 4286 priora

1875 4311 2123 4364 abierunt.
2170 4310 2236 4362 Et
2275 4309 2406 4362 dixit
2430 4308 2608 4362 sedens
2643 4308 2695 4360 in
2739 4309 2951 4370 throno,
2998 4307 3129 4361 Ecce
3169 4323 3297 4361 nova
3323 4309 3456 4375 facio

1875 4404 2046 4456 omnia
2074 4400 2122 4473 (1
2133 4401 2186 4455 d.
2219 4416 2331 4466 xxx,
2353 4399 2496 4468 2-5).
2528 4399 2605 4452 De
2628 4399 2767 4453 coelo
2791 4397 3118 4453 descendere
3147 4397 3248 4452 ista
3267 4399 3454 4452 civitas

1876 4493 2090 4559 dicitur,
2125 4492 2374 4562 quoniam
2419 4491 2652 4544 cmlcstis
2679 4501 2759 4545 est
2784 4489 2971 4560 gratia,
3012 4504 3115 4556 qua
3148 4490 3284 4542 Deus
3331 4503 3451 4543 eam

1874 4585 2017 4639 fecit.
2037 4585 2262 4651 Propter
2281 4582 2422 4651 quod
2439 4581 2488 4635 ei
2513 4582 2641 4634 dicit
2665 4581 2823 4634 etiam
2848 4595 2944 4647 per
2969 4579 3177 4643 Isaiam,
3199 4576 3313 4648 Ego
3339 4595 3454 4630 sum

1877 4675 2123 4728 Dominus
2139 4674 2328 4742 faciens
2343 4683 2390 4723 te
2407 4671 2478 4740 (a)
2498 4669 2549 4740 (1
2556 4670 2652 4723 sai.
2672 4685 2799 4734 xcv,
2819 4669 2896 4738 8).
2918 4669 2982 4723 Et
2997 4668 3062 4722 de
3078 4668 3214 4722 ccelo
3237 4667 3451 4734 quidem

1874 4766 1942 4820 ab
1963 4765 2112 4818 initio
2136 4764 2215 4817 sui
2246 4761 2543 4824 descendit,
2575 4777 2641 4815 ex
2671 4777 2778 4830 quo
2802 4776 2897 4830 per
2920 4759 3074 4828 hujus
3102 4759 3282 4814 saeculi
3317 4768 3454 4814 tem-

1876 4874 1992 4926 pus,
2021 4857 2187 4926 gratia
2222 4855 2318 4908 Dei
2349 4854 2578 4922 desuper
2606 4854 2852 4908 veniente
2877 4867 2971 4920 per
2999 4851 3264 4905 lavacrum
3297 4866 3451 4918 rege-

1873 4949 2168 5004 neratiouis
2196 4949 2248 5002 in
2271 4949 2291 4979 ³
2318 4945 2519 5016 Spiritu
2548 4954 2736 5000 sancto
2782 4946 2946 4998 misso
2975 4943 3042 4999 de
3065 4943 3204 4998 caelo
3224 4942 3451 4995 subinde

1873 5043 2018 5094 cives
2048 5041 2162 5106 ejus
2201 5044 2533 5091 accrescunt.
2587 5035 2694 5089 Sed
2721 5047 2818 5102 per
2855 5032 3112 5101 judicium
3168 5032 3280 5095 Dei,
3306 5030 3448 5100 quod

1874 5132 1978 5185 erit
2021 5129 2368 5184 novissimum
2415 5142 2510 5195 per
2551 5126 2667 5195 eius
2711 5126 2901 5179 Filium
2928 5123 3109 5178 Jesum
3151 5122 3444 5186 Christum,

1873 5231 2018 5274 unita
2041 5221 2154 5290 ejus
2181 5227 2234 5273 et
2271 5230 2376 5272 tam
2406 5233 2541 5272 nova
2564 5217 2629 5272 de
2661 5217 2753 5270 Dei
2782 5231 3005 5270 munere
3033 5215 3246 5269 claritas
3285 5229 3450 5283 appa-

1874 5313 2030 5375 rebit,
2073 5321 2130 5364 ut
2175 5311 2315 5364 nulla
2341 5317 2651 5363 remaneant
2686 5306 2964 5361 vetustatis
2991 5304 3207 5373 vestigia
3243 5320 3256 5355 :
3285 5319 3446 5370 quan-

1876 5403 2158 5472 doquidem
2209 5411 2263 5457 et
2305 5414 2527 5469 corpora
2564 5398 2630 5452 ad
2675 5397 3123 5466 incorruptionem
3164 5403 3320 5461 atque
3351 5393 3450 5445 im-

1876 5497 2251 5552 mortalitatem
2271 5510 2461 5548 novam
2486 5508 2553 5548 ex
2573 5500 2752 5548 vetere
2772 5489 3112 5558 corruptione
3131 5496 3289 5554 atque
3312 5501 3455 5538 mora

1939 5677 1956 5707 ι
1993 5681 2056 5722 Ita
2077 5681 2180 5722 Mss.
2205 5671 2322 5718 Editi
2347 5682 2483 5723 vero,
2507 5671 2608 5733 post
2629 5671 2843 5733 mortem.

1937 5741 1958 5769 ³
1990 5735 2156 5783 Plures
2177 5733 2482 5787 manuscripti
2506 5729 2746 5784 omittunt,
2768 5729 2834 5775 in.

1940 5800 2011 5859 (a)
2034 5794 2258 5856 sequitur
2297 5793 2558 5859 editionem
2594 5789 2908 5859 septuaginta
2931 5789 3451 5859 enterpretumtquze

1878 5844 2039 5920 gris-tie
2053 5844 2219 5918 habet,
2244 5869 2273 5905 0
2291 5853 2436 5904 lttisas
2454 5865 2535 5914 se;
2560 5853 2642 5902 ubi
2662 5844 2859 5911 Vulgata
2884 5848 3048 5904 latine,
3074 5844 3231 5894 creavi
3249 5855 3370 5891 eum.

2757 5928 3252 6011 (Vingt-deux.)
