3976 6506
591 424 696 479 683

585 541 789 596 talitate
817 536 1130 593 transibunt.
1161 534 1290 589 Nam
1333 531 1433 586 hoc
1459 531 1526 588 de
1557 530 1660 587 isto
1686 542 1925 600 tempore
1951 532 2163 600 accipe-

597 646 680 697 re,
712 645 816 700 quo
845 637 1032 698 regnat
1050 629 1066 659 ί
1094 642 1212 682 cum
1237 625 1379 695 Rege
1403 639 1500 679 suo
1521 624 1663 677 mille
1690 625 1862 688 anuis,
1886 622 2168 690 impuden-

589 725 675 775 tize
705 721 882 774 nimite
911 717 1041 772 mihi
1069 716 1276 771 videtur
1301 734 1314 770 :
1342 730 1462 770 cum
1492 715 1827 781 apertissime
1876 714 2037 773 dicat.
2064 714 2169 766 Ab-

587 820 766 881 sterget
789 808 926 864 Deus
947 823 1143 862 onmem
1173 809 1450 877 lacrymam
1479 804 1539 857 ab
1557 805 1719 858 oculis
1743 820 1948 869 eorum;
1971 816 2014 857 et
2035 821 2170 858 mors

582 907 692 976 jam
720 919 820 957 non
843 903 957 966 erit,
986 917 1145 972 neque
1172 901 1356 964 luctus,
1387 915 1545 969 neque
1567 898 1779 963 clamor,
1797 897 1884 950 sed
1912 914 1998 950 nec
2025 897 2170 950 dolor

586 998 743 1051 ullus.
772 995 902 1064 Quis
947 1010 1076 1050 vero
1104 1003 1208 1048 tam
1263 994 1330 1047 sit
1357 991 1638 1058 absurdus,
1671 999 1726 1045 et
1753 990 2170 1046 obstinatissima

589 1091 937 1146 contentione
962 1103 1209 1148 vesanus.
1256 1087 1347 1156 qui
1400 1085 1593 1139 audeat
1636 1083 1905 1137 afﬁrmare
1931 1083 1983 1137 in
2015 1082 2173 1151 hujus

590 1181 931 1235 mortalitatis
974 1178 1250 1243 mrumnis,
1287 1191 1392 1230 non
1440 1175 1560 1229 dico
1605 1174 1858 1244 pupulum
1905 1182 2166 1235 sanctum,

589 1273 682 1328 sed
716 1288 1155 1344 unumquemque
1185 1279 1512 1333 sanctorum,
1565 1269 1652 1338 qui
1696 1267 1832 1322 hanc
1867 1267 1950 1320 vel
1989 1265 2165 1328 ducat,

595 1363 680 1419 vel
708 1363 963 1418 ducturus
987 1363 1076 1428 sit,
1105 1361 1189 1416 vel
1215 1359 1427 1414 duxerit
1465 1360 1643 1422 vitam,
1688 1357 1860 1410 nullas
1887 1355 2167 1410 habentem

589 1453 854 1525 lacrymas
878 1461 932 1508 et
957 1453 1198 1517 dolores;
1228 1466 1348 1506 cum
1400 1449 1575 1520 potius
1614 1458 1814 1518 quanto
1842 1447 2062 1517 quisque
2089 1454 2172 1501 est

592 1545 830 1602 sanctior
859 1555 913 1600 et
941 1544 1190 1599 desiderii
1227 1543 1394 1596 sancti
1432 1541 1654 1610 plenior,
1696 1547 1842 1593 tanto
1869 1540 1938 1592 sit
1963 1539 2078 1608 ejus
2116 1538 2168 1592 in

590 1638 795 1694 orando
821 1638 976 1693 fletus
1006 1637 1259 1692 uberior?
1288 1636 1480 1690 Annon
1521 1644 1601 1687 est
1645 1647 1746 1686 vox
1775 1631 1905 1686 civis
1931 1633 1952 1663 ³
1983 1646 2168 1701 super-

591 1745 674 1784 nae
701 1729 1019 1790 Jerusalem,
1065 1728 1240 1782 Factw
1287 1737 1399 1780 sunt
1433 1726 1556 1779 mihi
1602 1726 1838 1796 lacryma:
1880 1724 2172 1793 metepauis

592 1822 674 1876 die
697 1839 757 1875 ac
798 1832 944 1876 nocte
974 1820 1144 1893 (Psal.
1193 1835 1300 1883 xu,
1347 1818 1400 1890 4)
1427 1819 1448 1872 ?
1499 1826 1570 1884 ct,
1603 1815 1804 1869 Lavabo
1833 1833 1921 1882 per
1945 1816 2171 1886 singulas

588 1923 754 1967 noctes
784 1914 966 1967 lectum
995 1929 1181 1977 meum,
1230 1913 1283 1965 in
1315 1909 1552 1981 lacrymis
1601 1909 1737 1962 meis
1769 1919 1978 1962 stratum
2010 1924 2172 1961 meum

591 2006 766 2077 rigabo
792 2005 960 2070 (Psal.
988 2021 1063 2068 vt,
1088 2005 1185 2073 7)?
1210 2011 1285 2069 et,
1329 2002 1554 2056 Gemitus
1579 2019 1718 2056 meus
1753 2019 1851 2055 non
1873 2013 1943 2056 est
1965 2004 2174 2056 abscon-

591 2098 725 2151 ditus
765 2113 796 2148 a
848 2106 895 2150 te
919 2095 1086 2169 (Psal.
1108 2110 1318 2158 xxxv",
1348 2093 1475 2163 10)?
1504 2104 1577 2160 et,
1613 2093 1772 2147 Dolor
1797 2110 1933 2147 meus
1959 2109 2170 2146 renova-

588 2200 666 2242 tus
695 2199 766 2242 est
788 2187 960 2256 (Psal.
991 2203 1212 2248 xxxvtu,
1239 2185 1334 2257 '5)?
1356 2187 1460 2240 Aut
1483 2201 1609 2240 vero
1639 2201 1745 2239 non
1775 2185 1891 2254 ejus
1916 2185 2004 2239 filii
2025 2195 2168 2249 sunt,

587 2279 675 2348 qui
706 2279 1060 2348 ingemiscunt
1086 2279 1310 2346 gravati,
1340 2279 1391 2330 in
1417 2291 1521 2346 quo
1543 2276 1731 2332 nolunt
1750 2277 2056 2346 exspoliari,
2077 2277 2171 2332 sed

592 2374 959 2442 supervestiri,
992 2382 1048 2426 ttt
1071 2371 1417 2425 absorbeatur
1458 2370 1720 2425 mortale’
1763 2385 1793 2424 a
1818 2372 1924 2424 vita
1953 2369 2016 2441 (ΙΙ
2048 2369 2168 2426 Cor.

589 2483 640 2530 ν,
672 2465 771 2536 4)Ὶ
801 2463 1105 2535 Nonneipsi
1133 2473 1275 2529 sunt,
1306 2465 1394 2534 qui
1421 2464 1680 2533 primitias
1716 2462 1972 2518 habentes
2009 2464 2174 2533 Spiri-

590 2567 697 2624 tus,
734 2558 787 2611 in
836 2558 1139 2630 semetipsis
1186 2556 1559 2627 ingemiscunt,
1610 2552 1946 2624 adoptionem
1978 2569 2172 2624 exspe-

588 2655 817 2711 ctantes,
848 2645 1273 2715 redemptionem
1303 2647 1540 2715 corporis
1571 2645 1650 2699 sui
1685 2644 1861 2718 (Rom.
1900 2661 2014 2712 vni,
2036 2644 2172 2715 23)?

590 2741 670 2791 An
702 2739 814 2806 ipse
859 2738 1131 2807 apostolus
1162 2736 1355 2790 Paulus
1393 2753 1496 2790 non
1527 2745 1640 2791 erat
1670 2753 1932 2806 supernus
1957 2736 2173 2792 Jeroso—

591 2833 897 2902 lymitanus,
918 2831 1001 2885 vel
1027 2847 1130 2885 non
1169 2830 1335 2884 multo
1359 2829 1527 2899 magis
1557 2829 1660 2884 hoc
1685 2838 1818 2893 erat,
1847 2830 2059 2900 quando
2075 2846 2172 2901 pro

589 2923 844 2978 lsraelitis
887 2923 1138 2978 fratribus
1194 2923 1497 2976 carnalibus
1542 2925 1654 2976 suis
1700 2922 1909 2976 tristitia
1954 2923 2028 2976 illi
2059 2933 2173 2977 erat

593 3032 805 3088 magna,
839 3026 893 3072 et
920 3016 1206 3070 continuus
1241 3015 1395 3069 dolor
1434 3013 1580 3069 cordi
1610 3015 1726 3084 ejus
1760 3013 1932 3086 (Rom.
1976 3031 2050 3080 ιχ,
2076 3013 2173 3083 2)?

594 3110 819 3178 Quando
868 3118 1044 3164 autem
1083 3123 1228 3162 mors
1266 3123 1370 3162 non
1404 3108 1507 3162 erit
1551 3106 1605 3161 in
1649 3108 1749 3160 ista
1790 3107 2025 3172 civitate,
2072 3107 2171 3162 nisi

591 3203 805 3275 quando
833 3203 1060 3267 dicetur,
1103 3200 1200 3256 Ubi
1240 3210 1333 3265 est,
1378 3215 1533 3265 mors,
1560 3199 1807 3252 contentio
1837 3208 1922 3252 tua
1944 3198 2060 3271 (a)?
2090 3199 2174 3252 ubi

582 3307 680 3361 est,
711 3312 865 3359 mors,
896 3296 1102 3347 aculeus
1126 3293 1284 3346 tuus?
1315 3293 1530 3345 Aculeus
1557 3300 1722 3343 autem
1748 3291 1923 3344 mortis
1943 3301 2016 3344 est
2051 3308 2172 3359 pec.

588 3398 756 3441 catum
783 3385 826 3455 (l
843 3386 958 3439 Cor.
982 3401 1068 3450 xv,
1090 3385 1157 3439 55
1171 3393 1215 3438 et
1229 3383 1319 3454 56)
1339 3383 1363 3435 ’ἲ
1385 3381 1534 3450 Quod
1557 3391 1683 3436 tunc
1703 3382 1884 3451 utique
1915 3397 2019 3436 non
2046 3384 2169 3449 erit,

584 3478 798 3549 quando
821 3478 1050 3543 dicetur,
1077 3475 1180 3530 Ubi
1200 3485 1271 3529 est
1291 3478 1314 3528 ἱ)
1338 3475 1487 3529 Nunc
1511 3489 1640 3528 vero
1672 3487 1778 3528 non
1801 3473 2020 3543 quilibet
2049 3475 2171 3528 inli-

591 3587 713 3625 mus
745 3569 767 3601 ⁸
797 3569 928 3624 civis
955 3569 1095 3623 illius
1115 3569 1362 3632 civitatis,
1412 3565 1505 3620 sed
1544 3565 1684 3621 idem
1712 3566 1826 3636 ipse
1853 3566 2086 3622 Joannes
2117 3568 2170 3621 in

592 3662 828 3733 Epistola
859 3676 953 3717 sua
989 3661 1204 3727 clamat,
1247 3660 1307 3715 Si
1337 3660 1611 3715 dixerimus
1638 3661 1756 3730 quia
1784 3671 2041 3732 peccatum
2071 3676 2172 3716 non

587 3759 847 3821 habemus,
875 3772 966 3809 nos
1007 3755 1146 3825 ipsos
1181 3753 1491 3820 seducimus,
1526 3761 1573 3806 et
1597 3754 1778 3806 veritas
1811 3754 1865 3807 in
1903 3753 2043 3807 nobis
2069 3770 2171 3807 non

584 3859 658 3903 est
689 3848 734 3921 (Ι
772 3847 928 3902 Joan.
957 3863 994 3914 t,
1023 3845 1099 3915 8).
1130 3846 1196 3901 Et
1221 3847 1276 3900 in
1326 3843 1428 3900 hoc
1463 3845 1676 3914 quidem
1703 3845 1858 3911 libro,
1888 3845 2039 3916 cujus
2068 3862 2171 3901 no-

588 3956 711 3996 men
752 3948 837 3995 est
889 3938 1259 4010 Apoealypsis,
1305 3937 1532 3992 obscure
1584 3937 1749 3991 multa
1797 3937 2061 4004 dicuntur,
2113 3950 2172 3993 ut

587 4044 822 4089 tuentem
866 4032 1092 4102 legentis
1117 4037 1427 4094 exerceant,
1469 4037 1523 4084 et
1567 4044 1734 4099 pauca
1759 4029 1811 4084 in
1841 4045 1908 4084 eo
1931 4039 2074 4096 sunt,
2104 4046 2168 4086 ex

590 4141 819 4196 quorum
859 4123 1288 4178 nianifestatione
1315 4121 1631 4191 indagentur
1657 4130 1848 4176 caetera
1879 4137 1999 4176 cum
2026 4122 2172 4176 labo-

591 4231 652 4271 re
688 4234 699 4268 :
733 4215 963 4268 maxime
991 4214 1116 4284 quia
1147 4215 1223 4266 sic
1250 4211 1437 4266 eadem
1467 4211 1648 4265 multis
1674 4211 1845 4266 modis
1875 4212 2083 4280 repetit,
2113 4221 2173 4268 ut

586 4307 692 4361 alia
718 4317 876 4374 atque
901 4305 1003 4358 alia
1043 4304 1223 4358 dicere
1251 4302 1528 4368 videatur;
1559 4317 1681 4356 cum
1712 4302 1867 4356 aliter
1889 4313 2048 4373 atque
2069 4304 2168 4358 ali-

588 4410 668 4454 ter
696 4401 811 4453 liacc
832 4399 944 4467 ipsa
985 4397 1167 4451 dicere
1190 4395 1506 4464 vestigetur.
1535 4394 1734 4448 Verum
1781 4395 1833 4448 in
1866 4395 1948 4449 his
1967 4395 2166 4462 verbis,

586 4492 675 4546 ubi
707 4493 800 4555 ait,
830 4489 1089 4560 Absterget
1110 4486 1252 4541 Deus
1286 4502 1483 4540 onmem
1516 4485 1796 4555 lacrymam
1823 4486 1887 4539 ab
1908 4487 2068 4542 oculis
2086 4503 2170 4542 eo-

584 4603 729 4649 rum;
753 4593 798 4638 et
819 4600 953 4636 mors
965 4583 1078 4654 jam
1105 4597 1205 4635 non
1232 4580 1344 4646 erit,
1375 4595 1535 4649 neque
1561 4578 1742 4642 luctus,
1776 4595 1934 4648 neque
1954 4579 2165 4647 clamor,

587 4678 678 4733 sed
705 4693 794 4731 nec
834 4677 984 4729 dolor
1011 4675 1146 4729 ullus
1173 4689 1193 4727 :
1233 4681 1378 4728 tanta
1407 4673 1526 4727 luce
1553 4671 1692 4726 dicta
1727 4681 1851 4726 sunt
1873 4672 1941 4727 de
1974 4673 2169 4727 saeculo

593 4775 770 4827 futuro
815 4779 868 4825 et
892 4768 1292 4824 immortalitate
1333 4774 1492 4836 atque
1529 4765 1822 4820 aeternitate
1863 4774 2166 4820 sanctorum

587 4869 737 4936 (tunc
766 4865 910 4918 enim
941 4862 1139 4925 solum,
1171 4867 1330 4928 atque
1373 4857 1443 4912 ibi
1474 4857 1647 4912 solum
1689 4857 1786 4912 ista
1827 4870 1934 4910 non
1963 4857 2164 4924 erunt),

583 4967 643 5011 ut
671 4956 811 5010 nulla
839 4954 1131 5009 debeamus
1167 4951 1223 5005 in
1266 4949 1483 5004 Litteris
1513 4949 1680 5003 sacris
1709 4964 1950 5017 qua‘rcre
1975 4949 2058 5003 vel
2089 4949 2165 5004 le-

588 5065 715 5118 gere
745 5045 1045 5110 manifesta,
1069 5044 1113 5098 si
1143 5043 1256 5098 haec
1277 5040 1637 5112 putaverimus
1656 5040 1899 5094 obscura.

579 5140 803 5197 CAPUT
849 5136 1036 5194 XVIII.
1056 5166 1126 5178 —
1145 5136 1280 5203 Quid
1299 5135 1562 5205 apostolus
1597 5133 1777 5188 Petrus
1803 5136 1867 5189 de
1894 5137 2165 5190 novissimo

1042 5226 1138 5281 Dei
1159 5227 1354 5298 judicio
1393 5225 1700 5294 prazdicarit.

647 5321 924 5390 Nuncjam
953 5319 1250 5383 videamus,
1284 5317 1409 5386 quid
1467 5317 1629 5370 etiam
1660 5317 1930 5386 apostolus
1975 5319 2164 5376 Petrus

642 5437 663 5498 ιζ
695 5436 831 5493 t‘diti,
855 5437 1072 5498 regnant.
1100 5439 1156 5481 At.
1178 5439 1304 5492 Mss,
1329 5434 1496 5493 regnat
1524 5439 1541 5476 :
1577 5426 1793 5477 refertur
1827 5429 1885 5477 ad
1918 5430 2164 5480 civitatem

572 5496 1118 5667 magigiiianuscripti.
1143 5561 1199 5604 Αι
1218 5552 1353 5611 editi,
1380 5550 1502 5610 loco,
1532 5549 1668 5609 civis,
1691 5550 1892 5613 habent,
1919 5551 2120 5604 civitatis
2142 5565 2162 5604 :

675 5631 733 5667 us
789 5630 903 5667 ene.

640 5619 1055 5736 fualiiiflgiortale
1091 5677 1196 5727 hoc.
1223 5677 1390 5736 Abest,
1411 5673 1518 5734 hoc,
1540 5688 1568 5723 a
1591 5677 1842 5735 manuscri,
1863 5681 1942 5724 tis.

635 5742 659 5772 δ
692 5741 914 5802 Plerique
932 5747 1057 5796 Mss,
1082 5737 1319 5801 infirmus.

637 5804 711 5870 (α)
741 5796 931 5849 videtur
964 5803 1115 5870 igitur
1135 5796 1457 5870 ἰιυητιηὶιίος2
1505 5797 1836 5870 legisseajtul
1874 5799 2094 5870 Paulum,
2107 5809 2162 5850 ut

573 5859 791 5926 Vulgata,
813 5875 923 5923 qua:
947 5859 1145 5926 victoria
1168 5863 1345 5926 vertit;
1371 5861 1479 5915 sed,
1502 5859 1681 5909 uel/tos.
1703 5866 1752 5909 Iit
1775 5862 1844 5908 sic
1886 5861 2159 5910 Ambrosius

579 5938 629 5978 et
652 5920 967 5988 tlieronj‘tuus
982 5923 1178 5971 interim
1203 5920 1390 5983 legunt.
1415 5928 1523 5971 wn.
1553 5929 1704 5969 Vives.

1676 418 1763 472 DE
1804 417 2124 474 CIVITATE
2168 414 2299 475 DEI.
2339 418 2394 474 S.
2436 419 2802 478 AUGUSTINI
3706 437 3777 494 su

2279 535 2346 589 de
2376 533 2477 590 hoc
2501 536 2704 606 judicio
2736 537 3010 607 scripserit
3043 556 3056 592 :
3095 537 3325 608 Venient,
3350 541 3533 614 inquit,
3559 546 3603 600 in
3621 553 3777 609 nor-iui.

2277 643 2359 681 mo
2385 628 2578 682 dierum
2598 629 2832 685 illusione
2856 631 3142 699 illudentes,
3173 635 3445 690 secundum
3471 644 3672 710 proprias
3691 663 3776 701 con-

2277 721 2610 788 cupiscentias
2635 738 2754 776 suas
2774 733 2965 790 euntes,
2997 733 3042 777 et
3070 724 3312 794 dicentes,
3339 726 3435 782 Ubi
3460 741 3526 784 est
3545 738 3778 801 promissam

2277 812 2557 880 praesentire
2585 811 2782 881 ipsius?
2813 812 2894 867 Ea:
2921 831 3016 884 quo
3054 817 3187 869 enim
3230 828 3398 887 patres
3426 820 3710 889 dormierunt,
3733 831 3782 882 sic

2277 905 2446 958 omnia
2495 917 2812 974 perseverant
2839 907 2901 961 ab
2928 909 3071 962 initio
3100 922 3364 965 creatura.
3409 911 3546 968 Latet
3570 918 3681 971 enim
3701 920 3780 974 illos

2278 1001 2371 1051 hoc
2391 999 2632 1064 volentes,
2663 1000 2779 1070 quia
2804 1002 2916 1054 caeli
2958 1012 3102 1056 erant
3151 1003 3276 1058 olim
3303 1016 3352 1059 et
3379 1016 3507 1060 terra
3530 1009 3586 1063 de
3612 1028 3730 1080 aqua,
3751 1026 3782 1068 et

2278 1108 2369 1160 per
2393 1108 2574 1160 aquam
2600 1094 2868 1149 constituta
2893 1095 2986 1149 Dei
3012 1096 3196 1162 verba;
3221 1116 3313 1169 per
3337 1116 3464 1169 quia,
3492 1104 3575 1174 qui
3597 1114 3692 1159 tunc
3710 1117 3783 1161 erat

2277 1185 2514 1250 nmndus,
2541 1202 2674 1256 aqua
2702 1187 2975 1243 inundatus
3003 1190 3240 1257 deperiit.
3275 1191 3377 1257 Qui
3401 1204 3557 1248 autem
3582 1209 3784 1252 nuncsuttt

2276 1279 2386 1330 αι’Ιὶ
2414 1286 2458 1330 et
2488 1288 2643 1345 terra,
2672 1280 2846 1333 eodem
2865 1282 3012 1335 verba
3040 1284 3247 1353 repositi
3274 1294 3412 1350 sunt,
3442 1286 3540 1357 igni
3565 1292 3785 1344 reservandi

2274 1367 2326 1419 in
2359 1369 2488 1421 diem
2504 1369 2689 1440 judicii
2727 1381 2774 1424 et
2804 1373 3101 1440 perditionis
3131 1376 3397 1430 hominum
3424 1379 3680 1448 impiorum.
3706 1381 3785 1436 Hoc

2275 1478 2432 1515 unum
2459 1478 2573 1515 vero
2620 1480 2722 1518 non
2757 1465 2911 1518 lateat
2948 1482 3053 1532 vos,
3099 1467 3405 1532 charissimi,
3448 1471 3559 1542 quia
3580 1490 3688 1528 unus
3709 1476 3785 1530 diu

2275 1557 2415 1625 apud
2441 1555 2734 1622 Dominum,
2765 1559 2896 1612 sicut
2930 1559 3066 1615 mille
3113 1563 3272 1629 anni;
3323 1573 3372 1618 et
3406 1567 3536 1620 mille
3556 1569 3785 1634 anni,sicu

2277 1649 2383 1702 dies
2413 1665 2562 1702 unus.
2598 1648 2719 1704 Non
2740 1651 2907 1705 tardat
2951 1651 3200 1710 Dominus
3234 1658 3549 1725 promissum,
3576 1660 3683 1714 sicut
3703 1664 3786 1732 qui-

2277 1740 2394 1793 dam
2436 1741 2722 1795 tarditatem
2768 1745 3055 1798 existimant
3098 1763 3117 1800 :
3159 1749 3248 1801 sed
3272 1749 3510 1819 patienter
3529 1755 3614 1819 fert
3635 1764 3787 1822 propter

2277 1850 2383 1899 vos,
2414 1835 2589 1889 nolens
2627 1836 2845 1906 aliquem
2885 1839 3065 1909 perire,
3093 1841 3184 1894 sed
3217 1858 3392 1896 omnes
3436 1845 3486 1897 in
3516 1845 3787 1913 penitentiam

2276 1927 2513 1979 converti.
2556 1926 2728 1981 Veniet
2767 1940 2935 1983 autem
2965 1931 3069 1985 dies
3099 1930 3312 1986 Domini
3338 1944 3392 1987 ut
3419 1938 3517 2006 fur,
3547 1937 3592 1989 in
3615 1937 3788 2005 quocali

2277 2037 2461 2090 magno
2491 2022 2680 2091 impetu
2709 2031 3050 2077 transcurrent
3079 2041 3097 2078 :
3136 2025 3383 2080 elementa
3425 2038 3581 2082 autem
3615 2029 3787 2081 ardentia

2276 2114 2589 2167 resolventur
2605 2132 2624 2180 ;
2655 2125 2700 2168 et
2721 2125 2875 2181 terra,
2907 2126 2952 2171 et
2973 2133 3086 2187 qua:
3113 2119 3165 2172 in
3187 2120 3300 2186 ipsa
3329 2129 3442 2172 sunt
3470 2137 3609 2190 opera
3629 2136 3787 2174 exuren-

2279 2214 2381 2260 tur.
2416 2205 2513 2260 His
2561 2223 2678 2278 ergo
2709 2209 2938 2263 omnibus
2967 2211 3313 2279 pereuntibus,
3343 2212 3512 2280 quales
3535 2220 3696 2282 oportet
3714 2228 3789 2266 esse

2275 2310 2363 2351 vos
2391 2297 2443 2350 in
2487 2297 2675 2352 sanctis
2715 2300 3174 2354 conversationibus
3210 2313 3566 2373 exspectantes,
3591 2313 3630 2356 et
3657 2320 3788 2372 propc-

2275 2398 2444 2442 rantes
2486 2389 2555 2442 ad
2585 2391 2902 2459 praesentiam
2931 2391 3033 2446 diei
3069 2390 3302 2460 Domini,
3341 2411 3428 2464 per
3453 2411 3592 2464 quam
3624 2394 3789 2447 caliar-

2278 2482 2453 2537 dentes
2479 2484 2752 2550 solventur,
2781 2495 2828 2540 et
2853 2487 3095 2540 elementa
3115 2488 3250 2558 ignis
3277 2489 3461 2542 ardore
3486 2488 3790 2558 decoquatur!

2282 2573 2455 2628 Noras
2481 2592 2596 2630 vero
2625 2577 2792 2641 ccelos,
2811 2589 2859 2632 et
2879 2589 3067 2632 terram
3095 2596 3299 2646 noram,
3317 2581 3580 2635 secundum
3604 2580 3790 2650 promissa

2275 2669 2456 2739 ipsius,
2473 2679 2842 2740 exspectamus,
2861 2671 2914 2725 in
2938 2672 3115 2740 quibus
3129 2672 3341 2742 justitia
3369 2673 3600 2726 inhabitat
3615 2671 3788 2740 (llPetr.

2277 2777 2352 2826 tu,
2388 2762 2570 2834 ’5-15).
2616 2763 2759 2818 Nihil
2790 2764 2878 2819 hic
2917 2764 3051 2819 dixit
3089 2765 3157 2820 de
3194 2766 3580 2820 resurrectione
3611 2771 3791 2818 mortuo-

2277 2869 2397 2909 rum
2430 2872 2442 2906 :
2473 2854 2566 2908 sed
2597 2869 2724 2909 sane
2751 2854 2817 2910 de
2844 2855 3141 2925 perditione
3179 2856 3369 2912 mundi
3401 2856 3552 2926 hujus
3575 2856 3697 2910 satis.
3721 2855 3790 2910 Ubi

2277 2951 2437 3004 etiam
2468 2963 2896 3004 commemorans
2932 2948 3126 3004 factum
3161 2959 3287 3004 aute
3333 2950 3595 3015 diluvium,
3635 2948 3791 3003 videtur

2277 3041 2620 3097 admonuisse
2646 3041 3058 3110 quodammodo,
3089 3054 3358 3114 quatenus
3381 3045 3431 3098 in
3456 3044 3552 3099 fine
3575 3043 3704 3112 hujus
3721 3056 3792 3095 ss:-

2278 3135 2380 3187 culi
2410 3134 2664 3188 mundum
2696 3134 2852 3188 istum
2897 3135 3188 3204 periturum
3229 3151 3355 3190 esse
3391 3135 3660 3190 credamus.
3695 3132 3791 3188 Nam

2279 3233 2331 3278 et
2352 3225 2442 3280 illo
2465 3234 2703 3293 tempore
2728 3225 2932 3296 perisse
2952 3225 3111 3290 dixit,
3135 3226 3224 3296 qui
3252 3233 3384 3280 tunc
3407 3236 3536 3292 erat,
3558 3224 3788 3280 mundum:

2277 3333 2378 3371 nec
2429 3317 2597 3371 solum
2629 3316 2812 3370 orbem
2865 3325 3042 3380 terrae,
3092 3331 3277 3370 verum
3328 3317 3486 3371 etiam
3511 3317 3790 3384 cmlos,quos

2277 3409 2458 3478 utique
2503 3407 2632 3462 istos
2669 3407 2843 3462 aerios
2888 3407 3262 3478 intelligimus,
3314 3424 3534 3479 quorum
3575 3408 3717 3462 locum
3747 3419 3790 3458 ac

2277 3501 2506 3571 spatium
2537 3509 2664 3556 tunc
2689 3515 2824 3570 aqua
2853 3499 3146 3555 crescendo
3191 3509 3552 3571 superaverat.
3599 3499 3711 3567 Ergo
3735 3508 3790 3549 to-

2277 3602 2383 3658 tus,
2407 3602 2499 3646 aut
2525 3607 2660 3663 pene
2681 3600 2822 3646 totus
2847 3606 2940 3646 aer
2964 3591 3065 3646 iste
3093 3602 3353 3648 ventosus
3380 3592 3532 3664 (quod
3553 3591 3715 3646 cmlum
3733 3586 3789 3640 vel

2277 3683 2455 3754 potius
2487 3684 2653 3738 caelos
2698 3691 2874 3749 vocat,
2907 3682 2998 3737 sed
3027 3683 3160 3737 istos
3191 3683 3379 3754 utique
3419 3685 3565 3748 imos,
3597 3697 3684 3735 non
3707 3679 3790 3734 illos

2276 3789 2576 3846 supremos,
2600 3775 2691 3830 ubi
2717 3775 2818 3840 sol,
2845 3783 2898 3830 et
2928 3774 3072 3840 luna,
3104 3782 3160 3829 et
3183 3775 3360 3830 sidera
3385 3775 3648 3829 constituta
3665 3772 3789 3837 sunt),

2276 3881 2568 3922 conversus
2610 3866 2784 3920 fuerat
2813 3866 2866 3920 in
2899 3865 3170 3920 humidam
3205 3868 3515 3937 qualitatem
3556 3866 3652 3936 (a);
3676 3871 3790 3930 atque

2278 3959 2380 4015 hoc
2407 3959 2565 4014 modo
2586 3974 2707 4014 cum
2731 3967 2873 4013 terra
2900 3959 3150 4028 perierat,
3171 3959 3325 4026 cujus
3350 3969 3503 4013 terra:
3521 3960 3674 4027 utique
3689 3955 3791 4024 print

2275 4050 2442 4106 facies
2467 4049 2639 4105 fuerat
2664 4050 2837 4104 deleta
2867 4049 3087 4104 diluvio.
3136 4050 3237 4116 Qui
3261 4061 3434 4103 autem
3459 4065 3581 4102 nunc
3605 4045 3790 4102 runnin-

2275 4144 2408 4212 quit,
2437 4142 2548 4196 caeli
2579 4152 2626 4196 et
2676 4150 2828 4208 terra,
2875 4141 3046 4195 eodem
3075 4141 3222 4194 uerbo
3248 4142 3459 4211 repositi
3482 4149 3606 4202 sunt,
3634 4136 3716 4208 igni
3736 4149 3791 4184 rt-

2275 4235 2508 4289 servaudi
2532 4236 2583 4288 in
2605 4234 2737 4288 diem
2752 4234 2942 4305 judicii
2963 4243 3010 4288 et
3052 4233 3352 4304 perditionis
3391 4233 3636 4286 hominum
3652 4226 3790 4296 impio-

2275 4347 2414 4384 rum.
2442 4328 2674 4384 Proinde
2694 4328 2783 4399 qui
2805 4329 2949 4394 cmli,
2972 4336 3027 4382 et
3051 4343 3167 4397 quae
3193 4337 3360 4392 terra,
3389 4326 3441 4382 id
3463 4336 3559 4392 est,
3585 4324 3661 4396 qui
3679 4335 3789 4376 mun-

2275 4423 2397 4488 dus,
2428 4437 2525 4491 pro
2555 4435 2622 4475 eo
2651 4419 2851 4474 mundo
2879 4419 2968 4489 qui
2998 4418 3196 4474 diluvio
3225 4419 3406 4487 periit,
3431 4433 3494 4473 ex
3517 4415 3678 4472 eadem
3693 4423 3788 4479 aqua

2275 4514 2544 4584 repositus
2572 4521 2672 4577 est,
2700 4513 2814 4582 ipse
2838 4513 2946 4582 igni
2973 4511 3272 4566 novissimo
3299 4519 3601 4567 reservatur
3629 4509 3671 4562 in
3690 4505 3789 4559 diem

2271 4609 2457 4679 judicii
2483 4620 2536 4662 et
2562 4606 2876 4676 perditionis
2906 4605 3178 4658 hominum
3201 4605 3512 4672 impiorum.
3529 4601 3645 4655 Nam
3667 4605 3709 4652 et
3725 4595 3788 4647 ho-

2275 4701 2500 4764 minum,
2531 4707 2748 4768 propter
2770 4711 3014 4766 magnam
3041 4693 3328 4764 quamdam
3365 4690 3788 4748 commutationem,

2275 4809 2380 4848 non
2403 4792 2610 4846 dubitat
2633 4790 2814 4845 dicere
2842 4787 3194 4859 perditionem
3222 4785 3493 4850 futuram;
3524 4799 3631 4838 cum
3662 4792 3786 4833 tamen

2273 4900 2480 4949 eorum,
2521 4882 2764 4953 quamvis
2804 4880 2858 4934 in
2905 4879 3118 4934 aeternis
3160 4878 3355 4947 pmnis,
3387 4878 3458 4931 sit
3482 4888 3697 4930 mansura
3722 4885 3788 4922 na-

2275 4985 2413 5030 tura.
2443 4976 2657 5043 Quznrat
2686 4973 2908 5028 forsitan
2929 4971 3141 5041 aliquis,
3167 4971 3209 5024 si
3229 4979 3352 5040 post
3377 4969 3569 5024 factum
3594 4964 3788 5036 judicium

2273 5067 2502 5122 mundus
2533 5067 2632 5120 iste
2661 5063 2887 5127 ardebit,
2924 5071 3209 5132 antequam
3240 5075 3338 5129 pro
3379 5060 3473 5115 illo
3512 5060 3680 5115 emtum
3721 5067 3789 5106 no-

2271 5175 2415 5224 vum,
2448 5166 2503 5213 ct
2535 5166 2679 5213 terra
2721 5171 2857 5212 nova
2886 5163 3196 5225 reponatur,
3225 5166 3291 5207 eo
3317 5151 3436 5219 ipso
3465 5163 3678 5220 tempore
3697 5159 3787 5198 Cun-

2272 5250 2599 5322 flagrationis
2625 5248 2742 5319 ejus
2769 5247 2858 5302 ubi
2882 5257 3040 5303 erunt
3070 5248 3261 5315 sancti,
3283 5264 3452 5319 quum
3483 5260 3572 5300 eos
3592 5240 3787 5296 trahentes

2272 5359 2498 5415 corpora
2527 5345 2577 5398 in
2600 5344 2779 5414 aliquo
2805 5341 3067 5413 corporali
3084 5341 3206 5395 loco
3228 5355 3346 5395 esse
3366 5351 3582 5394 necesse
3604 5333 3677 5387 sit.
3692 5328 3785 5381 Pos-

2271 5456 2459 5496 sumus
2483 5438 2830 5509 respondere,
2875 5436 3080 5490 futuros
3121 5449 3212 5488 eos
3251 5448 3372 5488 esse
3402 5431 3455 5486 in
3493 5419 3787 5509 superioribtti

2270 5532 2531 5603 partibus,
2551 5507 2658 5600 quo
2685 5529 2756 5583 ita
2781 5542 2886 5582 non
2916 5525 3171 5582 ascendet
3193 5524 3408 5578 flatuma
3433 5522 3568 5576 illius
3593 5507 3782 5603 incendii.

2267 5598 2718 5694 quemadmodum
2766 5634 2867 5673 nec
2909 5617 3049 5671 unda
3084 5614 3284 5670 diluvii.
3333 5613 3484 5668 Talia
3527 5609 3692 5678 quippe
3714 5598 3765 5694 illi

2270 5719 2482 5772 inerunt
2507 5729 2754 5785 corpora,
2787 5721 2846 5767 ut
2875 5711 2982 5766 illic
3007 5709 3134 5776 sint,
3163 5707 3251 5762 ubi
3287 5722 3410 5762 esse
3435 5700 3688 5760 voluerint.
3711 5688 3786 5745 Sed

2336 5918 2406 5982 (α)
2433 5915 2560 5966 Conf.
2587 5915 2670 5964 lib.
2696 5914 2727 5964 5
2747 5913 2808 5964 de
2828 5917 2944 5961 Gen.
2969 5907 3028 5958 ad
3051 5908 3177 5967 Litt.,
3202 5918 3284 5956 un.
3309 5902 3356 5962 ἓν
3378 5905 3427 5953 5.
