3976 6514
259 438 364 495 885

258 569 359 609 nec
382 552 556 623 ignem
581 547 1011 620 conﬂagrationis
1031 546 1172 601 illius
1197 544 1576 615 pertimescent
1607 545 1829 598 immor-

257 644 390 698 tales
405 654 563 712 atque
585 640 1009 710 incorruptibiles
1031 637 1152 692 lacti
1176 655 1189 691 :
1216 638 1350 692 sicut
1373 637 1389 668 ¹
1413 636 1646 690 virorum
1669 636 1829 690 trium

258 731 620 800 corruptibilia
663 745 885 799 corpora
917 737 1073 798 atque
1115 727 1377 788 mortalia,
1418 726 1468 780 in
1512 727 1720 780 camino
1747 741 1832 780 ar-

261 821 407 875 denti
434 821 612 875 vivere
644 820 803 873 illzesa
828 827 1111 888 potuerunt
1137 816 1295 889 (Dan.
1329 833 1407 882 ιιι,
1434 816 1549 886 24).

259 955 487 1011 CAPUT
508 953 650 1008 XIX.
672 982 743 993 -
765 953 901 1018 Quid
927 951 1182 1022 apostolus
1207 950 1400 1004 Paulus
1421 948 1835 1002 Thessalonicen-

330 1045 466 1099 sibus
495 1045 747 1114 scripserit
789 1044 851 1096 de
895 1043 1298 1112 rrtanifestattone
1333 1039 1654 1103 Antichristi,
1690 1039 1834 1108 cujus

333 1146 527 1206 tempus
552 1137 656 1188 dies
685 1134 887 1188 Domini
916 1133 1259 1201 subsequetur.

332 1250 386 1302 1.
419 1248 606 1302 Multas
634 1246 967 1317 evangelicas
991 1245 1418 1316 apostolicasque
1453 1240 1741 1296 sententias
1769 1239 1836 1294 de

261 1343 440 1397 divino
469 1341 789 1410 istojudicio
816 1340 1104 1395 novissimo
1131 1337 1284 1392 video
1313 1335 1438 1389 mihi
1465 1349 1585 1389 esse
1615 1341 1837 1403 praeter-

263 1434 486 1499 eundus,
511 1450 576 1488 ne
604 1435 706 1488 hoc
731 1433 978 1488 volumen
1008 1432 1058 1484 in
1082 1429 1298 1483 nimiam
1320 1426 1698 1496 longitudinem
1718 1438 1838 1492 pro-

261 1528 503 1580 volvatur
523 1527 542 1557 ’
574 1545 588 1580 :
621 1524 715 1579 sed
746 1525 891 1580 nullo
914 1522 1071 1578 modo
1090 1530 1170 1577 est
1197 1517 1600 1589 przetereundus
1625 1524 1838 1586 aposto-

263 1617 347 1672 lus
376 1618 592 1679 Paulus,
619 1617 706 1686 qui
739 1616 978 1670 scribens
1007 1612 1074 1667 ad
1101 1611 1604 1668 Thessalonicenses
1624 1649 1638 1674 ,
1664 1607 1838 1678 Rega-

262 1725 395 1775 mus,
429 1709 615 1778 inquit,
647 1724 732 1762 vos
753 1749 767 1772 ,
795 1711 1004 1778 fratres,
1038 1721 1125 1774 per
1150 1704 1415 1756 adventum
1441 1699 1643 1753 Domini
1670 1697 1830 1751 nostri

261 1799 389 1852 Jesu
415 1799 619 1863 Christi,
653 1807 699 1851 et
729 1806 911 1851 nostra:
935 1793 1333 1865 congregationis
1360 1792 1410 1844 in
1436 1791 1602 1858 ipsum
1624 1831 1637 1854 ,
1665 1798 1718 1841 ut
1740 1803 1839 1840 non

263 1891 362 1944 cito
391 1889 684 1943 moveamini
705 1898 884 1951 mente,
909 1902 1064 1956 neque
1094 1882 1380 1937 terreamini
1397 1923 1410 1944 ,
1434 1897 1591 1950 neque
1617 1897 1704 1949 per
1728 1880 1838 1947 spi-

262 1984 440 2046 ritum,
473 1999 628 2052 neque
658 1998 744 2052 per
763 1979 982 2045 verbum,
1015 1993 1171 2049 neque
1205 1991 1292 2046 per
1311 1974 1574 2044 epistolam
1604 1981 1840 2041 tanquam

269 2093 358 2147 per
387 2092 477 2128 nos
509 2075 735 2137 missam,
767 2071 912 2140 quasi
950 2071 1096 2123 instet
1130 2068 1234 2120 dies
1259 2065 1466 2118 Domini
1488 2081 1506 2117 :
1534 2080 1594 2116 ne
1620 2063 1728 2133 quis
1756 2078 1841 2114 vos

264 2168 469 2220 seducat
494 2165 598 2219 ullo
628 2163 797 2216 modo.
822 2161 1070 2228 Quoniam
1101 2159 1196 2212 nisi
1222 2157 1404 2210 venerit
1430 2155 1607 2224 refuga
1630 2152 1704 2224 (a)
1731 2153 1838 2221 pri-

263 2276 421 2322 mum,
450 2269 503 2311 ut
530 2257 775 2311 revelatus
801 2255 949 2324 fuerit
978 2253 1126 2304 homo
1158 2250 1379 2320 peccati,
1413 2249 1551 2317 ﬁlius
1575 2248 1836 2312 interitus,

263 2351 350 2419 qui
373 2349 667 2402 adversatur
696 2356 740 2398 et
765 2344 1171 2416 supei'extollitztr
1209 2357 1364 2410 supra
1390 2357 1534 2393 omne
1555 2339 1687 2409 quod
1713 2337 1842 2390 dici-

265 2449 347 2492 tur
375 2439 532 2506 Deus,
563 2447 651 2491 aut
680 2436 813 2506 quod
835 2436 1048 2497 colitur;
1078 2435 1148 2485 ita
1177 2442 1231 2485 ut
1258 2433 1308 2484 in
1331 2429 1518 2500 templo
1541 2429 1632 2482 Dei
1652 2433 1840 2497 sedeat,

264 2541 517 2586 ostentans
539 2531 558 2562 ³
587 2547 639 2584 se
668 2537 905 2593 tanquam
944 2527 1008 2580 sit
1045 2524 1200 2578 Deus.
1240 2522 1360 2576 Non
1402 2521 1625 2574 retinetis
1655 2520 1705 2573 in
1735 2536 1842 2573 me-

263 2621 447 2687 moria,
474 2621 606 2690 quod
632 2619 796 2671 adhuc
824 2633 936 2669 cum
967 2631 1121 2668 essem
1157 2612 1293 2683 apud
1322 2627 1406 2665 vos
1427 2652 1440 2674 ,
1479 2611 1586 2663 haec
1621 2608 1844 2661 dicebam

265 2713 446 2766 vobis?
470 2711 532 2764 Et
558 2727 686 2763 nunc
715 2708 837 2779 quid
863 2708 1078 2760 detineat
1114 2706 1279 2769 scitis,
1320 2713 1374 2756 ut
1410 2703 1651 2756 reveletur
1675 2703 1727 2754 in
1753 2717 1844 2755 suo

265 2812 505 2871 tempore.
531 2799 651 2852 Jam
673 2800 802 2852 enim
821 2797 1111 2867 mysterium
1129 2794 1404 2862 iniquitatis
1430 2802 1687 2860 aperatur.
1713 2789 1845 2844 Tan-

261 2900 370 2943 tum
392 2891 481 2960 qui
509 2889 656 2942 modo
689 2897 817 2942 tenet
839 2895 1020 2952 teneat,
1053 2885 1208 2938 donec
1235 2885 1296 2936 de
1320 2884 1482 2936 medio
1514 2883 1640 2952 fiat:
1663 2891 1706 2936 et
1727 2892 1845 2936 tunc

259 2983 566 3037 revelabitur
602 2982 799 3050 iniquus
829 2979 875 3047 ",
916 2995 1059 3050 quem
1103 2977 1351 3031 Dominus
1388 2975 1539 3031 Jesus
1580 2977 1845 3045 interﬁciet

260 3075 446 3145 spiritu
471 3074 571 3127 oris
591 3074 691 3138 sui,
715 3081 758 3125 et
781 3070 1034 3124 evacuabit
1059 3069 1425 3123 illuminatione
1446 3069 1722 3137 prtcsentia:
1739 3081 1848 3122 sua:

261 3184 406 3231 eum,
437 3167 583 3236 cujus
612 3173 684 3218 est
722 3163 990 3232 pra’sentia
1017 3162 1290 3216 secundum
1329 3161 1669 3230 Operationem
1707 3170 1846 3214 sata-

262 3275 365 3322 nw,
388 3259 440 3310 in
463 3259 598 3311 οηιηὶ
626 3259 822 3322 virtute,
853 3265 898 3308 et
927 3256 1101 3326 signis,
1134 3264 1181 3308 et
1209 3254 1452 3324 prodigiis
1482 3253 1768 3316 mendacii,
1800 3262 1846 3306 et

259 3353 318 3406 in
346 3353 482 3404 onmi
515 3351 802 3403 seductione
829 3349 1134 3419 iniquitatis,
1168 3348 1246 3402 Itis
1273 3349 1358 3418 qui
1397 3357 1635 3416 pereunt;
1670 3363 1760 3418 pro
1790 3364 1846 3400 eo

260 3442 400 3512 quod
429 3442 742 3494 dilectionem
770 3440 990 3492 veritatis
1019 3455 1119 3492 non
1148 3448 1460 3507 receperunt,
1499 3446 1553 3490 ut
1591 3438 1714 3490 salvi
1757 3438 1848 3505 [ie-

259 3541 394 3587 rent.
425 3531 490 3584 Et
521 3530 632 3584 ideo
657 3531 816 3581 mittet
845 3530 948 3580 illis
993 3527 1130 3580 Deus
1169 3528 1510 3597 operationem
1548 3528 1759 3591 erroris,
1791 3536 1846 3578 ut

260 3624 470 3678 credant
494 3621 777 3686 mendacio,
809 3629 852 3673 et
873 3619 1169 3690 judicenlur
1193 3633 1363 3670 omnes
1383 3617 1469 3685 qui
1493 3633 1594 3670 non
1621 3617 1846 3670 credide-

259 3724 381 3768 runt
427 3714 660 3780 veritati,
700 3711 788 3766 sed
829 3717 1185 3764 consenserunt
1230 3708 1484 3778 iniquitati
1530 3707 1619 3778 (ll
1664 3707 1842 3762 Thess.

259 3805 534 3875 11,141).

331 3896 387 3950 2.
419 3895 558 3950 Nulli
588 3894 803 3950 dubium
834 3900 933 3955 est,
959 3906 1081 3946 eum
1101 3889 1168 3945 de
1193 3887 1524 3944 Antichristo
1550 3887 1650 3942 ista
1680 3887 1847 3942 dixis-

259 4004 357 4056 se;
391 3989 639 4060 diemque
665 3986 851 4057 judicii
881 3985 1055 4056 (hunc
1081 3983 1260 4038 enim”
1297 3981 1527 4051 appellat
1557 3981 1695 4035 diem
1741 3981 1844 4034 Do-

260 4082 430 4152 mini)
475 4097 580 4135 non
624 4095 743 4134 esse
784 4087 1103 4142 venturum,
1145 4075 1246 4129 nisi
1294 4074 1385 4127 ille
1424 4073 1568 4142 prior
1603 4071 1841 4137 venerit,

261 4188 420 4243 quem
450 4171 689 4240 refugam
720 4177 908 4234 vocat,
933 4168 1119 4236 utique
1144 4181 1174 4220 a
1205 4165 1430 4219 Domino
1462 4164 1589 4216 Deo.
1620 4160 1772 4229 Quod
1797 4161 1844 4216 si

263 4264 331 4318 de
358 4261 604 4316 omnibus
635 4259 812 4329 impiis
842 4258 1032 4312 merito
1061 4255 1168 4310 dici
1208 4261 1418 4324 potest,
1451 4261 1650 4321 quanto
1679 4251 1846 4322 magis

262 4355 331 4411 de
355 4355 496 4410 isto?
520 4351 624 4409 Sed
655 4356 707 4406 in
737 4366 842 4419 quo
867 4349 1064 4418 templo
1097 4345 1190 4402 Dei
1229 4346 1298 4400 sit
1329 4360 1570 4401 sessurus
1593 4344 1633 4408 ⁸,
1665 4344 1842 4397 incer-

260 4455 376 4502 tum
399 4453 481 4499 est
507 4462 519 4496 :
548 4453 722 4498 utrum
755 4441 805 4495 in
834 4441 918 4495 illa
940 4440 1092 4494 ruina
1119 4437 1325 4506 templi,
1348 4436 1486 4505 quod
1509 4451 1536 4488 a
1561 4435 1846 4490 Salomone

258 4549 390 4605 rege
414 4542 775 4589 constructum
802 4540 904 4596 est,
935 4545 1001 4584 an
1033 4544 1160 4583 vero
1196 4528 1248 4605 in
1277 4526 1539 4581 Ecclesia.
1564 4525 1678 4580 Non
1703 4525 1844 4579 enim

257 4603 520 4694 templum
550 4624 773 4692 alicujus
816 4622 939 4676 idoli
983 4631 1073 4675 aut
1116 4603 1412 4684 daemonis,
1455 4618 1709 4688 templum
1751 4617 1845 4672 Dei

259 4715 550 4787 Apostolus
574 4714 795 4768 diceret.
822 4711 970 4768 Unde
996 4711 1272 4774 nonnulli,
1303 4725 1407 4762 non
1435 4710 1604 4778 ipsum
1636 4709 1842 4779 princi-

258 4823 409 4880 pem,
433 4805 527 4861 sed
553 4805 860 4858 universum
883 4800 1274 4871 quodammodo
1297 4815 1488 4869 corpus
1510 4799 1647 4868 ejus,
1671 4799 1721 4852 id
1740 4808 1843 4862 est,

260 4897 333 4952 ad
359 4912 480 4952 eum
519 4894 874 4965 pertinentem
926 4891 1200 4945 hominum
1240 4889 1659 4955 multitudinem,
1689 4889 1847 4944 simul

260 5005 388 5044 cum
421 4989 536 5057 ipso
562 5001 661 5041 suo
684 4984 918 5054 principe
939 4983 1039 5037 hoc
1067 4984 1187 5038 loco
1220 4981 1438 5051 intelligi
1461 4980 1846 5035 Antichristum

262 5083 452 5138 volunt
480 5099 494 5133 :
522 5080 823 5149 rectiusque
861 5085 1044 5148 putant
1072 5076 1230 5130 etiam
1269 5063 1428 5130 latine
1462 5074 1565 5129 dici
1584 5114 1601 5140 ,
1632 5075 1766 5129 sicut
1793 5075 1845 5128 in

263 5187 440 5245 graeco
460 5181 562 5238 est,
587 5185 716 5234 non,
742 5171 796 5222 in
819 5167 1004 5238 templo
1025 5166 1150 5232 Dei;
1171 5166 1286 5232 sed,
1317 5167 1371 5220 in
1393 5165 1631 5236 templum
1651 5165 1748 5219 Dei
1769 5183 1849 5219 se-

326 5329 347 5362 ί
379 5327 534 5377 nostri
554 5323 760 5382 codices,
785 5321 847 5374 si.
911 5330 968 5371 M.

328 5392 350 5422 ³
384 5387 570 5450 Aliquot
592 5394 719 5443 Mss,
745 5383 1072 5450 protendatur.

329 5453 351 5485 ³
383 5443 548 5499 nui-es
574 5461 603 5497 e
627 5443 878 5496 veteribus
895 5445 1050 5502 libris,
1067 5443 1314 5493 ostendens

326 5513 350 5545 ⁸
382 5517 433 5560 tn
456 5512 664 5567 excusis,
689 5507 877 5569 iniquus
895 5506 995 5557 ille.
1021 5507 1184 5565 Abest,
1207 5504 1304 5565 ille,
1329 5515 1358 5552 a
1380 5501 1714 5562 manuscriptis
1735 5508 1789 5551 et
1816 5514 1846 5552 a

369 5587 426 5622 co
449 5579 588 5620 textu
609 5568 829 5631 Apost0li.

330 5639 350 5668 ⁵
375 5634 508 5691 editi,
530 5632 620 5682 ista
643 5625 822 5680 duis-se
839 5628 1011 5692 dieque
1023 5625 1220 5689 judicii.
1240 5634 1379 5676 Hunc
1391 5625 1535 5686 enim,
1556 5631 1652 5675 etc.
1676 5631 1847 5674 Emen-

265 5697 443 5759 dantur
452 5757 459 5759 _
474 5709 538 5759 ex
560 5692 904 5759 manuscriptis.

321 5759 353 5830 ,θ
387 5757 520 5817 Editi,
545 5762 596 5806 ut
619 5764 744 5804 Deus
767 5749 827 5804 sit
847 5764 1079 5803 sessurus.
1108 5751 1272 5812 Abest,
1295 5758 1349 5801 ut
1369 5758 1515 5811 Deus,
1534 5761 1560 5800 a
1584 5749 1847 5798 manuscri-

269 5833 404 5942 ρυῗά)
426 5885 474 5930 tn
500 5878 714 5940 Vulgata,
739 5873 979 5927 discessio.

1589 429 1789 486 LIBER
1829 431 2212 487 VlGESlMUS.

3403 440 3507 497 686

1937 545 2051 598 deat
2077 545 2173 616 (a),
2205 553 2451 617 tanquam
2483 547 2594 617 ipse
2619 549 2689 603 sit
2711 549 2963 618 templum
2991 550 3105 618 Dei,
3128 551 3268 622 quod
3298 566 3377 609 est
3410 556 3511 611 Ec-

1936 639 2100 693 clesia
2129 661 2143 692 :
2174 639 2312 694 sicut
2339 640 2584 705 dicimus,
2615 642 2777 696 Sedet
2807 643 2858 696 in
2882 645 3134 712 amicum,
3162 646 3216 700 id
3237 657 3340 714 est,
3367 651 3513 704 velut

1937 731 2174 796 amicus;
2205 731 2290 785 vel
2319 732 2362 784 si
2393 732 2517 802 quid
2547 733 2690 787 aliud
2720 734 2823 788 isto
2862 735 3144 791 locutionis
3182 753 3377 808 genere
3406 740 3508 794 dici

1937 821 2090 875 solet.
2115 821 2266 888 Quod
2292 832 2467 876 autem
2492 824 2598 889 ait,
2629 825 2694 878 Et
2723 843 2856 879 nunc
2883 827 3004 895 quid
3032 828 3250 882 detineat
3275 831 3435 897 scitis,
3461 831 3512 885 id

1937 921 2041 977 est,
2070 911 2195 981 quid
2222 912 2292 966 sit
2316 913 2366 966 in
2396 929 2562 980 mora,
2589 930 2707 982 qua:
2728 930 2887 970 causa
2912 918 2983 972 sit
3011 917 3274 973 dilationis
3299 921 3436 988 ejus,
3461 930 3514 973 ut

1937 1003 2180 1056 reveletur
2216 1004 2269 1057 in
2309 1021 2399 1058 suo
2444 1015 2690 1075 tempore,
2733 1010 2878 1061 scitis
2907 1027 2919 1062 :
2947 1010 3200 1077 quoniam
3224 1011 3362 1066 scire
3395 1011 3515 1066 illos

1939 1092 2096 1158 dixit,
2122 1103 2305 1163 aperte
2333 1093 2436 1148 hoc
2465 1094 2644 1150 dicere
2674 1097 2858 1151 noluit.
2881 1097 2947 1151 Et
2971 1098 3090 1153 ideo
3112 1115 3208 1154 uos
3228 1101 3316 1170 qui
3338 1101 3520 1156 nesci-

1939 1199 2059 1239 mus
2093 1186 2236 1254 quod
2265 1187 2340 1240 illi
2368 1187 2644 1255 sciebant,
2671 1192 2950 1258 pervenire
2987 1207 3106 1246 cum
3137 1194 3318 1250 labore
3360 1195 3425 1249 ad
3465 1194 3518 1249 id

1929 1275 2080 1344 quod
2108 1276 2274 1331 sensit
2300 1278 2609 1347 Apostolus,
2639 1281 2912 1349 cupimus,
2943 1297 3043 1337 nec
3066 1284 3342 1340 valemus:
3373 1303 3516 1356 prai—

1941 1366 2124 1419 sertim
2152 1367 2272 1436 quia
2299 1376 2353 1422 et
2382 1368 2465 1421 illa
2497 1384 2615 1438 quae
2643 1369 2870 1433 addidit,
2904 1371 3046 1430 hunc
3075 1390 3287 1430 sensum
3320 1376 3519 1432 faciunt

1941 1456 2322 1512 obscuriorem.
2343 1458 2473 1512 Nam
2507 1459 2630 1530 quid
2666 1470 2769 1528 est,
2803 1461 2922 1516 lam
2959 1465 3087 1518 enim
3108 1468 3396 1536 mysterium
3420 1470 3518 1523 ini-

1942 1547 2144 1616 quitatis
2169 1559 2422 1617 operatur.
2444 1548 2663 1604 Tantum
2691 1553 2777 1621 qui
2802 1554 2950 1608 modo
2985 1564 3115 1608 tenet
3149 1567 3329 1625 teneat,
3361 1558 3518 1612 donec

1943 1637 2006 1690 de
2029 1637 2190 1690 medio
2212 1639 2338 1706 fiat;
2365 1649 2410 1692 et
2435 1650 2551 1693 tunc
2571 1641 2870 1695 revelabitur
2893 1645 3133 1711 iniquus?
3156 1647 3266 1717 Ego
3299 1663 3516 1716 prorsus

1943 1726 2067 1795 quid
2093 1726 2305 1793 dixerit,
2343 1745 2428 1784 me
2467 1729 2639 1785 fateor
2668 1731 2932 1801 ignorare.
2969 1735 3309 1804 Suspiciones
3343 1751 3517 1794 tamen

1944 1816 2239 1883 hominum,
2263 1834 2394 1888 quas
2415 1820 2499 1875 vel
2525 1820 2743 1888 audire,
2775 1824 2860 1878 vel
2885 1823 3061 1894 legere
3089 1827 3270 1896 potui,
3302 1844 3407 1882 non
3439 1839 3519 1882 ta-

1943 1907 2098 1961 ceho.

2015 1998 2069 2052 5.
2095 1998 2319 2064 Quidam
2348 2011 2530 2070 putant
2550 2001 2650 2059 hoc
2675 2003 2742 2060 de
2764 2004 2987 2074 imperio
3007 2006 3203 2063 dictum
3236 2007 3396 2064 fuisse
3415 2010 3524 2065 Ro-

1945 2104 2132 2154 mano;
2164 2101 2218 2144 et
2245 2101 2520 2160 propterea
2551 2095 2770 2149 Paulum
2795 2098 3096 2166 apostolum
3127 2115 3231 2153 non
3256 2100 3306 2154 id
3337 2112 3522 2170 aperte

1944 2180 2181 2234 scribere
2204 2181 2436 2236 voluisse
2452 2223 2467 2247 ,
2502 2200 2566 2239 ne
2593 2185 2912 2241 calumniam
2937 2188 3185 2245 videlicet
3205 2190 3520 2259 incurreret,

1946 2274 2085 2344 quod
2115 2276 2356 2332 Romano
2378 2279 2599 2348 imperio
2625 2280 2766 2336 male
2791 2282 3088 2350 optaverit,
3126 2297 3248 2337 cum
3281 2299 3525 2353 sperare-
3577 2279 3586 2290 ’

1947 2375 2032 2420 tur
2057 2378 2312 2422 alternum
2339 2387 2354 2423 :
2382 2380 2437 2423 ut
2467 2369 2567 2424 hoc
2591 2371 2731 2440 quod
2754 2371 2906 2437 dixit,
2929 2371 3052 2425 Iam
3073 2373 3205 2427 enim
3233 2377 3526 2445 mysterium

1947 2458 2223 2528 iniquitatis
2251 2471 2502 2531 operatur,
2536 2462 2798 2516 Neronem
2827 2465 3054 2518 voluerit
3090 2465 3342 2536 intelligi,
3373 2467 3527 2532 cuius

1942 2552 2053 2620 jam
2078 2552 2217 2608 facta
2241 2554 2384 2608 velut
2408 2554 2721 2609 Antichristi
2747 2555 3080 2611 videbantur.
3106 2556 3259 2613 Unde
3283 2559 3526 2613 nonnulli

1948 2643 2123 2712 ipsum
2163 2655 2590 2700 resurrecturum
2611 2687 2626 2711 ,
2659 2655 2713 2701 et
2739 2645 2974 2700 futurum
3007 2648 3396 2703 Antichristum
3439 2665 3530 2704 su-

1948 2734 2218 2803 Spicantur
2249 2734 2344 2806 (b).
2369 2737 2470 2790 Alii
2498 2753 2625 2792 vero
2648 2753 2749 2793 nec
2777 2739 3008 2792 occisum
3039 2748 3242 2808 putant,
3275 2740 3370 2795 sed
3398 2742 3530 2795 sul)-

1949 2833 2175 2880 tractum
2202 2828 2398 2895 potius,
2427 2839 2483 2881 ut
2510 2837 2785 2897 putaretur
2804 2830 3044 2893 occisus;
3068 2838 3122 2883 et
3146 2830 3326 2884 vivum
3352 2832 3531 2885 occul-

1949 2918 2047 2970 tari
2067 2917 2116 2971 in
2136 2917 2315 2987 vigore
2336 2919 2501 2988 ipsius
2522 2921 2713 2986 aetatis,
2738 2921 2791 2974 in
2811 2936 2916 2991 qua
2940 2919 3056 2986 fuit,
3081 2937 3200 2976 cum
3221 2923 3531 2978 crederetur

1949 3011 2260 3078 exstinctus,
2285 3012 2456 3068 donec
2483 3029 2580 3068 suo
2622 3023 2861 3084 tempore
2890 3015 3177 3082 reveletur,
3200 3025 3257 3071 et
3280 3018 3534 3070 restitua—

1948 3110 2037 3155 tur
2074 3104 2126 3156 in
2166 3119 2386 3174 regnum
2415 3103 2510 3176 (c).
2542 3103 2645 3159 Sed
2679 3105 2902 3160 multum
2948 3106 3078 3160 mihi
3121 3106 3253 3161 mira
3290 3116 3372 3161 est
3417 3107 3532 3160 hcce

1950 3192 2279 3261 opinantium
2324 3201 2468 3248 tanta
2499 3195 2861 3264 praesumptio.
2890 3194 3025 3250 lllud
3058 3206 3231 3251 tamen
3275 3195 3416 3266 quod
3459 3197 3534 3250 ait

1949 3282 2258 3350 Apostolus,
2290 3282 2506 3336 Tantum
2527 3285 2610 3353 qui
2635 3285 2784 3339 modo
2806 3293 2934 3339 tenet
2961 3295 3142 3348 teneat,
3165 3285 3320 3340 donec
3344 3286 3406 3339 de
3423 3301 3532 3338 me-

1951 3375 2034 3428 dio
2061 3376 2150 3445 fiat
2175 3393 2195 3430 :
2223 3393 2326 3431 non
2355 3377 2585 3432 absurde
2612 3377 2680 3432 de
2709 3379 2826 3448 ipso
2855 3379 3096 3432 Romano
3117 3379 3339 3449 imperio
3361 3379 3535 3434 credi-

1951 3476 2038 3520 tur
2067 3467 2265 3522 dictum
2287 3509 2303 3534 ,
2337 3478 2583 3539 tanquam
2612 3469 2814 3524 dictum
2837 3471 2944 3538 sit,
2972 3471 3199 3524 Tantum
3238 3469 3329 3541 qui
3372 3471 3532 3526 modo

1949 3558 2175 3625 imperat
2204 3559 2447 3628 imperet,
2471 3561 2643 3616 donec
2669 3561 2737 3616 de
2757 3561 2934 3615 medio
2964 3561 3082 3627 ﬁat,
3115 3562 3168 3616 id
3196 3572 3308 3629 est,
3333 3563 3399 3618 de
3418 3579 3533 3618 me-

1949 3646 2037 3700 dio
2067 3648 2300 3702 tollatur.
2329 3648 2397 3701 Et
2424 3658 2542 3702 tunc
2570 3650 2870 3704 revelabitur
2894 3651 3095 3722 iniquus
3121 3668 3142 3706 :
3165 3668 3321 3721 quem
3363 3653 3531 3723 signi-

1949 3738 2095 3792 ﬁcari
2124 3739 2506 3793 Antichristum
2525 3777 2542 3803 ,
2571 3741 2750 3794 nullus
2777 3741 3014 3811 atnbigit.
3039 3742 3139 3795 Alii
3163 3758 3289 3796 vero
3310 3752 3364 3797 et
3383 3744 3525 3813 quod

1946 3832 2042 3898 ait,
2066 3831 2204 3896 Quid
2223 3832 2441 3886 detineat
2462 3833 2634 3898 scitis;
2656 3841 2729 3898 et,
2758 3835 3049 3904 mysterium
3071 3835 3272 3900 aperari
3294 3835 3534 3906 iniquita-

1949 3924 2033 3988 tis,
2065 3939 2172 3977 non
2199 3933 2382 3992 putant
2401 3923 2620 3990 dictum,
2649 3923 2749 3978 nisi
2770 3924 2837 3979 de
2857 3925 3012 3978 malis
3038 3932 3092 3978 et
3113 3924 3268 3990 ﬁctis,
3295 3927 3383 3996 qui
3405 3936 3532 3982 sunt

1949 4015 2002 4068 in
2033 4014 2290 4078 Ecclesia,
2318 4013 2489 4069 donec
2515 4015 2826 4084 perveniant
2860 4014 2928 4068 ad
2964 4024 3167 4069 tantum
3209 4031 3488 4071 numerum
3509 4058 3527 4082 ,

1949 4105 2038 4174 qui
2065 4103 2392 4158 Antichristo
2420 4119 2671 4173 magnum
2706 4105 2956 4174 populum
2983 4104 3170 4170 faciat;
3196 4115 3251 4161 et
3281 4105 3382 4161 hoc
3411 4121 3532 4162 esse

1951 4195 2262 4267 mysterium
2288 4195 2602 4264 iniquitatis,
2627 4195 2748 4264 quia
2771 4195 2980 4249 videtur
3005 4197 3290 4251 occultum.
3317 4196 3528 4252 Hortari

1948 4297 2124 4342 autem
2147 4287 2454 4356 Apostolum
2487 4284 2670 4341 ﬁdeles
2691 4327 2704 4351 ,
2737 4295 2796 4341 ut
2819 4287 2880 4341 'in
2913 4287 3016 4342 [ide
3043 4303 3200 4358 quam
3241 4299 3422 4344 tenent
3448 4299 3532 4345 te-

1949 4379 2153 4434 naciter
2181 4386 2538 4447 perseverent,
2564 4377 2810 4446 dicendo,
2844 4378 3060 4433 Tantum
3096 4382 3180 4450 qui
3212 4384 3361 4436 modo
3402 4391 3532 4438 tenet

1949 4479 2132 4535 teneat,
2163 4471 2318 4522 donec
2355 4469 2417 4522 de
2457 4469 2621 4523 medio
2657 4470 2748 4539 ,‘iat
2773 4485 2792 4523 :
2823 4473 2926 4526 hoc
2950 4479 3050 4537 est,
3081 4473 3254 4528 donec
3279 4484 3437 4529 exeat
3463 4475 3533 4530 de

1950 4561 2128 4615 medio
2172 4561 2422 4615 Ecclesia:
2459 4560 2771 4630 mysterium
2824 4561 3149 4630 iniquitatis,
3197 4563 3340 4633 quod
3388 4580 3532 4620 nunc

1950 4652 2212 4707 occultum
2253 4661 2353 4705 est.
2386 4651 2468 4704 Ad
2507 4651 2677 4720 ipsum
2717 4653 2857 4706 enim
2903 4654 3216 4723 mysterium
3263 4657 3532 4724 pertinere

1950 4742 2295 4804 arbitrantur,
2323 4741 2462 4810 quod
2495 4744 2572 4796 ait
2601 4745 2653 4796 in
2682 4743 2918 4812 Epistola
2958 4758 3054 4798 sua
3093 4743 3327 4801 Joannes
3366 4761 3534 4801 evan-

1949 4833 2134 4904 gelista
2155 4874 2170 4898 ,
2213 4831 2370 4886 Pueri
2392 4873 2408 4898 ,
2447 4834 2718 4888 novissima
2753 4834 2880 4888 hora
2904 4845 2976 4889 est
3002 4850 3023 4889 :
3046 4845 3092 4889 et
3117 4837 3247 4890 sicut
3280 4839 3494 4892 audistis
3515 4881 3531 4904 ,

1950 4924 2085 4996 quod
2114 4923 2448 4978 Antichristus
2485 4923 2550 4977 sit
2585 4933 2852 4991 venturus;
2889 4942 3021 4979 nunc
3045 4935 3212 4981 autem
3248 4928 3536 4982 antichristi

1951 5015 2097 5068 multi
2121 5013 2241 5083 facti
2265 5024 2424 5069 sunt:
2444 5016 2577 5068 unde
2613 5017 2959 5086 cognoscimus
2992 5017 3128 5086 quod
3166 5020 3436 5072 novissima
3467 5021 3534 5073 sit

1953 5107 2095 5160 hora.
2123 5104 2208 5159 Ea:
2232 5105 2374 5160 nobis
2402 5106 2628 5160 exierunt
2651 5121 2669 5159 :
2693 5105 2784 5159 sed
2811 5121 2911 5160 non
2932 5116 3076 5161 erant
3104 5123 3167 5161 ea:
3191 5108 3351 5162 nobis.
3379 5109 3548 5174 Quod'

1949 5198 1995 5251 si
2038 5197 2248 5266 fuissent
2281 5212 2346 5250 ea:
2382 5197 2526 5251 nobis
2549 5237 2564 5258 ,
2617 5196 3006 5266 permansissent
3055 5199 3226 5267 utique
3271 5198 3532 5255 nobiscum

1952 5288 1998 5360 (l
2016 5289 2244 5355 Joan.n,
2273 5289 2341 5344 18
2361 5288 2530 5360 etl9).
2557 5287 2706 5343 Sicut
2725 5301 2854 5357 ergo
2867 5297 2989 5342 ante
3018 5287 3175 5343 linem
3204 5289 3256 5343 in
3292 5289 3392 5344 hac
3428 5290 3534 5347 lio-

1950 5397 2032 5447 ra,
2061 5383 2342 5450 inquiunt,
2373 5395 2532 5450 quam
2561 5379 2795 5434 Joannes
2822 5379 3163 5435 novissimam
3194 5380 3353 5443 dicit,
3385 5385 3534 5438 exie.

1952 5482 2076 5528 runt
2105 5473 2256 5528 multi
2285 5471 2519 5526 hrcretici
2557 5470 2626 5526 de
2651 5471 2827 5525 medio
2856 5471 3140 5536 Ecclesiae,
3170 5485 3305 5544 quos
3332 5474 3532 5530 multos

2027 5607 2100 5677 (tt)
2127 5593 2250 5663 ὅστε
2277 5612 2418 5661 αὐτὸν
2446 5610 2510 5666 εἷς
2536 5613 2614 5659 τὸν
2633 5613 2740 5657 ναὸν
2760 5613 2844 5657 τσῦ
2865 5601 2986 5677 Graii
3008 5610 3073 5677 die
3087 5611 3199 5658 Θεὸν
3226 5614 3435 5660 καθίσαι.

1993 5673 2089 5755 .(b)
2109 5677 2465 5755 Conﬁngieron.
2501 5677 2552 5724 in
2584 5682 2697 5724 Dan.
2725 5687 2792 5734 χι,
2838 5679 2891 5722 et
2910 5673 3163 5736 Sulpitium
3186 5682 3353 5725 Sever.
3382 5677 3466 5725 lib.
3492 5676 3525 5726 2

2245 5740 2378 5853 335:.
2402 5802 2451 5851 in
2473 5807 2680 5858 Nerone,
2715 5809 2819 5860 cap.
2842 5797 2921 5858 b7,
2972 5804 3025 5847 et
3044 5797 3192 5848 Tacit.
3216 5799 3332 5849 Hist.
3370 5795 3455 5848 lib.
3481 5797 3530 5858 Ξ,

1955 5881 2059 5914 mo.
2115 5899 2128 5913 .

1955 5881 2059 5933 cap.
2080 5881 2128 5914 δ.
