  <div class='ocr_page' id='page_1' title='image "/cluster/home/n/w/nwhite01/storage/ocr_20150623/40-41/uc1.31175026811482/1047.png"; bbox 0 0 3976 6534; ppageno 0'>
   <div class='ocr_carea' id='block_1_1' title="bbox 433 458 536 512">
    <p class='ocr_par' dir='ltr' id='par_1_1' title="bbox 433 458 536 512">
     <span class='ocr_line' id='line_1_1' title="bbox 433 458 536 512; baseline -0.019 0"><span class='ocrx_word' id='word_1_1' title='bbox 433 458 536 512; x_wconf 79' lang='grc'><strong>68⁸7</strong></span> 
     </span>
    </p>
   </div>
   <div class='ocr_carea' id='block_1_2' title="bbox 431 562 2002 630">
    <p class='ocr_par' dir='ltr' id='par_1_2' title="bbox 431 562 2002 630">
     <span class='ocr_line' id='line_1_2' title="bbox 431 562 2002 630; baseline -0.008 -2"><span class='ocrx_word' id='word_1_2' title='bbox 431 574 560 628; x_wconf 80' lang='lat' dir='ltr'><strong>dicit</strong></span> <span class='ocrx_word' id='word_1_3' title='bbox 590 571 928 625; x_wconf 86' lang='lat' dir='ltr'><strong>antichristos</strong></span> <span class='ocrx_word' id='word_1_4' title='bbox 959 586 971 621; x_wconf 89' lang='lat'><strong>:</strong></span> <span class='ocrx_word' id='word_1_5' title='bbox 1002 568 1072 621; x_wconf 91' lang='lat' dir='ltr'><strong>ita</strong></span> <span class='ocrx_word' id='word_1_6' title='bbox 1103 577 1290 620; x_wconf 85' lang='lat' dir='ltr'><strong>omnes</strong></span> <span class='ocrx_word' id='word_1_7' title='bbox 1329 573 1452 618; x_wconf 89' lang='lat' dir='ltr'><strong>tunc</strong></span> <span class='ocrx_word' id='word_1_8' title='bbox 1491 563 1612 618; x_wconf 91' lang='lat' dir='ltr'><strong>inde</strong></span> <span class='ocrx_word' id='word_1_9' title='bbox 1637 563 1887 626; x_wconf 78' lang='lat' dir='ltr'><strong>exibunt,</strong></span> <span class='ocrx_word' id='word_1_10' title='bbox 1914 562 2002 630; x_wconf 91' lang='lat' dir='ltr'><strong>qui</strong></span> 
     </span>
    </p>
   </div>
   <div class='ocr_carea' id='block_1_3' title="bbox 430 654 2011 724">
    <p class='ocr_par' dir='ltr' id='par_1_3' title="bbox 430 654 2011 724">
     <span class='ocr_line' id='line_1_3' title="bbox 430 654 2011 724; baseline -0.006 -8"><span class='ocrx_word' id='word_1_11' title='bbox 430 680 537 717; x_wconf 88' lang='lat' dir='ltr'><strong>non</strong></span> <span class='ocrx_word' id='word_1_12' title='bbox 559 663 623 716; x_wconf 87' lang='lat' dir='ltr'><strong>ad</strong></span> <span class='ocrx_word' id='word_1_13' title='bbox 655 661 944 724; x_wconf 79' lang='lat' dir='ltr'><strong>Christum,</strong></span> <span class='ocrx_word' id='word_1_14' title='bbox 968 658 1062 713; x_wconf 88' lang='lat' dir='ltr'><strong>sed</strong></span> <span class='ocrx_word' id='word_1_15' title='bbox 1089 657 1153 710; x_wconf 89' lang='lat' dir='ltr'><strong>ad</strong></span> <span class='ocrx_word' id='word_1_16' title='bbox 1182 656 1333 710; x_wconf 90' lang='lat' dir='ltr'><strong>illum</strong></span> <span class='ocrx_word' id='word_1_17' title='bbox 1362 656 1706 710; x_wconf 90' lang='lat' dir='ltr'><strong>novissimum</strong></span> <span class='ocrx_word' id='word_1_18' title='bbox 1743 654 2011 709; x_wconf 85' lang='lat' dir='ltr'><strong>Antichri-</strong></span> 
     </span>
    </p>
   </div>
   <div class='ocr_carea' id='block_1_4' title="bbox 432 748 1553 823">
    <p class='ocr_par' dir='ltr' id='par_1_4' title="bbox 432 748 1553 823">
     <span class='ocr_line' id='line_1_4' title="bbox 432 748 1553 823; baseline -0.007 -12"><span class='ocrx_word' id='word_1_19' title='bbox 432 768 572 811; x_wconf 89' lang='lat' dir='ltr'><strong>stum</strong></span> <span class='ocrx_word' id='word_1_20' title='bbox 600 753 954 823; x_wconf 84' lang='lat' dir='ltr'><strong>pertinebunt,</strong></span> <span class='ocrx_word' id='word_1_21' title='bbox 980 760 1035 806; x_wconf 90' lang='lat' dir='ltr'><strong>et</strong></span> <span class='ocrx_word' id='word_1_22' title='bbox 1064 761 1187 804; x_wconf 90' lang='lat' dir='ltr'><strong>tunc</strong></span> <span class='ocrx_word' id='word_1_23' title='bbox 1214 748 1553 803; x_wconf 79' lang='lat' dir='ltr'><strong>revelabitur.</strong></span> 
     </span>
    </p>
   </div>
   <div class='ocr_carea' id='block_1_5' title="bbox 507 838 2011 913">
    <p class='ocr_par' dir='ltr' id='par_1_5' title="bbox 507 838 2011 913">
     <span class='ocr_line' id='line_1_5' title="bbox 507 838 2011 913; baseline -0.005 -15"><span class='ocrx_word' id='word_1_24' title='bbox 507 850 558 898; x_wconf 70' lang='grc'><strong>4.</strong></span> <span class='ocrx_word' id='word_1_25' title='bbox 593 845 742 898; x_wconf 85' lang='lat' dir='ltr'><strong>Alius</strong></span> <span class='ocrx_word' id='word_1_26' title='bbox 763 859 889 913; x_wconf 81' lang='lat' dir='ltr'><strong>ergo</strong></span> <span class='ocrx_word' id='word_1_27' title='bbox 918 843 996 896; x_wconf 90' lang='lat' dir='ltr'><strong>sic</strong></span> <span class='ocrx_word' id='word_1_28' title='bbox 1014 884 1028 908; x_wconf 91' lang='lat'><strong>,</strong></span> <span class='ocrx_word' id='word_1_29' title='bbox 1058 841 1193 895; x_wconf 90' lang='lat' dir='ltr'><strong>alius</strong></span> <span class='ocrx_word' id='word_1_30' title='bbox 1217 849 1392 894; x_wconf 91' lang='lat' dir='ltr'><strong>autem</strong></span> <span class='ocrx_word' id='word_1_31' title='bbox 1420 839 1495 892; x_wconf 88' lang='lat' dir='ltr'><strong>sic</strong></span> <span class='ocrx_word' id='word_1_32' title='bbox 1517 838 1755 906; x_wconf 81' lang='lat' dir='ltr'><strong>Apostoli</strong></span> <span class='ocrx_word' id='word_1_33' title='bbox 1787 838 2011 891; x_wconf 85' lang='lat' dir='ltr'><strong>obscura</strong></span> 
     </span>
    </p>
   </div>
   <div class='ocr_carea' id='block_1_6' title="bbox 435 928 2011 1002">
    <p class='ocr_par' dir='ltr' id='par_1_6' title="bbox 435 928 2011 1002">
     <span class='ocr_line' id='line_1_6' title="bbox 435 928 2011 1002; baseline -0.006 -13"><span class='ocrx_word' id='word_1_34' title='bbox 435 939 592 990; x_wconf 80' lang='lat' dir='ltr'><strong>verba</strong></span> <span class='ocrx_word' id='word_1_35' title='bbox 640 935 943 1002; x_wconf 82' lang='lat' dir='ltr'><strong>conjectant</strong></span> <span class='ocrx_word' id='word_1_36' title='bbox 970 951 981 985; x_wconf 91' lang='lat'><strong>:</strong></span> <span class='ocrx_word' id='word_1_37' title='bbox 1011 931 1150 1002; x_wconf 89' lang='lat' dir='ltr'><strong>quod</strong></span> <span class='ocrx_word' id='word_1_38' title='bbox 1190 942 1361 985; x_wconf 89' lang='lat' dir='ltr'><strong>tamen</strong></span> <span class='ocrx_word' id='word_1_39' title='bbox 1406 945 1527 984; x_wconf 91' lang='lat' dir='ltr'><strong>eum</strong></span> <span class='ocrx_word' id='word_1_40' title='bbox 1558 929 1755 983; x_wconf 86' lang='lat' dir='ltr'><strong>dixisse</strong></span> <span class='ocrx_word' id='word_1_41' title='bbox 1787 943 1888 982; x_wconf 93' lang='lat' dir='ltr'><strong>non</strong></span> <span class='ocrx_word' id='word_1_42' title='bbox 1915 928 2011 981; x_wconf 62' lang='lat' dir='ltr'><strong>duo</strong></span> 
     </span>
    </p>
   </div>
   <div class='ocr_carea' id='block_1_7' title="bbox 435 1018 2014 1089">
    <p class='ocr_par' dir='ltr' id='par_1_7' title="bbox 435 1018 2014 1089">
     <span class='ocr_line' id='line_1_7' title="bbox 435 1018 2014 1089; baseline -0.005 -9"><span class='ocrx_word' id='word_1_43' title='bbox 435 1029 575 1080; x_wconf 89' lang='lat' dir='ltr'><strong>bium</strong></span> <span class='ocrx_word' id='word_1_44' title='bbox 599 1036 679 1080; x_wconf 55' lang='lat' dir='ltr'><strong>est</strong></span> <span class='ocrx_word' id='word_1_45' title='bbox 703 1067 716 1089; x_wconf 91' lang='lat'><strong>,</strong></span> <span class='ocrx_word' id='word_1_46' title='bbox 750 1025 862 1078; x_wconf 86' lang='lat' dir='ltr'><strong>Non</strong></span> <span class='ocrx_word' id='word_1_47' title='bbox 894 1024 1072 1078; x_wconf 78' lang='lat' dir='ltr'><strong>veniet</strong></span> <span class='ocrx_word' id='word_1_48' title='bbox 1099 1021 1165 1076; x_wconf 92' lang='lat' dir='ltr'><strong>ad</strong></span> <span class='ocrx_word' id='word_1_49' title='bbox 1197 1022 1342 1075; x_wconf 90' lang='lat' dir='ltr'><strong>vivos</strong></span> <span class='ocrx_word' id='word_1_50' title='bbox 1363 1030 1413 1074; x_wconf 92' lang='lat' dir='ltr'><strong>et</strong></span> <span class='ocrx_word' id='word_1_51' title='bbox 1442 1030 1679 1074; x_wconf 91' lang='lat' dir='ltr'><strong>mortuos</strong></span> <span class='ocrx_word' id='word_1_52' title='bbox 1701 1018 2014 1088; x_wconf 82' lang='lat' dir='ltr'><strong>judicandos</strong></span> 
     </span>
    </p>
   </div>
   <div class='ocr_carea' id='block_1_8' title="bbox 434 1112 2014 1186">
    <p class='ocr_par' dir='ltr' id='par_1_8' title="bbox 434 1112 2014 1186">
     <span class='ocr_line' id='line_1_8' title="bbox 434 1112 2014 1186; baseline -0.005 -15"><span class='ocrx_word' id='word_1_53' title='bbox 434 1119 677 1174; x_wconf 77' lang='lat' dir='ltr'><strong>Christus</strong></span> <span class='ocrx_word' id='word_1_54' title='bbox 697 1158 713 1184; x_wconf 95' lang='lat'><strong>,</strong></span> <span class='ocrx_word' id='word_1_55' title='bbox 755 1117 852 1170; x_wconf 87' lang='lat' dir='ltr'><strong>nisi</strong></span> <span class='ocrx_word' id='word_1_56' title='bbox 885 1116 1031 1186; x_wconf 92' lang='lat' dir='ltr'><strong>prius</strong></span> <span class='ocrx_word' id='word_1_57' title='bbox 1059 1115 1266 1168; x_wconf 89' lang='lat' dir='ltr'><strong>venerit</strong></span> <span class='ocrx_word' id='word_1_58' title='bbox 1296 1113 1360 1167; x_wconf 91' lang='lat' dir='ltr'><strong>ad</strong></span> <span class='ocrx_word' id='word_1_59' title='bbox 1389 1112 1719 1167; x_wconf 89' lang='lat' dir='ltr'><strong>seducendos</strong></span> <span class='ocrx_word' id='word_1_60' title='bbox 1760 1112 1811 1165; x_wconf 93' lang='lat' dir='ltr'><strong>in</strong></span> <span class='ocrx_word' id='word_1_61' title='bbox 1842 1112 2014 1164; x_wconf 86' lang='lat' dir='ltr'><strong>anima</strong></span> 
     </span>
    </p>
   </div>
   <div class='ocr_carea' id='block_1_9' title="bbox 435 1203 2016 1276">
    <p class='ocr_par' dir='ltr' id='par_1_9' title="bbox 435 1203 2016 1276">
     <span class='ocr_line' id='line_1_9' title="bbox 435 1203 2016 1276; baseline -0.003 -14"><span class='ocrx_word' id='word_1_62' title='bbox 435 1221 674 1263; x_wconf 88' lang='lat' dir='ltr'><strong>mortuos</strong></span> <span class='ocrx_word' id='word_1_63' title='bbox 714 1207 1049 1262; x_wconf 88' lang='lat' dir='ltr'><strong>adversarius</strong></span> <span class='ocrx_word' id='word_1_64' title='bbox 1089 1206 1205 1276; x_wconf 84' lang='lat' dir='ltr'><strong>ejus</strong></span> <span class='ocrx_word' id='word_1_65' title='bbox 1245 1205 1634 1270; x_wconf 87' lang='lat' dir='ltr'><strong>Antichristus;</strong></span> <span class='ocrx_word' id='word_1_66' title='bbox 1667 1204 1908 1274; x_wconf 82' lang='lat' dir='ltr'><strong>quamvis</strong></span> <span class='ocrx_word' id='word_1_67' title='bbox 1949 1203 2016 1257; x_wconf 92' lang='lat' dir='ltr'><strong>ad</strong></span> 
     </span>
    </p>
   </div>
   <div class='ocr_carea' id='block_1_10' title="bbox 433 1294 2016 1368">
    <p class='ocr_par' dir='ltr' id='par_1_10' title="bbox 433 1294 2016 1368">
     <span class='ocr_line' id='line_1_10' title="bbox 433 1294 2016 1368; baseline -0.003 -18"><span class='ocrx_word' id='word_1_68' title='bbox 433 1301 698 1355; x_wconf 85' lang='lat' dir='ltr'><strong>occultum</strong></span> <span class='ocrx_word' id='word_1_69' title='bbox 719 1300 828 1368; x_wconf 87' lang='lat' dir='ltr'><strong>jam</strong></span> <span class='ocrx_word' id='word_1_70' title='bbox 849 1297 1105 1368; x_wconf 86' lang='lat' dir='ltr'><strong>judicium</strong></span> <span class='ocrx_word' id='word_1_71' title='bbox 1133 1296 1225 1350; x_wconf 92' lang='lat' dir='ltr'><strong>Dei</strong></span> <span class='ocrx_word' id='word_1_72' title='bbox 1252 1296 1533 1365; x_wconf 78' lang='lat' dir='ltr'><strong>pertineat,</strong></span> <span class='ocrx_word' id='word_1_73' title='bbox 1565 1294 1706 1364; x_wconf 90' lang='lat' dir='ltr'><strong>quod</strong></span> <span class='ocrx_word' id='word_1_74' title='bbox 1734 1295 1800 1349; x_wconf 90' lang='lat' dir='ltr'><strong>ab</strong></span> <span class='ocrx_word' id='word_1_75' title='bbox 1823 1295 1912 1348; x_wconf 91' lang='lat' dir='ltr'><strong>illo</strong></span> <span class='ocrx_word' id='word_1_76' title='bbox 1934 1308 2016 1347; x_wconf 89' lang='lat' dir='ltr'><strong>se-</strong></span> 
     </span>
    </p>
   </div>
   <div class='ocr_carea' id='block_1_11' title="bbox 433 1385 2014 1459">
    <p class='ocr_par' dir='ltr' id='par_1_11' title="bbox 433 1385 2014 1459">
     <span class='ocr_line' id='line_1_11' title="bbox 433 1385 2014 1459; baseline -0.007 -11"><span class='ocrx_word' id='word_1_77' title='bbox 433 1394 712 1448; x_wconf 84' lang='lat' dir='ltr'><strong>ducentur.</strong></span> <span class='ocrx_word' id='word_1_78' title='bbox 740 1389 1017 1444; x_wconf 78' lang='lat' dir='ltr'><strong>Prtesentia</strong></span> <span class='ocrx_word' id='word_1_79' title='bbox 1037 1389 1232 1458; x_wconf 88' lang='lat' dir='ltr'><strong>quippe</strong></span> <span class='ocrx_word' id='word_1_80' title='bbox 1253 1388 1361 1459; x_wconf 77' lang='lat' dir='ltr'><strong>eius</strong></span> <span class='ocrx_word' id='word_1_81' title='bbox 1382 1388 1495 1452; x_wconf 91' lang='lat' dir='ltr'><strong>erit,</strong></span> <span class='ocrx_word' id='word_1_82' title='bbox 1524 1387 1663 1440; x_wconf 85' lang='lat' dir='ltr'><strong>sicut</strong></span> <span class='ocrx_word' id='word_1_83' title='bbox 1687 1385 1886 1439; x_wconf 91' lang='lat' dir='ltr'><strong>dictum</strong></span> <span class='ocrx_word' id='word_1_84' title='bbox 1914 1393 2014 1452; x_wconf 88' lang='lat' dir='ltr'><strong>est,</strong></span> 
     </span>
    </p>
   </div>
   <div class='ocr_carea' id='block_1_12' title="bbox 434 1477 2016 1552">
    <p class='ocr_par' dir='ltr' id='par_1_12' title="bbox 434 1477 2016 1552">
     <span class='ocr_line' id='line_1_12' title="bbox 434 1477 2016 1552; baseline -0.004 -15"><span class='ocrx_word' id='word_1_85' title='bbox 434 1485 710 1538; x_wconf 74' lang='lat' dir='ltr'><strong>secundum</strong></span> <span class='ocrx_word' id='word_1_86' title='bbox 736 1483 1077 1552; x_wconf 81' lang='lat' dir='ltr'><strong>operationem</strong></span> <span class='ocrx_word' id='word_1_87' title='bbox 1111 1489 1330 1544; x_wconf 75' lang='lat' dir='ltr'><strong>solante,</strong></span> <span class='ocrx_word' id='word_1_88' title='bbox 1365 1480 1418 1533; x_wconf 90' lang='lat' dir='ltr'><strong>in</strong></span> <span class='ocrx_word' id='word_1_89' title='bbox 1449 1480 1583 1532; x_wconf 88' lang='lat' dir='ltr'><strong>omni</strong></span> <span class='ocrx_word' id='word_1_90' title='bbox 1619 1479 1833 1544; x_wconf 88' lang='lat' dir='ltr'><strong>virtute,</strong></span> <span class='ocrx_word' id='word_1_91' title='bbox 1861 1486 1906 1530; x_wconf 87' lang='lat' dir='ltr'><strong>et</strong></span> <span class='ocrx_word' id='word_1_92' title='bbox 1945 1477 2016 1530; x_wconf 86' lang='lat' dir='ltr'><strong>si—</strong></span> 
     </span>
    </p>
   </div>
   <div class='ocr_carea' id='block_1_13' title="bbox 435 1569 2022 1647">
    <p class='ocr_par' dir='ltr' id='par_1_13' title="bbox 435 1569 2022 1647">
     <span class='ocr_line' id='line_1_13' title="bbox 435 1569 2022 1647; baseline -0.006 -18"><span class='ocrx_word' id='word_1_93' title='bbox 435 1578 568 1647; x_wconf 85' lang='lat' dir='ltr'><strong>gnis,</strong></span> <span class='ocrx_word' id='word_1_94' title='bbox 589 1587 633 1629; x_wconf 91' lang='lat' dir='ltr'><strong>et</strong></span> <span class='ocrx_word' id='word_1_95' title='bbox 657 1575 900 1646; x_wconf 84' lang='lat' dir='ltr'><strong>prodigiis</strong></span> <span class='ocrx_word' id='word_1_96' title='bbox 925 1573 1205 1636; x_wconf 88' lang='lat' dir='ltr'><strong>mendacii,</strong></span> <span class='ocrx_word' id='word_1_97' title='bbox 1230 1582 1275 1625; x_wconf 90' lang='lat' dir='ltr'><strong>et</strong></span> <span class='ocrx_word' id='word_1_98' title='bbox 1298 1572 1351 1624; x_wconf 91' lang='lat' dir='ltr'><strong>in</strong></span> <span class='ocrx_word' id='word_1_99' title='bbox 1371 1570 1510 1624; x_wconf 90' lang='lat' dir='ltr'><strong>omni</strong></span> <span class='ocrx_word' id='word_1_100' title='bbox 1533 1570 1818 1624; x_wconf 87' lang='lat' dir='ltr'><strong>seductione</strong></span> <span class='ocrx_word' id='word_1_101' title='bbox 1847 1569 2022 1638; x_wconf 86' lang='lat' dir='ltr'><strong>iniqui-</strong></span> 
     </span>
    </p>
   </div>
   <div class='ocr_carea' id='block_1_14' title="bbox 439 1663 2023 1738">
    <p class='ocr_par' dir='ltr' id='par_1_14' title="bbox 439 1663 2023 1738">
     <span class='ocr_line' id='line_1_14' title="bbox 439 1663 2023 1738; baseline -0.004 -16"><span class='ocrx_word' id='word_1_102' title='bbox 439 1671 574 1733; x_wconf 84' lang='lat' dir='ltr'><strong>tatis,</strong></span> <span class='ocrx_word' id='word_1_103' title='bbox 603 1670 680 1721; x_wconf 86' lang='lat' dir='ltr'><strong>his</strong></span> <span class='ocrx_word' id='word_1_104' title='bbox 699 1669 786 1737; x_wconf 89' lang='lat' dir='ltr'><strong>qui</strong></span> <span class='ocrx_word' id='word_1_105' title='bbox 815 1675 1041 1738; x_wconf 83' lang='lat' dir='ltr'><strong>pereunt.</strong></span> <span class='ocrx_word' id='word_1_106' title='bbox 1070 1665 1220 1720; x_wconf 90' lang='lat' dir='ltr'><strong>Tunc</strong></span> <span class='ocrx_word' id='word_1_107' title='bbox 1253 1665 1394 1719; x_wconf 92' lang='lat' dir='ltr'><strong>enim</strong></span> <span class='ocrx_word' id='word_1_108' title='bbox 1421 1663 1659 1717; x_wconf 89' lang='lat' dir='ltr'><strong>solvetur</strong></span> <span class='ocrx_word' id='word_1_109' title='bbox 1687 1673 1902 1716; x_wconf 79' lang='lat' dir='ltr'><strong>satanas</strong></span> <span class='ocrx_word' id='word_1_110' title='bbox 1921 1703 1934 1725; x_wconf 90' lang='lat'><strong>,</strong></span> <span class='ocrx_word' id='word_1_111' title='bbox 1968 1669 2023 1716; x_wconf 93' lang='lat' dir='ltr'><strong>et</strong></span> 
     </span>
    </p>
   </div>
   <div class='ocr_carea' id='block_1_15' title="bbox 438 1752 2020 1831">
    <p class='ocr_par' dir='ltr' id='par_1_15' title="bbox 438 1752 2020 1831">
     <span class='ocr_line' id='line_1_15' title="bbox 438 1752 2020 1831; baseline -0.004 -19"><span class='ocrx_word' id='word_1_112' title='bbox 438 1778 534 1831; x_wconf 86' lang='lat' dir='ltr'><strong>per</strong></span> <span class='ocrx_word' id='word_1_113' title='bbox 561 1761 718 1813; x_wconf 86' lang='lat' dir='ltr'><strong>illum</strong></span> <span class='ocrx_word' id='word_1_114' title='bbox 753 1759 1138 1813; x_wconf 85' lang='lat' dir='ltr'><strong>Antichristum</strong></span> <span class='ocrx_word' id='word_1_115' title='bbox 1169 1757 1222 1811; x_wconf 93' lang='lat' dir='ltr'><strong>in</strong></span> <span class='ocrx_word' id='word_1_116' title='bbox 1246 1757 1390 1810; x_wconf 88' lang='lat' dir='ltr'><strong>omni</strong></span> <span class='ocrx_word' id='word_1_117' title='bbox 1421 1769 1514 1809; x_wconf 89' lang='lat' dir='ltr'><strong>sua</strong></span> <span class='ocrx_word' id='word_1_118' title='bbox 1543 1756 1735 1808; x_wconf 91' lang='lat' dir='ltr'><strong>virtute</strong></span> <span class='ocrx_word' id='word_1_119' title='bbox 1764 1752 2020 1807; x_wconf 87' lang='lat' dir='ltr'><strong>mirabili-</strong></span> 
     </span>
    </p>
   </div>
   <div class='ocr_carea' id='block_1_16' title="bbox 441 1843 2024 1920">
    <p class='ocr_par' dir='ltr' id='par_1_16' title="bbox 441 1843 2024 1920">
     <span class='ocr_line' id='line_1_16' title="bbox 441 1843 2024 1920; baseline -0.006 -15"><span class='ocrx_word' id='word_1_120' title='bbox 441 1865 520 1905; x_wconf 90' lang='lat' dir='ltr'><strong>ter</strong></span> <span class='ocrx_word' id='word_1_121' title='bbox 550 1851 787 1920; x_wconf 86' lang='lat' dir='ltr'><strong>quidem,</strong></span> <span class='ocrx_word' id='word_1_122' title='bbox 825 1849 918 1903; x_wconf 91' lang='lat' dir='ltr'><strong>sed</strong></span> <span class='ocrx_word' id='word_1_123' title='bbox 944 1847 1272 1903; x_wconf 89' lang='lat' dir='ltr'><strong>mendaciter</strong></span> <span class='ocrx_word' id='word_1_124' title='bbox 1298 1845 1622 1915; x_wconf 88' lang='lat' dir='ltr'><strong>operabitur.</strong></span> <span class='ocrx_word' id='word_1_125' title='bbox 1666 1845 1794 1912; x_wconf 66' lang='lat' dir='ltr'><strong>Quae</strong></span> <span class='ocrx_word' id='word_1_126' title='bbox 1827 1847 1844 1875; x_wconf 70' lang='grc' dir='ltr'>ί</span> <span class='ocrx_word' id='word_1_127' title='bbox 1889 1843 2024 1897; x_wconf 84' lang='lat' dir='ltr'><strong>solet</strong></span> 
     </span>
    </p>
   </div>
   <div class='ocr_carea' id='block_1_17' title="bbox 438 1935 2023 2010">
    <p class='ocr_par' dir='ltr' id='par_1_17' title="bbox 438 1935 2023 2010">
     <span class='ocr_line' id='line_1_17' title="bbox 438 1935 2023 2010; baseline -0.004 -15"><span class='ocrx_word' id='word_1_128' title='bbox 438 1943 631 2009; x_wconf 75' lang='lat' dir='ltr'><strong>ambigi</strong></span> <span class='ocrx_word' id='word_1_129' title='bbox 663 1952 837 1994; x_wconf 89' lang='lat' dir='ltr'><strong>utrum</strong></span> <span class='ocrx_word' id='word_1_130' title='bbox 869 1948 1150 2010; x_wconf 86' lang='lat' dir='ltr'><strong>propterea</strong></span> <span class='ocrx_word' id='word_1_131' title='bbox 1186 1938 1326 1992; x_wconf 91' lang='lat' dir='ltr'><strong>dicta</strong></span> <span class='ocrx_word' id='word_1_132' title='bbox 1365 1937 1472 1990; x_wconf 86' lang='lat' dir='ltr'><strong>sint</strong></span> <span class='ocrx_word' id='word_1_133' title='bbox 1512 1937 1660 2005; x_wconf 82' lang='lat' dir='ltr'><strong>signa</strong></span> <span class='ocrx_word' id='word_1_134' title='bbox 1699 1945 1751 1989; x_wconf 89' lang='lat' dir='ltr'><strong>et</strong></span> <span class='ocrx_word' id='word_1_135' title='bbox 1791 1935 2023 2004; x_wconf 76' lang='lat' dir='ltr'><strong>prodigia</strong></span> 
     </span>
    </p>
   </div>
   <div class='ocr_carea' id='block_1_18' title="bbox 440 2025 2015 2100">
    <p class='ocr_par' dir='ltr' id='par_1_18' title="bbox 440 2025 2015 2100">
     <span class='ocr_line' id='line_1_18' title="bbox 440 2025 2015 2100; baseline -0.004 -16"><span class='ocrx_word' id='word_1_136' title='bbox 440 2033 726 2092; x_wconf 86' lang='lat' dir='ltr'><strong>mendacii,</strong></span> <span class='ocrx_word' id='word_1_137' title='bbox 753 2030 1000 2100; x_wconf 90' lang='lat' dir='ltr'><strong>quoniam</strong></span> <span class='ocrx_word' id='word_1_138' title='bbox 1032 2028 1283 2082; x_wconf 85' lang='lat' dir='ltr'><strong>mortales</strong></span> <span class='ocrx_word' id='word_1_139' title='bbox 1310 2040 1498 2082; x_wconf 88' lang='lat' dir='ltr'><strong>sensus</strong></span> <span class='ocrx_word' id='word_1_140' title='bbox 1529 2041 1623 2095; x_wconf 89' lang='lat' dir='ltr'><strong>per</strong></span> <span class='ocrx_word' id='word_1_141' title='bbox 1649 2025 2015 2094; x_wconf 83' lang='lat' dir='ltr'><strong>phantasmata</strong></span> 
     </span>
    </p>
   </div>
   <div class='ocr_carea' id='block_1_19' title="bbox 440 2115 2020 2189">
    <p class='ocr_par' dir='ltr' id='par_1_19' title="bbox 440 2115 2020 2189">
     <span class='ocr_line' id='line_1_19' title="bbox 440 2115 2020 2189; baseline -0.004 -14"><span class='ocrx_word' id='word_1_142' title='bbox 440 2123 758 2189; x_wconf 88' lang='lat' dir='ltr'><strong>deeeplurus</strong></span> <span class='ocrx_word' id='word_1_143' title='bbox 787 2130 904 2185; x_wconf 91' lang='lat' dir='ltr'><strong>est;</strong></span> <span class='ocrx_word' id='word_1_144' title='bbox 936 2127 992 2172; x_wconf 94' lang='lat' dir='ltr'><strong>ut</strong></span> <span class='ocrx_word' id='word_1_145' title='bbox 1026 2117 1166 2188; x_wconf 91' lang='lat' dir='ltr'><strong>quod</strong></span> <span class='ocrx_word' id='word_1_146' title='bbox 1206 2132 1310 2171; x_wconf 90' lang='lat' dir='ltr'><strong>non</strong></span> <span class='ocrx_word' id='word_1_147' title='bbox 1340 2115 1468 2172; x_wconf 78' lang='lat' dir='ltr'><strong>facit</strong></span> <span class='ocrx_word' id='word_1_148' title='bbox 1491 2158 1505 2182; x_wconf 93' lang='lat'><strong>,</strong></span> <span class='ocrx_word' id='word_1_149' title='bbox 1538 2116 1712 2170; x_wconf 81' lang='lat' dir='ltr'><strong>facere</strong></span> <span class='ocrx_word' id='word_1_150' title='bbox 1742 2116 1980 2169; x_wconf 90' lang='lat' dir='ltr'><strong>videatur</strong></span> <span class='ocrx_word' id='word_1_151' title='bbox 2007 2132 2020 2168; x_wconf 92' lang='lat'>:</span> 
     </span>
    </p>
   </div>
   <div class='ocr_carea' id='block_1_20' title="bbox 441 2206 2026 2281">
    <p class='ocr_par' dir='ltr' id='par_1_20' title="bbox 441 2206 2026 2281">
     <span class='ocr_line' id='line_1_20' title="bbox 441 2206 2026 2281; baseline -0.004 -16"><span class='ocrx_word' id='word_1_152' title='bbox 441 2228 507 2265; x_wconf 86' lang='lat' dir='ltr'><strong>an</strong></span> <span class='ocrx_word' id='word_1_153' title='bbox 536 2214 657 2281; x_wconf 87' lang='lat' dir='ltr'><strong>quia</strong></span> <span class='ocrx_word' id='word_1_154' title='bbox 685 2213 768 2264; x_wconf 91' lang='lat' dir='ltr'><strong>illa</strong></span> <span class='ocrx_word' id='word_1_155' title='bbox 792 2212 925 2280; x_wconf 88' lang='lat' dir='ltr'><strong>ipsa,</strong></span> <span class='ocrx_word' id='word_1_156' title='bbox 946 2210 1153 2264; x_wconf 84' lang='lat' dir='ltr'><strong>etiamsi</strong></span> <span class='ocrx_word' id='word_1_157' title='bbox 1181 2220 1335 2263; x_wconf 90' lang='lat' dir='ltr'><strong>erunt</strong></span> <span class='ocrx_word' id='word_1_158' title='bbox 1357 2223 1482 2262; x_wconf 88' lang='lat' dir='ltr'><strong>vera</strong></span> <span class='ocrx_word' id='word_1_159' title='bbox 1505 2207 1765 2278; x_wconf 83' lang='lat' dir='ltr'><strong>prodigia,</strong></span> <span class='ocrx_word' id='word_1_160' title='bbox 1789 2206 1854 2260; x_wconf 89' lang='lat' dir='ltr'><strong>ad</strong></span> <span class='ocrx_word' id='word_1_161' title='bbox 1878 2222 2026 2260; x_wconf 89' lang='lat' dir='ltr'><strong>men-</strong></span> 
     </span>
    </p>
   </div>
   <div class='ocr_carea' id='block_1_21' title="bbox 441 2298 2024 2371">
    <p class='ocr_par' dir='ltr' id='par_1_21' title="bbox 441 2298 2024 2371">
     <span class='ocr_line' id='line_1_21' title="bbox 441 2298 2024 2371; baseline -0.004 -13"><span class='ocrx_word' id='word_1_162' title='bbox 441 2305 648 2358; x_wconf 77' lang='lat' dir='ltr'><strong>dacium</strong></span> <span class='ocrx_word' id='word_1_163' title='bbox 697 2303 1004 2371; x_wconf 88' lang='lat' dir='ltr'><strong>pertraheut</strong></span> <span class='ocrx_word' id='word_1_164' title='bbox 1047 2302 1345 2356; x_wconf 87' lang='lat' dir='ltr'><strong>credituros</strong></span> <span class='ocrx_word' id='word_1_165' title='bbox 1388 2316 1497 2355; x_wconf 90' lang='lat' dir='ltr'><strong>non</strong></span> <span class='ocrx_word' id='word_1_166' title='bbox 1545 2315 1606 2354; x_wconf 90' lang='lat' dir='ltr'><strong>ea</strong></span> <span class='ocrx_word' id='word_1_167' title='bbox 1647 2301 1883 2368; x_wconf 88' lang='lat' dir='ltr'><strong>potuisse</strong></span> <span class='ocrx_word' id='word_1_168' title='bbox 1924 2298 2024 2352; x_wconf 89' lang='lat' dir='ltr'><strong>nisi</strong></span> 
     </span>
    </p>
   </div>
   <div class='ocr_carea' id='block_1_22' title="bbox 440 2389 2027 2459">
    <p class='ocr_par' dir='ltr' id='par_1_22' title="bbox 440 2389 2027 2459">
     <span class='ocr_line' id='line_1_22' title="bbox 440 2389 2027 2459; baseline -0.004 -9"><span class='ocrx_word' id='word_1_169' title='bbox 440 2396 690 2450; x_wconf 81' lang='lat' dir='ltr'><strong>divinitus</strong></span> <span class='ocrx_word' id='word_1_170' title='bbox 721 2395 831 2448; x_wconf 80' lang='lat' dir='ltr'><strong>ﬁeri</strong></span> <span class='ocrx_word' id='word_1_171' title='bbox 853 2435 868 2459; x_wconf 96' lang='lat'><strong>,</strong></span> <span class='ocrx_word' id='word_1_172' title='bbox 900 2394 1151 2447; x_wconf 85' lang='lat' dir='ltr'><strong>virtutem</strong></span> <span class='ocrx_word' id='word_1_173' title='bbox 1189 2391 1385 2446; x_wconf 91' lang='lat' dir='ltr'><strong>diaboli</strong></span> <span class='ocrx_word' id='word_1_174' title='bbox 1420 2391 1755 2454; x_wconf 89' lang='lat' dir='ltr'><strong>nescientes;</strong></span> <span class='ocrx_word' id='word_1_175' title='bbox 1798 2389 2027 2443; x_wconf 79' lang='lat' dir='ltr'><strong>maxime</strong></span> 
     </span>
    </p>
   </div>
   <div class='ocr_carea' id='block_1_23' title="bbox 441 2479 2028 2557">
    <p class='ocr_par' dir='ltr' id='par_1_23' title="bbox 441 2479 2028 2557">
     <span class='ocr_line' id='line_1_23' title="bbox 441 2479 2028 2557; baseline -0.005 -16"><span class='ocrx_word' id='word_1_176' title='bbox 441 2487 654 2557; x_wconf 87' lang='lat' dir='ltr'><strong>quando</strong></span> <span class='ocrx_word' id='word_1_177' title='bbox 687 2493 885 2539; x_wconf 88' lang='lat' dir='ltr'><strong>tantam</strong></span> <span class='ocrx_word' id='word_1_178' title='bbox 904 2527 918 2551; x_wconf 93' lang='lat'><strong>,</strong></span> <span class='ocrx_word' id='word_1_179' title='bbox 952 2493 1203 2553; x_wconf 89' lang='lat' dir='ltr'><strong>quantam</strong></span> <span class='ocrx_word' id='word_1_180' title='bbox 1235 2497 1504 2551; x_wconf 91' lang='lat' dir='ltr'><strong>nunquam</strong></span> <span class='ocrx_word' id='word_1_181' title='bbox 1532 2482 1742 2546; x_wconf 86' lang='lat' dir='ltr'><strong>habuit,</strong></span> <span class='ocrx_word' id='word_1_182' title='bbox 1765 2479 2028 2548; x_wconf 84' lang='lat' dir='ltr'><strong>acceperit</strong></span> 
     </span>
    </p>
   </div>
   <div class='ocr_carea' id='block_1_24' title="bbox 442 2571 2023 2647">
    <p class='ocr_par' dir='ltr' id='par_1_24' title="bbox 442 2571 2023 2647">
     <span class='ocr_line' id='line_1_24' title="bbox 442 2571 2023 2647; baseline -0.004 -17"><span class='ocrx_word' id='word_1_183' title='bbox 442 2587 759 2647; x_wconf 80' lang='lat' dir='ltr'><strong>poteSIatcm</strong></span> <span class='ocrx_word' id='word_1_184' title='bbox 787 2578 829 2630; x_wconf 74' lang='lat'><strong>&#39;.</strong></span> <span class='ocrx_word' id='word_1_185' title='bbox 855 2576 970 2630; x_wconf 85' lang='lat' dir='ltr'><strong>Non</strong></span> <span class='ocrx_word' id='word_1_186' title='bbox 995 2576 1136 2630; x_wconf 91' lang='lat' dir='ltr'><strong>enim</strong></span> <span class='ocrx_word' id='word_1_187' title='bbox 1160 2574 1371 2644; x_wconf 87' lang='lat' dir='ltr'><strong>quando</strong></span> <span class='ocrx_word' id='word_1_188' title='bbox 1395 2573 1464 2628; x_wconf 90' lang='lat' dir='ltr'><strong>de</strong></span> <span class='ocrx_word' id='word_1_189' title='bbox 1489 2573 1627 2628; x_wconf 72' lang='lat' dir='ltr'><strong>ccelo</strong></span> <span class='ocrx_word' id='word_1_190' title='bbox 1655 2572 1792 2643; x_wconf 77' lang='lat' dir='ltr'><strong>ignis</strong></span> <span class='ocrx_word' id='word_1_191' title='bbox 1811 2571 2023 2636; x_wconf 87' lang='lat' dir='ltr'><strong>cecidit,</strong></span> 
     </span>
    </p>
   </div>
   <div class='ocr_carea' id='block_1_25' title="bbox 441 2666 2026 2736">
    <p class='ocr_par' dir='ltr' id='par_1_25' title="bbox 441 2666 2026 2736">
     <span class='ocr_line' id='line_1_25' title="bbox 441 2666 2026 2736; baseline -0.003 -14"><span class='ocrx_word' id='word_1_192' title='bbox 441 2680 495 2724; x_wconf 87' lang='lat' dir='ltr'><strong>et</strong></span> <span class='ocrx_word' id='word_1_193' title='bbox 544 2680 741 2723; x_wconf 89' lang='lat' dir='ltr'><strong>tantam</strong></span> <span class='ocrx_word' id='word_1_194' title='bbox 792 2667 1042 2721; x_wconf 81' lang='lat' dir='ltr'><strong>familiam</strong></span> <span class='ocrx_word' id='word_1_195' title='bbox 1101 2681 1221 2721; x_wconf 93' lang='lat' dir='ltr'><strong>cum</strong></span> <span class='ocrx_word' id='word_1_196' title='bbox 1270 2667 1429 2720; x_wconf 90' lang='lat' dir='ltr'><strong>tantis</strong></span> <span class='ocrx_word' id='word_1_197' title='bbox 1479 2666 1728 2736; x_wconf 78' lang='lat' dir='ltr'><strong>gregibus</strong></span> <span class='ocrx_word' id='word_1_198' title='bbox 1776 2679 2026 2734; x_wconf 90' lang='lat' dir='ltr'><strong>pecorum</strong></span> 
     </span>
    </p>
   </div>
   <div class='ocr_carea' id='block_1_26' title="bbox 440 2756 2030 2827">
    <p class='ocr_par' dir='ltr' id='par_1_26' title="bbox 440 2756 2030 2827">
     <span class='ocr_line' id='line_1_26' title="bbox 440 2756 2030 2827; baseline -0.004 -11"><span class='ocrx_word' id='word_1_199' title='bbox 440 2762 612 2816; x_wconf 89' lang='lat' dir='ltr'><strong>sancti</strong></span> <span class='ocrx_word' id='word_1_200' title='bbox 640 2761 738 2814; x_wconf 85' lang='lat' dir='ltr'><strong>Job</strong></span> <span class='ocrx_word' id='word_1_201' title='bbox 766 2774 876 2813; x_wconf 92' lang='lat' dir='ltr'><strong>uno</strong></span> <span class='ocrx_word' id='word_1_202' title='bbox 904 2760 1104 2827; x_wconf 89' lang='lat' dir='ltr'><strong>impetu</strong></span> <span class='ocrx_word' id='word_1_203' title='bbox 1130 2758 1454 2827; x_wconf 89' lang='lat' dir='ltr'><strong>absumpsit,</strong></span> <span class='ocrx_word' id='word_1_204' title='bbox 1485 2767 1538 2811; x_wconf 93' lang='lat' dir='ltr'><strong>et</strong></span> <span class='ocrx_word' id='word_1_205' title='bbox 1568 2757 1720 2811; x_wconf 91' lang='lat' dir='ltr'><strong>turbo</strong></span> <span class='ocrx_word' id='word_1_206' title='bbox 1742 2756 1950 2810; x_wconf 91' lang='lat' dir='ltr'><strong>irruens</strong></span> <span class='ocrx_word' id='word_1_207' title='bbox 1975 2766 2030 2810; x_wconf 91' lang='lat' dir='ltr'><strong>et</strong></span> 
     </span>
    </p>
   </div>
   <div class='ocr_carea' id='block_1_27' title="bbox 441 2849 2028 2920">
    <p class='ocr_par' dir='ltr' id='par_1_27' title="bbox 441 2849 2028 2920">
     <span class='ocr_line' id='line_1_27' title="bbox 441 2849 2028 2920; baseline -0.003 -13"><span class='ocrx_word' id='word_1_208' title='bbox 441 2855 657 2907; x_wconf 87' lang='lat' dir='ltr'><strong>dommn</strong></span> <span class='ocrx_word' id='word_1_209' title='bbox 689 2853 942 2920; x_wconf 80' lang='lat' dir='ltr'><strong>dejiciens</strong></span> <span class='ocrx_word' id='word_1_210' title='bbox 969 2851 1104 2905; x_wconf 80' lang='lat' dir='ltr'><strong>filios</strong></span> <span class='ocrx_word' id='word_1_211' title='bbox 1125 2850 1239 2920; x_wconf 89' lang='lat' dir='ltr'><strong>ejus</strong></span> <span class='ocrx_word' id='word_1_212' title='bbox 1268 2851 1463 2905; x_wconf 89' lang='lat' dir='ltr'><strong>occidit</strong></span> <span class='ocrx_word' id='word_1_213' title='bbox 1503 2849 1638 2920; x_wconf 86' lang='lat' dir='ltr'><strong>(Job</strong></span> <span class='ocrx_word' id='word_1_214' title='bbox 1666 2849 1744 2919; x_wconf 84' lang='lat'><strong>1),</strong></span> <span class='ocrx_word' id='word_1_215' title='bbox 1802 2851 2028 2918; x_wconf 87' lang='lat' dir='ltr'><strong>phanta-</strong></span> 
     </span>
    </p>
   </div>
   <div class='ocr_carea' id='block_1_28' title="bbox 441 2941 2028 3012">
    <p class='ocr_par' dir='ltr' id='par_1_28' title="bbox 441 2941 2028 3012">
     <span class='ocr_line' id='line_1_28' title="bbox 441 2941 2028 3012; baseline -0.001 -15"><span class='ocrx_word' id='word_1_216' title='bbox 441 2955 609 2998; x_wconf 82' lang='lat' dir='ltr'><strong>smata</strong></span> <span class='ocrx_word' id='word_1_217' title='bbox 642 2943 853 2997; x_wconf 83' lang='lat' dir='ltr'><strong>luerunt</strong></span> <span class='ocrx_word' id='word_1_218' title='bbox 879 2960 892 2996; x_wconf 79' lang='grc' dir='ltr'><strong><em>τ</em></strong></span> <span class='ocrx_word' id='word_1_219' title='bbox 915 2958 1033 3012; x_wconf 63' lang='lat' dir='ltr'><strong>qua:</strong></span> <span class='ocrx_word' id='word_1_220' title='bbox 1065 2951 1240 2996; x_wconf 89' lang='lat' dir='ltr'><strong>tamen</strong></span> <span class='ocrx_word' id='word_1_221' title='bbox 1273 2941 1487 2996; x_wconf 82' lang='lat' dir='ltr'><strong>fuerunt</strong></span> <span class='ocrx_word' id='word_1_222' title='bbox 1513 2957 1672 3011; x_wconf 88' lang='lat' dir='ltr'><strong>opera</strong></span> <span class='ocrx_word' id='word_1_223' title='bbox 1702 2950 1922 3007; x_wconf 68' lang='lat' dir='ltr'><strong>satana),</strong></span> <span class='ocrx_word' id='word_1_224' title='bbox 1943 2941 2028 2996; x_wconf 92' lang='lat' dir='ltr'><strong>cui</strong></span> 
     </span>
    </p>
   </div>
   <div class='ocr_carea' id='block_1_29' title="bbox 449 3033 2027 3102">
    <p class='ocr_par' dir='ltr' id='par_1_29' title="bbox 449 3033 2027 3102">
     <span class='ocr_line' id='line_1_29' title="bbox 449 3033 2027 3102; baseline -0.003 -14"><span class='ocrx_word' id='word_1_225' title='bbox 449 3037 587 3088; x_wconf 85' lang='lat' dir='ltr'><strong>Deus</strong></span> <span class='ocrx_word' id='word_1_226' title='bbox 617 3035 839 3088; x_wconf 85' lang='lat' dir='ltr'><strong>dederat</strong></span> <span class='ocrx_word' id='word_1_227' title='bbox 885 3035 1018 3087; x_wconf 90' lang='lat' dir='ltr'><strong>hanc</strong></span> <span class='ocrx_word' id='word_1_228' title='bbox 1049 3041 1387 3102; x_wconf 89' lang='lat' dir='ltr'><strong>potestatem.</strong></span> <span class='ocrx_word' id='word_1_229' title='bbox 1416 3033 1642 3101; x_wconf 85' lang='lat' dir='ltr'><strong>Propter</strong></span> <span class='ocrx_word' id='word_1_230' title='bbox 1681 3033 1807 3102; x_wconf 90' lang='lat' dir='ltr'><strong>quid</strong></span> <span class='ocrx_word' id='word_1_231' title='bbox 1839 3033 2027 3085; x_wconf 90' lang='lat' dir='ltr'><strong>horum</strong></span> 
     </span>
    </p>
   </div>
   <div class='ocr_carea' id='block_1_30' title="bbox 441 3122 2029 3196">
    <p class='ocr_par' dir='ltr' id='par_1_30' title="bbox 441 3122 2029 3196">
     <span class='ocr_line' id='line_1_30' title="bbox 441 3122 2029 3196; baseline -0.003 -16"><span class='ocrx_word' id='word_1_232' title='bbox 441 3143 569 3196; x_wconf 85' lang='lat' dir='ltr'><strong>ergo</strong></span> <span class='ocrx_word' id='word_1_233' title='bbox 596 3127 732 3180; x_wconf 86' lang='lat' dir='ltr'><strong>dicta</strong></span> <span class='ocrx_word' id='word_1_234' title='bbox 756 3125 861 3179; x_wconf 89' lang='lat' dir='ltr'><strong>sint</strong></span> <span class='ocrx_word' id='word_1_235' title='bbox 888 3124 1125 3195; x_wconf 81' lang='lat' dir='ltr'><strong>prodigia</strong></span> <span class='ocrx_word' id='word_1_236' title='bbox 1147 3133 1200 3178; x_wconf 92' lang='lat' dir='ltr'><strong>et</strong></span> <span class='ocrx_word' id='word_1_237' title='bbox 1221 3124 1369 3192; x_wconf 87' lang='lat' dir='ltr'><strong>signa</strong></span> <span class='ocrx_word' id='word_1_238' title='bbox 1394 3122 1680 3186; x_wconf 87' lang='lat' dir='ltr'><strong>mendacii,</strong></span> <span class='ocrx_word' id='word_1_239' title='bbox 1707 3131 1832 3175; x_wconf 92' lang='lat' dir='ltr'><strong>tunc</strong></span> <span class='ocrx_word' id='word_1_240' title='bbox 1855 3122 2029 3190; x_wconf 89' lang='lat' dir='ltr'><strong>potius</strong></span> 
     </span>
    </p>
   </div>
   <div class='ocr_carea' id='block_1_31' title="bbox 441 3213 2026 3284">
    <p class='ocr_par' dir='ltr' id='par_1_31' title="bbox 441 3213 2026 3284">
     <span class='ocr_line' id='line_1_31' title="bbox 441 3213 2026 3284; baseline 0 -18"><span class='ocrx_word' id='word_1_241' title='bbox 441 3217 736 3284; x_wconf 75' lang='lat' dir='ltr'><strong>apparebit.</strong></span> <span class='ocrx_word' id='word_1_242' title='bbox 766 3216 871 3269; x_wconf 73' lang='lat' dir='ltr'><strong>Sed</strong></span> <span class='ocrx_word' id='word_1_243' title='bbox 918 3224 1136 3284; x_wconf 88' lang='lat' dir='ltr'><strong>propter</strong></span> <span class='ocrx_word' id='word_1_244' title='bbox 1170 3214 1444 3284; x_wconf 87' lang='lat' dir='ltr'><strong>quodlibet</strong></span> <span class='ocrx_word' id='word_1_245' title='bbox 1472 3213 1660 3266; x_wconf 89' lang='lat' dir='ltr'><strong>borum</strong></span> <span class='ocrx_word' id='word_1_246' title='bbox 1693 3213 1890 3266; x_wconf 88' lang='lat' dir='ltr'><strong>dictum</strong></span> <span class='ocrx_word' id='word_1_247' title='bbox 1923 3213 2026 3279; x_wconf 86' lang='lat' dir='ltr'><strong>sit,</strong></span> 
     </span>
    </p>
   </div>
   <div class='ocr_carea' id='block_1_32' title="bbox 442 3303 2029 3377">
    <p class='ocr_par' dir='ltr' id='par_1_32' title="bbox 442 3303 2029 3377">
     <span class='ocr_line' id='line_1_32' title="bbox 442 3303 2029 3377; baseline -0.002 -16"><span class='ocrx_word' id='word_1_248' title='bbox 442 3310 765 3362; x_wconf 83' lang='lat' dir='ltr'><strong>seducentur</strong></span> <span class='ocrx_word' id='word_1_249' title='bbox 807 3308 885 3361; x_wconf 90' lang='lat' dir='ltr'><strong>eis</strong></span> <span class='ocrx_word' id='word_1_250' title='bbox 925 3308 1087 3377; x_wconf 83' lang='lat' dir='ltr'><strong>signis</strong></span> <span class='ocrx_word' id='word_1_251' title='bbox 1115 3315 1135 3345; x_wconf 84' lang='grc'>³</span> <span class='ocrx_word' id='word_1_252' title='bbox 1177 3317 1337 3375; x_wconf 86' lang='lat' dir='ltr'><strong>atque</strong></span> <span class='ocrx_word' id='word_1_253' title='bbox 1383 3304 1672 3376; x_wconf 79' lang='lat' dir='ltr'><strong>prodigiis,</strong></span> <span class='ocrx_word' id='word_1_254' title='bbox 1719 3304 1807 3373; x_wconf 90' lang='lat' dir='ltr'><strong>qui</strong></span> <span class='ocrx_word' id='word_1_255' title='bbox 1849 3303 2029 3358; x_wconf 88' lang='lat' dir='ltr'><strong>seduci</strong></span> 
     </span>
    </p>
   </div>
   <div class='ocr_carea' id='block_1_33' title="bbox 446 3395 2025 3468">
    <p class='ocr_par' dir='ltr' id='par_1_33' title="bbox 446 3395 2025 3468">
     <span class='ocr_line' id='line_1_33' title="bbox 446 3395 2025 3468; baseline -0.004 -16"><span class='ocrx_word' id='word_1_256' title='bbox 446 3402 792 3452; x_wconf 85' lang='lat' dir='ltr'><strong>merebuntur</strong></span> <span class='ocrx_word' id='word_1_257' title='bbox 817 3416 830 3450; x_wconf 91' lang='lat'><strong>:</strong></span> <span class='ocrx_word' id='word_1_258' title='bbox 865 3415 954 3467; x_wconf 80' lang='lat' dir='ltr'><strong>pro</strong></span> <span class='ocrx_word' id='word_1_259' title='bbox 983 3415 1040 3452; x_wconf 89' lang='lat' dir='ltr'><strong>eo</strong></span> <span class='ocrx_word' id='word_1_260' title='bbox 1068 3398 1203 3468; x_wconf 87' lang='lat' dir='ltr'><strong>quod</strong></span> <span class='ocrx_word' id='word_1_261' title='bbox 1227 3397 1542 3449; x_wconf 83' lang='lat' dir='ltr'><strong>dilectionem</strong></span> <span class='ocrx_word' id='word_1_262' title='bbox 1569 3395 1809 3461; x_wconf 74' lang='lat' dir='ltr'><strong>veritatis,</strong></span> <span class='ocrx_word' id='word_1_263' title='bbox 1837 3395 2025 3464; x_wconf 85' lang='lat' dir='ltr'><strong>inquit,</strong></span> 
     </span>
    </p>
   </div>
   <div class='ocr_carea' id='block_1_34' title="bbox 445 3486 2029 3560">
    <p class='ocr_par' dir='ltr' id='par_1_34' title="bbox 445 3486 2029 3560">
     <span class='ocr_line' id='line_1_34' title="bbox 445 3486 2029 3560; baseline -0.002 -17"><span class='ocrx_word' id='word_1_264' title='bbox 445 3508 546 3543; x_wconf 89' lang='lat' dir='ltr'><strong>non</strong></span> <span class='ocrx_word' id='word_1_265' title='bbox 574 3501 884 3560; x_wconf 76' lang='lat' dir='ltr'><strong>receperunt,</strong></span> <span class='ocrx_word' id='word_1_266' title='bbox 915 3500 968 3542; x_wconf 91' lang='lat' dir='ltr'><strong>ut</strong></span> <span class='ocrx_word' id='word_1_267' title='bbox 994 3491 1121 3543; x_wconf 83' lang='lat' dir='ltr'><strong>salvi</strong></span> <span class='ocrx_word' id='word_1_268' title='bbox 1148 3491 1342 3557; x_wconf 78' lang='lat' dir='ltr'><strong>ﬁerent.</strong></span> <span class='ocrx_word' id='word_1_269' title='bbox 1368 3487 1476 3541; x_wconf 86' lang='lat' dir='ltr'><strong>Nec</strong></span> <span class='ocrx_word' id='word_1_270' title='bbox 1507 3486 1768 3540; x_wconf 82' lang='lat' dir='ltr'><strong>dubitavit</strong></span> <span class='ocrx_word' id='word_1_271' title='bbox 1800 3488 2029 3554; x_wconf 79' lang='lat' dir='ltr'><strong>Aposto-</strong></span> 
     </span>
    </p>
   </div>
   <div class='ocr_carea' id='block_1_35' title="bbox 446 3577 2030 3646">
    <p class='ocr_par' dir='ltr' id='par_1_35' title="bbox 446 3577 2030 3646">
     <span class='ocr_line' id='line_1_35' title="bbox 446 3577 2030 3646; baseline -0.003 -12"><span class='ocrx_word' id='word_1_272' title='bbox 446 3582 529 3635; x_wconf 91' lang='lat' dir='ltr'><strong>lns</strong></span> <span class='ocrx_word' id='word_1_273' title='bbox 556 3582 772 3645; x_wconf 66' lang='lat' dir='ltr'><strong>addi-re,</strong></span> <span class='ocrx_word' id='word_1_274' title='bbox 807 3591 860 3634; x_wconf 84' lang='lat' dir='ltr'><strong>et</strong></span> <span class='ocrx_word' id='word_1_275' title='bbox 889 3581 1067 3636; x_wconf 87' lang='lat' dir='ltr'><strong>dicere</strong></span> <span class='ocrx_word' id='word_1_276' title='bbox 1092 3598 1104 3633; x_wconf 90' lang='lat'><strong>:</strong></span> <span class='ocrx_word' id='word_1_277' title='bbox 1130 3580 1257 3634; x_wconf 85' lang='lat' dir='ltr'><strong>Ideo</strong></span> <span class='ocrx_word' id='word_1_278' title='bbox 1286 3579 1445 3631; x_wconf 85' lang='lat' dir='ltr'><strong>mittet</strong></span> <span class='ocrx_word' id='word_1_279' title='bbox 1473 3579 1576 3631; x_wconf 81' lang='lat' dir='ltr'><strong>illis</strong></span> <span class='ocrx_word' id='word_1_280' title='bbox 1607 3577 1742 3629; x_wconf 85' lang='lat' dir='ltr'><strong>Deus</strong></span> <span class='ocrx_word' id='word_1_281' title='bbox 1776 3577 2030 3646; x_wconf 85' lang='lat' dir='ltr'><strong>operatio—</strong></span> 
     </span>
    </p>
   </div>
   <div class='ocr_carea' id='block_1_36' title="bbox 445 3668 2026 3739">
    <p class='ocr_par' dir='ltr' id='par_1_36' title="bbox 445 3668 2026 3739">
     <span class='ocr_line' id='line_1_36' title="bbox 445 3668 2026 3739; baseline -0.004 -13"><span class='ocrx_word' id='word_1_282' title='bbox 445 3690 554 3726; x_wconf 87' lang='lat' dir='ltr'><strong>nem</strong></span> <span class='ocrx_word' id='word_1_283' title='bbox 580 3675 784 3735; x_wconf 86' lang='lat' dir='ltr'><strong>erroris,</strong></span> <span class='ocrx_word' id='word_1_284' title='bbox 805 3684 857 3726; x_wconf 89' lang='lat' dir='ltr'><strong>ut</strong></span> <span class='ocrx_word' id='word_1_285' title='bbox 879 3674 1083 3726; x_wconf 83' lang='lat' dir='ltr'><strong>credant</strong></span> <span class='ocrx_word' id='word_1_286' title='bbox 1102 3671 1362 3723; x_wconf 86' lang='lat' dir='ltr'><strong>mendacio</strong></span> <span class='ocrx_word' id='word_1_287' title='bbox 1389 3669 1486 3739; x_wconf 84' lang='grc' dir='ltr'><strong>(α).</strong></span> <span class='ocrx_word' id='word_1_288' title='bbox 1513 3669 1649 3722; x_wconf 84' lang='lat' dir='ltr'><strong>Deus</strong></span> <span class='ocrx_word' id='word_1_289' title='bbox 1667 3668 1811 3722; x_wconf 87' lang='lat' dir='ltr'><strong>enim</strong></span> <span class='ocrx_word' id='word_1_290' title='bbox 1835 3668 2026 3732; x_wconf 81' lang='lat' dir='ltr'><strong>mittet,</strong></span> 
     </span>
    </p>
   </div>
   <div class='ocr_carea' id='block_1_37' title="bbox 444 3757 2029 3834">
    <p class='ocr_par' dir='ltr' id='par_1_37' title="bbox 444 3757 2029 3834">
     <span class='ocr_line' id='line_1_37' title="bbox 444 3757 2029 3834; baseline -0.004 -17"><span class='ocrx_word' id='word_1_291' title='bbox 444 3764 566 3834; x_wconf 89' lang='lat' dir='ltr'><strong>quia</strong></span> <span class='ocrx_word' id='word_1_292' title='bbox 600 3765 735 3817; x_wconf 89' lang='lat' dir='ltr'><strong>Deus</strong></span> <span class='ocrx_word' id='word_1_293' title='bbox 761 3764 1029 3817; x_wconf 87' lang='lat' dir='ltr'><strong>diabolum</strong></span> <span class='ocrx_word' id='word_1_294' title='bbox 1058 3761 1234 3816; x_wconf 84' lang='lat' dir='ltr'><strong>facere</strong></span> <span class='ocrx_word' id='word_1_295' title='bbox 1275 3762 1374 3813; x_wconf 90' lang='lat' dir='ltr'><strong>ista</strong></span> <span class='ocrx_word' id='word_1_296' title='bbox 1416 3760 1705 3828; x_wconf 83' lang='lat' dir='ltr'><strong>permittet,</strong></span> <span class='ocrx_word' id='word_1_297' title='bbox 1741 3759 1886 3826; x_wconf 83' lang='lat' dir='ltr'><strong>justo</strong></span> <span class='ocrx_word' id='word_1_298' title='bbox 1916 3757 2029 3826; x_wconf 90' lang='lat' dir='ltr'><strong>ipse</strong></span> 
     </span>
    </p>
   </div>
   <div class='ocr_carea' id='block_1_38' title="bbox 439 3848 2029 3926">
    <p class='ocr_par' dir='ltr' id='par_1_38' title="bbox 439 3848 2029 3926">
     <span class='ocr_line' id='line_1_38' title="bbox 439 3848 2029 3926; baseline -0.006 -16"><span class='ocrx_word' id='word_1_299' title='bbox 439 3857 642 3926; x_wconf 85' lang='lat' dir='ltr'><strong>judicio</strong></span> <span class='ocrx_word' id='word_1_300' title='bbox 663 3897 677 3920; x_wconf 93' lang='lat'><strong>,</strong></span> <span class='ocrx_word' id='word_1_301' title='bbox 709 3856 949 3923; x_wconf 84' lang='lat' dir='ltr'><strong>quamvis</strong></span> <span class='ocrx_word' id='word_1_302' title='bbox 976 3855 1131 3908; x_wconf 81' lang='lat' dir='ltr'><strong>faciat</strong></span> <span class='ocrx_word' id='word_1_303' title='bbox 1160 3853 1248 3906; x_wconf 90' lang='lat' dir='ltr'><strong>ille</strong></span> <span class='ocrx_word' id='word_1_304' title='bbox 1279 3853 1461 3920; x_wconf 89' lang='lat' dir='ltr'><strong>iniquo</strong></span> <span class='ocrx_word' id='word_1_305' title='bbox 1488 3851 1828 3919; x_wconf 81' lang='lat' dir='ltr'><strong>maligneque</strong></span> <span class='ocrx_word' id='word_1_306' title='bbox 1854 3848 2029 3902; x_wconf 86' lang='lat' dir='ltr'><strong>consi-</strong></span> 
     </span>
    </p>
   </div>
   <div class='ocr_carea' id='block_1_39' title="bbox 448 3940 2030 4017">
    <p class='ocr_par' dir='ltr' id='par_1_39' title="bbox 448 3940 2030 4017">
     <span class='ocr_line' id='line_1_39' title="bbox 448 3940 2030 4017; baseline -0.005 -17"><span class='ocrx_word' id='word_1_307' title='bbox 448 3949 537 4001; x_wconf 90' lang='lat' dir='ltr'><strong>lio.</strong></span> <span class='ocrx_word' id='word_1_308' title='bbox 591 3947 654 4001; x_wconf 89' lang='lat' dir='ltr'><strong>Ut</strong></span> <span class='ocrx_word' id='word_1_309' title='bbox 687 3949 1003 4017; x_wconf 86' lang='lat' dir='ltr'><strong>judicentur,</strong></span> <span class='ocrx_word' id='word_1_310' title='bbox 1034 3946 1220 4015; x_wconf 89' lang='lat' dir='ltr'><strong>inquit,</strong></span> <span class='ocrx_word' id='word_1_311' title='bbox 1255 3960 1426 3997; x_wconf 86' lang='lat' dir='ltr'><strong>omnes</strong></span> <span class='ocrx_word' id='word_1_312' title='bbox 1461 3943 1548 4009; x_wconf 85' lang='lat' dir='ltr'><strong>qui</strong></span> <span class='ocrx_word' id='word_1_313' title='bbox 1583 3959 1681 3994; x_wconf 88' lang='lat' dir='ltr'><strong>non</strong></span> <span class='ocrx_word' id='word_1_314' title='bbox 1711 3940 2030 3994; x_wconf 78' lang='lat' dir='ltr'><strong>crediderunt</strong></span> 
     </span>
    </p>
   </div>
   <div class='ocr_carea' id='block_1_40' title="bbox 443 4033 2027 4104">
    <p class='ocr_par' dir='ltr' id='par_1_40' title="bbox 443 4033 2027 4104">
     <span class='ocr_line' id='line_1_40' title="bbox 443 4033 2027 4104; baseline -0.004 -12"><span class='ocrx_word' id='word_1_315' title='bbox 443 4040 674 4103; x_wconf 81' lang='lat' dir='ltr'><strong>veritati,</strong></span> <span class='ocrx_word' id='word_1_316' title='bbox 706 4039 794 4092; x_wconf 88' lang='lat' dir='ltr'><strong>sed</strong></span> <span class='ocrx_word' id='word_1_317' title='bbox 833 4047 1189 4091; x_wconf 85' lang='lat' dir='ltr'><strong>consenserunt</strong></span> <span class='ocrx_word' id='word_1_318' title='bbox 1231 4036 1502 4104; x_wconf 83' lang='lat' dir='ltr'><strong>iniquitati.</strong></span> <span class='ocrx_word' id='word_1_319' title='bbox 1546 4033 1773 4087; x_wconf 85' lang='lat' dir='ltr'><strong>Proinde</strong></span> <span class='ocrx_word' id='word_1_320' title='bbox 1808 4033 2027 4100; x_wconf 84' lang='lat' dir='ltr'><strong>judicati</strong></span> 
     </span>
    </p>
   </div>
   <div class='ocr_carea' id='block_1_41' title="bbox 446 4125 2029 4196">
    <p class='ocr_par' dir='ltr' id='par_1_41' title="bbox 446 4125 2029 4196">
     <span class='ocr_line' id='line_1_41' title="bbox 446 4125 2029 4196; baseline -0.003 -13"><span class='ocrx_word' id='word_1_321' title='bbox 446 4131 784 4192; x_wconf 86' lang='lat' dir='ltr'><strong>seducentur,</strong></span> <span class='ocrx_word' id='word_1_322' title='bbox 818 4139 871 4183; x_wconf 91' lang='lat' dir='ltr'><strong>et</strong></span> <span class='ocrx_word' id='word_1_323' title='bbox 895 4129 1098 4183; x_wconf 88' lang='lat' dir='ltr'><strong>seducti</strong></span> <span class='ocrx_word' id='word_1_324' title='bbox 1125 4128 1523 4196; x_wconf 89' lang='lat' dir='ltr'><strong>judicabunlur.</strong></span> <span class='ocrx_word' id='word_1_325' title='bbox 1562 4125 1666 4180; x_wconf 87' lang='lat' dir='ltr'><strong>Sed</strong></span> <span class='ocrx_word' id='word_1_326' title='bbox 1689 4125 1910 4193; x_wconf 88' lang='lat' dir='ltr'><strong>judicati</strong></span> <span class='ocrx_word' id='word_1_327' title='bbox 1940 4139 2029 4178; x_wconf 92' lang='lat' dir='ltr'><strong>se-</strong></span> 
     </span>
    </p>
   </div>
   <div class='ocr_carea' id='block_1_42' title="bbox 445 4215 2032 4287">
    <p class='ocr_par' dir='ltr' id='par_1_42' title="bbox 445 4215 2032 4287">
     <span class='ocr_line' id='line_1_42' title="bbox 445 4215 2032 4287; baseline -0.005 -11"><span class='ocrx_word' id='word_1_328' title='bbox 445 4221 706 4276; x_wconf 86' lang='lat' dir='ltr'><strong>ducentur</strong></span> <span class='ocrx_word' id='word_1_329' title='bbox 737 4221 840 4274; x_wconf 92' lang='lat' dir='ltr'><strong>illis</strong></span> <span class='ocrx_word' id='word_1_330' title='bbox 863 4220 1074 4287; x_wconf 82' lang='lat' dir='ltr'><strong>judiciis</strong></span> <span class='ocrx_word' id='word_1_331' title='bbox 1103 4220 1194 4272; x_wconf 85' lang='lat' dir='ltr'><strong>Dei</strong></span> <span class='ocrx_word' id='word_1_332' title='bbox 1229 4218 1438 4272; x_wconf 88' lang='lat' dir='ltr'><strong>occulte</strong></span> <span class='ocrx_word' id='word_1_333' title='bbox 1471 4217 1629 4285; x_wconf 89' lang='lat' dir='ltr'><strong>justis</strong></span> <span class='ocrx_word' id='word_1_334' title='bbox 1649 4257 1663 4279; x_wconf 92' lang='lat'><strong>,</strong></span> <span class='ocrx_word' id='word_1_335' title='bbox 1687 4216 1830 4284; x_wconf 90' lang='lat' dir='ltr'><strong>juste</strong></span> <span class='ocrx_word' id='word_1_336' title='bbox 1854 4215 2032 4270; x_wconf 80' lang='lat' dir='ltr'><strong>occul-</strong></span> 
     </span>
    </p>
   </div>
   <div class='ocr_carea' id='block_1_43' title="bbox 445 4307 2030 4378">
    <p class='ocr_par' dir='ltr' id='par_1_43' title="bbox 445 4307 2030 4378">
     <span class='ocr_line' id='line_1_43' title="bbox 445 4307 2030 4378; baseline -0.004 -14"><span class='ocrx_word' id='word_1_337' title='bbox 445 4313 532 4373; x_wconf 85' lang='lat' dir='ltr'><strong>tis,</strong></span> <span class='ocrx_word' id='word_1_338' title='bbox 565 4312 758 4378; x_wconf 87' lang='lat' dir='ltr'><strong>quibus</strong></span> <span class='ocrx_word' id='word_1_339' title='bbox 784 4309 851 4362; x_wconf 86' lang='lat' dir='ltr'><strong>ab</strong></span> <span class='ocrx_word' id='word_1_340' title='bbox 873 4310 1022 4363; x_wconf 91' lang='lat' dir='ltr'><strong>initio</strong></span> <span class='ocrx_word' id='word_1_341' title='bbox 1048 4308 1250 4376; x_wconf 90' lang='lat' dir='ltr'><strong>peccati</strong></span> <span class='ocrx_word' id='word_1_342' title='bbox 1282 4307 1558 4360; x_wconf 87' lang='lat' dir='ltr'><strong>rationalis</strong></span> <span class='ocrx_word' id='word_1_343' title='bbox 1594 4316 1852 4360; x_wconf 70' lang='lat' dir='ltr'><strong>creatura:</strong></span> <span class='ocrx_word' id='word_1_344' title='bbox 1893 4321 2030 4359; x_wconf 88' lang='lat' dir='ltr'><strong>nun-</strong></span> 
     </span>
    </p>
   </div>
   <div class='ocr_carea' id='block_1_44' title="bbox 447 4395 2030 4471">
    <p class='ocr_par' dir='ltr' id='par_1_44' title="bbox 447 4395 2030 4471">
     <span class='ocr_line' id='line_1_44' title="bbox 447 4395 2030 4471; baseline -0.004 -17"><span class='ocrx_word' id='word_1_345' title='bbox 447 4418 604 4471; x_wconf 85' lang='lat' dir='ltr'><strong>quam</strong></span> <span class='ocrx_word' id='word_1_346' title='bbox 630 4400 869 4469; x_wconf 81' lang='lat' dir='ltr'><strong>judicare</strong></span> <span class='ocrx_word' id='word_1_347' title='bbox 905 4399 1135 4453; x_wconf 84' lang='lat' dir='ltr'><strong>cessavit</strong></span> <span class='ocrx_word' id='word_1_348' title='bbox 1172 4416 1184 4450; x_wconf 91' lang='lat'><strong>:</strong></span> <span class='ocrx_word' id='word_1_349' title='bbox 1217 4397 1421 4450; x_wconf 90' lang='lat' dir='ltr'><strong>seducti</strong></span> <span class='ocrx_word' id='word_1_350' title='bbox 1452 4408 1626 4449; x_wconf 88' lang='lat' dir='ltr'><strong>autem</strong></span> <span class='ocrx_word' id='word_1_351' title='bbox 1650 4395 2030 4463; x_wconf 86' lang='lat' dir='ltr'><strong>judicabuntur</strong></span> 
     </span>
    </p>
   </div>
   <div class='ocr_carea' id='block_1_45' title="bbox 441 4487 2023 4558">
    <p class='ocr_par' dir='ltr' id='par_1_45' title="bbox 441 4487 2023 4558">
     <span class='ocr_line' id='line_1_45' title="bbox 441 4487 2023 4558; baseline -0.005 -11"><span class='ocrx_word' id='word_1_352' title='bbox 441 4491 740 4547; x_wconf 88' lang='lat' dir='ltr'><strong>novissimo</strong></span> <span class='ocrx_word' id='word_1_353' title='bbox 767 4491 1152 4558; x_wconf 83' lang='lat' dir='ltr'><strong>manifestoque</strong></span> <span class='ocrx_word' id='word_1_354' title='bbox 1174 4488 1375 4556; x_wconf 89' lang='lat' dir='ltr'><strong>judicio</strong></span> <span class='ocrx_word' id='word_1_355' title='bbox 1400 4502 1493 4555; x_wconf 91' lang='lat' dir='ltr'><strong>per</strong></span> <span class='ocrx_word' id='word_1_356' title='bbox 1511 4487 1691 4540; x_wconf 85' lang='lat' dir='ltr'><strong>Jesum</strong></span> <span class='ocrx_word' id='word_1_357' title='bbox 1719 4487 1986 4540; x_wconf 88' lang='lat' dir='ltr'><strong>Christum</strong></span> <span class='ocrx_word' id='word_1_358' title='bbox 2007 4527 2023 4553; x_wconf 93' lang='lat'><strong>,</strong></span> 
     </span>
    </p>
   </div>
   <div class='ocr_carea' id='block_1_46' title="bbox 444 4577 1858 4651">
    <p class='ocr_par' dir='ltr' id='par_1_46' title="bbox 444 4577 1858 4651">
     <span class='ocr_line' id='line_1_46' title="bbox 444 4577 1858 4651; baseline -0.005 -16"><span class='ocrx_word' id='word_1_359' title='bbox 444 4583 737 4651; x_wconf 88' lang='lat' dir='ltr'><strong>justissime</strong></span> <span class='ocrx_word' id='word_1_360' title='bbox 762 4581 1145 4650; x_wconf 88' lang='lat' dir='ltr'><strong>judicaturum,</strong></span> <span class='ocrx_word' id='word_1_361' title='bbox 1177 4579 1525 4648; x_wconf 88' lang='lat' dir='ltr'><strong>injustissime</strong></span> <span class='ocrx_word' id='word_1_362' title='bbox 1545 4577 1858 4646; x_wconf 72' lang='lat' dir='ltr'><strong>iudicatum.</strong></span> 
     </span>
    </p>
   </div>
   <div class='ocr_carea' id='block_1_47' title="bbox 445 4667 2029 4738">
    <p class='ocr_par' dir='ltr' id='par_1_47' title="bbox 445 4667 2029 4738">
     <span class='ocr_line' id='line_1_47' title="bbox 445 4667 2029 4738; baseline -0.004 -11"><span class='ocrx_word' id='word_1_363' title='bbox 445 4673 672 4728; x_wconf 71' lang='lat' dir='ltr'><strong>CAPUT</strong></span> <span class='ocrx_word' id='word_1_364' title='bbox 701 4671 818 4726; x_wconf 76' lang='lat' dir='ltr'><strong>XX.</strong></span> <span class='ocrx_word' id='word_1_365' title='bbox 865 4699 936 4712; x_wconf 84' lang='lat'><strong>-—-</strong></span> <span class='ocrx_word' id='word_1_366' title='bbox 978 4671 1114 4737; x_wconf 80' lang='lat' dir='ltr'><strong>Quid</strong></span> <span class='ocrx_word' id='word_1_367' title='bbox 1165 4670 1300 4724; x_wconf 88' lang='lat' dir='ltr'><strong>idem</strong></span> <span class='ocrx_word' id='word_1_368' title='bbox 1348 4669 1607 4738; x_wconf 82' lang='lat' dir='ltr'><strong>apostolus</strong></span> <span class='ocrx_word' id='word_1_369' title='bbox 1648 4668 1702 4720; x_wconf 87' lang='lat' dir='ltr'><strong>in</strong></span> <span class='ocrx_word' id='word_1_370' title='bbox 1751 4668 1915 4736; x_wconf 86' lang='lat' dir='ltr'><strong>prima</strong></span> <span class='ocrx_word' id='word_1_371' title='bbox 1961 4667 2029 4721; x_wconf 88' lang='lat' dir='ltr'><strong>ad</strong></span> 
     </span>
    </p>
   </div>
   <div class='ocr_carea' id='block_1_48' title="bbox 477 4758 1985 4833">
    <p class='ocr_par' dir='ltr' id='par_1_48' title="bbox 477 4758 1985 4833">
     <span class='ocr_line' id='line_1_48' title="bbox 477 4758 1985 4833; baseline -0.006 -15"><span class='ocrx_word' id='word_1_372' title='bbox 477 4766 673 4818; x_wconf 81' lang='lat' dir='ltr'><strong>eosdem</strong></span> <span class='ocrx_word' id='word_1_373' title='bbox 692 4762 924 4833; x_wconf 76' lang='lat' dir='ltr'><strong>Epistula</strong></span> <span class='ocrx_word' id='word_1_374' title='bbox 941 4762 1002 4815; x_wconf 86' lang='lat' dir='ltr'><strong>de</strong></span> <span class='ocrx_word' id='word_1_375' title='bbox 1031 4761 1387 4814; x_wconf 89' lang='lat' dir='ltr'><strong>resurrectione</strong></span> <span class='ocrx_word' id='word_1_376' title='bbox 1415 4772 1726 4812; x_wconf 85' lang='lat' dir='ltr'><strong>mortuorum</strong></span> <span class='ocrx_word' id='word_1_377' title='bbox 1743 4758 1985 4810; x_wconf 86' lang='lat' dir='ltr'><strong>docuerit.</strong></span> 
     </span>
    </p>
   </div>
   <div class='ocr_carea' id='block_1_49' title="bbox 518 4851 2029 4924">
    <p class='ocr_par' dir='ltr' id='par_1_49' title="bbox 518 4851 2029 4924">
     <span class='ocr_line' id='line_1_49' title="bbox 518 4851 2029 4924; baseline -0.007 -12"><span class='ocrx_word' id='word_1_378' title='bbox 518 4860 572 4912; x_wconf 81' lang='grc'><strong>1.</strong></span> <span class='ocrx_word' id='word_1_379' title='bbox 600 4857 706 4912; x_wconf 88' lang='lat' dir='ltr'><strong>Sed</strong></span> <span class='ocrx_word' id='word_1_380' title='bbox 730 4857 825 4910; x_wconf 86' lang='lat' dir='ltr'><strong>.hic</strong></span> <span class='ocrx_word' id='word_1_381' title='bbox 853 4855 1138 4924; x_wconf 80' lang='lat' dir='ltr'><strong>Apostolus</strong></span> <span class='ocrx_word' id='word_1_382' title='bbox 1163 4853 1327 4907; x_wconf 89' lang='lat' dir='ltr'><strong>tacuit</strong></span> <span class='ocrx_word' id='word_1_383' title='bbox 1363 4852 1430 4906; x_wconf 89' lang='lat' dir='ltr'><strong>de</strong></span> <span class='ocrx_word' id='word_1_384' title='bbox 1454 4851 1843 4905; x_wconf 86' lang='lat' dir='ltr'><strong>resurrectione</strong></span> <span class='ocrx_word' id='word_1_385' title='bbox 1887 4864 2029 4902; x_wconf 91' lang='lat' dir='ltr'><strong>mor-</strong></span> 
     </span>
    </p>
   </div>
   <div class='ocr_carea' id='block_1_50' title="bbox 446 4942 2027 5009">
    <p class='ocr_par' dir='ltr' id='par_1_50' title="bbox 446 4942 2027 5009">
     <span class='ocr_line' id='line_1_50' title="bbox 446 4942 2027 5009; baseline -0.005 -5"><span class='ocrx_word' id='word_1_386' title='bbox 446 4961 655 5004; x_wconf 89' lang='lat' dir='ltr'><strong>tuorum</strong></span> <span class='ocrx_word' id='word_1_387' title='bbox 703 4966 717 5001; x_wconf 75' lang='grc' dir='ltr'><strong>ε</strong></span> <span class='ocrx_word' id='word_1_388' title='bbox 766 4948 832 5002; x_wconf 86' lang='lat' dir='ltr'><strong>ad</strong></span> <span class='ocrx_word' id='word_1_389' title='bbox 886 4947 1102 5002; x_wconf 88' lang='lat' dir='ltr'><strong>eosdem</strong></span> <span class='ocrx_word' id='word_1_390' title='bbox 1158 4955 1334 4999; x_wconf 89' lang='lat' dir='ltr'><strong>autem</strong></span> <span class='ocrx_word' id='word_1_391' title='bbox 1388 4943 1628 4998; x_wconf 91' lang='lat' dir='ltr'><strong>scribens</strong></span> <span class='ocrx_word' id='word_1_392' title='bbox 1680 4943 1733 4995; x_wconf 90' lang='lat' dir='ltr'><strong>in</strong></span> <span class='ocrx_word' id='word_1_393' title='bbox 1793 4942 2027 5009; x_wconf 79' lang='lat' dir='ltr'><strong>Epistola</strong></span> 
     </span>
    </p>
   </div>
   <div class='ocr_carea' id='block_1_51' title="bbox 443 5032 2024 5112">
    <p class='ocr_par' dir='ltr' id='par_1_51' title="bbox 443 5032 2024 5112">
     <span class='ocr_line' id='line_1_51' title="bbox 443 5032 2024 5112; baseline -0.008 -17"><span class='ocrx_word' id='word_1_394' title='bbox 443 5044 634 5112; x_wconf 86' lang='lat' dir='ltr'><strong>prima,</strong></span> <span class='ocrx_word' id='word_1_395' title='bbox 670 5039 944 5099; x_wconf 82' lang='lat' dir='ltr'><strong>Nolumus.</strong></span> <span class='ocrx_word' id='word_1_396' title='bbox 974 5037 1164 5108; x_wconf 87' lang='lat' dir='ltr'><strong>inquit,</strong></span> <span class='ocrx_word' id='word_1_397' title='bbox 1191 5037 1425 5107; x_wconf 90' lang='lat' dir='ltr'><strong>ignorare</strong></span> <span class='ocrx_word' id='word_1_398' title='bbox 1449 5050 1554 5098; x_wconf 91' lang='lat' dir='ltr'><strong>vos,</strong></span> <span class='ocrx_word' id='word_1_399' title='bbox 1583 5033 1783 5102; x_wconf 80' lang='lat' dir='ltr'><strong>fratres,</strong></span> <span class='ocrx_word' id='word_1_400' title='bbox 1814 5032 1876 5084; x_wconf 89' lang='lat' dir='ltr'><strong>de</strong></span> <span class='ocrx_word' id='word_1_401' title='bbox 1901 5032 2024 5084; x_wconf 89' lang='lat' dir='ltr'><strong>dor-</strong></span> 
     </span>
    </p>
   </div>
   <div class='ocr_carea' id='block_1_52' title="bbox 444 5121 2027 5194">
    <p class='ocr_par' dir='ltr' id='par_1_52' title="bbox 444 5121 2027 5194">
     <span class='ocr_line' id='line_1_52' title="bbox 444 5121 2027 5194; baseline -0.008 -9"><span class='ocrx_word' id='word_1_402' title='bbox 444 5133 742 5194; x_wconf 85' lang='lat' dir='ltr'><strong>mientibus,</strong></span> <span class='ocrx_word' id='word_1_403' title='bbox 774 5142 828 5183; x_wconf 89' lang='lat' dir='ltr'><strong>ut</strong></span> <span class='ocrx_word' id='word_1_404' title='bbox 877 5145 974 5182; x_wconf 89' lang='lat' dir='ltr'><strong>non</strong></span> <span class='ocrx_word' id='word_1_405' title='bbox 1019 5126 1410 5190; x_wconf 87' lang='lat' dir='ltr'><strong>contristemini,</strong></span> <span class='ocrx_word' id='word_1_406' title='bbox 1451 5125 1578 5177; x_wconf 79' lang='lat' dir='ltr'><strong>sicut</strong></span> <span class='ocrx_word' id='word_1_407' title='bbox 1617 5133 1662 5176; x_wconf 89' lang='lat' dir='ltr'><strong>et</strong></span> <span class='ocrx_word' id='word_1_408' title='bbox 1702 5121 1898 5186; x_wconf 75' lang='lat' dir='ltr'><strong>cwteri,</strong></span> <span class='ocrx_word' id='word_1_409' title='bbox 1940 5121 2027 5190; x_wconf 85' lang='lat' dir='ltr'><strong>qui</strong></span> 
     </span>
    </p>
   </div>
   <div class='ocr_carea' id='block_1_53' title="bbox 444 5215 2027 5290">
    <p class='ocr_par' dir='ltr' id='par_1_53' title="bbox 444 5215 2027 5290">
     <span class='ocr_line' id='line_1_53' title="bbox 444 5215 2027 5290; baseline -0.007 -15"><span class='ocrx_word' id='word_1_410' title='bbox 444 5242 580 5290; x_wconf 82' lang='lat' dir='ltr'><strong>spem</strong></span> <span class='ocrx_word' id='word_1_411' title='bbox 602 5241 700 5276; x_wconf 87' lang='lat' dir='ltr'><strong>non</strong></span> <span class='ocrx_word' id='word_1_412' title='bbox 727 5221 927 5274; x_wconf 82' lang='lat' dir='ltr'><strong>habent.</strong></span> <span class='ocrx_word' id='word_1_413' title='bbox 956 5219 1092 5273; x_wconf 86' lang='lat' dir='ltr'><strong>Nam</strong></span> <span class='ocrx_word' id='word_1_414' title='bbox 1115 5219 1157 5272; x_wconf 89' lang='lat' dir='ltr'><strong>si</strong></span> <span class='ocrx_word' id='word_1_415' title='bbox 1177 5218 1442 5281; x_wconf 86' lang='lat' dir='ltr'><strong>credimus,</strong></span> <span class='ocrx_word' id='word_1_416' title='bbox 1474 5215 1607 5285; x_wconf 85' lang='lat' dir='ltr'><strong>quod</strong></span> <span class='ocrx_word' id='word_1_417' title='bbox 1626 5215 1775 5268; x_wconf 77' lang='lat' dir='ltr'><strong>Jesm</strong></span> <span class='ocrx_word' id='word_1_418' title='bbox 1800 5224 2027 5266; x_wconf 88' lang='lat' dir='ltr'><strong>mortuus</strong></span> 
     </span>
    </p>
   </div>
   <div class='ocr_carea' id='block_1_54' title="bbox 444 5308 2026 5382">
    <p class='ocr_par' dir='ltr' id='par_1_54' title="bbox 444 5308 2026 5382">
     <span class='ocr_line' id='line_1_54' title="bbox 444 5308 2026 5382; baseline -0.007 -14"><span class='ocrx_word' id='word_1_419' title='bbox 444 5327 536 5381; x_wconf 85' lang='lat' dir='ltr'><strong>est,</strong></span> <span class='ocrx_word' id='word_1_420' title='bbox 568 5326 614 5371; x_wconf 89' lang='lat' dir='ltr'><strong>et</strong></span> <span class='ocrx_word' id='word_1_421' title='bbox 645 5315 916 5370; x_wconf 82' lang='lat' dir='ltr'><strong>resurrerit</strong></span> <span class='ocrx_word' id='word_1_422' title='bbox 948 5330 966 5364; x_wconf 91' lang='lat'><strong><em>:</em></strong></span> <span class='ocrx_word' id='word_1_423' title='bbox 992 5315 1064 5367; x_wconf 88' lang='lat' dir='ltr'><strong>ita</strong></span> <span class='ocrx_word' id='word_1_424' title='bbox 1104 5322 1153 5366; x_wconf 88' lang='lat' dir='ltr'><strong>et</strong></span> <span class='ocrx_word' id='word_1_425' title='bbox 1183 5312 1322 5366; x_wconf 85' lang='lat' dir='ltr'><strong>Deus</strong></span> <span class='ocrx_word' id='word_1_426' title='bbox 1351 5326 1439 5382; x_wconf 83' lang='lat' dir='ltr'><strong>eos</strong></span> <span class='ocrx_word' id='word_1_427' title='bbox 1475 5311 1562 5379; x_wconf 91' lang='lat' dir='ltr'><strong>qui</strong></span> <span class='ocrx_word' id='word_1_428' title='bbox 1590 5308 1899 5361; x_wconf 87' lang='lat' dir='ltr'><strong>dormierunt</strong></span> <span class='ocrx_word' id='word_1_429' title='bbox 1939 5321 2026 5374; x_wconf 87' lang='lat' dir='ltr'><strong>per</strong></span> 
     </span>
    </p>
   </div>
   <div class='ocr_carea' id='block_1_55' title="bbox 510 5483 1175 5543">
    <p class='ocr_par' dir='ltr' id='par_1_55' title="bbox 510 5483 1175 5543">
     <span class='ocr_line' id='line_1_55' title="bbox 510 5483 1175 5543; baseline 0.002 -13"><span class='ocrx_word' id='word_1_430' title='bbox 510 5486 523 5514; x_wconf 82' lang='grc'>²</span> <span class='ocrx_word' id='word_1_431' title='bbox 565 5491 627 5532; x_wconf 89' lang='lat' dir='ltr'><strong>Ita</strong></span> <span class='ocrx_word' id='word_1_432' title='bbox 659 5492 763 5534; x_wconf 75' lang='lat' dir='ltr'><strong>Mss.</strong></span> <span class='ocrx_word' id='word_1_433' title='bbox 793 5493 845 5533; x_wconf 85' lang='grc' dir='ltr'>Αι</span> <span class='ocrx_word' id='word_1_434' title='bbox 869 5485 1001 5541; x_wconf 89' lang='lat' dir='ltr'><strong>editi,</strong></span> <span class='ocrx_word' id='word_1_435' title='bbox 1025 5483 1175 5543; x_wconf 81' lang='lat' dir='ltr'><strong>Quod.</strong></span> 
     </span>
    </p>
   </div>
   <div class='ocr_carea' id='block_1_56' title="bbox 509 5538 2026 5600">
    <p class='ocr_par' dir='ltr' id='par_1_56' title="bbox 509 5538 2026 5600">
     <span class='ocr_line' id='line_1_56' title="bbox 509 5538 2026 5600; baseline -0.005 -8"><span class='ocrx_word' id='word_1_436' title='bbox 509 5547 528 5575; x_wconf 77' lang='grc'><strong><em>’</em></strong></span> <span class='ocrx_word' id='word_1_437' title='bbox 563 5548 632 5592; x_wconf 72' lang='lat' dir='ltr'><strong>sic</strong></span> <span class='ocrx_word' id='word_1_438' title='bbox 657 5547 788 5593; x_wconf 76' lang='lat' dir='ltr'><strong>\‘ind.</strong></span> <span class='ocrx_word' id='word_1_439' title='bbox 816 5557 914 5593; x_wconf 79' lang='lat' dir='ltr'><strong>Ain.</strong></span> <span class='ocrx_word' id='word_1_440' title='bbox 943 5538 999 5596; x_wconf 82' lang='lat' dir='ltr'><strong>et</strong></span> <span class='ocrx_word' id='word_1_441' title='bbox 1031 5538 1136 5594; x_wconf 59' lang='grc' dir='ltr'><strong>διεδ.</strong></span> <span class='ocrx_word' id='word_1_442' title='bbox 1165 5552 1219 5592; x_wconf 81' lang='lat' dir='ltr'><strong>At</strong></span> <span class='ocrx_word' id='word_1_443' title='bbox 1243 5550 1312 5591; x_wconf 83' lang='lat' dir='ltr'><strong>Er.</strong></span> <span class='ocrx_word' id='word_1_444' title='bbox 1354 5550 1406 5590; x_wconf 88' lang='lat' dir='ltr'><strong>et</strong></span> <span class='ocrx_word' id='word_1_445' title='bbox 1427 5549 1557 5600; x_wconf 86' lang='lat' dir='ltr'><strong>Lov.,</strong></span> <span class='ocrx_word' id='word_1_446' title='bbox 1597 5538 1800 5599; x_wconf 86' lang='lat' dir='ltr'><strong>accipiet</strong></span> <span class='ocrx_word' id='word_1_447' title='bbox 1824 5543 2026 5600; x_wconf 80' lang='lat' dir='ltr'><strong>potesta-</strong></span> 
     </span>
    </p>
   </div>
   <div class='ocr_carea' id='block_1_57' title="bbox 441 5613 553 5653">
    <p class='ocr_par' dir='ltr' id='par_1_57' title="bbox 441 5613 553 5653">
     <span class='ocr_line' id='line_1_57' title="bbox 441 5613 553 5653; baseline -0.027 0"><span class='ocrx_word' id='word_1_448' title='bbox 441 5613 553 5653; x_wconf 81' lang='lat' dir='ltr'><strong>tem.</strong></span> 
     </span>
    </p>
   </div>
   <div class='ocr_carea' id='block_1_58' title="bbox 500 5661 1850 5724">
    <p class='ocr_par' dir='ltr' id='par_1_58' title="bbox 500 5661 1850 5724">
     <span class='ocr_line' id='line_1_58' title="bbox 500 5661 1850 5724; baseline -0.002 -13"><span class='ocrx_word' id='word_1_449' title='bbox 500 5668 521 5698; x_wconf 77' lang='grc'>³</span> <span class='ocrx_word' id='word_1_450' title='bbox 554 5666 656 5712; x_wconf 77' lang='lat' dir='ltr'><strong>sola</strong></span> <span class='ocrx_word' id='word_1_451' title='bbox 682 5665 828 5714; x_wconf 86' lang='lat' dir='ltr'><strong>editio</strong></span> <span class='ocrx_word' id='word_1_452' title='bbox 849 5668 1228 5724; x_wconf 71' lang='lat' dir='ltr'><strong>bovaniensium,</strong></span> <span class='ocrx_word' id='word_1_453' title='bbox 1254 5665 1540 5715; x_wconf 70' lang='lat' dir='ltr'><strong>sedarentur</strong></span> <span class='ocrx_word' id='word_1_454' title='bbox 1559 5663 1663 5723; x_wconf 83' lang='lat' dir='ltr'><strong>ejus</strong></span> <span class='ocrx_word' id='word_1_455' title='bbox 1686 5661 1850 5724; x_wconf 83' lang='lat' dir='ltr'><strong>signis.</strong></span> 
     </span>
    </p>
   </div>
   <div class='ocr_carea' id='block_1_59' title="bbox 510 5761 2027 5830">
    <p class='ocr_par' dir='ltr' id='par_1_59' title="bbox 510 5761 2027 5830">
     <span class='ocr_line' id='line_1_59' title="bbox 510 5761 2027 5830; baseline -0.007 -14"><span class='ocrx_word' id='word_1_456' title='bbox 510 5769 583 5828; x_wconf 78' lang='grc' dir='ltr'><strong>(η)</strong></span> <span class='ocrx_word' id='word_1_457' title='bbox 609 5775 675 5814; x_wconf 84' lang='lat' dir='ltr'><strong>De</strong></span> <span class='ocrx_word' id='word_1_458' title='bbox 699 5767 872 5815; x_wconf 59' lang='lat' dir='ltr'><strong>Judmis</strong></span> <span class='ocrx_word' id='word_1_459' title='bbox 903 5769 992 5816; x_wconf 90' lang='lat' dir='ltr'><strong>hoc</strong></span> <span class='ocrx_word' id='word_1_460' title='bbox 1032 5775 1281 5830; x_wconf 77' lang='lat' dir='ltr'><strong>expmiunt</strong></span> <span class='ocrx_word' id='word_1_461' title='bbox 1321 5761 1613 5821; x_wconf 82' lang='lat' dir='ltr'><strong>Ambrosius,</strong></span> <span class='ocrx_word' id='word_1_462' title='bbox 1653 5773 1864 5812; x_wconf 83' lang='lat' dir='ltr'><strong>Joannes</strong></span> <span class='ocrx_word' id='word_1_463' title='bbox 1882 5761 2027 5830; x_wconf 70' lang='lat' dir='ltr'><strong>(tbi-y-</strong></span> 
     </span>
    </p>
   </div>
   <div class='ocr_carea' id='block_1_60' title="bbox 446 5829 2025 5890">
    <p class='ocr_par' dir='ltr' id='par_1_60' title="bbox 446 5829 2025 5890">
     <span class='ocr_line' id='line_1_60' title="bbox 446 5829 2025 5890; baseline -0.003 -13"><span class='ocrx_word' id='word_1_464' title='bbox 446 5839 704 5886; x_wconf 78' lang='lat' dir='ltr'><strong>snstomus,</strong></span> <span class='ocrx_word' id='word_1_465' title='bbox 721 5830 1070 5890; x_wconf 73' lang='lat' dir='ltr'><strong>&#39;l&#39;hetxloretus,</strong></span> <span class='ocrx_word' id='word_1_466' title='bbox 1095 5829 1194 5884; x_wconf 87' lang='lat' dir='ltr'><strong>alii,</strong></span> <span class='ocrx_word' id='word_1_467' title='bbox 1215 5837 1265 5876; x_wconf 75' lang='lat' dir='ltr'><strong>et</strong></span> <span class='ocrx_word' id='word_1_468' title='bbox 1283 5832 1388 5889; x_wconf 85' lang='lat' dir='ltr'><strong>ipse</strong></span> <span class='ocrx_word' id='word_1_469' title='bbox 1411 5831 1739 5890; x_wconf 73' lang='lat' dir='ltr'><strong>Hieronymus,</strong></span> <span class='ocrx_word' id='word_1_470' title='bbox 1758 5829 2025 5888; x_wconf 70' lang='lat' dir='ltr'><strong>qutestione</strong></span> 
     </span>
    </p>
   </div>
   <div class='ocr_carea' id='block_1_61' title="bbox 450 5889 1548 5952">
    <p class='ocr_par' dir='ltr' id='par_1_61' title="bbox 450 5889 1548 5952">
     <span class='ocr_line' id='line_1_61' title="bbox 450 5889 1548 5952; baseline -0.003 -14"><span class='ocrx_word' id='word_1_471' title='bbox 450 5892 499 5940; x_wconf 75' lang='lat' dir='ltr'><strong>il</strong></span> <span class='ocrx_word' id='word_1_472' title='bbox 532 5893 578 5939; x_wconf 89' lang='lat' dir='ltr'><strong>in</strong></span> <span class='ocrx_word' id='word_1_473' title='bbox 597 5889 800 5952; x_wconf 70' lang='lat' dir='ltr'><strong>Epistola</strong></span> <span class='ocrx_word' id='word_1_474' title='bbox 824 5891 925 5946; x_wconf 79' lang='grc'><strong>151,</strong></span> <span class='ocrx_word' id='word_1_475' title='bbox 949 5889 1007 5938; x_wconf 84' lang='lat' dir='ltr'><strong>ad</strong></span> <span class='ocrx_word' id='word_1_476' title='bbox 1035 5890 1278 5950; x_wconf 77' lang='lat' dir='ltr'><strong>Algasiam.</strong></span> <span class='ocrx_word' id='word_1_477' title='bbox 1302 5897 1548 5943; x_wconf 65' lang='lat' dir='ltr'><strong>Cooumrs.</strong></span> 
     </span>
    </p>
   </div>
   <div class='ocr_carea' id='block_1_62' title="bbox 1524 440 2641 508">
    <p class='ocr_par' dir='ltr' id='par_1_62' title="bbox 1524 440 2641 508">
     <span class='ocr_line' id='line_1_62' title="bbox 1524 440 2641 508; baseline -0.003 -8"><span class='ocrx_word' id='word_1_478' title='bbox 1524 444 1612 500; x_wconf 88' lang='lat' dir='ltr'><strong>DE</strong></span> <span class='ocrx_word' id='word_1_479' title='bbox 1648 442 1965 500; x_wconf 79' lang='lat' dir='ltr'><strong>CIVITATE</strong></span> <span class='ocrx_word' id='word_1_480' title='bbox 2006 440 2140 508; x_wconf 84' lang='lat' dir='ltr'><strong>DEI,</strong></span> <span class='ocrx_word' id='word_1_481' title='bbox 2181 441 2236 498; x_wconf 90' lang='lat' dir='ltr'><strong>S.</strong></span> <span class='ocrx_word' id='word_1_482' title='bbox 2276 441 2641 498; x_wconf 81' lang='lat' dir='ltr'><strong>AUGUSTINI</strong></span> 
     </span>
    </p>
   </div>
   <div class='ocr_carea' id='block_1_63' title="bbox 3600 435 3701 493">
    <p class='ocr_par' dir='ltr' id='par_1_63' title="bbox 3600 435 3701 493">
     <span class='ocr_line' id='line_1_63' title="bbox 3600 435 3701 493; baseline -0.02 0"><span class='ocrx_word' id='word_1_483' title='bbox 3600 435 3701 493; x_wconf 74' lang='lat'><strong>688</strong></span> 
     </span>
    </p>
   </div>
   <div class='ocr_carea' id='block_1_64' title="bbox 2114 558 3697 625">
    <p class='ocr_par' dir='ltr' id='par_1_64' title="bbox 2114 558 3697 625">
     <span class='ocr_line' id='line_1_64' title="bbox 2114 558 3697 625; baseline -0.006 -9"><span class='ocrx_word' id='word_1_484' title='bbox 2114 563 2309 625; x_wconf 82' lang='lat' dir='ltr'><strong>Iesum,</strong></span> <span class='ocrx_word' id='word_1_485' title='bbox 2328 562 2540 615; x_wconf 87' lang='lat' dir='ltr'><strong>adducet</strong></span> <span class='ocrx_word' id='word_1_486' title='bbox 2559 578 2673 614; x_wconf 85' lang='lat' dir='ltr'><strong>cum</strong></span> <span class='ocrx_word' id='word_1_487' title='bbox 2700 576 2776 614; x_wconf 86' lang='lat' dir='ltr'><strong>eo.</strong></span> <span class='ocrx_word' id='word_1_488' title='bbox 2811 559 2920 614; x_wconf 79' lang='lat' dir='ltr'><strong>Hoc</strong></span> <span class='ocrx_word' id='word_1_489' title='bbox 2945 560 3076 613; x_wconf 91' lang='lat' dir='ltr'><strong>enim</strong></span> <span class='ocrx_word' id='word_1_490' title='bbox 3087 560 3226 614; x_wconf 87' lang='lat' dir='ltr'><strong>vobis</strong></span> <span class='ocrx_word' id='word_1_491' title='bbox 3242 559 3461 611; x_wconf 78' lang='lat' dir='ltr'><strong>dicimus</strong></span> <span class='ocrx_word' id='word_1_492' title='bbox 3480 558 3532 610; x_wconf 87' lang='lat' dir='ltr'><strong>in</strong></span> <span class='ocrx_word' id='word_1_493' title='bbox 3554 558 3697 610; x_wconf 70' lang='lat' dir='ltr'><strong>verba</strong></span> 
     </span>
    </p>
   </div>
   <div class='ocr_carea' id='block_1_65' title="bbox 2111 649 3695 723">
    <p class='ocr_par' dir='ltr' id='par_1_65' title="bbox 2111 649 3695 723">
     <span class='ocr_line' id='line_1_65' title="bbox 2111 649 3695 723; baseline -0.006 -15"><span class='ocrx_word' id='word_1_494' title='bbox 2111 654 2335 719; x_wconf 87' lang='lat' dir='ltr'><strong>Domini,</strong></span> <span class='ocrx_word' id='word_1_495' title='bbox 2354 653 2472 723; x_wconf 86' lang='lat' dir='ltr'><strong>quia</strong></span> <span class='ocrx_word' id='word_1_496' title='bbox 2496 669 2584 706; x_wconf 87' lang='lat' dir='ltr'><strong>nos</strong></span> <span class='ocrx_word' id='word_1_497' title='bbox 2602 653 2830 716; x_wconf 85' lang='lat' dir='ltr'><strong>viventes,</strong></span> <span class='ocrx_word' id='word_1_498' title='bbox 2854 651 2940 720; x_wconf 85' lang='lat' dir='ltr'><strong>qui</strong></span> <span class='ocrx_word' id='word_1_499' title='bbox 2960 651 3143 720; x_wconf 88' lang='lat' dir='ltr'><strong>reliqui</strong></span> <span class='ocrx_word' id='word_1_500' title='bbox 3158 667 3341 704; x_wconf 83' lang='lat' dir='ltr'><strong>sumus</strong></span> <span class='ocrx_word' id='word_1_501' title='bbox 3360 650 3412 702; x_wconf 88' lang='lat' dir='ltr'><strong>in</strong></span> <span class='ocrx_word' id='word_1_502' title='bbox 3428 649 3695 701; x_wconf 72' lang='lat' dir='ltr'><strong>adventura</strong></span> 
     </span>
    </p>
   </div>
   <div class='ocr_carea' id='block_1_66' title="bbox 2112 741 3697 816">
    <p class='ocr_par' dir='ltr' id='par_1_66' title="bbox 2112 741 3697 816">
     <span class='ocr_line' id='line_1_66' title="bbox 2112 741 3697 816; baseline -0.005 -15"><span class='ocrx_word' id='word_1_503' title='bbox 2112 747 2346 812; x_wconf 85' lang='lat' dir='ltr'><strong>Domini,</strong></span> <span class='ocrx_word' id='word_1_504' title='bbox 2393 763 2493 800; x_wconf 89' lang='lat' dir='ltr'><strong>non</strong></span> <span class='ocrx_word' id='word_1_505' title='bbox 2536 745 2890 816; x_wconf 65' lang='lat' dir='ltr'><strong>praevenientus</strong></span> <span class='ocrx_word' id='word_1_506' title='bbox 2929 761 3011 798; x_wconf 90' lang='lat' dir='ltr'><strong>eos</strong></span> <span class='ocrx_word' id='word_1_507' title='bbox 3049 744 3135 812; x_wconf 89' lang='lat' dir='ltr'><strong>qui</strong></span> <span class='ocrx_word' id='word_1_508' title='bbox 3178 753 3298 795; x_wconf 85' lang='lat' dir='ltr'><strong>ante</strong></span> <span class='ocrx_word' id='word_1_509' title='bbox 3341 741 3652 795; x_wconf 80' lang='lat' dir='ltr'><strong>dormierunt</strong></span> <span class='ocrx_word' id='word_1_510' title='bbox 3677 756 3697 793; x_wconf 94' lang='lat'><em>:</em></span> 
     </span>
    </p>
   </div>
   <div class='ocr_carea' id='block_1_67' title="bbox 2113 833 3692 908">
    <p class='ocr_par' dir='ltr' id='par_1_67' title="bbox 2113 833 3692 908">
     <span class='ocr_line' id='line_1_67' title="bbox 2113 833 3692 908; baseline -0.004 -17"><span class='ocrx_word' id='word_1_511' title='bbox 2113 839 2349 908; x_wconf 89' lang='lat' dir='ltr'><strong>quoniam</strong></span> <span class='ocrx_word' id='word_1_512' title='bbox 2377 839 2485 908; x_wconf 86' lang='lat' dir='ltr'><strong>ipse</strong></span> <span class='ocrx_word' id='word_1_513' title='bbox 2514 837 2760 890; x_wconf 85' lang='lat' dir='ltr'><strong>Dominus</strong></span> <span class='ocrx_word' id='word_1_514' title='bbox 2788 836 2838 889; x_wconf 90' lang='lat' dir='ltr'><strong>in</strong></span> <span class='ocrx_word' id='word_1_515' title='bbox 2858 837 3028 905; x_wconf 83' lang='lat' dir='ltr'><strong>jussu,</strong></span> <span class='ocrx_word' id='word_1_516' title='bbox 3057 845 3102 888; x_wconf 88' lang='lat' dir='ltr'><strong>et</strong></span> <span class='ocrx_word' id='word_1_517' title='bbox 3125 836 3178 888; x_wconf 88' lang='lat' dir='ltr'><strong>in</strong></span> <span class='ocrx_word' id='word_1_518' title='bbox 3206 851 3327 888; x_wconf 82' lang='lat' dir='ltr'><strong>voce</strong></span> <span class='ocrx_word' id='word_1_519' title='bbox 3358 833 3661 903; x_wconf 81' lang='lat' dir='ltr'><strong>Archangeli</strong></span> <span class='ocrx_word' id='word_1_520' title='bbox 3678 873 3692 894; x_wconf 92' lang='lat'><strong>,</strong></span> 
     </span>
    </p>
   </div>
   <div class='ocr_carea' id='block_1_68' title="bbox 2115 925 3698 990">
    <p class='ocr_par' dir='ltr' id='par_1_68' title="bbox 2115 925 3698 990">
     <span class='ocr_line' id='line_1_68' title="bbox 2115 925 3698 990; baseline -0.002 -9"><span class='ocrx_word' id='word_1_521' title='bbox 2115 938 2159 982; x_wconf 88' lang='lat' dir='ltr'><strong>et</strong></span> <span class='ocrx_word' id='word_1_522' title='bbox 2185 930 2235 981; x_wconf 88' lang='lat' dir='ltr'><strong>in</strong></span> <span class='ocrx_word' id='word_1_523' title='bbox 2264 929 2380 982; x_wconf 88' lang='lat' dir='ltr'><strong>tuba</strong></span> <span class='ocrx_word' id='word_1_524' title='bbox 2407 929 2503 982; x_wconf 86' lang='lat' dir='ltr'><strong>Dei</strong></span> <span class='ocrx_word' id='word_1_525' title='bbox 2533 928 2792 983; x_wconf 88' lang='lat' dir='ltr'><strong>descendet</strong></span> <span class='ocrx_word' id='word_1_526' title='bbox 2831 929 2893 980; x_wconf 88' lang='lat' dir='ltr'><strong>de</strong></span> <span class='ocrx_word' id='word_1_527' title='bbox 2918 929 3073 990; x_wconf 64' lang='lat' dir='ltr'><strong>caelo;</strong></span> <span class='ocrx_word' id='word_1_528' title='bbox 3113 935 3161 980; x_wconf 87' lang='lat' dir='ltr'><strong>et</strong></span> <span class='ocrx_word' id='word_1_529' title='bbox 3186 928 3373 980; x_wconf 84' lang='lat' dir='ltr'><strong>mortui</strong></span> <span class='ocrx_word' id='word_1_530' title='bbox 3398 927 3451 979; x_wconf 89' lang='lat' dir='ltr'><strong>in</strong></span> <span class='ocrx_word' id='word_1_531' title='bbox 3494 925 3698 979; x_wconf 84' lang='lat' dir='ltr'><strong>Christo</strong></span> 
     </span>
    </p>
   </div>
   <div class='ocr_carea' id='block_1_69' title="bbox 2115 1018 3697 1089">
    <p class='ocr_par' dir='ltr' id='par_1_69' title="bbox 2115 1018 3697 1089">
     <span class='ocr_line' id='line_1_69' title="bbox 2115 1018 3697 1089; baseline -0.002 -17"><span class='ocrx_word' id='word_1_532' title='bbox 2115 1028 2372 1089; x_wconf 83' lang='lat' dir='ltr'><strong>resurgent</strong></span> <span class='ocrx_word' id='word_1_533' title='bbox 2414 1021 2574 1088; x_wconf 85' lang='lat' dir='ltr'><strong>primo</strong></span> <span class='ocrx_word' id='word_1_534' title='bbox 2598 1021 2615 1051; x_wconf 74' lang='grc' dir='ltr'>ί</span> <span class='ocrx_word' id='word_1_535' title='bbox 2648 1035 2662 1084; x_wconf 90' lang='grc'>;</span> <span class='ocrx_word' id='word_1_536' title='bbox 2691 1018 2869 1073; x_wconf 86' lang='lat' dir='ltr'><strong>deinde</strong></span> <span class='ocrx_word' id='word_1_537' title='bbox 2909 1035 3000 1071; x_wconf 89' lang='lat' dir='ltr'><strong>nos</strong></span> <span class='ocrx_word' id='word_1_538' title='bbox 3028 1020 3272 1082; x_wconf 76' lang='lat' dir='ltr'><strong>viventes,</strong></span> <span class='ocrx_word' id='word_1_539' title='bbox 3301 1019 3388 1086; x_wconf 84' lang='lat' dir='ltr'><strong>qui</strong></span> <span class='ocrx_word' id='word_1_540' title='bbox 3411 1018 3589 1087; x_wconf 83' lang='lat' dir='ltr'><strong>reliqui</strong></span> <span class='ocrx_word' id='word_1_541' title='bbox 3610 1034 3697 1069; x_wconf 77' lang='lat' dir='ltr'><strong>sa—</strong></span> 
     </span>
    </p>
   </div>
   <div class='ocr_carea' id='block_1_70' title="bbox 2118 1108 3695 1180">
    <p class='ocr_par' dir='ltr' id='par_1_70' title="bbox 2118 1108 3695 1180">
     <span class='ocr_line' id='line_1_70' title="bbox 2118 1108 3695 1180; baseline -0.002 -16"><span class='ocrx_word' id='word_1_542' title='bbox 2118 1129 2246 1176; x_wconf 85' lang='lat' dir='ltr'><strong>mus,</strong></span> <span class='ocrx_word' id='word_1_543' title='bbox 2288 1111 2441 1165; x_wconf 86' lang='lat' dir='ltr'><strong>simul</strong></span> <span class='ocrx_word' id='word_1_544' title='bbox 2463 1127 2576 1164; x_wconf 88' lang='lat' dir='ltr'><strong>cum</strong></span> <span class='ocrx_word' id='word_1_545' title='bbox 2623 1111 2727 1164; x_wconf 87' lang='lat' dir='ltr'><strong>illis</strong></span> <span class='ocrx_word' id='word_1_546' title='bbox 2754 1111 3009 1180; x_wconf 84' lang='lat' dir='ltr'><strong>rapientur</strong></span> <span class='ocrx_word' id='word_1_547' title='bbox 3054 1111 3107 1163; x_wconf 90' lang='lat' dir='ltr'><strong>in</strong></span> <span class='ocrx_word' id='word_1_548' title='bbox 3150 1108 3364 1162; x_wconf 83' lang='lat' dir='ltr'><strong>nubibus</strong></span> <span class='ocrx_word' id='word_1_549' title='bbox 3401 1110 3452 1162; x_wconf 87' lang='lat' dir='ltr'><strong>in</strong></span> <span class='ocrx_word' id='word_1_550' title='bbox 3497 1108 3695 1162; x_wconf 80' lang='lat' dir='ltr'><strong>obviam</strong></span> 
     </span>
    </p>
   </div>
   <div class='ocr_carea' id='block_1_71' title="bbox 2120 1201 3696 1268">
    <p class='ocr_par' dir='ltr' id='par_1_71' title="bbox 2120 1201 3696 1268">
     <span class='ocr_line' id='line_1_71' title="bbox 2120 1201 3696 1268; baseline -0.002 -12"><span class='ocrx_word' id='word_1_551' title='bbox 2120 1202 2316 1256; x_wconf 85' lang='lat' dir='ltr'><strong>Christo</strong></span> <span class='ocrx_word' id='word_1_552' title='bbox 2363 1203 2417 1256; x_wconf 88' lang='lat' dir='ltr'><strong>in</strong></span> <span class='ocrx_word' id='word_1_553' title='bbox 2462 1219 2615 1267; x_wconf 87' lang='lat' dir='ltr'><strong>aera;</strong></span> <span class='ocrx_word' id='word_1_554' title='bbox 2643 1211 2690 1255; x_wconf 91' lang='lat' dir='ltr'><strong>et</strong></span> <span class='ocrx_word' id='word_1_555' title='bbox 2723 1204 2796 1254; x_wconf 89' lang='lat' dir='ltr'><strong>ita</strong></span> <span class='ocrx_word' id='word_1_556' title='bbox 2837 1219 3032 1268; x_wconf 86' lang='lat' dir='ltr'><strong>semper</strong></span> <span class='ocrx_word' id='word_1_557' title='bbox 3080 1218 3195 1254; x_wconf 87' lang='lat' dir='ltr'><strong>cum</strong></span> <span class='ocrx_word' id='word_1_558' title='bbox 3241 1201 3461 1256; x_wconf 88' lang='lat' dir='ltr'><strong>Domino</strong></span> <span class='ocrx_word' id='word_1_559' title='bbox 3507 1202 3696 1254; x_wconf 81' lang='lat' dir='ltr'><strong>erimus</strong></span> 
     </span>
    </p>
   </div>
   <div class='ocr_carea' id='block_1_72' title="bbox 2120 1293 3698 1364">
    <p class='ocr_par' dir='ltr' id='par_1_72' title="bbox 2120 1293 3698 1364">
     <span class='ocr_line' id='line_1_72' title="bbox 2120 1293 3698 1364; baseline -0.003 -16"><span class='ocrx_word' id='word_1_560' title='bbox 2120 1294 2163 1364; x_wconf 95' lang='lat' dir='ltr'><strong>(l</strong></span> <span class='ocrx_word' id='word_1_561' title='bbox 2197 1293 2371 1349; x_wconf 82' lang='lat' dir='ltr'><strong>Thess.</strong></span> <span class='ocrx_word' id='word_1_562' title='bbox 2400 1310 2473 1360; x_wconf 77' lang='grc' dir='ltr'><strong>ιν,</strong></span> <span class='ocrx_word' id='word_1_563' title='bbox 2506 1293 2716 1364; x_wconf 75' lang='grc'><strong>12-16).</strong></span> <span class='ocrx_word' id='word_1_564' title='bbox 2747 1293 2874 1349; x_wconf 83' lang='lat' dir='ltr'><strong>Haec</strong></span> <span class='ocrx_word' id='word_1_565' title='bbox 2916 1294 3080 1348; x_wconf 87' lang='lat' dir='ltr'><strong>verba</strong></span> <span class='ocrx_word' id='word_1_566' title='bbox 3125 1293 3414 1362; x_wconf 88' lang='lat' dir='ltr'><strong>apostolica</strong></span> <span class='ocrx_word' id='word_1_567' title='bbox 3456 1308 3698 1347; x_wconf 76' lang='lat' dir='ltr'><strong>resurre-</strong></span> 
     </span>
    </p>
   </div>
   <div class='ocr_carea' id='block_1_73' title="bbox 2121 1385 3698 1456">
    <p class='ocr_par' dir='ltr' id='par_1_73' title="bbox 2121 1385 3698 1456">
     <span class='ocr_line' id='line_1_73' title="bbox 2121 1385 3698 1456; baseline -0.003 -12"><span class='ocrx_word' id='word_1_568' title='bbox 2121 1391 2353 1444; x_wconf 89' lang='lat' dir='ltr'><strong>ctionem</strong></span> <span class='ocrx_word' id='word_1_569' title='bbox 2385 1397 2712 1443; x_wconf 88' lang='lat' dir='ltr'><strong>mortuorum</strong></span> <span class='ocrx_word' id='word_1_570' title='bbox 2742 1388 2988 1453; x_wconf 82' lang='lat' dir='ltr'><strong>futuram,</strong></span> <span class='ocrx_word' id='word_1_571' title='bbox 3007 1385 3219 1456; x_wconf 90' lang='lat' dir='ltr'><strong>quando</strong></span> <span class='ocrx_word' id='word_1_572' title='bbox 3237 1387 3414 1439; x_wconf 88' lang='lat' dir='ltr'><strong>veniet</strong></span> <span class='ocrx_word' id='word_1_573' title='bbox 3443 1386 3698 1439; x_wconf 87' lang='lat' dir='ltr'><strong>Dominus</strong></span> 
     </span>
    </p>
   </div>
   <div class='ocr_carea' id='block_1_74' title="bbox 2121 1477 3696 1549">
    <p class='ocr_par' dir='ltr' id='par_1_74' title="bbox 2121 1477 3696 1549">
     <span class='ocr_line' id='line_1_74' title="bbox 2121 1477 3696 1549; baseline -0.003 -15"><span class='ocrx_word' id='word_1_574' title='bbox 2121 1481 2392 1544; x_wconf 90' lang='lat' dir='ltr'><strong>Christus,</strong></span> <span class='ocrx_word' id='word_1_575' title='bbox 2427 1481 2609 1549; x_wconf 88' lang='lat' dir='ltr'><strong>utique</strong></span> <span class='ocrx_word' id='word_1_576' title='bbox 2653 1479 2720 1533; x_wconf 88' lang='lat' dir='ltr'><strong>ad</strong></span> <span class='ocrx_word' id='word_1_577' title='bbox 2768 1480 2915 1533; x_wconf 91' lang='lat' dir='ltr'><strong>vivos</strong></span> <span class='ocrx_word' id='word_1_578' title='bbox 2960 1491 3014 1534; x_wconf 88' lang='lat' dir='ltr'><strong>et</strong></span> <span class='ocrx_word' id='word_1_579' title='bbox 3065 1488 3303 1532; x_wconf 87' lang='lat' dir='ltr'><strong>mortuos</strong></span> <span class='ocrx_word' id='word_1_580' title='bbox 3343 1477 3696 1548; x_wconf 87' lang='lat' dir='ltr'><strong>judicandos,</strong></span> 
     </span>
    </p>
   </div>
   <div class='ocr_carea' id='block_1_75' title="bbox 2123 1572 2858 1641">
    <p class='ocr_par' dir='ltr' id='par_1_75' title="bbox 2123 1572 2858 1641">
     <span class='ocr_line' id='line_1_75' title="bbox 2123 1572 2858 1641; baseline -0.001 -16"><span class='ocrx_word' id='word_1_581' title='bbox 2123 1573 2528 1641; x_wconf 68' lang='lat' dir='ltr'><strong>praeclarissime</strong></span> <span class='ocrx_word' id='word_1_582' title='bbox 2554 1572 2858 1627; x_wconf 87' lang='lat' dir='ltr'><strong>ostendunt.</strong></span> 
     </span>
    </p>
   </div>
   <div class='ocr_carea' id='block_1_76' title="bbox 2191 1662 3694 1734">
    <p class='ocr_par' dir='ltr' id='par_1_76' title="bbox 2191 1662 3694 1734">
     <span class='ocr_line' id='line_1_76' title="bbox 2191 1662 3694 1734; baseline 0 -18"><span class='ocrx_word' id='word_1_583' title='bbox 2191 1662 2247 1717; x_wconf 74' lang='grc'><strong>2.</strong></span> <span class='ocrx_word' id='word_1_584' title='bbox 2275 1663 2378 1718; x_wconf 86' lang='lat' dir='ltr'><strong>Sed</strong></span> <span class='ocrx_word' id='word_1_585' title='bbox 2399 1664 2560 1732; x_wconf 73' lang='lat' dir='ltr'><strong>quzeri</strong></span> <span class='ocrx_word' id='word_1_586' title='bbox 2584 1664 2740 1730; x_wconf 90' lang='lat' dir='ltr'><strong>solet,</strong></span> <span class='ocrx_word' id='word_1_587' title='bbox 2771 1675 2944 1717; x_wconf 91' lang='lat' dir='ltr'><strong>utrum</strong></span> <span class='ocrx_word' id='word_1_588' title='bbox 2977 1663 3047 1717; x_wconf 89' lang='lat' dir='ltr'><strong>illi</strong></span> <span class='ocrx_word' id='word_1_589' title='bbox 3074 1679 3211 1734; x_wconf 88' lang='lat' dir='ltr'><strong>quos</strong></span> <span class='ocrx_word' id='word_1_590' title='bbox 3238 1662 3323 1718; x_wconf 92' lang='lat' dir='ltr'><strong>hic</strong></span> <span class='ocrx_word' id='word_1_591' title='bbox 3351 1662 3591 1717; x_wconf 86' lang='lat' dir='ltr'><strong>viventes</strong></span> <span class='ocrx_word' id='word_1_592' title='bbox 3619 1664 3694 1716; x_wconf 85' lang='lat' dir='ltr'><strong>in-</strong></span> 
     </span>
    </p>
   </div>
   <div class='ocr_carea' id='block_1_77' title="bbox 2123 1756 3696 1826">
    <p class='ocr_par' dir='ltr' id='par_1_77' title="bbox 2123 1756 3696 1826">
     <span class='ocr_line' id='line_1_77' title="bbox 2123 1756 3696 1826; baseline 0.003 -18"><span class='ocrx_word' id='word_1_593' title='bbox 2123 1764 2374 1810; x_wconf 89' lang='lat' dir='ltr'><strong>venturus</strong></span> <span class='ocrx_word' id='word_1_594' title='bbox 2401 1766 2481 1810; x_wconf 87' lang='lat' dir='ltr'><strong>est</strong></span> <span class='ocrx_word' id='word_1_595' title='bbox 2513 1756 2771 1820; x_wconf 89' lang='lat' dir='ltr'><strong>Christus,</strong></span> <span class='ocrx_word' id='word_1_596' title='bbox 2803 1772 3033 1826; x_wconf 88' lang='lat' dir='ltr'><strong>quorum</strong></span> <span class='ocrx_word' id='word_1_597' title='bbox 3067 1772 3346 1825; x_wconf 90' lang='lat' dir='ltr'><strong>personam</strong></span> <span class='ocrx_word' id='word_1_598' title='bbox 3372 1758 3422 1810; x_wconf 92' lang='lat' dir='ltr'><strong>in</strong></span> <span class='ocrx_word' id='word_1_599' title='bbox 3451 1771 3507 1809; x_wconf 91' lang='lat' dir='ltr'><strong>se</strong></span> <span class='ocrx_word' id='word_1_600' title='bbox 3539 1768 3696 1824; x_wconf 78' lang='lat' dir='ltr'><strong>atque</strong></span> 
     </span>
    </p>
   </div>
   <div class='ocr_carea' id='block_1_78' title="bbox 2126 1840 3695 1916">
    <p class='ocr_par' dir='ltr' id='par_1_78' title="bbox 2126 1840 3695 1916">
     <span class='ocr_line' id='line_1_78' title="bbox 2126 1840 3695 1916; baseline 0 -16"><span class='ocrx_word' id='word_1_601' title='bbox 2126 1847 2246 1900; x_wconf 89' lang='lat' dir='ltr'><strong>illos</strong></span> <span class='ocrx_word' id='word_1_602' title='bbox 2299 1847 2388 1916; x_wconf 90' lang='lat' dir='ltr'><strong>qui</strong></span> <span class='ocrx_word' id='word_1_603' title='bbox 2420 1856 2545 1901; x_wconf 91' lang='lat' dir='ltr'><strong>tunc</strong></span> <span class='ocrx_word' id='word_1_604' title='bbox 2585 1862 2763 1901; x_wconf 92' lang='lat' dir='ltr'><strong>secum</strong></span> <span class='ocrx_word' id='word_1_605' title='bbox 2810 1847 3085 1913; x_wconf 80' lang='lat' dir='ltr'><strong>vivebant,</strong></span> <span class='ocrx_word' id='word_1_606' title='bbox 3122 1840 3528 1916; x_wconf 74' lang='lat' dir='ltr'><strong>tratisligurabat</strong></span> <span class='ocrx_word' id='word_1_607' title='bbox 3558 1849 3695 1915; x_wconf 72' lang='lat' dir='ltr'><strong>Apo-</strong></span> 
     </span>
    </p>
   </div>
   <div class='ocr_carea' id='block_1_79' title="bbox 2126 1938 3706 2008">
    <p class='ocr_par' dir='ltr' id='par_1_79' title="bbox 2126 1938 3706 2008">
     <span class='ocr_line' id='line_1_79' title="bbox 2126 1938 3706 2008; baseline -0.001 -17"><span class='ocrx_word' id='word_1_608' title='bbox 2126 1939 2316 2003; x_wconf 88' lang='lat' dir='ltr'><strong>stolus,</strong></span> <span class='ocrx_word' id='word_1_609' title='bbox 2346 1954 2612 2008; x_wconf 86' lang='lat' dir='ltr'><strong>nunquam</strong></span> <span class='ocrx_word' id='word_1_610' title='bbox 2638 1939 2855 1993; x_wconf 91' lang='lat' dir='ltr'><strong>omnino</strong></span> <span class='ocrx_word' id='word_1_611' title='bbox 2882 1939 3123 1992; x_wconf 88' lang='lat' dir='ltr'><strong>morituri</strong></span> <span class='ocrx_word' id='word_1_612' title='bbox 3151 1946 3307 2002; x_wconf 88' lang='lat' dir='ltr'><strong>sunt;</strong></span> <span class='ocrx_word' id='word_1_613' title='bbox 3330 1953 3395 1991; x_wconf 88' lang='lat' dir='ltr'><strong>an</strong></span> <span class='ocrx_word' id='word_1_614' title='bbox 3427 1938 3544 2005; x_wconf 84' lang='lat' dir='ltr'><strong>ipso</strong></span> <span class='ocrx_word' id='word_1_615' title='bbox 3571 1947 3706 1991; x_wconf 83' lang='lat' dir='ltr'><strong>tem-</strong></span> 
     </span>
    </p>
   </div>
   <div class='ocr_carea' id='block_1_80' title="bbox 2127 2028 3706 2098">
    <p class='ocr_par' dir='ltr' id='par_1_80' title="bbox 2127 2028 3706 2098">
     <span class='ocr_line' id='line_1_80' title="bbox 2127 2028 3706 2098; baseline 0 -17"><span class='ocrx_word' id='word_1_616' title='bbox 2127 2029 2271 2098; x_wconf 89' lang='lat' dir='ltr'><strong>poris</strong></span> <span class='ocrx_word' id='word_1_617' title='bbox 2315 2039 2543 2098; x_wconf 91' lang='lat' dir='ltr'><strong>puncto,</strong></span> <span class='ocrx_word' id='word_1_618' title='bbox 2589 2043 2691 2098; x_wconf 91' lang='lat' dir='ltr'><strong>quo</strong></span> <span class='ocrx_word' id='word_1_619' title='bbox 2719 2043 2839 2083; x_wconf 91' lang='lat' dir='ltr'><strong>cum</strong></span> <span class='ocrx_word' id='word_1_620' title='bbox 2890 2029 3286 2098; x_wconf 84' lang='lat' dir='ltr'><strong>resurgentibus</strong></span> <span class='ocrx_word' id='word_1_621' title='bbox 3328 2028 3603 2098; x_wconf 88' lang='lat' dir='ltr'><strong>rapientur</strong></span> <span class='ocrx_word' id='word_1_622' title='bbox 3651 2028 3706 2081; x_wconf 92' lang='lat' dir='ltr'><strong>in</strong></span> 
     </span>
    </p>
   </div>
   <div class='ocr_carea' id='block_1_81' title="bbox 2128 2119 3704 2186">
    <p class='ocr_par' dir='ltr' id='par_1_81' title="bbox 2128 2119 3704 2186">
     <span class='ocr_line' id='line_1_81' title="bbox 2128 2119 3704 2186; baseline -0.002 -12"><span class='ocrx_word' id='word_1_623' title='bbox 2128 2121 2354 2175; x_wconf 90' lang='lat' dir='ltr'><strong>nubibus</strong></span> <span class='ocrx_word' id='word_1_624' title='bbox 2376 2123 2426 2174; x_wconf 92' lang='lat' dir='ltr'><strong>in</strong></span> <span class='ocrx_word' id='word_1_625' title='bbox 2454 2122 2659 2175; x_wconf 85' lang='lat' dir='ltr'><strong>obviam</strong></span> <span class='ocrx_word' id='word_1_626' title='bbox 2681 2121 2893 2176; x_wconf 87' lang='lat' dir='ltr'><strong>Christo</strong></span> <span class='ocrx_word' id='word_1_627' title='bbox 2913 2121 2966 2174; x_wconf 92' lang='lat' dir='ltr'><strong>in</strong></span> <span class='ocrx_word' id='word_1_628' title='bbox 2987 2135 3135 2186; x_wconf 90' lang='lat' dir='ltr'><strong>aera,</strong></span> <span class='ocrx_word' id='word_1_629' title='bbox 3159 2119 3224 2172; x_wconf 90' lang='lat' dir='ltr'><strong>ad</strong></span> <span class='ocrx_word' id='word_1_630' title='bbox 3249 2120 3704 2174; x_wconf 87' lang='lat' dir='ltr'><strong>immortalitatem</strong></span> 
     </span>
    </p>
   </div>
   <div class='ocr_carea' id='block_1_82' title="bbox 2083 2212 3710 2286">
    <p class='ocr_par' dir='ltr' id='par_1_82' title="bbox 2083 2212 3710 2286">
     <span class='ocr_line' id='line_1_82' title="bbox 2083 2212 3710 2286; baseline -0.002 -16"><span class='ocrx_word' id='word_1_631' title='bbox 2083 2267 2086 2270; x_wconf 90' lang='lat'><strong><em>_</em></strong></span> <span class='ocrx_word' id='word_1_632' title='bbox 2127 2230 2222 2286; x_wconf 90' lang='lat' dir='ltr'><strong>per</strong></span> <span class='ocrx_word' id='word_1_633' title='bbox 2265 2223 2490 2268; x_wconf 88' lang='lat' dir='ltr'><strong>mortem</strong></span> <span class='ocrx_word' id='word_1_634' title='bbox 2539 2215 2672 2268; x_wconf 89' lang='lat' dir='ltr'><strong>mira</strong></span> <span class='ocrx_word' id='word_1_635' title='bbox 2716 2214 2990 2268; x_wconf 91' lang='lat' dir='ltr'><strong>celeritate</strong></span> <span class='ocrx_word' id='word_1_636' title='bbox 3031 2212 3332 2266; x_wconf 87' lang='lat' dir='ltr'><strong>transibunt</strong></span> <span class='ocrx_word' id='word_1_637' title='bbox 3374 2213 3470 2282; x_wconf 86' lang='lat' dir='ltr'><strong>(a).</strong></span> <span class='ocrx_word' id='word_1_638' title='bbox 3524 2212 3710 2279; x_wconf 76' lang='lat' dir='ltr'><strong>Neque</strong></span> 
     </span>
    </p>
   </div>
   <div class='ocr_carea' id='block_1_83' title="bbox 2128 2301 3709 2372">
    <p class='ocr_par' dir='ltr' id='par_1_83' title="bbox 2128 2301 3709 2372">
     <span class='ocr_line' id='line_1_83' title="bbox 2128 2301 3709 2372; baseline -0.006 -10"><span class='ocrx_word' id='word_1_639' title='bbox 2128 2307 2268 2362; x_wconf 90' lang='lat' dir='ltr'><strong>enim</strong></span> <span class='ocrx_word' id='word_1_640' title='bbox 2300 2305 2584 2361; x_wconf 89' lang='lat' dir='ltr'><strong>dicendum</strong></span> <span class='ocrx_word' id='word_1_641' title='bbox 2611 2314 2712 2367; x_wconf 90' lang='lat' dir='ltr'><strong>est,</strong></span> <span class='ocrx_word' id='word_1_642' title='bbox 2744 2303 2856 2358; x_wconf 82' lang='lat' dir='ltr'><strong>ﬁeri</strong></span> <span class='ocrx_word' id='word_1_643' title='bbox 2878 2319 2984 2357; x_wconf 92' lang='lat' dir='ltr'><strong>non</strong></span> <span class='ocrx_word' id='word_1_644' title='bbox 3013 2317 3192 2372; x_wconf 89' lang='lat' dir='ltr'><strong>posse,</strong></span> <span class='ocrx_word' id='word_1_645' title='bbox 3222 2314 3275 2354; x_wconf 91' lang='lat' dir='ltr'><strong>ut</strong></span> <span class='ocrx_word' id='word_1_646' title='bbox 3304 2301 3430 2354; x_wconf 88' lang='lat' dir='ltr'><strong>dum</strong></span> <span class='ocrx_word' id='word_1_647' title='bbox 3461 2316 3557 2370; x_wconf 84' lang='lat' dir='ltr'><strong>per</strong></span> <span class='ocrx_word' id='word_1_648' title='bbox 3585 2318 3709 2355; x_wconf 77' lang='lat' dir='ltr'><strong>aera</strong></span> 
     </span>
    </p>
   </div>
   <div class='ocr_carea' id='block_1_84' title="bbox 2131 2391 3716 2464">
    <p class='ocr_par' dir='ltr' id='par_1_84' title="bbox 2131 2391 3716 2464">
     <span class='ocr_line' id='line_1_84' title="bbox 2131 2391 3716 2464; baseline -0.004 -13"><span class='ocrx_word' id='word_1_649' title='bbox 2131 2398 2184 2451; x_wconf 91' lang='lat' dir='ltr'><strong>in</strong></span> <span class='ocrx_word' id='word_1_650' title='bbox 2215 2397 2440 2451; x_wconf 89' lang='lat' dir='ltr'><strong>sublime</strong></span> <span class='ocrx_word' id='word_1_651' title='bbox 2471 2402 2767 2464; x_wconf 89' lang='lat' dir='ltr'><strong>portantur,</strong></span> <span class='ocrx_word' id='word_1_652' title='bbox 2801 2394 2853 2447; x_wconf 94' lang='lat' dir='ltr'><strong>in</strong></span> <span class='ocrx_word' id='word_1_653' title='bbox 2883 2393 2974 2447; x_wconf 89' lang='lat' dir='ltr'><strong>illo</strong></span> <span class='ocrx_word' id='word_1_654' title='bbox 3007 2393 3178 2462; x_wconf 87' lang='lat' dir='ltr'><strong>spatio</strong></span> <span class='ocrx_word' id='word_1_655' title='bbox 3205 2401 3257 2445; x_wconf 90' lang='lat' dir='ltr'><strong>et</strong></span> <span class='ocrx_word' id='word_1_656' title='bbox 3298 2391 3622 2455; x_wconf 86' lang='lat' dir='ltr'><strong>moriantur,</strong></span> <span class='ocrx_word' id='word_1_657' title='bbox 3659 2402 3716 2445; x_wconf 87' lang='lat' dir='ltr'><strong>et</strong></span> 
     </span>
    </p>
   </div>
   <div class='ocr_carea' id='block_1_85' title="bbox 2129 2481 3714 2553">
    <p class='ocr_par' dir='ltr' id='par_1_85' title="bbox 2129 2481 3714 2553">
     <span class='ocr_line' id='line_1_85' title="bbox 2129 2481 3714 2553; baseline -0.005 -11"><span class='ocrx_word' id='word_1_658' title='bbox 2129 2487 2467 2542; x_wconf 81' lang='lat' dir='ltr'><strong>reviviscunt.</strong></span> <span class='ocrx_word' id='word_1_659' title='bbox 2491 2485 2640 2553; x_wconf 89' lang='lat' dir='ltr'><strong>Quod</strong></span> <span class='ocrx_word' id='word_1_660' title='bbox 2665 2486 2805 2539; x_wconf 81' lang='lat' dir='ltr'><strong>enim</strong></span> <span class='ocrx_word' id='word_1_661' title='bbox 2827 2485 2922 2551; x_wconf 91' lang='lat' dir='ltr'><strong>ait,</strong></span> <span class='ocrx_word' id='word_1_662' title='bbox 2955 2484 3020 2537; x_wconf 87' lang='lat' dir='ltr'><strong>Et</strong></span> <span class='ocrx_word' id='word_1_663' title='bbox 3046 2484 3115 2536; x_wconf 91' lang='lat' dir='ltr'><strong>ita</strong></span> <span class='ocrx_word' id='word_1_664' title='bbox 3135 2499 3333 2551; x_wconf 85' lang='lat' dir='ltr'><strong>semper</strong></span> <span class='ocrx_word' id='word_1_665' title='bbox 3355 2499 3469 2535; x_wconf 89' lang='lat' dir='ltr'><strong>cum</strong></span> <span class='ocrx_word' id='word_1_666' title='bbox 3490 2481 3714 2536; x_wconf 77' lang='lat' dir='ltr'><strong>Domino</strong></span> 
     </span>
    </p>
   </div>
   <div class='ocr_carea' id='block_1_86' title="bbox 2131 2574 3716 2646">
    <p class='ocr_par' dir='ltr' id='par_1_86' title="bbox 2131 2574 3716 2646">
     <span class='ocr_line' id='line_1_86' title="bbox 2131 2574 3716 2646; baseline -0.004 -12"><span class='ocrx_word' id='word_1_667' title='bbox 2131 2581 2316 2634; x_wconf 86' lang='lat' dir='ltr'><strong>erimus</strong></span> <span class='ocrx_word' id='word_1_668' title='bbox 2343 2595 2362 2632; x_wconf 92' lang='lat'><strong><em>:</em></strong></span> <span class='ocrx_word' id='word_1_669' title='bbox 2390 2596 2495 2632; x_wconf 88' lang='lat' dir='ltr'><strong>non</strong></span> <span class='ocrx_word' id='word_1_670' title='bbox 2537 2579 2613 2633; x_wconf 91' lang='lat' dir='ltr'><strong>sic</strong></span> <span class='ocrx_word' id='word_1_671' title='bbox 2642 2577 3008 2646; x_wconf 85' lang='lat' dir='ltr'><strong>accipiendum</strong></span> <span class='ocrx_word' id='word_1_672' title='bbox 3055 2585 3165 2638; x_wconf 89' lang='lat' dir='ltr'><strong>est,</strong></span> <span class='ocrx_word' id='word_1_673' title='bbox 3199 2585 3451 2643; x_wconf 87' lang='lat' dir='ltr'><strong>tanquam</strong></span> <span class='ocrx_word' id='word_1_674' title='bbox 3493 2574 3547 2628; x_wconf 89' lang='lat' dir='ltr'><strong>in</strong></span> <span class='ocrx_word' id='word_1_675' title='bbox 3591 2590 3716 2627; x_wconf 86' lang='lat' dir='ltr'><strong>aere</strong></span> 
     </span>
    </p>
   </div>
   <div class='ocr_carea' id='block_1_87' title="bbox 2132 2667 3714 2739">
    <p class='ocr_par' dir='ltr' id='par_1_87' title="bbox 2132 2667 3714 2739">
     <span class='ocr_line' id='line_1_87' title="bbox 2132 2667 3714 2739; baseline -0.004 -14"><span class='ocrx_word' id='word_1_676' title='bbox 2132 2688 2228 2726; x_wconf 89' lang='lat' dir='ltr'><strong>nos</strong></span> <span class='ocrx_word' id='word_1_677' title='bbox 2249 2672 2440 2725; x_wconf 85' lang='lat' dir='ltr'><strong>dixerit</strong></span> <span class='ocrx_word' id='word_1_678' title='bbox 2471 2685 2680 2739; x_wconf 85' lang='lat' dir='ltr'><strong>semper</strong></span> <span class='ocrx_word' id='word_1_679' title='bbox 2708 2685 2828 2723; x_wconf 91' lang='lat' dir='ltr'><strong>cum</strong></span> <span class='ocrx_word' id='word_1_680' title='bbox 2856 2669 3077 2722; x_wconf 89' lang='lat' dir='ltr'><strong>Domino</strong></span> <span class='ocrx_word' id='word_1_681' title='bbox 3105 2683 3222 2721; x_wconf 54' lang='lat' dir='ltr'><strong>esse</strong></span> <span class='ocrx_word' id='word_1_682' title='bbox 3249 2681 3563 2727; x_wconf 82' lang='lat' dir='ltr'><strong>mansuros;</strong></span> <span class='ocrx_word' id='word_1_683' title='bbox 3592 2667 3714 2734; x_wconf 84' lang='lat' dir='ltr'><strong>quia</strong></span> 
     </span>
    </p>
   </div>
   <div class='ocr_carea' id='block_1_88' title="bbox 2132 2758 3716 2834">
    <p class='ocr_par' dir='ltr' id='par_1_88' title="bbox 2132 2758 3716 2834">
     <span class='ocr_line' id='line_1_88' title="bbox 2132 2758 3716 2834; baseline -0.007 -14"><span class='ocrx_word' id='word_1_684' title='bbox 2132 2781 2230 2820; x_wconf 90' lang='lat' dir='ltr'><strong>nec</strong></span> <span class='ocrx_word' id='word_1_685' title='bbox 2256 2765 2370 2834; x_wconf 85' lang='lat' dir='ltr'><strong>ipse</strong></span> <span class='ocrx_word' id='word_1_686' title='bbox 2398 2763 2580 2832; x_wconf 88' lang='lat' dir='ltr'><strong>utique</strong></span> <span class='ocrx_word' id='word_1_687' title='bbox 2609 2762 2680 2816; x_wconf 89' lang='lat' dir='ltr'><strong>ibi</strong></span> <span class='ocrx_word' id='word_1_688' title='bbox 2710 2761 2962 2826; x_wconf 90' lang='lat' dir='ltr'><strong>manebit,</strong></span> <span class='ocrx_word' id='word_1_689' title='bbox 2994 2761 3114 2828; x_wconf 88' lang='lat' dir='ltr'><strong>quia</strong></span> <span class='ocrx_word' id='word_1_690' title='bbox 3143 2760 3362 2812; x_wconf 87' lang='lat' dir='ltr'><strong>veniens</strong></span> <span class='ocrx_word' id='word_1_691' title='bbox 3394 2758 3716 2810; x_wconf 86' lang='lat' dir='ltr'><strong>transiturus</strong></span> 
     </span>
    </p>
   </div>
   <div class='ocr_carea' id='block_1_89' title="bbox 2131 2848 3712 2924">
    <p class='ocr_par' dir='ltr' id='par_1_89' title="bbox 2131 2848 3712 2924">
     <span class='ocr_line' id='line_1_89' title="bbox 2131 2848 3712 2924; baseline -0.008 -12"><span class='ocrx_word' id='word_1_692' title='bbox 2131 2867 2232 2913; x_wconf 90' lang='lat' dir='ltr'><strong>est.</strong></span> <span class='ocrx_word' id='word_1_693' title='bbox 2276 2856 2522 2910; x_wconf 81' lang='lat' dir='ltr'><strong>Venienti</strong></span> <span class='ocrx_word' id='word_1_694' title='bbox 2570 2855 2765 2924; x_wconf 91' lang='lat' dir='ltr'><strong>quippe</strong></span> <span class='ocrx_word' id='word_1_695' title='bbox 2792 2853 2956 2909; x_wconf 87' lang='lat' dir='ltr'><strong>ibitur</strong></span> <span class='ocrx_word' id='word_1_696' title='bbox 2999 2851 3243 2916; x_wconf 83' lang='lat' dir='ltr'><strong>obviam,</strong></span> <span class='ocrx_word' id='word_1_697' title='bbox 3293 2866 3397 2900; x_wconf 82' lang='lat' dir='ltr'><strong>non</strong></span> <span class='ocrx_word' id='word_1_698' title='bbox 3430 2848 3712 2900; x_wconf 83' lang='lat' dir='ltr'><strong>manenti:</strong></span> 
     </span>
    </p>
   </div>
   <div class='ocr_carea' id='block_1_90' title="bbox 2132 2938 3717 3005">
    <p class='ocr_par' dir='ltr' id='par_1_90' title="bbox 2132 2938 3717 3005">
     <span class='ocr_line' id='line_1_90' title="bbox 2132 2938 3717 3005; baseline -0.009 -1"><span class='ocrx_word' id='word_1_699' title='bbox 2132 2949 2226 3004; x_wconf 89' lang='lat' dir='ltr'><strong>sed</strong></span> <span class='ocrx_word' id='word_1_700' title='bbox 2253 2949 2325 3001; x_wconf 90' lang='lat' dir='ltr'><strong>ita</strong></span> <span class='ocrx_word' id='word_1_701' title='bbox 2371 2964 2484 3000; x_wconf 86' lang='lat' dir='ltr'><strong>cum</strong></span> <span class='ocrx_word' id='word_1_702' title='bbox 2509 2947 2726 3000; x_wconf 89' lang='lat' dir='ltr'><strong>Domino</strong></span> <span class='ocrx_word' id='word_1_703' title='bbox 2758 2945 2942 2998; x_wconf 86' lang='lat' dir='ltr'><strong>erimus</strong></span> <span class='ocrx_word' id='word_1_704' title='bbox 2966 2982 2981 3005; x_wconf 88' lang='lat'><strong>,</strong></span> <span class='ocrx_word' id='word_1_705' title='bbox 3013 2942 3060 2995; x_wconf 91' lang='lat' dir='ltr'><strong>id</strong></span> <span class='ocrx_word' id='word_1_706' title='bbox 3107 2950 3189 2994; x_wconf 89' lang='lat' dir='ltr'><strong>est</strong></span> <span class='ocrx_word' id='word_1_707' title='bbox 3211 2983 3224 3004; x_wconf 91' lang='lat'><strong>,</strong></span> <span class='ocrx_word' id='word_1_708' title='bbox 3268 2940 3347 2993; x_wconf 90' lang='lat' dir='ltr'><strong>sic</strong></span> <span class='ocrx_word' id='word_1_709' title='bbox 3376 2940 3582 2992; x_wconf 90' lang='lat' dir='ltr'><strong>erimus</strong></span> <span class='ocrx_word' id='word_1_710' title='bbox 3617 2938 3717 2990; x_wconf 79' lang='lat' dir='ltr'><strong>ha-</strong></span> 
     </span>
    </p>
   </div>
   <div class='ocr_carea' id='block_1_91' title="bbox 2130 3033 3718 3108">
    <p class='ocr_par' dir='ltr' id='par_1_91' title="bbox 2130 3033 3718 3108">
     <span class='ocr_line' id='line_1_91' title="bbox 2130 3033 3718 3108; baseline -0.008 -12"><span class='ocrx_word' id='word_1_711' title='bbox 2130 3042 2318 3097; x_wconf 91' lang='lat' dir='ltr'><strong>bentes</strong></span> <span class='ocrx_word' id='word_1_712' title='bbox 2365 3042 2386 3072; x_wconf 83' lang='grc'>³</span> <span class='ocrx_word' id='word_1_713' title='bbox 2429 3054 2650 3108; x_wconf 91' lang='lat' dir='ltr'><strong>corpora</strong></span> <span class='ocrx_word' id='word_1_714' title='bbox 2693 3038 3042 3106; x_wconf 89' lang='lat' dir='ltr'><strong>sempiterna,</strong></span> <span class='ocrx_word' id='word_1_715' title='bbox 3084 3034 3402 3102; x_wconf 81' lang='lat' dir='ltr'><strong>ubicumque</strong></span> <span class='ocrx_word' id='word_1_716' title='bbox 3448 3048 3571 3086; x_wconf 90' lang='lat' dir='ltr'><strong>cum</strong></span> <span class='ocrx_word' id='word_1_717' title='bbox 3626 3033 3718 3084; x_wconf 76' lang='lat' dir='ltr'><strong>ilio</strong></span> 
     </span>
    </p>
   </div>
   <div class='ocr_carea' id='block_1_92' title="bbox 2132 3125 3719 3194">
    <p class='ocr_par' dir='ltr' id='par_1_92' title="bbox 2132 3125 3719 3194">
     <span class='ocr_line' id='line_1_92' title="bbox 2132 3125 3719 3194; baseline -0.006 -7"><span class='ocrx_word' id='word_1_718' title='bbox 2132 3132 2405 3187; x_wconf 85' lang='lat' dir='ltr'><strong>fuerimus.</strong></span> <span class='ocrx_word' id='word_1_719' title='bbox 2440 3131 2518 3186; x_wconf 84' lang='lat' dir='ltr'><strong>Ad</strong></span> <span class='ocrx_word' id='word_1_720' title='bbox 2549 3132 2690 3185; x_wconf 87' lang='lat' dir='ltr'><strong>hunc</strong></span> <span class='ocrx_word' id='word_1_721' title='bbox 2723 3139 2900 3184; x_wconf 88' lang='lat' dir='ltr'><strong>autem</strong></span> <span class='ocrx_word' id='word_1_722' title='bbox 2931 3143 3144 3181; x_wconf 85' lang='lat' dir='ltr'><strong>sensum</strong></span> <span class='ocrx_word' id='word_1_723' title='bbox 3167 3168 3180 3190; x_wconf 92' lang='lat'><strong>,</strong></span> <span class='ocrx_word' id='word_1_724' title='bbox 3209 3141 3318 3194; x_wconf 91' lang='lat' dir='ltr'><strong>quo</strong></span> <span class='ocrx_word' id='word_1_725' title='bbox 3343 3125 3719 3178; x_wconf 76' lang='lat' dir='ltr'><strong>existimemus</strong></span> 
     </span>
    </p>
   </div>
   <div class='ocr_carea' id='block_1_93' title="bbox 2132 3219 3714 3293">
    <p class='ocr_par' dir='ltr' id='par_1_93' title="bbox 2132 3219 3714 3293">
     <span class='ocr_line' id='line_1_93' title="bbox 2132 3219 3714 3293; baseline -0.008 -13"><span class='ocrx_word' id='word_1_726' title='bbox 2132 3227 2292 3280; x_wconf 91' lang='lat' dir='ltr'><strong>etiam</strong></span> <span class='ocrx_word' id='word_1_727' title='bbox 2324 3227 2462 3280; x_wconf 62' lang='lat' dir='ltr'><strong>illos.</strong></span> <span class='ocrx_word' id='word_1_728' title='bbox 2497 3241 2630 3293; x_wconf 89' lang='lat' dir='ltr'><strong>quos</strong></span> <span class='ocrx_word' id='word_1_729' title='bbox 2669 3224 2754 3278; x_wconf 88' lang='lat' dir='ltr'><strong>hic</strong></span> <span class='ocrx_word' id='word_1_730' title='bbox 2783 3223 2927 3276; x_wconf 84' lang='lat' dir='ltr'><strong>vivos</strong></span> <span class='ocrx_word' id='word_1_731' title='bbox 2958 3222 3271 3274; x_wconf 78' lang='lat' dir='ltr'><strong>inventurus</strong></span> <span class='ocrx_word' id='word_1_732' title='bbox 3311 3229 3393 3270; x_wconf 85' lang='lat' dir='ltr'><strong>est</strong></span> <span class='ocrx_word' id='word_1_733' title='bbox 3425 3219 3714 3281; x_wconf 66' lang='lat' dir='ltr'><strong>Dominus,</strong></span> 
     </span>
    </p>
   </div>
   <div class='ocr_carea' id='block_1_94' title="bbox 2133 3317 3718 3389">
    <p class='ocr_par' dir='ltr' id='par_1_94' title="bbox 2133 3317 3718 3389">
     <span class='ocr_line' id='line_1_94' title="bbox 2133 3317 3718 3389; baseline -0.008 -18"><span class='ocrx_word' id='word_1_734' title='bbox 2133 3319 2184 3374; x_wconf 93' lang='lat' dir='ltr'><strong>in</strong></span> <span class='ocrx_word' id='word_1_735' title='bbox 2217 3321 2331 3388; x_wconf 90' lang='lat' dir='ltr'><strong>ipso</strong></span> <span class='ocrx_word' id='word_1_736' title='bbox 2363 3335 2522 3389; x_wconf 87' lang='lat' dir='ltr'><strong>parvo</strong></span> <span class='ocrx_word' id='word_1_737' title='bbox 2553 3317 2723 3386; x_wconf 82' lang='lat' dir='ltr'><strong>spatio</strong></span> <span class='ocrx_word' id='word_1_738' title='bbox 2761 3327 2813 3369; x_wconf 87' lang='lat' dir='ltr'><strong>et</strong></span> <span class='ocrx_word' id='word_1_739' title='bbox 2845 3329 3089 3383; x_wconf 88' lang='lat' dir='ltr'><strong>passuros</strong></span> <span class='ocrx_word' id='word_1_740' title='bbox 3121 3323 3347 3364; x_wconf 86' lang='lat' dir='ltr'><strong>mortem</strong></span> <span class='ocrx_word' id='word_1_741' title='bbox 3388 3320 3442 3364; x_wconf 91' lang='lat' dir='ltr'><strong>et</strong></span> <span class='ocrx_word' id='word_1_742' title='bbox 3467 3321 3718 3376; x_wconf 83' lang='lat' dir='ltr'><strong>acceptu-</strong></span> 
     </span>
    </p>
   </div>
   <div class='ocr_carea' id='block_1_95' title="bbox 2132 3401 3717 3476">
    <p class='ocr_par' dir='ltr' id='par_1_95' title="bbox 2132 3401 3717 3476">
     <span class='ocr_line' id='line_1_95' title="bbox 2132 3401 3717 3476; baseline -0.01 -9"><span class='ocrx_word' id='word_1_743' title='bbox 2132 3428 2221 3467; x_wconf 90' lang='lat' dir='ltr'><strong>ros</strong></span> <span class='ocrx_word' id='word_1_744' title='bbox 2261 3410 2728 3471; x_wconf 80' lang='lat' dir='ltr'><strong>immortalitatem,</strong></span> <span class='ocrx_word' id='word_1_745' title='bbox 2759 3408 2871 3476; x_wconf 92' lang='lat' dir='ltr'><strong>ipse</strong></span> <span class='ocrx_word' id='word_1_746' title='bbox 2900 3403 3185 3474; x_wconf 86' lang='lat' dir='ltr'><strong>Apostolus</strong></span> <span class='ocrx_word' id='word_1_747' title='bbox 3237 3417 3333 3454; x_wconf 89' lang='lat' dir='ltr'><strong>nos</strong></span> <span class='ocrx_word' id='word_1_748' title='bbox 3379 3401 3590 3453; x_wconf 86' lang='lat' dir='ltr'><strong>videtur</strong></span> <span class='ocrx_word' id='word_1_749' title='bbox 3623 3417 3717 3453; x_wconf 86' lang='lat' dir='ltr'><strong>ur-</strong></span> 
     </span>
    </p>
   </div>
   <div class='ocr_carea' id='block_1_96' title="bbox 2131 3489 3715 3572">
    <p class='ocr_par' dir='ltr' id='par_1_96' title="bbox 2131 3489 3715 3572">
     <span class='ocr_line' id='line_1_96' title="bbox 2131 3489 3715 3572; baseline -0.011 -14"><span class='ocrx_word' id='word_1_750' title='bbox 2131 3520 2278 3572; x_wconf 77' lang='lat' dir='ltr'><strong>gere,</strong></span> <span class='ocrx_word' id='word_1_751' title='bbox 2310 3502 2397 3556; x_wconf 90' lang='lat' dir='ltr'><strong>ubi</strong></span> <span class='ocrx_word' id='word_1_752' title='bbox 2428 3501 2573 3564; x_wconf 90' lang='lat' dir='ltr'><strong>dicit,</strong></span> <span class='ocrx_word' id='word_1_753' title='bbox 2607 3499 2671 3552; x_wconf 88' lang='lat' dir='ltr'><strong>In</strong></span> <span class='ocrx_word' id='word_1_754' title='bbox 2699 3496 2894 3553; x_wconf 88' lang='lat' dir='ltr'><strong>Christo</strong></span> <span class='ocrx_word' id='word_1_755' title='bbox 2917 3511 3084 3549; x_wconf 88' lang='lat' dir='ltr'><strong>onmes</strong></span> <span class='ocrx_word' id='word_1_756' title='bbox 3111 3493 3493 3561; x_wconf 71' lang='lat' dir='ltr'><strong>viviﬁcabuntur</strong></span> <span class='ocrx_word' id='word_1_757' title='bbox 3525 3491 3565 3560; x_wconf 91' lang='grc' dir='ltr'><strong>(Ι</strong></span> <span class='ocrx_word' id='word_1_758' title='bbox 3591 3489 3715 3543; x_wconf 89' lang='lat' dir='ltr'><strong>Cor.</strong></span> 
     </span>
    </p>
   </div>
   <div class='ocr_carea' id='block_1_97' title="bbox 2133 3585 3718 3666">
    <p class='ocr_par' dir='ltr' id='par_1_97' title="bbox 2133 3585 3718 3666">
     <span class='ocr_line' id='line_1_97' title="bbox 2133 3585 3718 3666; baseline -0.009 -17"><span class='ocrx_word' id='word_1_759' title='bbox 2133 3613 2222 3662; x_wconf 85' lang='lat' dir='ltr'><strong>xv,</strong></span> <span class='ocrx_word' id='word_1_760' title='bbox 2268 3594 2361 3666; x_wconf 65' lang='lat'><strong>2&#39;2)</strong></span> <span class='ocrx_word' id='word_1_761' title='bbox 2394 3612 2405 3646; x_wconf 93' lang='lat'><strong>:</strong></span> <span class='ocrx_word' id='word_1_762' title='bbox 2436 3608 2556 3647; x_wconf 90' lang='lat' dir='ltr'><strong>cum</strong></span> <span class='ocrx_word' id='word_1_763' title='bbox 2601 3592 2704 3645; x_wconf 87' lang='lat' dir='ltr'><strong>alio</strong></span> <span class='ocrx_word' id='word_1_764' title='bbox 2759 3590 2875 3643; x_wconf 90' lang='lat' dir='ltr'><strong>loco</strong></span> <span class='ocrx_word' id='word_1_765' title='bbox 2923 3589 2989 3642; x_wconf 92' lang='lat' dir='ltr'><strong>de</strong></span> <span class='ocrx_word' id='word_1_766' title='bbox 3034 3587 3144 3656; x_wconf 85' lang='lat' dir='ltr'><strong>ipsa</strong></span> <span class='ocrx_word' id='word_1_767' title='bbox 3195 3585 3418 3651; x_wconf 87' lang='lat' dir='ltr'><strong>loquens</strong></span> <span class='ocrx_word' id='word_1_768' title='bbox 3464 3599 3718 3636; x_wconf 85' lang='lat' dir='ltr'><strong>resurre-</strong></span> 
     </span>
    </p>
   </div>
   <div class='ocr_carea' id='block_1_98' title="bbox 2132 3674 3718 3752">
    <p class='ocr_par' dir='ltr' id='par_1_98' title="bbox 2132 3674 3718 3752">
     <span class='ocr_line' id='line_1_98' title="bbox 2132 3674 3718 3752; baseline -0.011 -13"><span class='ocrx_word' id='word_1_769' title='bbox 2132 3688 2309 3740; x_wconf 83' lang='lat' dir='ltr'><strong>ctione</strong></span> <span class='ocrx_word' id='word_1_770' title='bbox 2338 3700 2618 3752; x_wconf 84' lang='lat' dir='ltr'><strong>corporum</strong></span> <span class='ocrx_word' id='word_1_771' title='bbox 2648 3682 2820 3746; x_wconf 82' lang='lat' dir='ltr'><strong>dicat,</strong></span> <span class='ocrx_word' id='word_1_772' title='bbox 2855 3679 2934 3732; x_wconf 90' lang='lat' dir='ltr'><strong>Tu</strong></span> <span class='ocrx_word' id='word_1_773' title='bbox 2980 3677 3114 3748; x_wconf 89' lang='lat' dir='ltr'><strong>quod</strong></span> <span class='ocrx_word' id='word_1_774' title='bbox 3152 3678 3390 3740; x_wconf 76' lang='lat' dir='ltr'><strong>seminus,</strong></span> <span class='ocrx_word' id='word_1_775' title='bbox 3422 3691 3521 3726; x_wconf 90' lang='lat' dir='ltr'><strong>non</strong></span> <span class='ocrx_word' id='word_1_776' title='bbox 3555 3674 3718 3739; x_wconf 64' lang='lat' dir='ltr'><strong>viriti-</strong></span> 
     </span>
    </p>
   </div>
   <div class='ocr_carea' id='block_1_99' title="bbox 2132 3765 3714 3842">
    <p class='ocr_par' dir='ltr' id='par_1_99' title="bbox 2132 3765 3714 3842">
     <span class='ocr_line' id='line_1_99' title="bbox 2132 3765 3714 3842; baseline -0.011 -11"><span class='ocrx_word' id='word_1_777' title='bbox 2132 3791 2293 3842; x_wconf 85' lang='lat' dir='ltr'><strong>catur,</strong></span> <span class='ocrx_word' id='word_1_778' title='bbox 2344 3777 2442 3828; x_wconf 88' lang='lat' dir='ltr'><strong>nisi</strong></span> <span class='ocrx_word' id='word_1_779' title='bbox 2481 3775 2723 3828; x_wconf 84' lang='lat' dir='ltr'><strong>moriatur</strong></span> <span class='ocrx_word' id='word_1_780' title='bbox 2777 3769 2980 3841; x_wconf 86' lang='lat' dir='ltr'><strong>(Ibid.,</strong></span> <span class='ocrx_word' id='word_1_781' title='bbox 3037 3765 3466 3836; x_wconf 81' lang='lat' dir='ltr'><strong>56).Quomodo</strong></span> <span class='ocrx_word' id='word_1_782' title='bbox 3521 3765 3714 3832; x_wconf 71' lang='lat' dir='ltr'><strong>igitur,</strong></span> 
     </span>
    </p>
   </div>
   <div class='ocr_carea' id='block_1_100' title="bbox 2133 3859 3718 3938">
    <p class='ocr_par' dir='ltr' id='par_1_100' title="bbox 2133 3859 3718 3938">
     <span class='ocr_line' id='line_1_100' title="bbox 2133 3859 3718 3938; baseline -0.01 -17"><span class='ocrx_word' id='word_1_783' title='bbox 2133 3885 2266 3938; x_wconf 84' lang='lat' dir='ltr'><strong>quos</strong></span> <span class='ocrx_word' id='word_1_784' title='bbox 2295 3869 2532 3922; x_wconf 83' lang='lat' dir='ltr'><strong>viventes</strong></span> <span class='ocrx_word' id='word_1_785' title='bbox 2559 3865 2645 3919; x_wconf 90' lang='lat' dir='ltr'><strong>hic</strong></span> <span class='ocrx_word' id='word_1_786' title='bbox 2671 3864 2913 3917; x_wconf 88' lang='lat' dir='ltr'><strong>Christus</strong></span> <span class='ocrx_word' id='word_1_787' title='bbox 2945 3860 3200 3924; x_wconf 87' lang='lat' dir='ltr'><strong>inveniet,</strong></span> <span class='ocrx_word' id='word_1_788' title='bbox 3230 3874 3325 3926; x_wconf 87' lang='lat' dir='ltr'><strong>per</strong></span> <span class='ocrx_word' id='word_1_789' title='bbox 3348 3859 3718 3910; x_wconf 82' lang='lat' dir='ltr'><strong>immortalita-</strong></span> 
     </span>
    </p>
   </div>
   <div class='ocr_carea' id='block_1_101' title="bbox 2133 3949 3714 4017">
    <p class='ocr_par' dir='ltr' id='par_1_101' title="bbox 2133 3949 3714 4017">
     <span class='ocr_line' id='line_1_101' title="bbox 2133 3949 3714 4017; baseline -0.01 -2"><span class='ocrx_word' id='word_1_790' title='bbox 2133 3971 2236 4016; x_wconf 87' lang='lat' dir='ltr'><strong>tem</strong></span> <span class='ocrx_word' id='word_1_791' title='bbox 2265 3961 2316 4013; x_wconf 91' lang='lat' dir='ltr'><strong>in</strong></span> <span class='ocrx_word' id='word_1_792' title='bbox 2346 3960 2438 4013; x_wconf 87' lang='lat' dir='ltr'><strong>illo</strong></span> <span class='ocrx_word' id='word_1_793' title='bbox 2464 3957 2886 4017; x_wconf 80' lang='lat' dir='ltr'><strong>viviﬁcabuntur,</strong></span> <span class='ocrx_word' id='word_1_794' title='bbox 2918 3951 3016 4006; x_wconf 89' lang='lat' dir='ltr'><strong>etsi</strong></span> <span class='ocrx_word' id='word_1_795' title='bbox 3058 3967 3164 4004; x_wconf 91' lang='lat' dir='ltr'><strong>non</strong></span> <span class='ocrx_word' id='word_1_796' title='bbox 3210 3949 3542 4012; x_wconf 88' lang='lat' dir='ltr'><strong>moriantur;</strong></span> <span class='ocrx_word' id='word_1_797' title='bbox 3589 3962 3714 3999; x_wconf 82' lang='lat' dir='ltr'><strong>cum</strong></span> 
     </span>
    </p>
   </div>
   <div class='ocr_carea' id='block_1_102' title="bbox 2132 4038 3709 4120">
    <p class='ocr_par' dir='ltr' id='par_1_102' title="bbox 2132 4038 3709 4120">
     <span class='ocr_line' id='line_1_102' title="bbox 2132 4038 3709 4120; baseline -0.011 -15"><span class='ocrx_word' id='word_1_798' title='bbox 2132 4052 2404 4105; x_wconf 87' lang='lat' dir='ltr'><strong>videamus</strong></span> <span class='ocrx_word' id='word_1_799' title='bbox 2436 4057 2653 4120; x_wconf 88' lang='lat' dir='ltr'><strong>propter</strong></span> <span class='ocrx_word' id='word_1_800' title='bbox 2678 4047 2778 4099; x_wconf 86' lang='lat' dir='ltr'><strong>hoc</strong></span> <span class='ocrx_word' id='word_1_801' title='bbox 2807 4059 2925 4098; x_wconf 89' lang='lat' dir='ltr'><strong>esse</strong></span> <span class='ocrx_word' id='word_1_802' title='bbox 2954 4042 3172 4105; x_wconf 85' lang='lat' dir='ltr'><strong>dictum,</strong></span> <span class='ocrx_word' id='word_1_803' title='bbox 3209 4038 3284 4092; x_wconf 87' lang='lat' dir='ltr'><strong>Tu</strong></span> <span class='ocrx_word' id='word_1_804' title='bbox 3311 4039 3446 4110; x_wconf 88' lang='lat' dir='ltr'><strong>quod</strong></span> <span class='ocrx_word' id='word_1_805' title='bbox 3469 4038 3709 4097; x_wconf 75' lang='lat' dir='ltr'><strong>seminus,</strong></span> 
     </span>
    </p>
   </div>
   <div class='ocr_carea' id='block_1_103' title="bbox 2133 4128 3713 4209">
    <p class='ocr_par' dir='ltr' id='par_1_103' title="bbox 2133 4128 3713 4209">
     <span class='ocr_line' id='line_1_103' title="bbox 2133 4128 3713 4209; baseline -0.011 -12"><span class='ocrx_word' id='word_1_806' title='bbox 2133 4161 2232 4197; x_wconf 90' lang='lat' dir='ltr'><strong>non</strong></span> <span class='ocrx_word' id='word_1_807' title='bbox 2258 4143 2553 4209; x_wconf 83' lang='lat' dir='ltr'><strong>viviﬁcatur,</strong></span> <span class='ocrx_word' id='word_1_808' title='bbox 2585 4139 2682 4191; x_wconf 88' lang='lat' dir='ltr'><strong>nisi</strong></span> <span class='ocrx_word' id='word_1_809' title='bbox 2707 4135 2988 4189; x_wconf 82' lang='lat' dir='ltr'><strong>moriatur?</strong></span> <span class='ocrx_word' id='word_1_810' title='bbox 3014 4133 3034 4164; x_wconf 78' lang='grc'>³</span> <span class='ocrx_word' id='word_1_811' title='bbox 3063 4135 3167 4186; x_wconf 78' lang='lat' dir='ltr'><strong>Aut.</strong></span> <span class='ocrx_word' id='word_1_812' title='bbox 3191 4132 3236 4185; x_wconf 92' lang='lat' dir='ltr'><strong>si</strong></span> <span class='ocrx_word' id='word_1_813' title='bbox 3271 4140 3416 4184; x_wconf 88' lang='lat' dir='ltr'><strong>recte</strong></span> <span class='ocrx_word' id='word_1_814' title='bbox 3445 4144 3550 4183; x_wconf 91' lang='lat' dir='ltr'><strong>non</strong></span> <span class='ocrx_word' id='word_1_815' title='bbox 3578 4128 3713 4181; x_wconf 83' lang='lat' dir='ltr'><strong>dici-</strong></span> 
     </span>
    </p>
   </div>
   <div class='ocr_carea' id='block_1_104' title="bbox 2133 4223 3713 4295">
    <p class='ocr_par' dir='ltr' id='par_1_104' title="bbox 2133 4223 3713 4295">
     <span class='ocr_line' id='line_1_104' title="bbox 2133 4223 3713 4295; baseline -0.011 -6"><span class='ocrx_word' id='word_1_816' title='bbox 2133 4249 2252 4289; x_wconf 89' lang='lat' dir='ltr'><strong>mus</strong></span> <span class='ocrx_word' id='word_1_817' title='bbox 2277 4230 2565 4295; x_wconf 90' lang='lat' dir='ltr'><strong>seminari,</strong></span> <span class='ocrx_word' id='word_1_818' title='bbox 2595 4230 2696 4284; x_wconf 90' lang='lat' dir='ltr'><strong>nisi</strong></span> <span class='ocrx_word' id='word_1_819' title='bbox 2729 4243 2790 4282; x_wconf 91' lang='lat' dir='ltr'><strong>ea</strong></span> <span class='ocrx_word' id='word_1_820' title='bbox 2832 4241 3054 4294; x_wconf 85' lang='lat' dir='ltr'><strong>corpora</strong></span> <span class='ocrx_word' id='word_1_821' title='bbox 3094 4223 3393 4286; x_wconf 87' lang='lat' dir='ltr'><strong>hominum,</strong></span> <span class='ocrx_word' id='word_1_822' title='bbox 3426 4237 3546 4291; x_wconf 72' lang='lat' dir='ltr'><strong>qua:</strong></span> <span class='ocrx_word' id='word_1_823' title='bbox 3592 4237 3713 4272; x_wconf 80' lang='lat' dir='ltr'><strong>mo-</strong></span> 
     </span>
    </p>
   </div>
   <div class='ocr_carea' id='block_1_105' title="bbox 2133 4315 3715 4394">
    <p class='ocr_par' dir='ltr' id='par_1_105' title="bbox 2133 4315 3715 4394">
     <span class='ocr_line' id='line_1_105' title="bbox 2133 4315 3715 4394; baseline -0.009 -14"><span class='ocrx_word' id='word_1_824' title='bbox 2133 4326 2319 4380; x_wconf 89' lang='lat' dir='ltr'><strong>ricndo</strong></span> <span class='ocrx_word' id='word_1_825' title='bbox 2362 4340 2572 4394; x_wconf 84' lang='lat' dir='ltr'><strong>quoquo</strong></span> <span class='ocrx_word' id='word_1_826' title='bbox 2618 4321 2776 4375; x_wconf 89' lang='lat' dir='ltr'><strong>modo</strong></span> <span class='ocrx_word' id='word_1_827' title='bbox 2814 4327 3148 4374; x_wconf 88' lang='lat' dir='ltr'><strong>revertuntur</strong></span> <span class='ocrx_word' id='word_1_828' title='bbox 3198 4318 3247 4369; x_wconf 92' lang='lat' dir='ltr'><strong>in</strong></span> <span class='ocrx_word' id='word_1_829' title='bbox 3296 4324 3530 4378; x_wconf 78' lang='lat' dir='ltr'><strong>terram;</strong></span> <span class='ocrx_word' id='word_1_830' title='bbox 3572 4315 3715 4367; x_wconf 84' lang='lat' dir='ltr'><strong>sicut</strong></span> 
     </span>
    </p>
   </div>
   <div class='ocr_carea' id='block_1_106' title="bbox 2132 4413 3711 4479">
    <p class='ocr_par' dir='ltr' id='par_1_106' title="bbox 2132 4413 3711 4479">
     <span class='ocr_line' id='line_1_106' title="bbox 2132 4413 3711 4479; baseline -0.011 -5"><span class='ocrx_word' id='word_1_831' title='bbox 2132 4433 2251 4474; x_wconf 90' lang='lat' dir='ltr'><strong>sese</strong></span> <span class='ocrx_word' id='word_1_832' title='bbox 2280 4417 2438 4470; x_wconf 88' lang='lat' dir='ltr'><strong>habet</strong></span> <span class='ocrx_word' id='word_1_833' title='bbox 2463 4417 2620 4469; x_wconf 88' lang='lat' dir='ltr'><strong>etiam</strong></span> <span class='ocrx_word' id='word_1_834' title='bbox 2650 4413 2737 4466; x_wconf 89' lang='lat' dir='ltr'><strong>illa</strong></span> <span class='ocrx_word' id='word_1_835' title='bbox 2761 4413 2810 4464; x_wconf 93' lang='lat' dir='ltr'><strong>in</strong></span> <span class='ocrx_word' id='word_1_836' title='bbox 2841 4422 3285 4479; x_wconf 78' lang='lat' dir='ltr'><strong>transgressorem</strong></span> <span class='ocrx_word' id='word_1_837' title='bbox 3311 4417 3514 4477; x_wconf 87' lang='lat' dir='ltr'><strong>patrem</strong></span> <span class='ocrx_word' id='word_1_838' title='bbox 3543 4421 3711 4475; x_wconf 82' lang='lat' dir='ltr'><strong>gene-</strong></span> 
     </span>
    </p>
   </div>
   <div class='ocr_carea' id='block_1_107' title="bbox 2132 4498 3713 4574">
    <p class='ocr_par' dir='ltr' id='par_1_107' title="bbox 2132 4498 3713 4574">
     <span class='ocr_line' id='line_1_107' title="bbox 2132 4498 3713 4574; baseline -0.009 -10"><span class='ocrx_word' id='word_1_839' title='bbox 2132 4511 2208 4565; x_wconf 86' lang='lat' dir='ltr'><strong>ris</strong></span> <span class='ocrx_word' id='word_1_840' title='bbox 2241 4507 2454 4563; x_wconf 89' lang='lat' dir='ltr'><strong>humani</strong></span> <span class='ocrx_word' id='word_1_841' title='bbox 2496 4506 2748 4560; x_wconf 87' lang='lat' dir='ltr'><strong>divinitus</strong></span> <span class='ocrx_word' id='word_1_842' title='bbox 2778 4503 2976 4574; x_wconf 87' lang='lat' dir='ltr'><strong>prolata</strong></span> <span class='ocrx_word' id='word_1_843' title='bbox 3029 4502 3292 4556; x_wconf 90' lang='lat' dir='ltr'><strong>sententia</strong></span> <span class='ocrx_word' id='word_1_844' title='bbox 3314 4541 3328 4564; x_wconf 93' lang='lat'><strong>,</strong></span> <span class='ocrx_word' id='word_1_845' title='bbox 3374 4498 3533 4552; x_wconf 84' lang='lat' dir='ltr'><strong>Terra</strong></span> <span class='ocrx_word' id='word_1_846' title='bbox 3561 4516 3635 4562; x_wconf 83' lang='lat' dir='ltr'><strong>es,</strong></span> <span class='ocrx_word' id='word_1_847' title='bbox 3669 4509 3713 4551; x_wconf 80' lang='lat' dir='ltr'><strong>et</strong></span> 
     </span>
    </p>
   </div>
   <div class='ocr_carea' id='block_1_108' title="bbox 2129 4591 3712 4668">
    <p class='ocr_par' dir='ltr' id='par_1_108' title="bbox 2129 4591 3712 4668">
     <span class='ocr_line' id='line_1_108' title="bbox 2129 4591 3712 4668; baseline -0.009 -14"><span class='ocrx_word' id='word_1_848' title='bbox 2129 4601 2184 4654; x_wconf 88' lang='lat' dir='ltr'><strong>in</strong></span> <span class='ocrx_word' id='word_1_849' title='bbox 2211 4612 2395 4654; x_wconf 88' lang='lat' dir='ltr'><strong>terram</strong></span> <span class='ocrx_word' id='word_1_850' title='bbox 2421 4596 2685 4668; x_wconf 66' lang='lat' dir='ltr'><strong>ibislGen.</strong></span> <span class='ocrx_word' id='word_1_851' title='bbox 2717 4611 2806 4659; x_wconf 88' lang='grc' dir='ltr'>ιιι,</span> <span class='ocrx_word' id='word_1_852' title='bbox 2837 4592 2925 4666; x_wconf 81' lang='grc'><strong>19)</strong></span> <span class='ocrx_word' id='word_1_853' title='bbox 2953 4609 2967 4645; x_wconf 91' lang='lat'>:</span> <span class='ocrx_word' id='word_1_854' title='bbox 2999 4591 3267 4647; x_wconf 77' lang='lat' dir='ltr'><strong>fatendum</strong></span> <span class='ocrx_word' id='word_1_855' title='bbox 3295 4599 3378 4645; x_wconf 88' lang='lat' dir='ltr'><strong>est</strong></span> <span class='ocrx_word' id='word_1_856' title='bbox 3402 4591 3552 4654; x_wconf 84' lang='lat' dir='ltr'><strong>istos,</strong></span> <span class='ocrx_word' id='word_1_857' title='bbox 3575 4603 3712 4657; x_wconf 86' lang='lat' dir='ltr'><strong>quos</strong></span> 
     </span>
    </p>
   </div>
   <div class='ocr_carea' id='block_1_109' title="bbox 2131 4677 3710 4756">
    <p class='ocr_par' dir='ltr' id='par_1_109' title="bbox 2131 4677 3710 4756">
     <span class='ocr_line' id='line_1_109' title="bbox 2131 4677 3710 4756; baseline -0.011 -10"><span class='ocrx_word' id='word_1_858' title='bbox 2131 4691 2366 4746; x_wconf 89' lang='lat' dir='ltr'><strong>nondum</strong></span> <span class='ocrx_word' id='word_1_859' title='bbox 2393 4690 2460 4744; x_wconf 91' lang='lat' dir='ltr'><strong>de</strong></span> <span class='ocrx_word' id='word_1_860' title='bbox 2477 4687 2790 4755; x_wconf 84' lang='lat' dir='ltr'><strong>corporibus</strong></span> <span class='ocrx_word' id='word_1_861' title='bbox 2809 4699 3072 4756; x_wconf 82' lang='lat' dir='ltr'><strong>egressos,</strong></span> <span class='ocrx_word' id='word_1_862' title='bbox 3091 4698 3210 4736; x_wconf 92' lang='lat' dir='ltr'><strong>cum</strong></span> <span class='ocrx_word' id='word_1_863' title='bbox 3239 4682 3416 4735; x_wconf 87' lang='lat' dir='ltr'><strong>veniet</strong></span> <span class='ocrx_word' id='word_1_864' title='bbox 3445 4677 3710 4740; x_wconf 68' lang='lat' dir='ltr'><strong>Christus,</strong></span> 
     </span>
    </p>
   </div>
   <div class='ocr_carea' id='block_1_110' title="bbox 2132 4770 3710 4848">
    <p class='ocr_par' dir='ltr' id='par_1_110' title="bbox 2132 4770 3710 4848">
     <span class='ocr_line' id='line_1_110' title="bbox 2132 4770 3710 4848; baseline -0.01 -10"><span class='ocrx_word' id='word_1_865' title='bbox 2132 4782 2384 4848; x_wconf 90' lang='lat' dir='ltr'><strong>inveniet,</strong></span> <span class='ocrx_word' id='word_1_866' title='bbox 2416 4791 2471 4836; x_wconf 93' lang='lat' dir='ltr'><strong>et</strong></span> <span class='ocrx_word' id='word_1_867' title='bbox 2513 4779 2628 4834; x_wconf 91' lang='lat' dir='ltr'><strong>istis</strong></span> <span class='ocrx_word' id='word_1_868' title='bbox 2654 4778 2832 4832; x_wconf 90' lang='lat' dir='ltr'><strong>verbis</strong></span> <span class='ocrx_word' id='word_1_869' title='bbox 2871 4775 3130 4844; x_wconf 86' lang='lat' dir='ltr'><strong>Apostoli,</strong></span> <span class='ocrx_word' id='word_1_870' title='bbox 3159 4783 3216 4827; x_wconf 91' lang='lat' dir='ltr'><strong>et</strong></span> <span class='ocrx_word' id='word_1_871' title='bbox 3254 4773 3361 4826; x_wconf 89' lang='lat' dir='ltr'><strong>illis</strong></span> <span class='ocrx_word' id='word_1_872' title='bbox 3404 4771 3470 4825; x_wconf 90' lang='lat' dir='ltr'><strong>de</strong></span> <span class='ocrx_word' id='word_1_873' title='bbox 3515 4770 3710 4824; x_wconf 82' lang='lat' dir='ltr'><strong>Genesi</strong></span> 
     </span>
    </p>
   </div>
   <div class='ocr_carea' id='block_1_111' title="bbox 2130 4860 3713 4940">
    <p class='ocr_par' dir='ltr' id='par_1_111' title="bbox 2130 4860 3713 4940">
     <span class='ocr_line' id='line_1_111' title="bbox 2130 4860 3713 4940; baseline -0.009 -12"><span class='ocrx_word' id='word_1_874' title='bbox 2130 4890 2235 4928; x_wconf 88' lang='lat' dir='ltr'><strong>non</strong></span> <span class='ocrx_word' id='word_1_875' title='bbox 2268 4873 2436 4928; x_wconf 90' lang='lat' dir='ltr'><strong>teneri</strong></span> <span class='ocrx_word' id='word_1_876' title='bbox 2470 4887 2483 4924; x_wconf 92' lang='lat'>:</span> <span class='ocrx_word' id='word_1_877' title='bbox 2515 4870 2762 4940; x_wconf 89' lang='lat' dir='ltr'><strong>quoniam</strong></span> <span class='ocrx_word' id='word_1_878' title='bbox 2790 4881 2998 4921; x_wconf 90' lang='lat' dir='ltr'><strong>sursum</strong></span> <span class='ocrx_word' id='word_1_879' title='bbox 3042 4865 3094 4917; x_wconf 93' lang='lat' dir='ltr'><strong>in</strong></span> <span class='ocrx_word' id='word_1_880' title='bbox 3137 4862 3372 4917; x_wconf 90' lang='lat' dir='ltr'><strong>nubibus</strong></span> <span class='ocrx_word' id='word_1_881' title='bbox 3398 4860 3556 4930; x_wconf 91' lang='lat' dir='ltr'><strong>rapti,</strong></span> <span class='ocrx_word' id='word_1_882' title='bbox 3605 4877 3713 4914; x_wconf 87' lang='lat' dir='ltr'><strong>non</strong></span> 
     </span>
    </p>
   </div>
   <div class='ocr_carea' id='block_1_112' title="bbox 2130 4956 3713 5034">
    <p class='ocr_par' dir='ltr' id='par_1_112' title="bbox 2130 4956 3713 5034">
     <span class='ocr_line' id='line_1_112' title="bbox 2130 4956 3713 5034; baseline -0.011 -14"><span class='ocrx_word' id='word_1_883' title='bbox 2130 4967 2312 5034; x_wconf 90' lang='lat' dir='ltr'><strong>utique</strong></span> <span class='ocrx_word' id='word_1_884' title='bbox 2341 4963 2702 5026; x_wconf 89' lang='lat' dir='ltr'><strong>seminantur;</strong></span> <span class='ocrx_word' id='word_1_885' title='bbox 2728 4960 2850 5028; x_wconf 83' lang='lat' dir='ltr'><strong>quia</strong></span> <span class='ocrx_word' id='word_1_886' title='bbox 2881 4973 2978 5013; x_wconf 88' lang='lat' dir='ltr'><strong>nec</strong></span> <span class='ocrx_word' id='word_1_887' title='bbox 3008 4965 3134 5010; x_wconf 88' lang='lat' dir='ltr'><strong>eunt</strong></span> <span class='ocrx_word' id='word_1_888' title='bbox 3167 4956 3218 5008; x_wconf 90' lang='lat' dir='ltr'><strong>in</strong></span> <span class='ocrx_word' id='word_1_889' title='bbox 3251 4967 3468 5019; x_wconf 83' lang='lat' dir='ltr'><strong>terram,</strong></span> <span class='ocrx_word' id='word_1_890' title='bbox 3501 4967 3597 5005; x_wconf 90' lang='lat' dir='ltr'><strong>nec</strong></span> <span class='ocrx_word' id='word_1_891' title='bbox 3625 4968 3713 5004; x_wconf 81' lang='lat' dir='ltr'><strong>re-</strong></span> 
     </span>
    </p>
   </div>
   <div class='ocr_carea' id='block_1_113' title="bbox 2130 5046 3713 5121">
    <p class='ocr_par' dir='ltr' id='par_1_113' title="bbox 2130 5046 3713 5121">
     <span class='ocr_line' id='line_1_113' title="bbox 2130 5046 3713 5121; baseline -0.009 -10"><span class='ocrx_word' id='word_1_892' title='bbox 2130 5056 2328 5121; x_wconf 89' lang='lat' dir='ltr'><strong>deunt;</strong></span> <span class='ocrx_word' id='word_1_893' title='bbox 2357 5055 2467 5110; x_wconf 83' lang='lat' dir='ltr'><strong>sive</strong></span> <span class='ocrx_word' id='word_1_894' title='bbox 2489 5053 2684 5107; x_wconf 78' lang='lat' dir='ltr'><strong>nullam</strong></span> <span class='ocrx_word' id='word_1_895' title='bbox 2709 5064 2926 5121; x_wconf 89' lang='lat' dir='ltr'><strong>prorsus</strong></span> <span class='ocrx_word' id='word_1_896' title='bbox 2953 5048 3296 5117; x_wconf 77' lang='lat' dir='ltr'><strong>experiantur</strong></span> <span class='ocrx_word' id='word_1_897' title='bbox 3324 5055 3569 5109; x_wconf 88' lang='lat' dir='ltr'><strong>mortem,</strong></span> <span class='ocrx_word' id='word_1_898' title='bbox 3601 5046 3713 5097; x_wconf 86' lang='lat' dir='ltr'><strong>sive</strong></span> 
     </span>
    </p>
   </div>
   <div class='ocr_carea' id='block_1_114' title="bbox 2130 5142 2970 5219">
    <p class='ocr_par' dir='ltr' id='par_1_114' title="bbox 2130 5142 2970 5219">
     <span class='ocr_line' id='line_1_114' title="bbox 2130 5142 2970 5219; baseline -0.012 -18"><span class='ocrx_word' id='word_1_899' title='bbox 2130 5146 2400 5219; x_wconf 90' lang='lat' dir='ltr'><strong>paululum</strong></span> <span class='ocrx_word' id='word_1_900' title='bbox 2428 5147 2478 5198; x_wconf 96' lang='lat' dir='ltr'><strong>in</strong></span> <span class='ocrx_word' id='word_1_901' title='bbox 2507 5159 2630 5198; x_wconf 86' lang='lat' dir='ltr'><strong>aere</strong></span> <span class='ocrx_word' id='word_1_902' title='bbox 2658 5142 2970 5196; x_wconf 84' lang='lat' dir='ltr'><strong>moriantur.</strong></span> 
     </span>
    </p>
   </div>
   <div class='ocr_carea' id='block_1_115' title="bbox 2202 5225 3710 5298">
    <p class='ocr_par' dir='ltr' id='par_1_115' title="bbox 2202 5225 3710 5298">
     <span class='ocr_line' id='line_1_115' title="bbox 2202 5225 3710 5298; baseline -0.011 -6"><span class='ocrx_word' id='word_1_903' title='bbox 2202 5240 2254 5292; x_wconf 83' lang='grc'><strong>5.</strong></span> <span class='ocrx_word' id='word_1_904' title='bbox 2287 5237 2390 5292; x_wconf 89' lang='lat' dir='ltr'><strong>Sed</strong></span> <span class='ocrx_word' id='word_1_905' title='bbox 2421 5235 2561 5289; x_wconf 89' lang='lat' dir='ltr'><strong>aliud</strong></span> <span class='ocrx_word' id='word_1_906' title='bbox 2594 5249 2777 5288; x_wconf 89' lang='lat' dir='ltr'><strong>rursus</strong></span> <span class='ocrx_word' id='word_1_907' title='bbox 2805 5230 3054 5291; x_wconf 90' lang='lat' dir='ltr'><strong>occurrit,</strong></span> <span class='ocrx_word' id='word_1_908' title='bbox 3086 5228 3229 5298; x_wconf 89' lang='lat' dir='ltr'><strong>quod</strong></span> <span class='ocrx_word' id='word_1_909' title='bbox 3262 5228 3402 5281; x_wconf 88' lang='lat' dir='ltr'><strong>idem</strong></span> <span class='ocrx_word' id='word_1_910' title='bbox 3426 5225 3557 5279; x_wconf 81' lang='lat' dir='ltr'><strong>dixit</strong></span> <span class='ocrx_word' id='word_1_911' title='bbox 3580 5239 3710 5293; x_wconf 85' lang='lat' dir='ltr'><strong>apo-</strong></span> 
     </span>
    </p>
   </div>
   <div class='ocr_carea' id='block_1_116' title="bbox 2130 5317 3713 5392">
    <p class='ocr_par' dir='ltr' id='par_1_116' title="bbox 2130 5317 3713 5392">
     <span class='ocr_line' id='line_1_116' title="bbox 2130 5317 3713 5392; baseline -0.01 -9"><span class='ocrx_word' id='word_1_912' title='bbox 2130 5328 2316 5392; x_wconf 87' lang='lat' dir='ltr'><strong>stolus,</strong></span> <span class='ocrx_word' id='word_1_913' title='bbox 2342 5342 2460 5381; x_wconf 89' lang='lat' dir='ltr'><strong>cum</strong></span> <span class='ocrx_word' id='word_1_914' title='bbox 2489 5325 2554 5380; x_wconf 89' lang='lat' dir='ltr'><strong>de</strong></span> <span class='ocrx_word' id='word_1_915' title='bbox 2584 5323 2975 5379; x_wconf 85' lang='lat' dir='ltr'><strong>resurrectione</strong></span> <span class='ocrx_word' id='word_1_916' title='bbox 3005 5335 3291 5388; x_wconf 89' lang='lat' dir='ltr'><strong>corporum</strong></span> <span class='ocrx_word' id='word_1_917' title='bbox 3322 5319 3387 5371; x_wconf 82' lang='lat' dir='ltr'><strong>ad</strong></span> <span class='ocrx_word' id='word_1_918' title='bbox 3409 5317 3713 5373; x_wconf 74' lang='lat' dir='ltr'><strong>Corinthios</strong></span> 
     </span>
    </p>
   </div>
   <div class='ocr_carea' id='block_1_117' title="bbox 2194 5501 3687 5566">
    <p class='ocr_par' dir='ltr' id='par_1_117' title="bbox 2194 5501 3687 5566">
     <span class='ocr_line' id='line_1_117' title="bbox 2194 5501 3687 5566; baseline -0.016 -7"><span class='ocrx_word' id='word_1_919' title='bbox 2194 5511 2212 5543; x_wconf 77' lang='grc'><strong>⁸</strong></span> <span class='ocrx_word' id='word_1_920' title='bbox 2246 5507 2398 5558; x_wconf 75' lang='lat' dir='ltr'><strong>Nostri</strong></span> <span class='ocrx_word' id='word_1_921' title='bbox 2420 5503 2578 5562; x_wconf 87' lang='lat' dir='ltr'><strong>eodd.,</strong></span> <span class='ocrx_word' id='word_1_922' title='bbox 2602 5501 2794 5566; x_wconf 79' lang='lat' dir='ltr'><strong>primi._</strong></span> <span class='ocrx_word' id='word_1_923' title='bbox 2846 5507 2900 5548; x_wconf 72' lang='lat' dir='ltr'><strong>tit.</strong></span> <span class='ocrx_word' id='word_1_924' title='bbox 3010 5560 3020 5566; x_wconf 91' lang='lat'>_</span> <span class='ocrx_word' id='word_1_925' title='bbox 3679 5555 3687 5562; x_wconf 35' lang='lat'><strong><em>.</em></strong></span> 
     </span>
    </p>
   </div>
   <div class='ocr_carea' id='block_1_118' title="bbox 2195 5560 3713 5626">
    <p class='ocr_par' dir='ltr' id='par_1_118' title="bbox 2195 5560 3713 5626">
     <span class='ocr_line' id='line_1_118' title="bbox 2195 5560 3713 5626; baseline -0.013 -7"><span class='ocrx_word' id='word_1_926' title='bbox 2195 5573 2216 5604; x_wconf 77' lang='grc'>³</span> <span class='ocrx_word' id='word_1_927' title='bbox 2249 5577 2300 5618; x_wconf 88' lang='lat' dir='ltr'><strong>In</strong></span> <span class='ocrx_word' id='word_1_928' title='bbox 2322 5567 2481 5626; x_wconf 88' lang='lat' dir='ltr'><strong>editis,</strong></span> <span class='ocrx_word' id='word_1_929' title='bbox 2504 5560 2692 5626; x_wconf 72' lang='lat' dir='ltr'><strong>semper</strong></span> <span class='ocrx_word' id='word_1_930' title='bbox 2714 5561 2950 5612; x_wconf 81' lang='lat' dir='ltr'><strong>habentes.</strong></span> <span class='ocrx_word' id='word_1_931' title='bbox 2975 5560 3136 5615; x_wconf 80' lang='lat' dir='ltr'><strong>Abest,</strong></span> <span class='ocrx_word' id='word_1_932' title='bbox 3163 5569 3374 5620; x_wconf 82' lang='lat' dir='ltr'><strong>semper,</strong></span> <span class='ocrx_word' id='word_1_933' title='bbox 3402 5570 3430 5604; x_wconf 89' lang='lat' dir='ltr'><strong>a</strong></span> <span class='ocrx_word' id='word_1_934' title='bbox 3453 5560 3713 5604; x_wconf 71' lang='lat' dir='ltr'><strong>manuscri-</strong></span> 
     </span>
    </p>
   </div>
   <div class='ocr_carea' id='block_1_119' title="bbox 2157 5643 2250 5683">
    <p class='ocr_par' dir='ltr' id='par_1_119' title="bbox 2157 5643 2250 5683">
     <span class='ocr_line' id='line_1_119' title="bbox 2157 5643 2250 5683; baseline -0.043 0"><span class='ocrx_word' id='word_1_935' title='bbox 2157 5643 2250 5683; x_wconf 64' lang='lat' dir='ltr'><strong>ttis.</strong></span> 
     </span>
    </p>
   </div>
   <div class='ocr_carea' id='block_1_120' title="bbox 2136 5641 3715 5751">
    <p class='ocr_par' dir='ltr' id='par_1_120' title="bbox 2136 5641 3715 5751">
     <span class='ocr_line' id='line_1_120' title="bbox 2157 5641 2250 5679; baseline 0 -8"><span class='ocrx_word' id='word_1_936' title='bbox 2157 5645 2166 5671; x_wconf 76' lang='lat' dir='ltr'><strong>l</strong></span> <span class='ocrx_word' id='word_1_937' title='bbox 2194 5641 2199 5642; x_wconf 43' lang='grc'><strong><em>⁷</em></strong></span> <span class='ocrx_word' id='word_1_938' title='bbox 2223 5648 2250 5679; x_wconf 85' lang='grc'><strong>”,</strong></span> 
     </span>
     <span class='ocr_line' id='line_1_121' title="bbox 2136 5641 3715 5751; baseline -0.009 -14"><span class='ocrx_word' id='word_1_939' title='bbox 2136 5641 2148 5688; x_wconf 71' lang='grc' dir='ltr'><strong>Ι</strong></span> <span class='ocrx_word' id='word_1_940' title='bbox 2170 5643 2232 5726; x_wconf 58' lang='lat' dir='ltr'><strong>tl:</strong></span> <span class='ocrx_word' id='word_1_941' title='bbox 2253 5689 2388 5739; x_wconf 65' lang='lat' dir='ltr'><strong>tiditi,</strong></span> <span class='ocrx_word' id='word_1_942' title='bbox 2409 5688 2502 5738; x_wconf 87' lang='lat' dir='ltr'><strong>nisi</strong></span> <span class='ocrx_word' id='word_1_943' title='bbox 2521 5686 2654 5751; x_wconf 80' lang='lat' dir='ltr'><strong>prius</strong></span> <span class='ocrx_word' id='word_1_944' title='bbox 2675 5682 2924 5734; x_wconf 83' lang='lat' dir='ltr'><strong>moriatur.</strong></span> <span class='ocrx_word' id='word_1_945' title='bbox 2951 5678 3201 5736; x_wconf 79' lang='lat' dir='ltr'><strong>t‘articula,</strong></span> <span class='ocrx_word' id='word_1_946' title='bbox 3241 5679 3402 5751; x_wconf 48' lang='lat' dir='ltr'><strong>prius,</strong></span> <span class='ocrx_word' id='word_1_947' title='bbox 3445 5692 3539 5727; x_wconf 91' lang='lat' dir='ltr'><strong>non</strong></span> <span class='ocrx_word' id='word_1_948' title='bbox 3564 5687 3637 5726; x_wconf 64' lang='lat' dir='ltr'><strong>ess</strong></span> <span class='ocrx_word' id='word_1_949' title='bbox 3671 5681 3715 5727; x_wconf 78' lang='lat' dir='ltr'><strong>ia</strong></span> 
     </span>
    </p>
   </div>
   <div class='ocr_carea' id='block_1_121' title="bbox 2132 5739 3702 5815">
    <p class='ocr_par' dir='ltr' id='par_1_121' title="bbox 2132 5739 3702 5815">
     <span class='ocr_line' id='line_1_122' title="bbox 2132 5739 3702 5815; baseline 0.006 -33"><span class='ocrx_word' id='word_1_950' title='bbox 2132 5753 2482 5815; x_wconf 59' lang='lat' dir='ltr'><strong>umnuscn‘pﬁs,</strong></span> <span class='ocrx_word' id='word_1_951' title='bbox 2510 5739 2675 5815; x_wconf 59' lang='grc' dir='ltr'><strong>ἀθεμιςέ</strong></span> <span class='ocrx_word' id='word_1_952' title='bbox 2693 5751 2740 5796; x_wconf 80' lang='lat' dir='ltr'><strong>in</strong></span> <span class='ocrx_word' id='word_1_953' title='bbox 2760 5758 2918 5815; x_wconf 58' lang='lat' dir='ltr'><strong>graeco</strong></span> <span class='ocrx_word' id='word_1_954' title='bbox 2953 5751 3087 5793; x_wconf 76' lang='lat' dir='ltr'><strong>textu</strong></span> <span class='ocrx_word' id='word_1_955' title='bbox 3115 5739 3347 5815; x_wconf 47' lang='lat' dir='ltr'><strong>Apf-sto“;</strong></span> <span class='ocrx_word' id='word_1_956' title='bbox 3467 5810 3505 5815; x_wconf 28' lang='grc' dir='ltr'><strong><em>υ</em></strong></span> <span class='ocrx_word' id='word_1_957' title='bbox 3537 5807 3568 5815; x_wconf 77' lang='lat'><strong><em>_</em></strong></span> <span class='ocrx_word' id='word_1_958' title='bbox 3592 5797 3702 5815; x_wconf 38' lang='lat' dir='ltr'>LM</span> 
     </span>
    </p>
   </div>
   <div class='ocr_carea' id='block_1_122' title="bbox 2196 5797 3718 5883">
    <p class='ocr_par' dir='ltr' id='par_1_122' title="bbox 2196 5797 3718 5883">
     <span class='ocr_line' id='line_1_123' title="bbox 2196 5797 3718 5883; baseline -0.014 -15"><span class='ocrx_word' id='word_1_959' title='bbox 2196 5797 2566 5883; x_wconf 53' lang='lat' dir='ltr'><strong>(imagis:</strong></span> <span class='ocrx_word' id='word_1_960' title='bbox 2589 5797 2695 5883; x_wconf 52' lang='lat' dir='ltr'><strong>ius,</strong></span> <span class='ocrx_word' id='word_1_961' title='bbox 2719 5797 2790 5858; x_wconf 73' lang='lat' dir='ltr'><strong>ad”</strong></span> <span class='ocrx_word' id='word_1_962' title='bbox 2803 5815 3127 5863; x_wconf 75' lang='lat' dir='ltr'><strong>Mercatorcm,</strong></span> <span class='ocrx_word' id='word_1_963' title='bbox 3149 5797 3261 5850; x_wconf 53' lang='lat' dir='ltr'><strong>&#39;lib.</strong></span> <span class='ocrx_word' id='word_1_964' title='bbox 3311 5803 3380 5852; x_wconf 81' lang='lat' dir='ltr'><strong>de</strong></span> <span class='ocrx_word' id='word_1_965' title='bbox 3404 5810 3515 5853; x_wconf 83' lang='lat' dir='ltr'><strong>octo</strong></span> <span class='ocrx_word' id='word_1_966' title='bbox 3537 5797 3718 5849; x_wconf 67' lang='lat' dir='ltr'><strong>mut-nu</strong></span> 
     </span>
    </p>
   </div>
   <div class='ocr_carea' id='block_1_123' title="bbox 2131 5873 2704 5941">
    <p class='ocr_par' dir='ltr' id='par_1_123' title="bbox 2131 5873 2704 5941">
     <span class='ocr_line' id='line_1_124' title="bbox 2131 5873 2704 5941; baseline -0.016 -14"><span class='ocrx_word' id='word_1_967' title='bbox 2131 5873 2328 5941; x_wconf 40' lang='lat' dir='ltr'><strong>satiust”</strong></span> <span class='ocrx_word' id='word_1_968' title='bbox 2354 5893 2405 5941; x_wconf 61' lang='grc' dir='ltr'><strong>(ξ,</strong></span> <span class='ocrx_word' id='word_1_969' title='bbox 2427 5873 2474 5935; x_wconf 55' lang='grc' dir='ltr'><strong>δ’,</strong></span> <span class='ocrx_word' id='word_1_970' title='bbox 2503 5884 2553 5923; x_wconf 74' lang='lat' dir='ltr'><strong>et</strong></span> <span class='ocrx_word' id='word_1_971' title='bbox 2576 5873 2704 5922; x_wconf 84' lang='lat' dir='ltr'><strong>alibi.</strong></span> 
     </span>
    </p>
   </div>
  </div>
