3976 6520
283 346 384 399 689

284 463 623 531 loqueretur:
655 459 839 515 Omnes
863 475 1215 531 resurgemus;
1242 457 1352 524 vel,
1376 458 1512 513 sicut
1540 455 1626 510 alii
1647 456 1862 511 codices

285 555 516 620 habent,
555 552 743 608 Omnes
780 553 1082 608 dormiemus
1111 550 1184 624 (a)
1217 550 1268 624 (l
1291 551 1408 605 Cor.
1448 566 1536 617 xv,
1567 550 1682 617 5-1).
1731 548 1862 604 Cum

284 663 412 716 ergo
438 661 535 702 nec
565 646 887 700 resurrectio
918 644 1030 700 ﬁeri
1055 645 1242 715 possit,
1269 642 1368 697 nisi
1399 657 1544 696 mors
1570 656 1864 712 praecesse-

286 741 388 804 rit;
420 754 518 793 nec
545 737 920 793 dormitionem
959 737 1225 806 possimus
1269 735 1358 790 illo
1387 735 1504 788 loco
1533 733 1826 802 intelligere
1847 773 1862 797 ,

288 831 390 884 nisi
419 839 676 894 mortem;
707 827 976 900 quomodo
1004 841 1192 882 omnes
1229 826 1313 882 vel
1339 825 1635 888 dormient,
1667 824 1751 878 vel
1785 839 1868 878 rc-

289 929 544 990 surgent,
573 921 617 976 si
639 929 746 975 tam
773 919 948 986 multi,
971 933 1106 990 quos
1130 918 1182 973 in
1205 932 1430 988 corpore
1457 917 1764 971 inventurus
1788 923 1870 969 est

290 1011 562 1079 Christus,
594 1026 693 1067 nec
716 1010 1015 1076 dormiant,
1041 1025 1143 1068 nec
1169 1009 1478 1079 resurgent?
1499 1009 1556 1065 Si
1584 1023 1712 1078 ergo
1743 1023 1870 1063 san-

292 1112 430 1167 ctos,
451 1103 542 1174 qui
567 1103 903 1174 reperientur
922 1101 1136 1158 Christo
1161 1102 1408 1157 veniente
1435 1101 1700 1166 viventes,
1717 1101 1873 1168 eique

294 1196 346 1248 in
396 1196 610 1250 obviam
658 1195 960 1264 rapientur,
989 1193 1373 1249 crediderimus
1407 1193 1460 1247 in
1503 1192 1692 1248 eodem
1720 1201 1872 1259 raptu

294 1286 363 1342 de
393 1287 704 1343 mortalibus
733 1287 1043 1357 corporibus
1068 1287 1330 1353 exituros,
1361 1294 1417 1342 et
1445 1287 1507 1340 ad
1538 1285 1724 1342 eadem
1752 1300 1875 1338 mox
1918 1287 1920 1289 ’

297 1382 616 1436 immortalia
647 1381 931 1447 redituros,
960 1382 1133 1435 nullas
1165 1381 1216 1436 in
1239 1380 1415 1436 verbis
1440 1379 1682 1448 Apostoli
1706 1379 1873 1447 patie-

299 1491 418 1528 mur
443 1475 714 1545 angustias
735 1516 751 1542 ,
782 1476 896 1530 sive
929 1475 1020 1530 ubi
1051 1474 1212 1541 dicit,
1257 1473 1334 1528 Tu
1359 1475 1492 1544 quod
1519 1473 1753 1540 seminus,
1775 1487 1878 1525 non

300 1565 600 1633 viviﬁcatur,
629 1567 725 1619 nisi
754 1567 1032 1631 moriatur;
1055 1566 1169 1621 sive
1198 1566 1284 1621 ubi
1314 1565 1475 1630 dicit,
1505 1563 1692 1618 Omnes
1711 1579 1879 1616 resur-

300 1672 504 1725 gemus;
529 1665 638 1720 aut,
687 1657 870 1711 Omnes
893 1656 1194 1711 dormiemus
1215 1673 1234 1710 :
1269 1657 1388 1726 quia
1419 1672 1519 1711 nec
1548 1656 1623 1710 illi
1661 1670 1758 1725 per
1782 1655 1880 1707 im-

302 1747 676 1802 mortalitatem
696 1748 1122 1813 vivificabuntur,
1142 1749 1265 1814 nisi,
1279 1747 1569 1818 quamlibet
1589 1745 1877 1815 paululum,

305 1847 480 1892 tamen
510 1849 631 1894 ante
660 1841 985 1907 moriantur;
1016 1856 1078 1894 ac
1101 1857 1195 1910 per
1223 1841 1323 1895 hoc
1347 1849 1404 1896 et
1431 1855 1460 1893 a
1491 1838 1881 1894 resurrectione

303 1946 408 1982 non
455 1939 610 1984 erunt
641 1931 821 1998 alieni,
853 1947 1013 2000 quam
1053 1931 1304 1986 dortnitio
1343 1930 1666 2000 prtccedit‘,
1701 1944 1884 1998 quam-

305 2020 385 2073 vis
434 2020 764 2086 brevissima,
795 2038 900 2076 non
942 2033 1119 2077 tamen
1163 2023 1324 2077 ntilla.
1353 2022 1461 2076 Cur
1498 2030 1675 2076 autem
1730 2019 1884 2074 nobis

304 2110 614 2167 incredibile
653 2113 892 2167 videatur
918 2156 932 2178 ,
987 2115 1131 2169 illam
1173 2115 1562 2170 multitudinem
1599 2129 1884 2183 corporum

305 2204 358 2258 in
423 2221 550 2259 acre
611 2207 1002 2276 quodammodo
1067 2209 1359 2270 seminari.
1406 2216 1564 2276 atque
1625 2207 1701 2260 ibi
1762 2220 1887 2276 pro-

309 2301 449 2352 tinus
477 2300 844 2354 immortaliter
867 2308 1024 2367 atque
1051 2299 1520 2367 incorruptibiliter
1548 2298 1882 2360 reviviscere,

308 2405 429 2443 cum
481 2392 797 2458 credamus,
835 2391 977 2461 quod
1018 2392 1156 2445 idem
1198 2391 1310 2459 ipse
1338 2391 1623 2459 Apostolus
1664 2389 1890 2456 apertis-

310 2483 445 2536 sime
491 2481 696 2549 dicit”,
730 2483 782 2536 in
831 2483 940 2536 ictu
989 2483 1126 2537 oculi
1170 2481 1398 2535 futuram
1444 2480 1888 2534 resurrectionem

314 2571 354 2644 (1
387 2571 504 2626 Cor.
536 2589 625 2638 xv,
656 2573 768 2644 52),
795 2573 924 2628 etin
950 2573 1188 2627 membra
1218 2573 1332 2626 sine
1369 2571 1472 2625 line
1515 2573 1716 2624 victura
1748 2580 1890 2624 tanta

310 2662 564 2718 facilitate
614 2675 826 2734 tamque
867 2664 1224 2718 inzrstiniabili
1271 2663 1551 2718 velocitate
1598 2662 1889 2716 rediturum

311 2755 800 2824 antiquissimorum
845 2755 1163 2810 cadaverum
1208 2754 1519 2823 pulverem?
1549 2753 1656 2808 Nec
1692 2753 1759 2806 ab
1805 2752 1891 2805 illa

312 2847 596 2912 sententia,
628 2861 732 2916 qua
777 2845 980 2900 homini
1025 2846 1223 2900 dictum
1271 2854 1372 2909 est,
1429 2845 1587 2898 Terra
1632 2862 1703 2908 es,
1749 2852 1795 2897 et
1840 2845 1894 2897 in

314 2945 497 2990 terram
519 2935 629 3002 ibis,
656 2935 859 2991 futuros
879 2936 1000 2990 illos
1023 2946 1236 2990 sanctos
1255 2937 1576 2991 arbitramur
1604 2937 1888 3000 immunes,

313 3025 359 3079 si
383 3041 569 3080 eorum
613 3026 957 3081 morientium
1008 3026 1060 3080 in
1099 3036 1294 3080 terram
1342 3043 1445 3080 non
1491 3027 1732 3082 recident
1777 3043 1898 3080 cor-

316 3131 468 3186 pora,
497 3116 591 3172 scd
619 3117 758 3171 sicut
783 3117 839 3171 in
869 3118 984 3187 ipso
1004 3125 1157 3186 raptu
1190 3118 1504 3182 morientur,
1538 3117 1609 3171 ita
1639 3126 1692 3171 et
1722 3133 1899 3170 resur-

314 3215 464 3275 gent,
492 3206 616 3261 dum
641 3206 878 3262 ferentur
901 3208 954 3262 in
980 3223 1124 3262 aera.
1152 3206 1218 3261 In
1240 3218 1424 3262 terram
1445 3210 1637 3278 quippe
1656 3207 1772 3278 ibis,
1796 3217 1895 3274 est,

318 3298 372 3352 in
411 3298 511 3353 hoc
536 3298 638 3354 ibis
666 3300 860 3354 amissa
889 3301 995 3354 vita
1016 3339 1033 3367 ,
1065 3300 1204 3370 quod
1235 3316 1358 3355 cras
1406 3311 1689 3371 antequam
1717 3317 1901 3355 sume-

320 3406 408 3444 res
433 3392 592 3444 vitam
623 3408 636 3443 :
661 3391 713 3445 id
739 3400 852 3458 est,
891 3391 1006 3448 Hoc
1034 3393 1139 3447 eris
1177 3394 1506 3447 exanimatus
1527 3393 1568 3460 ³,
1609 3393 1753 3462 quod
1781 3408 1900 3446 eras

322 3491 602 3550 antequam
646 3495 794 3536 esses
835 3483 1120 3537 animatus.
1157 3483 1336 3536 Terra:
1374 3484 1567 3553 quippe
1617 3483 1902 3536 insufﬂavit

325 3571 467 3626 Deus
493 3571 546 3625 in
575 3570 764 3626 faciem
785 3570 966 3626 ﬂatum
988 3574 1131 3638 vitae,
1159 3587 1283 3626 cum
1313 3572 1479 3626 factus
1507 3581 1590 3626 est
1611 3572 1630 3602 ’⁸
1661 3572 1820 3626 homo
1847 3573 1900 3626 in

323 3663 554 3716 animam
586 3663 806 3717 vivam:
852 3672 1102 3732 tanquam
1147 3662 1444 3730 diceretur,
1487 3661 1650 3716 Terra
1676 3677 1735 3717 es
1782 3665 1901 3716 ani-

325 3755 658 3823 mata,,quod
683 3771 789 3810 non
812 3769 962 3820 eras;
987 3765 1127 3810 terra
1153 3756 1260 3810 eris
1285 3756 1565 3819 exanimis,
1590 3757 1728 3810 sicut
1755 3770 1897 3810 eras.

325 3841 475 3908 Quod
520 3855 645 3900 sunt
685 3854 739 3901 et
773 3855 1057 3916 antequam
1104 3853 1412 3916 putrescant
1452 3845 1631 3900 omnia
1675 3860 1900 3915 corpora

326 3945 657 3991 mortuorum
678 3956 691 3991 :
711 3937 851 4008 quod
871 3947 1028 3994 erunt
1047 3938 1224 4005 ctilla,
1256 3939 1302 3993 si
1322 3937 1638 4005 morientur,
1658 3938 1902 3992 ubicum-

326 4045 431 4100 que
460 4030 775 4096 moriantur,
804 4045 925 4085 cum
967 4031 1075 4084 vita
1121 4029 1400 4094 carebunt,
1446 4044 1604 4098 quam
1651 4029 1904 4084 continuo

327 4131 608 4192 receptura
659 4129 802 4176 sunt.
847 4121 934 4176 Sic
958 4134 1086 4192 ergo
1133 4120 1284 4176 ibunt
1327 4121 1380 4176 in
1420 4128 1643 4185 terram,
1689 4121 1812 4190 quia
1839 4136 1905 4175 ex

327 4213 463 4267 vivis
508 4213 811 4268 hominibus
853 4221 992 4268 terra
1037 4221 1240 4270 erunt:
1281 4213 1728 4282 quemadmodum
1767 4213 1809 4267 it
1853 4213 1906 4268 in

328 4304 586 4368 cinerem,
633 4304 774 4373 quod
800 4303 859 4358 fit
897 4303 1068 4369 cinis;
1098 4303 1137 4357 it
1175 4303 1226 4356 in
1275 4311 1615 4367 vetustatem,
1661 4303 1800 4372 quod
1850 4304 1909 4357 tit

330 4404 516 4460 vetus;
549 4394 590 4448 it
635 4394 692 4448 in
719 4403 908 4450 testam
929 4434 945 4461 ,
973 4393 1114 4464 quod
1159 4408 1225 4448 ex
1268 4393 1376 4448 luto
1403 4392 1461 4447 ﬁt
1511 4403 1642 4448 testa
1679 4411 1692 4448 :
1723 4403 1777 4448 et
1804 4395 1907 4450 alia

331 4494 589 4540 sexcenta
633 4485 711 4540 sic
737 4485 1022 4556 loquimur.
1053 4483 1332 4552 Quomodo
1365 4494 1546 4540 autem
1572 4486 1642 4540 sit
1672 4485 1906 4542 futurum

330 4577 474 4646 quod
517 4590 658 4632 nunc
695 4577 793 4647 pro
820 4586 1014 4633 nostrae
1054 4577 1366 4633 ratiunculae
1390 4578 1591 4633 viribus
1624 4587 1911 4647 utcumque

331 4669 668 4738 eonjicimus,
698 4678 825 4725 tunc
857 4670 960 4726 erit
987 4671 1183 4740 potius,
1211 4679 1268 4725 ut
1294 4685 1454 4726 nosse
1482 4672 1767 4740 possimus.
1801 4671 1908 4726 Re-

332 4765 724 4818 surreetionem
774 4763 968 4833 quippe
1018 4772 1351 4819 mortuorum
1406 4763 1634 4820 futuram
1684 4779 1805 4820 esse
1859 4767 1911 4819 in

330 4873 495 4914 carne
511 4857 554 4925 ⁸,
581 4856 793 4926 quando
820 4855 1065 4912 Christus
1091 4865 1349 4912 venturus
1374 4864 1457 4911 est
1480 4858 1630 4911 vivos
1647 4857 1910 4927 judicatu-

331 4965 425 5005 rus
450 4959 506 5005 et
547 4956 806 5014 mortuos,
835 4956 1065 5017 oportet,
1095 4947 1141 5002 si
1179 4947 1452 5002 christiani
1479 4961 1600 5002 esse
1645 4947 1909 5011 volumus,

331 5048 393 5094 ut
423 5038 724 5094 credamus.
753 5037 861 5094 Sed
889 5053 994 5092 non
1021 5036 1143 5092 ideo
1173 5036 1241 5092 de
1263 5037 1362 5091 hac
1395 5052 1454 5091 re
1479 5037 1650 5090 inanis
1674 5045 1756 5090 est
1780 5037 1913 5091 ﬁdes

335 5139 540 5196 nostra,
584 5131 630 5185 si
659 5129 1107 5200 quemadmodum
1148 5127 1326 5183 futura
1369 5128 1460 5194 sit,
1494 5126 1725 5196 perfecte
1766 5143 1912 5181 coui-

335 5220 669 5291 prehendere
711 5234 819 5275 non
855 5219 1113 5274 valemus.
1153 5218 1348 5274 Verum
1382 5220 1514 5287 jam,
1568 5219 1708 5272 sicut
1754 5234 1912 5288 supra

400 5355 417 5386 ⁸
452 5359 580 5410 Mss...
605 5363 746 5411 quam
763 5349 1044 5413 dormitione
1067 5350 1365 5413 pra'cednnt.

397 5418 418 5448 ί
453 5416 590 5475 Editi,
618 5410 874 5478 ’Apostolus
903 5411 1021 5462 alibi
1042 5410 1338 5476 apertissime
1361 5410 1496 5460 dicit.
1524 5411 1687 5470 Abest,
1716 5410 1850 5473 alibi,
1886 5425 1914 5461 a

334 5484 528 5607 “sime
549 5545 653 5607 uss.
675 5535 812 5592 aditi.
833 5534 1085 5607 euasionis.

399 5603 421 5630 δ
453 5608 503 5648 In
528 5600 686 5657 editis,
708 5611 816 5647 cum
840 5599 992 5659 tactus
1013 5602 1151 5648 esset.
1176 5603 1233 5647 At
1252 5604 1378 5657 Mss,
1414 5608 1521 5646 eum
1545 5596 1698 5652 factus
1715 5601 1800 5645 est.

400 5663 420 5726 ll
455 5671 578 5726 iussu
605 5663 883 5726 fttturam‘et
901 5659 949 5707 in
964 5673 1131 5726 carne.
1155 5686 1217 5726 ἡ
1239 5667 1398 5708 Recte.
1443 5721 1454 5726 _
1476 5719 1488 5726 _
1528 5665 1582 5706 Μ.

402 5723 474 5834 Sa)
495 5717 760 5786 \-'id.'Epist.
785 5721 893 5777 203,
918 5721 975 5768 ad
996 5721 1322 5783 Consentium,
1357 5734 1404 5770 η.
1437 5719 1511 5782 14,
1538 5727 1590 5770 et
1613 5717 1697 5770 lib.
1721 5719 1784 5769 de
1808 5726 1916 5769 octo

402 5787 527 5834 icitii
546 5792 742 5834 Ouaest“
765 5798 814 5834 α.
839 5783 888 5834 5.
913 5797 961 5833 n.
989 5783 1034 5832 4.

340 5783 527 5838 Dulcitii
546 5783 742 5848 quaeat,
765 5798 814 5846 q.
839 5783 888 5845 3,
913 5797 961 5833 n.
989 5783 1034 5832 4.

1622 341 1825 397 LIBER
1866 341 2239 406 VlGESlMU-S.

3447 345 3550 401 6ῦο

1967 461 2330 528 promisimus,
2359 463 2428 517 de
2454 463 2555 519 hoc
2575 464 2776 534 judicio
2803 464 2895 519 Dei
2926 462 3218 518 novissimo
3239 462 3395 516 etiam
3430 476 3550 529 pro-

1970 550 2164 620 phetici
2196 563 2402 608 veteres
2439 555 2558 609 libri
2604 556 2730 626 quid
2758 556 3228 627 prmnuntiaverint
3251 597 3266 622 ,
3292 563 3548 623 quantum

1969 644 2099 698 satis
2124 661 2243 700 esse
2269 647 2554 715 videbitur,
2589 649 2849 706 debemus
2877 649 3165 704 ostendere
3192 665 3204 701 :
3234 663 3382 717 (ιιιω,
3412 646 3551 699 sicut

1968 737 2220 802 arbitror,
2250 755 2356 794 non
2387 749 2531 796 tanta
2561 757 2709 797 mora
2740 757 2961 798 necesse
2999 742 3102 797 erit
3131 740 3348 796 tractari
3376 747 3431 792 et
3459 754 3554 791 ex-

1971 829 2135 898 poni,
2185 829 2230 884 si
2279 831 2430 898 istis,
2472 847 2591 903 quze
2631 833 3023 904 prmmisimus,
3071 831 3240 887 lector
3286 828 3553 884 curaverit

1971 921 2231 991 adjuvari.

1975 1012 2201 1070 CAPUT
2226 1015 2371 1071 XXI.
2400 1045 2471 1057 —
2499 1016 2635 1084 Quid
2669 1016 2838 1072 Isaias
2865 1017 3109 1088 prapheta
3139 1015 3202 1070 de
3239 1023 3556 1068 mortuorum

2071 1109 2432 1163 resurrectione
2455 1119 2501 1163 et
2528 1109 2590 1163 de
2615 1111 2938 1164 retributione
2965 1109 3147 1182 judicii
3173 1109 3238 1162 sit
3265 1108 3481 1162 locutus.

2052 1198 2102 1251 Ι.
2145 1199 2408 1268 Propheta
2447 1201 2630 1268 Isaias,
2680 1201 2979 1272 Resurgent,
3029 1200 3219 1269 inquit,
3269 1197 3471 1260 mortui,
3512 1204 3558 1247 ct

1977 1299 2238 1359 resurgent
2275 1291 2358 1361 qui
2382 1292 2436 1345 in
2461 1293 2708 1362 sepulcris
2748 1301 2890 1346 erant
2919 1309 2937 1345 :
2965 1301 3011 1345 et
3047 1291 3350 1346 lwtabuntur
3387 1303 3559 1341 omnes

1979 1381 2065 1448 qui
2088 1389 2204 1434 sunt
2230 1381 2283 1434 in
2313 1391 2482 1449 terra;
2508 1399 2592 1437 ros
2620 1383 2753 1436 enim
2790 1382 2877 1452 qui
2901 1381 2987 1435 abs
3013 1390 3058 1434 te
3101 1390 3192 1444 est,
3234 1379 3424 1432 sanitas
3459 1376 3562 1429 illis

1983 1481 2052 1526 est
2067 1487 2085 1526 :
2103 1482 2238 1526 terra
2251 1489 2364 1528 vero
2380 1474 2650 1544 impiorum
2663 1475 2806 1528 cadet
2820 1473 2867 1545 (1
2876 1475 2950 1527 sai
2959 1514 2970 1526 .
2985 1488 3134 1536 xxvn,
3152 1471 3238 1536 19,
3251 1487 3350 1525 sec.
3370 1468 3563 1536 LXX).

1985 1564 2175 1619 Totum
2202 1565 2330 1620 illud
2359 1568 2604 1638 superius
2628 1568 2692 1622 ad
2717 1569 3162 1623 resurrectionem
3188 1565 3417 1635 pertinet
3439 1563 3565 1617 bea-

1985 1667 2180 1712 torum.
2209 1659 2362 1725 Quod
2409 1671 2588 1714 aulem
2626 1661 2719 1726 ait,
2750 1659 2909 1715 Terra
2955 1675 3070 1712 vero
3091 1658 3360 1728 impiorum
3397 1653 3562 1718 cadet,

1986 1747 2124 1802 bene
2172 1749 2487 1817 intelligitur
2526 1749 2766 1817 dictum,
2817 1751 3057 1818 Corpora
3104 1763 3235 1802 vero
3285 1745 3567 1814 impiorum

1987 1841 2140 1895 ruina
2160 1840 2513 1896 damnationis
2543 1843 2792 1912 excipiet.
2816 1841 2932 1898 Jam
2958 1855 3116 1911 porro
3138 1839 3181 1893 si
3214 1838 3278 1892 de
3307 1837 3569 1891 bonorum

1989 1933 2377 1988 resurrectione
2423 1933 2566 2004 quod
2609 1933 2806 1986 dictum
2861 1941 2976 1997 est,
3034 1930 3339 1998 diligentius
3386 1932 3441 1981 et
3486 1923 3570 1978 di-

1990 2024 2236 2078 stinctius
2265 2024 2487 2077 velimus
2516 2023 2730 2087 intueri,
2758 2022 2823 2076 ad
2856 2023 3078 2091 primam
3117 2017 3452 2073 referendum
3493 2023 3573 2067 est

1990 2114 2130 2184 quod
2169 2115 2366 2169 dictum
2419 2123 2531 2181 est,
2581 2112 2860 2183 Resurgent
2899 2112 3120 2173 mortui;
3168 2109 3234 2162 ad
3286 2105 3571 2161 secundam

1997 2222 2123 2261 vero
2147 2206 2288 2276 quod
2317 2207 2574 2276 sequitur,
2605 2215 2650 2258 et
2671 2211 2926 2273 rcsurgent
2958 2203 3042 2273 qui
3071 2202 3122 2253 in
3145 2198 3390 2268 sepulcris
3408 2205 3571 2248 erant.

1993 2295 2109 2350 Jam
2150 2297 2194 2349 si
2225 2305 2279 2350 et
2308 2296 2426 2350 illos
2475 2296 2803 2362 inquii-smus
2833 2303 3076 2355 sanctos,
3127 2304 3259 2359 quos
3303 2288 3387 2342 hic
3427 2288 3577 2338 vivos

1994 2388 2307 2441 inventurus
2355 2395 2436 2441 est
2494 2387 2780 2450 Dominus,
2827 2386 2906 2437 eis
2958 2397 3189 2451 congrue
3239 2377 3578 2448 deputabitur

1996 2479 2133 2547 quod
2161 2479 2426 2547 atljunxit,
2452 2476 2520 2530 Et
2550 2477 2852 2531 [relabuntur
2881 2491 3050 2527 omnes
3075 2472 3161 2541 qui
3186 2480 3300 2524 sunt
3331 2471 3382 2522 in
3413 2477 3577 2528 terra;

1995 2586 2078 2623 ros
2108 2571 2240 2624 enim
2262 2570 2348 2640 qui
2370 2570 2457 2623 abs
2485 2581 2531 2621 te
2559 2578 2651 2634 est,
2675 2567 2865 2620 sanitas
2887 2564 2989 2617 illis
3017 2573 3108 2616 est.
3141 2561 3430 2615 Sanitatem
3463 2559 3581 2611 loco

2000 2663 2133 2726 isto,
2167 2662 2619 2715 immortalitatem
2647 2660 2943 2714 rectissime
2985 2656 3295 2724 accipimus.
3330 2652 3403 2705 Ea
3433 2664 3581 2702 nam—

1999 2770 2101 2823 que
2130 2764 2210 2808 est
2232 2753 2541 2822 plenissima
2570 2751 2790 2816 sanitas,
2818 2765 2936 2819 quae
2966 2762 3070 2800 non
3095 2745 3332 2800 reﬁcitur
3357 2741 3582 2794 aliuth-

2001 2846 2068 2900 tis
2095 2855 2343 2915 tanquam
2372 2843 2695 2914 quotidianis
2716 2838 3136 2895 medicamentis.
3164 2837 3291 2890 Item
3314 2831 3584 2901 dejudicii

2001 2938 2088 2993 die
2131 2953 2280 3006 spem
2334 2938 2478 3006 prius
2506 2935 2640 2989 dans
2690 2935 2864 2998 bonis,
2893 2931 3086 2986 deinde
3126 2938 3331 2982 terrens
3377 2923 3582 2985 malos,

2002 3031 2144 3085 idem
2175 3029 2434 3099 propheta
2463 3029 2539 3082 sic
2565 3027 2801 3096 loquitur
2822 3015 2852 3082 ί
2871 3023 2994 3077 Hcce
3011 3023 3129 3076 dicit
3151 3020 3419 3079 Dominus,
3449 3015 3577 3068 Ecce

2003 3139 2093 3192 ego
2120 3122 2315 3174 declina
2343 3121 2393 3172 in
2422 3136 2504 3173 eos
2537 3128 2592 3171 ut
2619 3119 2808 3187 flumen
2848 3116 3007 3186 pacis,
3041 3123 3086 3166 et
3113 3122 3166 3165 ut
3199 3121 3391 3164 torrens
3428 3109 3584 3158 inun-

2005 3215 2131 3267 dans
2167 3213 2382 3283 gloriam
2409 3211 2649 3281 gentium.
2680 3207 2805 3261 Filii
2831 3223 3003 3260 eorum
3029 3219 3183 3272 super
3212 3201 3444 3253 humeros
3467 3213 3586 3266 por-

2007 3304 2275 3370 tabuntur,
2305 3314 2351 3358 et
2388 3320 2542 3374 super
2581 3293 2743 3373 genua
2784 3297 3201 3354 consolabuntur.
3245 3291 3588 3357 Quemadmo-

2008 3399 2128 3451 dum
2156 3399 2199 3452 si
2226 3414 2370 3468 quem
2397 3406 2556 3450 mater
2585 3396 2869 3449 consoletur
2889 3435 2905 3460 ,
2933 3394 3008 3445 ita
3035 3407 3124 3462 ego
3146 3406 3230 3442 vos
3257 3385 3590 3446 consolabor;

2008 3499 2052 3541 et
2082 3491 2134 3541 in
2162 3488 2448 3542 Jerusalem
2478 3486 2861 3541 consolabimini
2891 3501 2908 3538 :
2941 3493 2986 3537 et
3011 3482 3256 3540 videbitis,
3281 3489 3328 3530 et
3354 3475 3589 3549 gaudebit

2007 3596 2094 3632 cor
2113 3590 2350 3644 vestrum,
2384 3589 2430 3632 et
2455 3595 2568 3633 ossa
2597 3588 2758 3632 vestra
2788 3587 2844 3629 ut
2865 3575 3048 3628 lterba‘
3077 3573 3384 3626 exorientur.
3415 3569 3475 3621 lit
3508 3585 3593 3618 co-

2008 3680 2275 3739 gnoscetur
2301 3686 2481 3722 manus
2519 3668 2728 3721 Domini
2756 3665 3032 3720 colentibus
3065 3680 3174 3716 eum
3195 3679 3213 3715 :
3239 3672 3284 3714 et
3317 3661 3595 3713 conamina.

1997 3761 2141 3814 bitur
2170 3759 2566 3814 contumacibus.
2599 3757 2732 3811 Ecce
2755 3759 2885 3810 enim
2905 3755 3154 3806 Dominus
3177 3761 3228 3805 ut
3251 3751 3382 3822 ignis
3413 3751 3592 3814 veniet,

2010 3864 2055 3906 et
2079 3863 2134 3905 ut
2163 3860 2428 3922 tempestas
2455 3867 2634 3904 currus
2660 3851 2788 3920 ejus,
2807 3847 3016 3900 reddere
3035 3847 3084 3897 in
3109 3843 3455 3911 indignatione
3483 3841 3594 3892 vin-

2011 3945 2231 4007 dictam,
2261 3952 2308 3997 et
2332 3943 2660 3995 vastationem
2691 3941 2742 3992 in
2779 3940 2972 4008 [lamna
3001 3937 3150 4005 ignis.
3187 3932 3250 3986 In
3301 3932 3417 4002 igne
3463 3931 3595 3982 enim

2011 4036 2218 4090 Domini
2231 4033 2546 4105 jndicabitur
2575 4033 2738 4086 omnis
2769 4041 2922 4094 terra,
2953 4030 3070 4082 etin
3103 4026 3274 4097 gladio
3295 4025 3402 4094 ejus
3433 4023 3596 4074 omnis

2011 4147 2128 4183 caro
2152 4145 2170 4182 :
2198 4129 2340 4181 nmlti
2369 4127 2614 4180 vulnerati
2635 4132 2777 4178 erunt
2798 4139 2830 4175 a
2860 4120 3080 4174 Domino
3107 4115 3218 4187 (Id.
3243 4132 3391 4172 LXVI.
3419 4115 3593 4176 hbiti,

2013 4241 2111 4277 sec.
2156 4219 2343 4292 LXX).
2379 4221 2434 4274 lu
2491 4219 2752 4273 bonorum
2803 4214 3156 4285 promissione
3209 4210 3403 4263 iliiinen
3454 4207 3598 4276 pacis

2016 4315 2300 4384 profccto'
2345 4311 2726 4367 abundantiam
2773 4309 2916 4378 pacis
2962 4306 3102 4359 illius
3149 4302 3406 4357 debemus
3453 4299 3596 4352 acci-

2015 4422 2140 4475 pere
2163 4447 2178 4470 ,
2211 4419 2308 4474 qua
2339 4403 2508 4473 major
2552 4417 2671 4455 esse
2700 4415 2806 4454 non
2835 4398 3022 4468 possit.
3057 4396 3166 4449 llac
3193 4395 3373 4461 utique
3405 4393 3454 4444 in
3487 4392 3593 4445 line

2016 4497 2351 4567 rigabimur:
2407 4494 2474 4548 de
2503 4509 2604 4562 qua
2648 4493 2697 4544 in
2737 4489 3054 4560 praecedenti
3097 4487 3229 4539 libro
3271 4484 3600 4537 abundanter

2017 4591 2178 4646 locuti
2205 4604 2409 4643 sumus.
2461 4588 2573 4640 lloc
2618 4587 2812 4638 [lumen
2840 4598 2898 4636 se
2942 4581 2992 4633 in
3022 4595 3116 4634 eos
3148 4577 3417 4631 declinare
3441 4576 3596 4638 dicit,

2016 4683 2209 4752 quibus
2243 4690 2440 4734 tantam
2487 4676 2870 4731 beatitudinem
2898 4672 3208 4741 pollicetur,
3239 4678 3297 4720 ut
3342 4665 3599 4734 intelligo-

2018 4789 2136 4830 mus
2160 4774 2212 4827 in
2237 4772 2378 4826 illius
2402 4769 2671 4825 felicitatis
2698 4768 2935 4837 regione,
2967 4779 3086 4833 qua:
3113 4763 3166 4815 in
3196 4760 3347 4814 cadis
3373 4769 3474 4821 est,
3502 4759 3600 4811 hoc

2017 4865 2236 4920 ﬂumine
2255 4863 2433 4918 omnia
2455 4859 2656 4916 satiari.
2685 4859 2789 4914 Sed
2817 4857 2937 4927 quia
2965 4865 3017 4909 et
3038 4853 3262 4906 terrenis
3286 4849 3600 4916 Corporibus

2018 4976 2117 5030 pax
2151 4955 2563 5025 incorruptionis
2595 4959 2752 5020 atque
2774 4946 3184 5004 immortalitatis
3215 4942 3333 4995 inde
3366 4939 3598 5000 iuﬂtn-t’,

2020 5053 2139 5107 ideo
2169 5050 2438 5104 declinare
2479 5061 2538 5101 se
2574 5045 2702 5100 dicit
2731 5043 2832 5096 hoc
2884 5041 3078 5093 ﬂumen
3101 5079 3115 5103 ,
3146 5045 3202 5089 ut
3243 5035 3311 5088 dc
3357 5031 3602 5098 superuis

2019 5139 2411 5217 quodammodo
2441 5141 2600 5193 etiam
2632 5136 2882 5189 inferiora
2931 5129 3245 5200 perfundat,
3275 5135 3328 5180 et
3360 5124 3602 5177 homines

2019 5215 2254 5302 :equales
2281 5233 2496 5300 Angelis
2523 5229 2725 5283 reddat.
2751 5224 3044 5279 Jerusalem
3067 5234 3298 5290 quoque,
3325 5231 3426 5269 nun
3457 5215 3600 5268 illam

2022 5346 2136 5400 qua:
2182 5337 2345 5380 servit
2374 5341 2494 5379 cum
2526 5321 2646 5376 [illis
2688 5322 2817 5383 suis,
2848 5317 2938 5371 sed
2984 5315 3202 5368 liberam
3245 5321 3465 5364 matrem
3510 5323 3601 5360 no-

2087 5531 2100 5558 ¹
2137 5529 2208 5575 sic
2225 5524 2373 5573 nostri
2399 5520 2609 5574 codices,
2627 5525 2681 5566 ut
2705 5513 2824 5562 infra
2849 5514 3127 5562 constanter
3152 5513 3316 5555 Patres
3336 5502 3603 5552 Benedicti-

2021 5591 2087 5645 ni,
2112 5591 2195 5651 qui
2218 5589 2309 5636 hoc
2333 5584 2456 5651 loco,
2480 5582 2600 5630 sicut
2623 5579 2784 5651 [nn-bu.
2839 5584 2892 5622 Μ.
2916 5648 2941 5651 μ
2971 5630 3276 5651 --ω-,ΣΜῙΜΜ
3295 5641 3338 5651 Μ
3367 5624 3573 5651 ΑΠΗΝΗ.

2218 5625 2460 5696 ’ῐῖἆίὶῖ
2480 5625 2695 5701 Viam
2718 5639 2944 5701 binorum
2969 5630 3276 5695 promissione
3291 5641 3338 5677 se
3363 5625 3602 5676 declinare

2022 5715 2157 5770 dicit,
2184 5719 2232 5759 ut
2256 5709 2432 5773 fluitant
2453 5700 2610 5773 pacis,
2630 5700 2754 5773 quod
2780 5700 3059 5773 profectio)?
3091 5756 3102 5773 ἰ

2090 5753 2394 5834 iidiu',"eisi
2416 5753 2602 5830 ξιῖίιιιίνιί
2623 5753 2788 5813 alelius
2807 5753 2930 5820 Mss,
2949 5756 3060 5808 inde
3087 5753 3264 5818 inﬂuct.
