4004 6578
349 403 444 460 691

348 522 510 568 stram
539 507 922 578 intelligamus,
950 505 1235 562 secundum
1279 503 1590 575 Apostolum
1610 548 1626 574 ,
1652 515 1904 561 aeternam

351 603 404 655 in
427 599 575 654 caelis
605 598 796 668 (Galat.
824 613 892 662 tv,
924 595 1036 664 26).
1073 595 1144 649 lbi
1173 605 1290 665 post
1315 595 1528 650 labores
1553 609 1907 649 aerumnarum

351 705 699 758 curarumque
727 689 1026 742 mortalium
1054 687 1445 742 consolabimur
1466 728 1481 752 ,
1509 695 1758 755 tanquam
1786 700 1910 753 par-

357 783 459 834 vuli
483 782 597 848 ejus
625 781 676 833 in
708 779 943 833 humeris
969 780 1295 847 gentibusque
1325 778 1534 847 portati.
1567 777 1742 831 Budes
1769 776 1910 831 enim

357 886 453 924 nos
479 880 532 925 et
550 885 712 924 novos
735 869 1091 924 blandissintis
1119 868 1390 936 adjutoriis
1416 867 1623 920 insolita
1653 866 1804 920 nobis
1825 865 1911 920 illa

361 959 624 1016 beatitudo
667 960 931 1027 suscipiet.
988 959 1061 1012 lbi
1086 958 1417 1019 videbimus,
1448 965 1501 1011 et
1542 955 1784 1026 gaudebit
1823 969 1915 1009 cor

359 1060 619 1107 nostrum.
664 1048 773 1103 Nec
817 1049 1078 1117 expressit
1105 1048 1230 1117 quid
1270 1046 1564 1100 videbimus
1599 1044 1734 1099 :sed
1760 1043 1912 1113 quid,

364 1139 460 1194 nisi
489 1139 690 1193 Deum?
719 1147 775 1192 ut
805 1139 1084 1206 impleatur
1124 1138 1176 1190 in
1224 1136 1373 1190 nobis
1412 1134 1727 1205 promissum
1754 1147 1917 1186 evan-

363 1229 606 1299 gelicum,
637 1228 778 1281 Beati
803 1229 989 1281 mundo
1015 1228 1184 1291 corde,
1216 1226 1454 1297 quoniam
1476 1224 1573 1294 ipsi
1598 1221 1760 1277 Deum
1785 1221 1919 1276 vide-

361 1319 483 1373 bunt
510 1318 716 1390 (Matth.
744 1335 797 1384 v,
830 1319 923 1389 8);
955 1327 1009 1372 et
1033 1318 1208 1372 omnia
1239 1316 1342 1379 illa,
1377 1329 1493 1382 quae
1535 1327 1675 1367 nunc
1713 1326 1816 1364 non
1847 1311 1920 1363 vi-

360 1407 570 1475 demus,
599 1407 874 1462 credentes
903 1416 1109 1473 antem,
1135 1419 1231 1474 pro
1260 1403 1472 1456 modulo
1496 1400 1798 1470 capacitatis
1822 1398 1921 1451 hu-

364 1513 552 1562 manm,
573 1499 726 1567 longe
753 1498 924 1551 minus
944 1511 1098 1564 quam
1125 1503 1247 1548 sunt
1265 1501 1421 1562 atque
1441 1489 1923 1559 incomparabiliter

365 1589 674 1657 cogitamus.
695 1585 762 1640 Et
783 1586 1002 1640 videbitis
1019 1626 1035 1652 ,
1058 1585 1243 1655 inquit,
1259 1593 1303 1637 et
1324 1581 1555 1654 gaudebit
1579 1596 1664 1634 cor
1686 1588 1920 1633 vestrum.

365 1676 722 1738 llic.ereditis,
751 1677 822 1730 ibi
849 1675 1111 1730 videbitis.

435 1767 492 1824 2.
531 1767 634 1822 Sed
673 1767 919 1836 quoniam
955 1767 1122 1831 dixit,
1157 1763 1220 1817 Et
1257 1763 1490 1834 gaudebit
1533 1779 1618 1816 cor
1657 1770 1873 1816 vestrum
1906 1775 1922 1814 :

367 1871 436 1910 ne
462 1867 763 1926 putaremus
801 1856 890 1910 illa
914 1856 1050 1909 bona
1087 1854 1377 1909 Jerusalem
1424 1853 1489 1907 ad
1537 1861 1774 1906 nostrum
1815 1860 1928 1903 tan-

369 1947 643 2002 tummodo
669 1947 908 2017 spiritum
953 1947 1252 2016 pertinere;
1284 1945 1349 1998 Et
1374 1961 1518 2009 ossa,
1551 1944 1747 2013 inquit,
1773 1954 1930 1995 vestra

371 2049 428 2094 ut
472 2040 624 2093 herba
671 2041 951 2094 exorientur
979 2055 998 2092 :
1036 2039 1122 2094 ubi
1165 2039 1605 2093 resurrectionem
1651 2051 1930 2104 corporum

374 2131 620 2194 strinxit,
660 2131 803 2184 velut
851 2129 989 2198 quod
1042 2145 1146 2182 non
1195 2129 1400 2182 dixerat
1459 2126 1730 2180 reddens:
1764 2139 1933 2193 neque

373 2224 517 2278 enim
559 2239 678 2277 cum
725 2222 1006 2276 viderimus
1030 2263 1044 2287 ,
1076 2223 1203 2286 ﬁet;
1233 2219 1325 2274 sed
1366 2234 1484 2273 cum
1529 2218 1685 2272 fuerit
1714 2217 1848 2271 facta
1877 2218 1929 2281 ⁸,

375 2316 685 2370 videbimus.
710 2314 840 2368 Nam
871 2324 924 2369 et
963 2314 1027 2368 de
1054 2314 1187 2368 ccclo
1215 2327 1352 2366 novo
1380 2327 1441 2365 ac
1473 2320 1611 2364 terra
1651 2323 1782 2363 nova
1824 2309 1934 2378 jam

377 2421 536 2475 supra
563 2405 801 2470 dixerat,
835 2405 958 2458 dum
999 2420 1060 2458 ea
1087 2420 1204 2472 qua:
1229 2403 1426 2456 sanctis
1456 2403 1830 2470 promittuntur
1882 2400 1934 2453 in

378 2497 515 2560 ﬁne,
547 2511 688 2564 smpe
729 2509 791 2548 ac
816 2494 1208 2548 multiformiter
1235 2494 1433 2547 diceret
1456 2493 1475 2524 ³
1510 2509 1523 2545 :
1560 2490 1698 2551 Erit.
1730 2490 1936 2558 inquit,

377 2585 551 2638 crrlum
571 2601 752 2638 novum
779 2594 825 2637 et
846 2595 978 2638 terra
1005 2599 1159 2645 nova,
1191 2593 1234 2636 et
1257 2600 1355 2636 non
1375 2591 1516 2636 erunt
1538 2598 1777 2635 memores
1804 2581 1941 2648 prio-

377 2694 524 2740 rum,
551 2693 639 2730 nec
674 2676 936 2730 ascendent
966 2675 987 2706 ⁸
1012 2677 1063 2728 in
1101 2691 1188 2729 cor
1230 2676 1456 2744 ipsorum
1485 2690 1502 2727 :
1528 2673 1614 2728 sed
1645 2674 1868 2727 laetitiam
1894 2680 1941 2724 et

379 2767 754 2820 exsultationem
771 2767 1015 2820 invenient
1037 2768 1088 2819 in
1109 2767 1321 2820 ea.Ecce
1339 2782 1429 2836 ego
1457 2765 1641 2834 facium
1659 2763 1943 2818 Jerusalem

383 2858 766 2913 exsultationem
790 2900 805 2924 ,
845 2869 890 2912 et
938 2860 1179 2929 populant
1207 2875 1372 2912 meum
1415 2859 1678 2922 ltetitiam;
1709 2867 1753 2910 et
1778 2856 1946 2910 exsul.

385 2949 498 3002 tabo
519 2951 570 3002 in
590 2948 892 3011 Jerusalem,
924 2961 968 3003 et
997 2949 1203 3003 laetabor
1227 2951 1280 3002 in
1316 2948 1504 3018 populo
1543 2963 1680 3009 meo;
1722 2955 1767 3001 et
1810 2947 1944 3000 ultra

383 3059 482 3096 non
508 3043 736 3097 audietur
778 3042 830 3096 in
869 3041 961 3096 illa
1000 3058 1096 3095 vox
1120 3043 1266 3112 ﬂetus
1287 3040 1439 3111 (Isai.
1473 3056 1592 3106 va,
1626 3039 1811 3103 l7-l9,
1841 3053 1941 3091 sec.

384 3131 550 3200 LXX)
570 3151 584 3186 :
605 3141 659 3186 et
678 3141 888 3196 ezrtera,
913 3147 1027 3201 qua:
1048 3131 1259 3201 quidam
1278 3131 1342 3184 ad
1360 3130 1600 3185 carnales
1623 3129 1739 3183 illos
1761 3128 1782 3155 ⁸³
1805 3129 1945 3182 mille

384 3241 552 3279 annos
571 3224 770 3279 referre
785 3230 1060 3279 conantur.
1081 3223 1395 3278 Locutiones
1421 3223 1560 3276 enim
1585 3221 1796 3289 tropicte
1824 3234 1948 3286 pro-

388 3316 515 3385 priis
546 3315 854 3384 pr0phetico
893 3329 1042 3368 more
1085 3314 1374 3367 miscentur
1402 3330 1415 3366 :
1444 3321 1497 3370 ul
1519 3311 1586 3365 ad
1629 3310 1950 3363 intellectum

389 3407 712 3474 spiritualem
744 3406 966 3458 intentio
995 3405 1169 3460 sobria
1196 3419 1317 3457 cum
1356 3402 1581 3472 quodam
1625 3402 1736 3456 utili
1781 3416 1841 3454 ac
1869 3416 1954 3453 sa-

393 3496 528 3549 lubri
583 3496 761 3548 labore
810 3495 1118 3563 perveniat:
1153 3493 1356 3562 pigritia
1408 3507 1530 3546 vero
1577 3492 1831 3555 carnalis,
1871 3491 1952 3544 vel

388 3586 666 3641 incrudita:
693 3595 848 3654 atque
870 3585 1224 3639 inexercitata:
1252 3584 1464 3637 tarditas
1492 3584 1681 3636 mentis
1708 3590 1951 3635 contenta

396 3677 583 3731 littera:
608 3677 882 3746 superﬁcie
904 3718 920 3743 ,
964 3677 1090 3729 nihil
1127 3684 1270 3744 putat
1312 3676 1531 3728 interius
1555 3674 1948 3743 requirendmn.

395 3768 519 3822 llaec
561 3767 628 3822 de
680 3767 996 3836 propheticis
1040 3767 1245 3831 verbis,
1276 3781 1392 3835 quae
1431 3774 1554 3820 ante
1597 3765 1752 3819 istum
1782 3765 1953 3818 locum

397 3859 588 3925 scripta
615 3867 770 3923 sunt,
801 3860 928 3911 satis
957 3857 1203 3911 dixerim.
1233 3857 1288 3910 ln
1315 3856 1415 3909 hoc
1440 3865 1614 3909 autem
1642 3856 1789 3921 loco,
1815 3853 1956 3909 unde

393 3947 460 4000 ad
487 3947 570 4000 illa
601 3947 822 4016 digressi
850 3961 1033 4000 sumus
1053 3988 1068 4013 ,
1099 3961 1218 4000 cum
1259 3947 1510 4009 dixisset,
1543 3943 1610 3997 Et
1644 3960 1755 3998 ossa
1795 3953 1957 3997 vestra

395 4046 447 4089 ut
477 4038 629 4090 herba
673 4039 984 4103 exorientur,
1015 4047 1070 4090 ut
1113 4037 1551 4092 resurrectionem
1596 4037 1806 4105 quidem
1845 4051 1960 4090 car-

397 4128 514 4192 nis,
542 4127 634 4180 sed
681 4137 848 4182 tamen
890 4129 1145 4182 bonorum
1176 4127 1231 4194 ⁵,
1264 4144 1322 4183 se
1366 4143 1503 4182 nunc
1545 4142 1958 4182 commemorare

398 4226 753 4282 monstraret,
782 4219 1055 4286 adjttnxit,
1089 4218 1153 4271 Et
1192 4228 1510 4288 cognoscetur
1536 4234 1713 4270 manus
1756 4217 1962 4270 Domini

399 4307 668 4359 colentibus
689 4323 817 4359 eum.
841 4307 972 4373 Quid
999 4317 1078 4360 est
1104 4307 1203 4362 hoc
1221 4347 1236 4374 ,
1259 4308 1359 4360 nisi
1383 4321 1565 4361 manus
1591 4307 1962 4376 distinguentis

468 4462 485 4492 ί
520 4460 654 4529 editi,
677 4456 1041 4529 ﬁent,_sed__cum
1059 4457 1394 4529 fuerintfacta.
1417 4465 1472 4508 At
1488 4467 1611 4518 Mss,
1634 4456 1734 4522 fiet,
1755 4457 1839 4508 sed
1858 4470 1966 4507 cum

405 4520 556 4584 fuerit
568 4520 721 4577 facta;
744 4522 961 4584 suhaudi,
978 4521 1286 4584 resurrectio.

467 4585 486 4614 ⁸
512 4583 694 4644 Aliquot
709 4589 831 4641 Mssa,
849 4581 1170 4644 multipliciter
1186 4582 1384 4631 diceret.

472 4646 492 4676 ³
525 4651 570 4691 ιιι
597 4639 706 4691 "Mss.
740 4639 887 4692 Itie'et
912 4639 1030 4691 intra
1060 4643 1142 4692 lin.
1164 4643 1240 4703 2:2,
1274 4656 1377 4705 cap.
1395 4641 1442 4701 5,
1467 4654 1552 4692 nec
1575 4639 1811 4691 ascendet.
1836 4639 1967 4703 Apud

401 4708 718 4776 Septuaginur
729 4713 823 4776 est,
841 4708 933 4753 oud
941 4704 1153 4776 'épélt/ié.

467 4761 485 4798 ³
521 4761 620 4813 sola
647 4765 789 4814 editio
812 4761 939 4822 Lov.,
965 4761 1144 4813 mutato
1169 4778 1336 4813 vocum
1357 4763 1525 4812 ordine
1546 4764 1708 4820 habet,
1736 4773 1843 4823 qua:
1865 4761 1969 4823 qui-

403 4831 520 4878 dam
535 4826 746 4875 carnales
762 4826 824 4875 ad
847 4826 951 4875 itlos
969 4827 1095 4873 mille
1126 4839 1286 4884 annos,
1309 4833 1423 4884 etc.,
1443 4829 1577 4886 quasi
1596 4827 1726 4884 ipsos
1747 4830 1970 4886 auctores

404 4890 814 4949 interpretationis
836 4888 1112 4948 hujusdicat
1135 4889 1422 4949 Augustinus
1464 4885 1729 4949 carnales.
1799 4885 1968 4949 Secta:

405 4944 577 5000 lxantur
619 4947 684 4996 illi
720 4944 911 5009 l‘apiauf
945 4944 1346 5009 Ilicropolitz'tnum
1372 4949 1523 5006 (teste
1555 4947 1792 5009 llusebio,
1819 4944 1902 4990 lib.
1940 4945 1971 4991 5

407 5015 521 5060 Hist.
547 5009 739 5065 eccles.,
765 5005 870 5070 cap.
894 5010 970 5065 53,
999 5016 1046 5056 et
1067 5005 1350 5070 liieronymo
1375 5005 1424 5054 in
1445 5005 1665 5067 Catalogo
1702 5006 1867 5070 script.
1894 5017 1971 5070 ec-

406 5072 549 5131 eles.)
576 5085 590 5129 ;
614 5064 863 5118 .Iustinutn.
890 5064 1002 5118 Dial.
1022 5083 1129 5131 eum
1146 5064 1395 5131 'l'ryphone
1415 5082 1428 5125 ;
1453 5064 1704 5131 lrentcum,
1737 5064 1820 5112 lib.
1838 5065 1972 5131 531d-

409 5125 836 5187 versuslltercscs,
860 5144 963 5191 cap.
1005 5130 1097 5188 3'2;
1131 5125 1492 5191 't‘ert'ullianutn,
1530 5128 1610 5174 lib.
1637 5127 1714 5191 de_
1737 5133 1827 5186 Spe
1843 5125 1972 5191 fide:

408 5193 542 5248 Ιιυιιι,
568 5201 618 5241 et
637 5191 720 5240 lib.
740 5191 772 5239 3
792 5185 952 5239 centra
974 5185 1267 5248 \tarcionem,
1291 5201 1394 5251 cap.
1416 5189 1494 5248 24;
1513 5189 1816 5251 laetantium,
1843 5185 1925 5233 lib.
1943 5188 1972 5234 7

409 5258 582 5312 Instit.,
606 5266 743 5313 capp.
776 5252 836 5299 24
857 5261 908 5300 et
927 5251 1004 5308 26,
1035 5261 1149 5308 etc.,
1175 5265 1202 5300 a
1224 5249 1399 5313 quibus
1431 5250 1620 5298 nonnisi
1665 5249 1884 5313 modeste
1919 5259 1975 5295 ac

411 5309 675 5378 prudenter
693 5309 785 5378 hac
807 5314 855 5362 in
875 5326 930 5361 re
949 5309 1288 5378 discedendum
1305 5312 1449 5378 docet
1472 5313 1785 5378 Hieronymus
1815 5309 1869 5378 in,
1898 5315 1975 5355 Je-

409 5372 532 5425 ἔσω.
555 5389 659 5436 mp.
686 5374 743 5422 l9
766 5388 779 5422 :
812 5383 1136 5436 «Quanquam,
1163 5389 1186 5417 ι
1212 5374 1292 5430 ait,
1327 5374 1416 5436 sibi
1441 5372 1588 5418 Judaei
1612 5383 1806 5417 auream
1832 5377 1976 5429 atque

415 5456 441 5483 ι
463 5433 747 5497 gemuiatam
781 5433 1048 5497 Jerusalem
1084 5434 1428 5497 restituendam
1469 5438 1657 5496 putent,
1692 5443 1978 5489 rursumque

420 5515 443 5543 ι
468 5495 677 5546 victimas
701 5505 752 5544 et
775 5495 1014 5550 sacriﬁcia,
1041 5503 1090 5542 et
1124 5495 1351 5556 conjugia
1379 5495 1666 5549 sanctorum,
1702 5498 1752 5539 et
1775 5503 1976 5551 regnum

419 5576 442 5605 ι
466 5559 512 5606 in
537 5560 680 5606 terris
705 5556 880 5604 Domini
905 5555 1183 5603 Salvatoris:
1209 5554 1316 5616 qme
1340 5554 1455 5602 licet
1479 5566 1585 5616 non
1608 5565 1884 5616 sequantur,
1909 5558 1976 5598 ta-

421 5637 442 5666 ι
466 5632 578 5666 men
601 5617 825 5663 damnare
852 5629 943 5661 non
970 5612 1244 5675 (ossumus;
1262 5619 1372 5677 quia
1396 5612 1532 5662 multi
1552 5612 1978 5677 ecclesiasticarum

418 5698 444 5728 ε
468 5681 675 5727 virorum
694 5685 745 5724 et
767 5684 997 5736 martyres
1019 5678 1107 5725 ista
1123 5675 1350 5726 dixerunt
1370 5691 1382 5723 :
1404 5683 1456 5736 ut
1475 5676 1803 5735 unusquisque
1827 5675 1873 5720 in
1890 5685 1978 5722 suo

420 5759 442 5789 ι
476 5752 623 5788 sensu
645 5737 876 5804 abundet,
892 5735 950 5782 et
968 5739 1146 5804 Domini
1170 5748 1337 5786 cuncta
1356 5735 1533 5804 judicio
1557 5743 1888 5786 reserventur.
1908 5750 1932 5780 ι

475 5805 496 5836 ³
532 5811 595 5850 tta
621 5808 722 5847 Mss.
750 5798 867 5844 ωιιι
891 5810 1019 5858 vero,
1056 5798 1136 5847 sed
1158 5806 1335 5849 tantum
1357 5800 1600 5848 bonorum.

1424 395 1514 452 DE
1549 395 1864 452 CIVITATE
1904 393 2034 459 DEl,
2074 393 2129 449 S.
2163 390 2525 448 AUGUSTINI

3475 389 3592 445 69')

2014 504 2247 558 cultores
2284 516 2408 559 suos
2434 517 2467 558 a
2492 501 2943 572 contemptoribus
2983 502 3135 557 suis?
3165 501 3239 557 De
3267 503 3461 571 quibus
3502 518 3596 556 se—

2012 598 2221 666 quentia
2242 606 2527 650 contexens
2543 633 2562 662 ,
2590 594 2654 648 Et
2678 593 3077 660 eomminabitur,
3101 593 3288 664 inquit,
3320 603 3601 647 contuma-

2014 689 2181 752 cibus,
2221 687 2369 752 sive,
2400 695 2458 740 ut
2510 685 2582 738 ait
2621 685 2753 738 alius
2804 685 3101 754 interpres,
3143 683 3445 736 incredulis.
3477 682 3601 737 Nec

2017 785 2140 829 tunc
2177 775 2582 828 eomminabitur
2614 791 2627 826 :
2661 773 2752 828 sed
2787 790 2906 842 qua:
2953 789 3094 828 nunc
3135 773 3382 827 dicuntur
3415 774 3600 826 mina-

2015 866 2174 932 citcr,
2205 874 2327 918 tunc
2356 865 2639 918 efﬁcaciter
2679 863 3051 935 implebuntur.
3080 863 3210 916 Ecce
3239 865 3368 916 enim
3399 862 3595 916 Domi-

2019 972 2112 1008 nus
2141 997 2156 1021 ,
2191 956 2394 1024 inquit,
2423 965 2480 1008 ut
2518 956 2650 1022 ignis
2693 955 2885 1020 veniet,
2917 965 2962 1007 et
2999 964 3053 1006 ut
3103 964 3370 1024 tempestas
3411 971 3602 1006 currus

2019 1048 2127 1112 eius
2147 1087 2160 1110 ,
2191 1046 2398 1100 reddere
2417 1045 2468 1098 in
2497 1045 2840 1115 indignatione
2859 1045 3150 1107 vindictam,
3182 1056 3229 1098 et
3259 1045 3604 1096 vastationem

2022 1137 2071 1190 in
2092 1137 2297 1205 ﬂamma
2319 1136 2469 1206 ignis.
2493 1134 2558 1188 In
2582 1137 2696 1206 igne
2720 1135 2854 1190 enim
2875 1133 3082 1188 Domini
3097 1134 3401 1200 iudicabitur
3427 1134 3605 1187 omnis

2024 1239 2187 1291 terra,
2217 1234 2265 1278 et
2306 1225 2359 1278 in
2400 1224 2569 1295 gladio
2607 1225 2714 1294 ejus
2754 1224 2915 1277 omnis
2959 1239 3076 1277 caro
3105 1239 3123 1276 :
3149 1224 3294 1276 multi
3340 1223 3607 1277 uulnerati
3671 1225 3682 1233 ‘

2025 1322 2168 1367 erunt
2206 1330 2238 1367 a
2282 1312 2519 1367 Domino.
2550 1312 2672 1368 Sive
2727 1313 2882 1382 igne,
2933 1313 3044 1366 sive
3095 1321 3442 1381 tempestate,
3484 1311 3609 1366 sive

2025 1403 2236 1472 gladio,
2290 1418 2498 1472 poenam
2544 1402 2726 1472 judicii
2778 1401 3039 1472 signiﬁcat
3093 1418 3107 1455 :
3166 1403 3610 1473 quandoquidem

2026 1494 2195 1564 ipsum
2241 1493 2518 1547 Dominum
2555 1493 2704 1562 quasi
2748 1491 2921 1562 ignem
2949 1492 3077 1546 dicit
3109 1507 3231 1547 esse
3269 1503 3557 1546 venturum
3583 1532 3606 1558 ,

2027 1585 2104 1639 eis
2133 1585 2364 1654 profecto
2389 1584 2578 1654 quibus
2598 1584 2821 1654 pmnalis
2842 1584 2954 1654 ejus
2977 1584 3079 1638 erit
3101 1584 3380 1638 adventus.
3397 1584 3613 1640 Currus

2030 1691 2155 1731 vero
2182 1676 2298 1746 ejus
2327 1677 2468 1747 (nam
2495 1677 2766 1746 pluraliter
2790 1676 2915 1731 dicti
2963 1685 3085 1730 sunt
3111 1673 3132 1746 )
3161 1675 3396 1744 angelica
3437 1675 3611 1730 mini-

2031 1765 2190 1820 steria
2242 1781 2346 1820 non
2397 1766 2821 1821 inconvenienter
2864 1765 3169 1834 accipimus.
3219 1765 3371 1832 Quod
3419 1773 3613 1822 autem

2032 1857 2143 1923 ait,
2175 1873 2383 1913 omnem
2411 1867 2604 1913 terram
2632 1869 2686 1913 et
2716 1873 2926 1913 omnem
2945 1873 3158 1913 carnem
3185 1858 3237 1911 in
3263 1860 3378 1926 ejus
3401 1858 3525 1928 igne
3555 1866 3618 1912 et

2036 1952 2088 2004 in
2118 1951 2290 2020 gladio
2313 1951 2567 2021 judicari,
2599 1964 2703 2004 non
2744 1951 2901 2004 etiam
2943 1949 3029 2003 hic
3072 1949 3377 2018 spirituales
3409 1949 3621 2004 intelli-

2033 2058 2215 2112 gamus
2256 2050 2310 2096 et
2344 2051 2554 2095 sanctos
2577 2081 2591 2106 ,
2623 2041 2717 2096 sed
2761 2050 2998 2095 terrenos
3037 2050 3192 2109 atque
3227 2041 3472 2095 carnales
3497 2082 3512 2104 ,
3544 2039 3623 2095 de

2035 2133 2277 2203 qualibus
2299 2132 2496 2187 dictum
2523 2141 2604 2187 est
2625 2173 2640 2198 ,
2677 2133 2774 2198 Qui
2809 2141 3002 2185 terrena
3020 2132 3220 2201 sapiunt
3244 2131 3506 2201 (Philipp.
3532 2146 3620 2197 ιιι,

2038 2224 2125 2295 19)
2152 2242 2165 2290 ;
2195 2233 2249 2278 et
2271 2264 2286 2288 ,
2320 2224 2511 2293 Sapere
2555 2224 2825 2276 secundum
2871 2239 3102 2286 carnem,
3141 2239 3275 2276 mors
3328 2233 3398 2275 est
3429 2220 3620 2290 (Rom.

2038 2331 2148 2379 vni,
2174 2316 2226 2382 6)
2249 2324 2334 2370 :et
2357 2315 2538 2382 quales
2560 2314 2776 2368 omnino
2800 2328 2926 2367 caro
2955 2314 3286 2382 appellantur
3308 2328 3338 2366 a
3361 2313 3622 2379 Domino,

2039 2409 2126 2462 ubi
2150 2407 2305 2474 dicit,
2341 2406 2458 2460 Non
2485 2405 2785 2476 permanebit
2830 2406 3036 2474 spiritus
3061 2421 3199 2458 meus
3237 2406 3291 2458 in
3323 2404 3626 2459 hominibus

2040 2499 2169 2563 istis,
2195 2498 2433 2567 quoniam
2467 2514 2582 2550 caro
2623 2506 2738 2549 sunt
2766 2494 2915 2567 (Gen.
2945 2512 3017 2562 γι,
3046 2497 3120 2565 3).
3150 2496 3299 2563 Quod
3348 2511 3481 2550 vero
3532 2495 3632 2551 hic

2042 2587 2271 2658 positum
2319 2595 2432 2651 est,
2469 2586 2620 2639 Multi
2671 2587 2918 2639 vulnerati
2958 2596 3100 2639 erunt
3141 2603 3170 2638 a
3214 2586 3436 2640 Domino
3467 2603 3486 2640 :
3517 2586 3632 2642 isto

2043 2679 2258 2733 vulnere
2285 2677 2376 2731 ﬁet
2403 2692 2543 2730 mors
2569 2676 2818 2730 secunda.
2851 2677 3032 2730 Potest
3057 2677 3270 2745 quidem
3293 2686 3347 2730 et
3375 2677 3538 2747 ignis,
3571 2688 3636 2732 et

2043 2769 2246 2838 gladius
2271 2810 2285 2834 ,
2312 2778 2366 2822 et
2394 2768 2582 2821 vulnus
2608 2767 2771 2837 accipi
2800 2767 2849 2820 in
2876 2766 3037 2821 bono.
3062 2767 3193 2820 Nam
3218 2775 3273 2822 et
3301 2767 3480 2836 ignem
3519 2767 3638 2821 D0-

2045 2861 2218 2915 minus
2261 2859 2400 2913 velle
2435 2875 2494 2914 se
2537 2859 2672 2912 dixit
2707 2859 2915 2912 mittere
2959 2859 3013 2912 in
3057 2859 3311 2913 mundum
3337 2858 3494 2928 (Luc.
3525 2875 3634 2926 xu,

2046 2953 2158 3022 l9).
2199 2951 2268 3006 Et
2307 2952 2434 3006 visa:
2481 2959 2604 3004 sunt
2649 2949 2752 3003 illis
2796 2949 2986 3018 linguae
3013 2949 3194 3003 divisa:
3241 2950 3388 3003 velut
3443 2949 3590 3019 ignis
3616 2989 3635 3014 ,

2047 3042 2259 3112 quando
2303 3041 2444 3095 venit
2488 3041 2714 3110 Spiritus
2748 3047 2961 3093 sanctus
2991 3038 3126 3108 (Act.
3160 3055 3215 3103 ιι,
3249 3038 3330 3098 5).
3359 3038 3470 3104 Et,
3503 3037 3639 3093 Non

2050 3134 2159 3186 ueni
2183 3173 2198 3197 ,
2228 3132 2393 3200 inquit
2421 3131 2557 3184 idem
2585 3129 2838 3183 Dominus
2860 3167 2876 3196 ,
2906 3144 3080 3198 pacem
3106 3131 3299 3181 mittere
3324 3129 3378 3181 in
3411 3139 3636 3194 terram,

2050 3226 2137 3278 sed
2166 3223 2388 3294 gladium
2419 3223 2627 3292 (Matth.
2655 3237 2711 3287 x,
2743 3219 2856 3292 54).
2904 3222 2969 3275 Et
3013 3235 3314 3276 sermonem
3357 3220 3451 3274 Dei
3499 3220 3642 3275 dicit

2051 3316 2320 3385 Scriptura
2347 3314 2571 3385 gladium
2601 3314 2678 3367 bis
2699 3323 2908 3367 acutum
2929 3311 3110 3386 (Hebr.
3140 3327 3216 3376 tv,
3253 3311 3382 3381 19.);
3412 3319 3644 3381 propter

2052 3409 2218 3463 aciem
2249 3407 2510 3477 geminam
2537 3406 2994 3460 Testamentornm
3022 3405 3268 3457 duorum.
3308 3403 3374 3456 Et
3403 3403 3456 3456 in
3483 3401 3641 3455 Can-

2055 3501 2158 3554 tico
2203 3499 2556 3559 canticorum,
2587 3496 2843 3550 charitate
2888 3511 2946 3550 se
2989 3495 3117 3549 dicit
3158 3503 3338 3547 sancta
3389 3493 3647 3550 Ecclesia

2053 3594 2382 3647 vulneratam
2409 3632 2423 3656 ,
2456 3592 2591 3644 velut
2625 3592 2819 3644 amoris
2844 3590 3040 3658 impetu
3067 3589 3371 3657 sagittatam
3405 3585 3645 3655 (Cantia.

2057 3700 2113 3747 ιι,
2146 3684 2198 3748 5,
2225 3699 2320 3736 sec.
2351 3681 2534 3750 LXX).
2563 3681 2666 3734 Sed
2698 3681 2780 3734 hic
2809 3694 2929 3734 cum
2979 3679 3201 3748 legimus
3246 3677 3329 3731 vel
3385 3676 3650 3731 audimus

2057 3775 2281 3828 ultorem
2328 3773 2604 3826 Dominum
2657 3787 2774 3826 esse
2822 3781 3139 3838 venturum,
3184 3767 3651 3839 quemadmodum

2059 3865 2173 3918 haec
2199 3862 2533 3932 intelligenda
2560 3863 2667 3916 sint
2691 3904 2705 3928 ,
2734 3862 2934 3916 clarum
2963 3868 3064 3916 est.

2129 3955 2182 4009 5.
2223 3953 2420 4008 Deinde
2445 3953 2674 4006 breviter
2699 3949 3126 4005 commemoratis
3151 3949 3229 4003 eis
3253 3989 3267 4014 ,
3296 3948 3384 4016 qui
3417 3961 3516 4016 per
3541 3946 3654 4002 hoc

2055 4044 2311 4114 judicium
2349 4050 2764 4106 consumentur;
2792 4041 2890 4094 sub
2935 4042 3097 4109 ﬁgura
3139 4039 3378 4092 ciborum
3415 4038 3467 4090 in
3495 4035 3655 4107 Lege

2062 4146 2239 4190 vetere
2288 4134 2608 4199 vetitorum,
2652 4147 2682 4184 a
2726 4133 2917 4200 quibus
2967 4145 3026 4185 se
3074 4146 3178 4183 non
3227 4128 3656 4196 abstinuerunt,

2062 4235 2366 4296 peccatores
2395 4223 2687 4292 impiosque
2731 4221 3060 4290 signiﬁcans,
3100 4219 3416 4289 recapitulat
3442 4219 3514 4272 ab
3542 4219 3658 4273 ini-

2064 4319 2138 4370 tio
2205 4316 2427 4386 gratiam
2480 4313 2601 4367 novi
2651 4311 2974 4366 Testamenti
3031 4326 3061 4363 a
3118 4310 3291 4379 primo
3343 4309 3660 4363 Salvatoris

2064 4407 2293 4461 adventu
2336 4419 2503 4474 usque
2552 4402 2619 4457 ad
2667 4403 2909 4457 ultimum
2945 4399 3241 4470 judicium,
3271 4399 3339 4454 de
3369 4414 3478 4469 quo
3505 4414 3660 4454 nunc

2065 4500 2309 4568 agimus,
2355 4495 2650 4564 perducens
2714 4493 3007 4562 ﬁniensqne
3061 4505 3386 4545 sermonem.
3453 4489 3665 4544 Narrat

2067 4601 2295 4657 namque
2343 4585 2622 4639 Dominum
2663 4583 2839 4638 dicere
2893 4598 2953 4638 se
2992 4583 3208 4649 venire,
3253 4592 3312 4635 ut
3357 4594 3666 4652 congreget

2068 4695 2255 4735 omnes
2289 4685 2475 4748 gentes
2497 4716 2514 4742 ,
2542 4690 2736 4744 easque
2779 4683 3028 4728 venturas
3074 4683 3130 4727 et
3164 4672 3372 4726 visuras
3425 4673 3666 4742 gloriam

2071 4773 2186 4842 ejus
2213 4771 2363 4841 (Isai.
2383 4785 2522 4834 LXVI,
2548 4769 2634 4832 17,
2661 4767 2772 4836 18).
2807 4765 2990 4819 Omnes
3015 4767 3166 4830 enim,
3185 4765 3324 4818 sicut
3347 4763 3482 4818 dicit
3505 4765 3664 4833 Apo-

2075 4866 2238 4918 stolus
2263 4904 2276 4928 ,
2307 4869 2628 4930 peccaverunt
2650 4900 2664 4922 ,
2689 4868 2735 4911 et
2761 4867 2900 4928 egent
2921 4856 3086 4926 gloria
3110 4855 3205 4909 Dei
3228 4853 3406 4923 (Rom.
3427 4870 3506 4920 ιιι,
3539 4853 3666 4923 25).

2074 4957 2140 5009 Et
2183 4955 2486 5008 relicturum
2533 4964 2592 5004 se
2619 4948 2747 5003 dicit
2789 4962 2948 5016 super
2972 4960 3066 5000 eos
3109 4946 3255 5013 signa
3277 4986 3291 5009 ,
3320 4960 3442 5014 qua:
3471 4945 3671 5013 utique

2075 5048 2326 5101 mirantes
2366 5041 2586 5097 credant
2632 5040 2684 5092 in
2737 5053 2858 5093 eum
2891 5054 2904 5090 :
2933 5046 2986 5092 et
3045 5037 3366 5089 emissurum
3429 5049 3497 5089 ex
3555 5034 3674 5088 illis

2075 5140 2302 5194 salvatos
2332 5137 2383 5189 in
2411 5142 2594 5204 gentes
2617 5131 2852 5186 diversas
2877 5171 2892 5196 ,
2914 5138 2968 5183 et
2999 5129 3053 5183 in
3079 5129 3402 5197 longinquas
3432 5126 3670 5192 insulas,

2076 5246 2194 5300 qua:
2223 5245 2327 5283 non
2353 5228 2632 5283 audierunt
2659 5239 2850 5280 nomen
2870 5224 2984 5292 ejus
3007 5263 3022 5288 ,
3067 5236 3243 5291 neque
3271 5221 3524 5274 viderunt
3553 5221 3674 5288 glo-

2080 5322 2210 5375 riam
2236 5319 2381 5386 ejus;
2415 5327 2468 5371 et
2491 5315 2890 5369 annuntiaturos
2913 5311 3135 5381 gloriam
3163 5311 3280 5380 ejus
3305 5309 3360 5363 iu
3389 5309 3672 5379 gentibus;

2079 5422 2134 5467 et
2170 5412 2487 5468 adducturos
2513 5408 2703 5462 fratres
2727 5407 2945 5460 istorum
2965 5446 2979 5471 ,
3012 5403 3203 5473 quibus
3234 5401 3595 5471 loquebatur,
3619 5401 3678 5455 id

2080 5515 2162 5561 est
2184 5547 2199 5571 ,
2244 5506 2296 5559 in
2337 5503 2441 5558 ﬁde
2470 5501 2568 5556 sub
2602 5501 2710 5554 Deo
2741 5500 2896 5554 Patre
2921 5497 3111 5550 fratres
3152 5494 3522 5549 lsraclitarum
3551 5493 3677 5547 ele-

2079 5608 2285 5654 ctorum
2313 5614 2327 5651 :
2355 5595 2674 5649 adducturos
2699 5599 2872 5646 autem
2905 5605 2970 5644 ex
2999 5589 3247 5642 onmihus
3271 5587 3527 5656 gentibus
3555 5601 3680 5638 mu-

2083 5705 2184 5745 nus
2214 5687 2434 5742 Domino
2464 5686 2516 5739 in
2535 5683 2786 5753 jumentis
2812 5691 2865 5735 et
2890 5680 3144 5734 vehiculis
3173 5678 3323 5746 (qua:
3344 5676 3596 5746 jumenta
3620 5685 3682 5730 et

2089 5779 2326 5839 vehicula
2353 5778 2488 5834 bene
2515 5775 2873 5845 intelliguntur
2899 5770 3160 5842 adjutoria
3187 5784 3309 5827 esse
3337 5768 3549 5837 divina,
3581 5783 3682 5837 per
