4024 6498
549 520 742 584 ﬁdem,
788 530 905 587 qua:
949 514 1130 569 fallere
1163 526 1269 567 non
1298 521 1489 582 potest.
1521 511 1669 579 Quod
1701 510 1784 565 cui
1815 507 2021 563 videtur
2047 506 2127 559 in-

546 609 801 667 credibile
822 649 837 673 ,
863 606 1031 677 qualis
1057 620 1196 660 nunc
1221 605 1289 658 sit
1314 618 1439 659 caro
1464 603 1721 666 attendit,
1753 601 1923 671 qualis
1950 607 2129 653 autem

548 702 723 755 lutura
748 697 816 751 sit
844 714 948 751 non
979 696 1282 751 considerat
1311 713 1325 750 :
1352 697 1475 765 quia
1504 695 1595 749 illo
1622 702 1863 763 tempore
1889 692 2133 745 immuta-

547 789 707 846 tionis
736 790 990 859 angelicae
1018 805 1122 843 non
1140 789 1249 858 jam
1272 804 1398 842 caro
1422 788 1524 842 erit
1548 796 1600 840 et
1622 786 1835 856 sanguis
1855 828 1870 851 ,
1895 785 1987 839 sed
2013 792 2132 838 tan-

548 891 661 935 tum
706 896 921 950 corpus.
958 879 1091 934 Cum
1117 881 1258 935 enim
1286 879 1354 934 de
1383 894 1542 933 carne
1572 880 1857 946 Apostolus
1886 876 2133 946 loquere-

548 980 637 1024 tur
657 1010 676 1037 ,
722 970 838 1024 Alia
856 1012 870 1035 ,
914 971 1114 1041 inquit,
1143 986 1261 1024 caro
1291 986 1560 1039 pecorum,
1588 967 1691 1021 alia
1718 968 1972 1021 volucrum
1992 1008 2006 1030 ,
2031 966 2136 1019 alia

550 1063 801 1131 piscium,
846 1060 949 1114 alia
988 1071 1276 1131 serpentum
1298 1077 1317 1125 ;
1344 1070 1389 1113 et
1415 1076 1630 1131 corpora
1658 1059 1876 1113 cwlestia
1896 1099 1910 1122 ,
1942 1067 1988 1112 et
2018 1074 2135 1111 cor-

551 1169 677 1221 pora
719 1152 990 1205 terrestria.
1019 1151 1136 1205 Non
1165 1153 1302 1205 enim
1331 1150 1493 1211 dixit,
1524 1159 1577 1203 et
1602 1164 1727 1203 caro
1750 1149 1983 1203 ccclesiis
2008 1165 2022 1213 ;
2050 1148 2136 1202 di-

552 1243 630 1295 xit
676 1253 855 1296 autem
886 1282 900 1307 ,
946 1251 994 1297 et
1036 1243 1253 1297 cwlestia
1290 1251 1337 1295 et
1380 1243 1630 1295 terrestria
1671 1257 1905 1312 corpora.
1953 1241 2139 1295 Omnis

554 1333 699 1387 enim
727 1348 851 1387 caro
878 1333 1036 1386 etiam
1067 1348 1261 1403 corpus
1286 1342 1397 1398 est,
1428 1348 1532 1387 non
1554 1341 1733 1387 autem
1760 1348 1918 1387 omne
1943 1346 2139 1403 corpus

557 1425 721 1478 etiam
747 1438 873 1477 caro
902 1432 985 1478 est
1014 1440 1029 1478 :
1061 1424 1232 1493 primo
1263 1424 1312 1477 in
1342 1424 1456 1478 istis
1487 1424 1855 1490 terrestribus,
1888 1425 2137 1493 quoniam

556 1514 757 1584 lignum
806 1528 999 1581 corpus
1040 1523 1156 1581 est,
1200 1514 1295 1569 sed
1336 1530 1442 1569 non
1487 1530 1611 1569 caro
1648 1532 1661 1568 :
1703 1514 1935 1569 hominis
1962 1523 2139 1569 autem

555 1606 639 1661 vel
680 1608 886 1674 pecoris
915 1615 968 1659 et
997 1620 1189 1677 corpus
1214 1617 1268 1661 et
1296 1623 1419 1661 caro
1448 1616 1529 1661 est
1560 1627 1572 1662 :
1606 1610 1655 1661 in
1684 1608 1989 1663 cmlestibus
2016 1624 2141 1662 vero

556 1697 704 1752 ιιιυὴι
735 1712 861 1752 caro
880 1738 894 1761 ,
926 1697 1022 1752 sed
1047 1713 1269 1767 corpora
1297 1700 1556 1769 simplicia
1585 1709 1637 1754 et
1665 1700 1869 1767 lucida,
1896 1716 2015 1771 quae
2043 1716 2140 1769 ap-

556 1788 719 1858 pellat
761 1789 1044 1857 Apostolus
1085 1789 1415 1857 spiritualia;
1456 1792 1697 1845 nonnulli
1738 1801 1913 1847 autem
1954 1802 2144 1848 vocant

558 1879 809 1933 aetherca.
846 1878 913 1932 Et
942 1879 1064 1933 ideo
1094 1894 1199 1933 non
1230 1881 1405 1934 carnis
1432 1882 1809 1937 resurrectioni
1830 1884 2145 1939 contradicit

559 1968 687 2022 illud
714 1967 854 2038 quod
880 1970 983 2032 ait,
1012 1970 1142 2023 Caro
1161 1980 1208 2022 et
1232 1972 1437 2041 sanguis
1458 1988 1663 2042 regnum
1688 1971 1783 2025 Dei
1798 1988 1896 2026 non
1917 1973 2143 2044 posside-

561 2060 725 2121 bunt;
764 2058 859 2113 sed
904 2060 1059 2129 quale
1098 2059 1333 2115 futurum
1370 2062 1439 2115 sit
1463 2062 1604 2132 quod
1634 2078 1774 2118 nunc
1799 2079 1922 2117 caro
1945 2074 1998 2119 et
2019 2081 2145 2119 san-

559 2151 679 2221 guis
720 2160 837 2216 est,
885 2150 1138 2220 praedicat
1180 2152 1276 2224 (α).
1320 2153 1377 2207 1η
1408 2154 1615 2223 qualem
1642 2166 1881 2210 naturam
1909 2156 2148 2226 quisquis

564 2242 702 2295 hanc
725 2256 941 2297 carnem
967 2244 1204 2297 converti
1237 2258 1393 2312 posse
1419 2260 1521 2298 non
1554 2245 1756 2312 credit,
1784 2247 2034 2317 gradibus
2052 2248 2151 2301 du-

561 2340 766 2396 cendus
808 2351 891 2396 est
935 2342 1003 2396 ad
1042 2343 1220 2397 ﬁdem.
1264 2343 1319 2399 Si
1357 2344 1498 2398 enint
1538 2345 1606 2398 ab
1643 2360 1709 2400 eo
1738 2361 1945 2415 quwras
1972 2355 2146 2402 utrum

562 2438 706 2485 terra
748 2433 800 2486 in
842 2447 1031 2501 aquam
1072 2435 1240 2503 possit
1274 2434 1549 2500 converti;
1580 2447 1798 2506 prepter
1822 2437 2148 2493 vicinitatem

563 2537 669 2577 non
711 2524 760 2577 ei
803 2524 1009 2578 videtur
1038 2526 1367 2580 incredibile.
1401 2526 1629 2581 Rursum
1660 2528 1703 2581 si
1732 2544 1942 2599 quzeras
1973 2537 2149 2583 utrum

563 2628 700 2683 aqua
744 2616 910 2683 possit
944 2616 997 2670 in
1024 2632 1203 2672 aerem
1228 2634 1243 2683 ;
1274 2633 1444 2689 neque
1472 2618 1571 2673 hoc
1595 2620 1884 2675 absurdum
1911 2636 2030 2677 esse
2058 2638 2147 2676 re-

565 2706 793 2776 spondet
818 2724 833 2772 ;
866 2709 1037 2764 vicina
1063 2710 1203 2764 enim
1231 2721 1353 2765 sunt
1377 2711 1499 2765 sibi.
1532 2713 1594 2766 Et
1622 2711 1690 2767 do
1718 2728 1842 2769 aere
1868 2714 1911 2768 si
1939 2730 2151 2785 quaara-

626 2819 702 2883 (a)
735 2826 752 2868 ι
774 2827 978 2871 neu-act.
1005 2834 1111 2884 cap.
1134 2822 1212 2871 l7.

1400 418 1771 474 ADMONITIO
1814 416 1875 471 IN
1924 410 2178 469 LIBRUM
2230 410 2315 465 DE
2357 407 2510 462 FIDE
2551 408 2637 463 ET
2668 409 3025 467 OPERIBUS.

3704 403 3803 462 I96

2240 512 2323 556 tur
2346 512 2520 557 utrum
2543 502 2592 555 in
2620 504 2906 558 aztheretun
2933 520 3125 575 corpus
3146 546 3163 573 ,
3191 506 3245 560 ld
3262 515 3348 562 est
3365 550 3380 573 ,
3398 512 3617 564 emlestc
3636 502 3807 575 possit

2239 592 2465 658 mutari;
2502 592 2613 662 jam
2644 593 2754 663 ipsa
2780 596 3022 651 vicinitas
3050 596 3351 665 persuadet.
3384 596 3534 665 Quod
3556 611 3689 667 ergo
3717 609 3811 666 per

2241 684 2338 739 hos
2376 684 2569 755 gradus
2608 685 2721 740 fieri
2762 702 2918 756 posse
2952 688 3195 743 concedit
3218 729 3233 754 ,
3272 698 3331 743 ut
3360 698 3501 743 terra
3535 688 3589 742 in
3622 700 3815 757 corpus

2241 776 2529 829 mthereum
2554 786 2893 831 convertatur
2915 819 2931 845 ,
2959 794 3053 832 cur
3078 794 3181 833 non
3203 780 3490 836 accedente
3510 780 3604 837 Dei
3626 782 3813 836 volun-

2244 878 2349 923 tate
2367 910 2383 934 ,
2414 884 2515 938 qua
2545 884 2737 938 corpus
2768 871 3052 924 humanum
3074 885 3231 941 supra
3256 887 3421 943 aquas
3443 872 3610 940 potuit
3634 871 3817 927 ambu-

2242 959 2354 1014 lare
2372 1002 2387 1026 ,
2415 959 2693 1014 celerrime
2720 960 2769 1014 id
2795 961 2906 1015 ﬁeri
2934 976 3090 1032 posse
3110 1002 3124 1024 ,
3148 961 3596 1031 quemadmodum
3618 962 3816 1016 dictum

2242 1059 2357 1114 est,
2400 1051 2452 1104 in
2488 1051 2589 1105 ictu
2615 1052 2781 1118 oculi,
2813 1053 2929 1106 sine
2958 1052 3080 1107 uilis
3108 1053 3302 1108 talibus
3331 1052 3582 1123 gradibus
3609 1053 3814 1117 credit,

2243 1142 2379 1196 sicut
2422 1142 2731 1212 plerumque
2775 1142 2953 1198 fumus
2998 1144 3051 1199 in
3089 1144 3353 1199 ﬂammam
3390 1146 3523 1200 mira
3550 1145 3821 1200 celeritate

2240 1232 2613 1287 convertitur?
2659 1232 2797 1288 Caro
2837 1235 2978 1287 enim
3018 1244 3196 1288 nostra
3224 1235 3403 1305 utique
3432 1250 3497 1289 ex
3524 1243 3665 1289 terra
3694 1244 3776 1288 est
3804 1250 3818 1287 :

2244 1324 2545 1395 philosophi
2582 1334 2759 1379 autem
2778 1367 2792 1390 ,
2824 1342 3050 1395 quorum
3078 1328 3403 1397 argumentis
3425 1327 3619 1395 schius
3645 1342 3827 1380 resur~

2244 1416 2467 1471 rectioni
2518 1417 2696 1470 carnis
2752 1417 3049 1482 resistitur,
3099 1417 3293 1487 quibus
3337 1426 3583 1472 asserunt
3623 1417 3825 1473 nullum

2246 1522 2364 1562 esse
2409 1522 2565 1577 posse
2610 1515 2877 1561 terrenum
2906 1523 3097 1577 corpus
3124 1508 3176 1562 in
3206 1508 3344 1563 cmlo
3366 1548 3380 1570 ,
3408 1506 3680 1577 quodlibet
3706 1523 3827 1561 cor-

2247 1611 2345 1666 pus
2383 1598 2434 1651 in
2482 1613 2640 1652 omne
2664 1613 2856 1667 corpus
2882 1600 3117 1653 converti
3147 1608 3201 1653 et
3227 1599 3420 1652 mutari
3448 1613 3607 1666 posse
3634 1613 3831 1652 conoe-

2246 1686 2397 1741 dunt.
2437 1686 2547 1755 Qua
2574 1689 2814 1758 corporis
2852 1690 3242 1744 resurrectione
3276 1688 3415 1743 facta
3439 1729 3454 1751 ,
3496 1704 3527 1741 a
3569 1689 3827 1756 temporis

2248 1779 2555 1835 conditione
2599 1779 2839 1846 liberati,
2886 1790 3083 1836 aeterna
3128 1783 3235 1835 vita
3279 1780 3530 1835 ineﬂ'abili
3571 1780 3830 1835 charitate

2249 1880 2411 1940 atque
2440 1871 2727 1926 stabilitate
2752 1872 2867 1926 sine
2887 1872 3229 1941 corruptione
3260 1872 3591 1941 perlruemur
3614 1874 3651 1923 ¹.
3681 1870 3831 1925 Tunc

2248 1964 2393 2018 enim
2443 1964 2532 2017 (iet
2571 1962 2701 2017 illud
2731 1963 2869 2033 quod
2895 1964 3151 2033 scriptum
3176 1972 3259 2018 est
3285 1980 3299 2016 :
3329 1963 3576 2032 Absorpta
3601 1972 3675 2015 est
3701 1978 3833 2016 mors

2250 2052 2303 2105 in
2348 2054 2626 2106 victoriam.
2677 2052 2776 2107 Ubi
2814 2061 2924 2119 est,
2966 2070 3099 2107 mors
3123 2094 3138 2117 ,
3180 2053 3387 2106 aculeus
3425 2052 3583 2105 tuus.’
3610 2051 3693 2103 ubi
3720 2062 3790 2105 est
3814 2093 3829 2116 ,

2252 2161 2385 2197 mors
2404 2186 2419 2211 ,
2446 2145 2693 2198 contentio
2721 2154 2807 2198 tua
2836 2144 2875 2217 (l
2907 2143 3025 2200 Cor.
3058 2161 3149 2210 xv,
3178 2145 3246 2200 '59
3264 2185 3281 2211 ,
3310 2144 3405 2210 40,
3435 2144 3664 2214 50-54)?

2324 2254 2415 2309 23.
2463 2254 2588 2310 Haec
2630 2265 2712 2311 est
2753 2255 2885 2311 lides
2927 2270 3044 2325 quae
3082 2256 3262 2325 paucis
3308 2255 3485 2309 verbis
3523 2254 3750 2308 tenenda
3781 2254 3831 2308 in

2253 2346 2504 2417 Symbolo
2546 2347 2767 2402 novellis
2800 2346 3103 2402 christianis
3130 2347 3302 2401 datur.
3331 2346 3459 2413 Qua:
3486 2360 3651 2415 pauca
3675 2344 3834 2399 verba

2257 2437 2499 2493 ﬁdelibus
2540 2447 2664 2493 nota
2707 2448 2858 2505 sunt,
2903 2448 2962 2492 ut
2997 2438 3266 2493 credendo
3303 2438 3650 2506 subjugentur
3696 2436 3834 2498 Deo,

2256 2529 2518 2598 subjugati
2559 2539 2703 2584 recte
2739 2531 2953 2595 vivant,
2998 2540 3141 2585 recte
3166 2530 3393 2583 vivendo
3416 2544 3510 2583 cor
3536 2527 3796 2581 mundent
3818 2567 3834 2591 ,

2256 2619 2417 2674 corde
2443 2618 2695 2675 mundato
2719 2617 2858 2690 quod
2884 2620 3106 2675 credunt
3133 2619 3444 2688 intelligant.

2323 2774 2341 2804 ι
2379 2768 2563 2833 Aliquot
2594 2777 2726 2833 μω,
2760 2783 2934 2833 corpus
2977 2784 3007 2833 ᾳ
3029 2770 3255 2833 temporis
3286 2768 3554 2820 conditione
3588 2765 3837 2819 liberatum

2258 2838 2441 2883 wterm
2466 2830 2566 2884 trita
2585 2831 2817 2895 ineffabili
2849 2831 3083 2883 charitate
3115 2830 3405 2896 perfruetur.

1691 3096 1802 3221 A
1818 3099 1933 3220 D
1955 2998 2736 3227 mamma

1508 3278 1588 3337 ΙΝ
1631 3279 1929 3342 LIBRUM
1970 3281 2076 3340 DE
2119 3276 2304 3342 FIDE
2348 3282 2449 3341 ET
2493 3281 2895 3345 OPERIBUS.

1993 3421 2395 3457 m-

647 3518 729 3575 Ad
756 3518 962 3573 initium
988 3518 1111 3573 anni
1136 3520 1242 3574 415
1264 3518 1574 3574 referendus
1602 3529 1686 3574 est
1710 3520 1810 3574 iste
1833 3520 1986 3575 liber.
2019 3520 2074 3575 lu
2105 3536 2170 3576 eo
2197 3522 2338 3576 enim
2370 3523 2691 3592 Augustinus
2721 3524 2913 3579 librum
2950 3525 3016 3580 de
3050 3524 3250 3595 Spiritu
3274 3532 3329 3579 et
3352 3522 3576 3589 Littera,
3606 3525 3699 3594 qui
3736 3523 3833 3579 sub

571 3614 699 3667 anni
726 3610 832 3666 412
859 3610 1016 3664 linem
1046 3610 1260 3681 prodiit,
1292 3625 1321 3663 a
1353 3626 1411 3666 se
1441 3610 1598 3679 paulo
1622 3620 1748 3665 ante
1792 3612 2045 3681 scriptum
2073 3624 2457 3668 commemorat
2492 3618 2663 3684 capite
2693 3618 2758 3671 14
2789 3634 2805 3671 :
2843 3615 3025 3685 Modo,
3058 3617 3165 3684 ait,
3196 3617 3260 3672 de
3296 3618 3390 3670 hac
3416 3618 3698 3687 quwstione
3723 3632 3845 3685 pro-

572 3708 734 3761 lixum
758 3705 943 3759 librum
971 3704 1125 3767 edidi,
1164 3704 1249 3774 qui
1273 3702 1581 3769 inscribitur,
1619 3703 1683 3757 de
1709 3702 1901 3757 Littera
1938 3715 1985 3757 et
2032 3704 2255 3774 Spiritu.
2288 3706 2573 3777 Propterea
2623 3708 2675 3762 in
2713 3708 2948 3765 Retract.
2994 3712 3029 3764 2
3072 3712 3336 3765 recensito
3377 3711 3566 3765 eodem
3610 3710 3751 3764 libro
3775 3708 3846 3765 de

571 3798 773 3868 Spiritu
805 3804 859 3852 et
896 3796 1114 3859 Littera,
1160 3810 1283 3848 mox
1310 3795 1363 3848 in
1402 3809 1523 3848 eum
1554 3791 1641 3864 qui
1673 3793 1740 3849 de
1767 3794 1896 3849 Fide
1931 3804 1985 3849 et
2010 3795 2273 3866 Operibus
2300 3807 2410 3862 est,
2451 3800 2881 3854 retractationem
2923 3801 3149 3870 subjecit
3184 3802 3234 3855 in
3266 3800 3383 3855 bare
3402 3801 3562 3856 verba
3595 3819 3610 3855 :
3639 3799 3849 3854 Interea

569 3891 723 3945 missa
744 3898 860 3944 sunt
883 3889 1005 3942 milii
1033 3906 1065 3941 a
1092 3887 1392 3959 quibusdam
1416 3888 1747 3956 fratribus....
1777 3889 1964 3957 scripta
1993 3888 2243 3941 nonnulla
2272 3903 2291 3941 :
2320 3903 2383 3944 ea
2415 3890 2661 3944 nimirum
2688 3908 2805 3961 qua:
2838 3892 3130 3947 refellenda
3156 3891 3243 3948 hic
3276 3892 3530 3963 suscepit.

640 3982 847 4053 Scripta
875 3996 1001 4037 vero
1027 3981 1114 4035 illa
1144 3982 1382 4036 eruditus
1408 3979 1697 4035 Garnerius
1726 3980 1777 4034 in
1805 3980 2033 4050 append.
2071 3980 2137 4035 ad
2170 3980 2196 4034 1
2227 3990 2371 4049 part.
2401 3981 2564 4051 Oper.
2607 3983 2677 4037 Μ.
2706 3984 3033 4050 Mercatoris,
3078 4000 3197 4055 pag.
3245 3985 3367 4050 117,
3396 3992 3581 4039 censet
3608 3998 3718 4037 non
3744 3983 3849 4036 alia

571 4076 757 4143 fuisse,
787 4091 947 4146 quam
976 4090 1095 4145 quae
1136 4074 1487 4142 Hieronymus
1515 4073 1626 4127 sive
1656 4073 1707 4126 in
1739 4072 1926 4128 Isaiam
1952 4072 2134 4139 edidit,
2167 4074 2287 4127 sive
2313 4074 2364 4127 in
2395 4075 2657 4143 Epistolas
2686 4076 2866 4140 Pauli;
2895 4084 2949 4131 et
2984 4085 3224 4146 sumptas
3252 4076 3319 4130 ah
3347 4076 3670 4145 Hieronymo
3697 4074 3849 4127 arbi-

572 4177 742 4223 tratur
767 4166 1088 4236 qutestiones
1126 4165 1244 4217 illas
1283 4174 1409 4227 tres,
1434 4178 1566 4232 quas
1605 4162 1691 4217 hic
1732 4164 2076 4234 Augustinus,
2110 4162 2270 4217 tacito
2293 4179 2363 4219 no
2376 4164 2539 4229 mine,
2569 4182 2674 4235 prie
2700 4166 2992 4232 reverentia,
3023 4166 3218 4235 inquit,
3249 4167 3373 4220 tanti
3412 4166 3534 4231 viri,
3567 4173 3765 4218 tractat
3792 4174 3851 4217 et

573 4257 785 4313 refellit.
810 4256 1123 4325 Opinionem
1162 4253 1299 4307 hanc
1324 4268 1420 4306 nos
1445 4252 1762 4308 conﬁrmare
1789 4268 1897 4307 non
1931 4253 2206 4309 audemus.
2226 4250 2358 4305 Nam
2380 4252 2520 4321 quod
2542 4258 2826 4322 Spectatad
2840 4256 3190 4326 quaestionem
3228 4257 3475 4326 primam,
3505 4271 3624 4325 qua:
3660 4264 3748 4309 est
3783 4254 3853 4308 de

574 4351 822 4407 omnibus
846 4350 980 4404 citra
1020 4348 1309 4403 discrimen
1348 4346 1689 4400 admittendis
1718 4345 1785 4399 ad
1816 4347 2163 4416 Baptismum,
2195 4344 2265 4398 ita
2293 4356 2349 4399 ut
2375 4345 2601 4401 adulteri
2641 4363 2738 4403 nec
2772 4348 2870 4417 ipsi
2905 4350 3229 4418 repellantur
3267 4349 3375 4403 noti
3408 4363 3471 4403 ac
3524 4349 3851 4418 pertinaces,

574 4450 667 4521 qui
694 4450 855 4503 vitam
905 4455 1112 4502 mutare
1154 4444 1373 4509 nolunt,
1406 4443 1539 4496 nihil
1586 4443 1637 4495 in
1674 4440 2001 4512 Hieronymo
2040 4451 2454 4495 consentaneum
2506 4440 2626 4494 huic
2668 4442 2839 4495 errori
2887 4441 3209 4497 deteximus.
3262 4441 3343 4495 Ad
3392 4440 3682 4496 secundam
3724 4457 3855 4496 vero

574 4544 946 4611 qua-stionem,
973 4555 1077 4610 qua
1120 4550 1432 4609 perversum
1463 4549 1526 4588 ae
1555 4542 1933 4604 praeposterum
1979 4533 2274 4599 dicebatur,
2314 4534 2458 4602 prius
2488 4548 2693 4587 morum
2731 4532 3149 4588 Christianorum
3179 4534 3476 4589 doctrinam
3518 4534 3758 4599 tradere,
3788 4550 3856 4589 ac

575 4636 767 4690 deinde
793 4635 1095 4704 baptizare;
1125 4632 1177 4685 id
1221 4637 1402 4699 posset
1444 4626 1599 4681 facile
1642 4625 1878 4695 pertrahi
1907 4625 2047 4695 quod
2091 4625 2443 4694 Hieronymus
2486 4627 2538 4679 in
2580 4623 2765 4679 Matth.
2810 4641 2927 4695 cap.
2971 4626 3041 4680 28
3076 4627 3287 4695 scripsit
3325 4645 3337 4678 :
3383 4625 3521 4680 Ordo
3560 4628 3857 4696 pt'tzcipurss

566 4728 724 4799 jussit
772 4725 1029 4797 Apostolis
1072 4733 1128 4778 ut
1181 4722 1401 4792 primum
1447 4718 1679 4771 docerent
1720 4718 1979 4771 universas
2032 4726 2220 4787 gentes,
2275 4715 2454 4769 deinde
2482 4715 2600 4783 ﬁdei
2628 4716 2929 4786 intingcrent
2975 4726 3309 4782 sacramento,
3342 4726 3387 4770 et
3434 4727 3545 4786 post
3588 4718 3745 4781 ﬁdem
3793 4733 3860 4767 ac

573 4820 856 4893 Baptisma,
897 4833 1009 4889 qua:
1040 4826 1202 4871 essent
1246 4810 1554 4867 observanda
1597 4810 1942 4880 prwciperent.
1991 4808 2303 4877 Quanquam
2347 4806 2485 4861 forte
2524 4807 2637 4875 pius
2672 4808 2934 4877 interpres
2968 4808 3185 4862 minime
3225 4808 3443 4862 curabat
3485 4823 3551 4861 ne
3577 4808 3859 4878 Baptismo

573 4914 1003 4986 przetnitteretur,
1032 4908 1126 4965 sed
1159 4914 1361 4961 tantum
1391 4918 1456 4958 ne
1494 4903 1711 4957 omnino
1740 4902 2233 4970 praetermitteretur
2259 4915 2465 4953 morum
2492 4898 2751 4965 doctrina,
2782 4899 3037 4954 tradenda
3062 4909 3209 4955 certe
3234 4900 3313 4955 vel
3344 4909 3462 4969 post
3499 4900 3854 4969 Baptismum,

573 5018 629 5063 et
654 5004 930 5077 baptizatis
964 4999 1317 5058 observanda.
1352 4998 1453 5052 Pro
1493 4997 1646 5052 tertia
1674 4996 1886 5049 domum
1912 4994 2229 5063 quaestione,
2273 5008 2391 5062 quae
2422 4992 2516 5045 luit
2553 4992 2619 5045 de
2663 4992 2969 5063 baptizalis,
3008 4994 3212 5047 etiamsi
3259 5008 3436 5047 mores
3462 4994 3858 5062 quantumlibet

576 5084 846 5170 improbos
883 5095 1168 5152 emendare
1213 5090 1504 5155 noluerint,
1552 5103 1646 5157 per
1691 5086 1845 5141 tidem
1886 5085 2172 5148 salvandis,
2215 5083 2481 5155 profertur
2530 5083 2654 5136 illud
2690 5100 2754 5137 ex
2790 5084 2904 5153 ejus
2945 5084 3155 5153 dialogo
3193 5086 3216 5138 1
3266 5085 3520 5139 adversus
3554 5084 3763 5154 Pelag.:
3794 5088 3859 5141 Si

583 5191 822 5260 Origenes
855 5204 1025 5243 omnes
1052 5184 1378 5241 rationabiles
1408 5191 1666 5236 creaturas
1702 5180 1822 5231 dicit
1850 5196 1948 5231 non
1978 5195 2085 5231 esse
2124 5177 2425 5246 perdendos,
2460 5185 2509 5229 et
2549 5176 2749 5230 diabolo
2776 5178 2945 5230 tribuit
2976 5178 3350 5249 pwnitentiam;
3378 5179 3499 5244 quid
3529 5180 3597 5231 ad
3626 5196 3742 5244 nos,
3772 5184 3861 5248 qui

580 5292 630 5336 et
658 5281 912 5333 diabolum
940 5288 985 5331 et
1029 5279 1269 5333 satellites
1295 5276 1405 5345 ejus
1434 5288 1702 5342 omnesque
1744 5272 1926 5340 impios
1975 5280 2022 5323 et
2073 5270 2476 5337 pravaricatores
2518 5268 2729 5323 dicimus
2772 5272 2934 5339 perire
2977 5281 3237 5340 perpetuo,
3273 5281 3320 5323 et
3349 5272 3681 5335 Christianos,
3722 5274 3770 5325 si
3806 5276 3857 5326 in

582 5382 785 5445 peccato
812 5371 1045 5439 praeventi
1083 5371 1288 5439 fuerint,
1330 5364 1597 5419 salvandos
1626 5380 1733 5417 esse
1760 5371 1869 5431 post
1898 5362 2112 5430 pcenas?
2138 5360 2203 5413 Et
2225 5376 2287 5413 ex
2314 5357 2721 5412 Commentariis
2754 5364 2803 5413 iu
2836 5361 2956 5415 isai.
2994 5362 3111 5424 nlt.,
3152 5361 3296 5414 Sicut
3336 5360 3524 5414 diaboli
3546 5370 3592 5413 et
3626 5365 3859 5413 omnium

583 5473 877 5535 negatorum
910 5470 1055 5527 atque
1082 5459 1373 5527 impiorum,
1404 5457 1487 5524 qui
1516 5456 1751 5508 dixerunt
1777 5454 1829 5506 in
1861 5454 2011 5505 corde
2030 5468 2141 5515 suo,
2172 5450 2287 5506 Non
2316 5460 2395 5503 est
2424 5451 2559 5502 Deus
2592 5449 2759 5518 (Psul.
2804 5470 2922 5516 xm,
2958 5452 3030 5523 l),
3074 5454 3319 5505 credimus
3359 5465 3541 5506 interna
3569 5462 3863 5516 tormenta;

581 5560 657 5613 sic
670 5560 990 5624 peccatorum
1008 5558 1149 5614 atque
1167 5550 1458 5615 impiorum,
1482 5555 1527 5598 et
1549 5555 1708 5598 tamen
1732 5544 2137 5601 christianorum,
2156 5559 2368 5613 quorum
2385 5558 2536 5610 opera
2548 5543 2597 5594 in
2618 5544 2731 5611 igne
2748 5544 3006 5613 probanda
3020 5554 3167 5613 atque
3182 5549 3445 5613 purganda
3463 5554 3599 5611 sunt,
3622 5545 3867 5598 modera-

584 5659 688 5703 tam
715 5644 1019 5698 arbitramur
1046 5650 1089 5691 et
1133 5642 1339 5692 mixtam
1368 5640 1643 5692 clementia:
1661 5638 1954 5692 sententiam
1961 5636 2169 5705 judicia.
2200 5636 2323 5689 Haec
2352 5644 2524 5688 tanien
2554 5636 2781 5707 theologi
2812 5638 2923 5703 alii,
2949 5646 3002 5690 et
3042 5638 3230 5691 similia
3261 5638 3304 5691 si
3336 5654 3434 5707 qua
3466 5647 3589 5692 sunt
3616 5639 3757 5702 loca,
3787 5654 3869 5692 eo

586 5746 749 5808 pacto
774 5730 1057 5799 explicant,
1086 5737 1143 5781 ut
1164 5730 1228 5782 ab
1257 5730 1345 5783 illo
1374 5742 1587 5791 errore,
1631 5730 1718 5798 qtti
1742 5729 1969 5798 graviter
1998 5725 2175 5779 itidem
2216 5728 2267 5782 in
2302 5726 2627 5792 Enchiridio,
2676 5728 2912 5797 iihroque
2954 5729 3019 5782 de
3048 5728 3270 5782 Civitate
3304 5730 3391 5781 Dei
3432 5730 3493 5783 21
3527 5732 3861 5793 confutatur,

585 5823 877 5887 defendant
906 5820 1299 5885 Hieronymum.
1325 5820 1424 5876 Cui
1454 5832 1549 5870 nec
1576 5834 1667 5873 nos
1694 5815 1939 5890 putamus
1964 5818 2235 5874 tribuenda
2263 5820 2439 5873 omnia
2470 5828 2777 5886 argumenta
2803 5833 2919 5888 qua:
2948 5818 2999 5870 in
3027 5821 3268 5887 pra-senti
3294 5836 3453 5889 opere
3474 5821 3769 5887 diluuntur,
3793 5833 3858 5877 et
