3976 6516
217 338 319 392 895

215 450 474 519 cujusque
510 450 721 521 generis
766 448 1063 507 ministeria
1111 450 1236 518 Del,
1281 450 1366 507 vel
1408 452 1682 523 angelica,
1712 449 1797 505 vel

222 542 495 611 humana),
524 543 578 595 in
604 541 872 598 civitatem
899 551 1136 598 sanctam
1159 541 1454 599 Jerusalem
1475 584 1490 609 ,
1517 558 1635 613 qua:
1662 556 1805 597 nunc

219 636 276 689 in
299 635 500 689 sanctis
529 634 773 691 ﬁdelibus
807 644 890 692 est
929 636 1118 691 diffusa
1160 653 1257 709 per
1290 645 1481 692 terras.
1525 636 1623 693 Ubi
1660 638 1805 691 enim

222 724 473 780 divinitus
502 724 841 796 adjuvantur,
870 728 942 782 ibi
967 729 1224 793 credunt;
1256 740 1309 784 et
1335 730 1424 785 ubi
1450 729 1674 785 credunt
1693 769 1709 795 ,
1734 727 1807 782 ibi

222 818 460 872 veniunt.
489 818 825 889 Comparavit
848 829 1026 876 autem
1075 820 1196 877 illos
1223 822 1476 877 Dominus
1502 863 1516 887 ,
1558 831 1807 892 tanquam

226 923 323 977 per
367 908 770 964 similitudinem
796 951 810 975 ,
842 910 963 965 (iliis
1008 910 1170 966 Israel
1212 912 1556 967 oIl‘erentibus
1598 912 1648 966 ei
1686 926 1810 966 suas

228 998 429 1052 hostias
448 1014 571 1052 cum
611 999 829 1069 psalmis
861 1000 913 1054 in
950 1000 1111 1055 domo
1133 1001 1277 1070 ejus;
1308 1002 1449 1072 quod
1478 1001 1675 1072 ubique
1699 1000 1812 1071 jam

230 1088 355 1143 facit
381 1088 652 1154 Ecclesia;
681 1100 735 1145 et
757 1091 999 1159 promisit
1022 1091 1088 1145 ab
1110 1092 1236 1160 ipsis
1257 1106 1315 1145 se
1343 1100 1686 1160 accepturum
1709 1090 1813 1145 sibi

200 1179 543 1243 Sacerdotes
584 1189 639 1235 et
666 1178 905 1245 Levitas;
933 1181 1074 1251 quod
1122 1180 1467 1236 nihilominus
1509 1182 1623 1236 ﬁeri
1673 1195 1814 1236 nunc

231 1272 491 1326 videmus.
520 1270 638 1327 Non
669 1273 813 1327 enim
847 1287 917 1328 ex
965 1287 1158 1341 genere
1190 1273 1366 1327 carnis
1406 1281 1460 1327 et
1503 1272 1771 1342 sanguinis
1795 1312 1812 1339 ,

232 1363 529 1429 sicut,erat
579 1364 811 1433 primum
856 1364 1147 1419 secundum
1194 1364 1437 1420 ordinem
1482 1366 1693 1430 Aaron;
1723 1363 1817 1419 sed

233 1456 369 1509 sicut
406 1456 681 1524 oportebat
722 1457 778 1511 in
807 1457 1148 1513 Testamento
1184 1472 1356 1523 novo,
1389 1458 1476 1512 ubi
1524 1456 1817 1512 secundum

234 1546 476 1601 ordinem
506 1548 892 1604 Melchisedech
920 1564 1160 1605 summus
1183 1551 1432 1606 sacerdos
1456 1560 1539 1605 est
1579 1550 1819 1605 Christus

235 1635 405 1707 (Psal.
434 1654 543 1706 cu,
567 1641 645 1709 4),
679 1656 774 1710 pro
798 1641 1055 1711 cujusque
1083 1644 1273 1696 merito
1298 1642 1441 1710 quod
1477 1642 1530 1695 in
1555 1657 1678 1697 eum
1700 1655 1820 1711 gra-

236 1728 308 1783 tia
334 1728 511 1783 divina
540 1731 845 1797 contulerit,
876 1732 1192 1787 Sacerdotes
1216 1740 1269 1787 et
1293 1731 1505 1786 Levitas
1533 1732 1655 1801 eligi
1679 1746 1821 1785 nunc

237 1818 525 1873 videmus:
566 1820 657 1889 qui
702 1836 808 1876 non
866 1822 969 1875 isto
1012 1824 1262 1885 nomine,
1311 1822 1452 1892 quod
1499 1838 1641 1893 smpe
1677 1837 1818 1877 asse-

231 1917 473 1977 quuntur
512 1909 746 1980 indigni,
777 1911 869 1966 sed
899 1927 961 1966 ea
1001 1929 1119 1982 qua:
1149 1928 1253 1968 non
1275 1923 1359 1969 est
1385 1914 1538 1968 bonis
1564 1914 1822 1985 malisque

236 2003 535 2055 communis
556 2043 571 2068 ,
605 2003 884 2058 sanctitate
913 2006 1170 2072 pensaudi
1197 2014 1338 2059 sunt.

308 2092 364 2145 4.
404 2092 529 2147 Hcce
554 2107 678 2147 cum
704 2094 772 2149 de
802 2095 901 2148 ista
925 2137 939 2159 ,
968 2112 1086 2165 qua:
1111 2111 1253 2151 nunc
1294 2097 1594 2166 impertitur
1637 2096 1823 2153 Eccle-

239 2181 333 2236 sia:
359 2224 373 2248 ,
406 2185 688 2253 perspicua
716 2186 973 2256 nobisque
1012 2189 1289 2243 notissima
1347 2189 1438 2243 Dei
1484 2190 1826 2244 miseratione

240 2272 492 2338 dixisset;
522 2276 765 2343 promisit
792 2286 845 2331 et
881 2278 1013 2332 lines
1050 2279 1117 2333 ad
1142 2294 1275 2348 quos
1301 2294 1395 2348 per
1422 2281 1661 2335 ultimum
1685 2280 1826 2349 judi-

242 2363 383 2418 cium
415 2365 549 2418 facta
586 2366 847 2421 bonorum
884 2370 1249 2439 malorumque
1278 2370 1599 2426 discretione
1642 2371 1823 2426 veniev

246 2463 350 2521 tur,
380 2454 564 2510 dicens
606 2472 705 2527 per
746 2457 1101 2527 Prophetam,
1132 2462 1214 2514 vel
1252 2460 1320 2516 de
1373 2463 1598 2517 Domino
1644 2464 1829 2517 dicens

243 2544 359 2614 ipse
387 2546 651 2617 PrOpheta
687 2568 700 2605 :
735 2550 999 2615 Quomodo
1022 2554 1154 2605 enim
1191 2552 1373 2607 caelum
1405 2570 1586 2608 novum
1616 2564 1660 2609 et
1697 2565 1831 2608 terra

208 2649 377 2689 enova
403 2639 617 2691 manebit
642 2656 812 2693 coram
839 2659 933 2706 me,
964 2644 1091 2695 dixit
1116 2643 1385 2707 Dominus,
1404 2646 1476 2699 sic
1497 2644 1645 2699 stabit
1662 2661 1829 2699 semen

244 2738 463 2779 vestrum
485 2739 530 2781 et
562 2745 740 2783 nomen
769 2740 983 2785 vestrum
1007 2748 1026 2796 ;
1047 2742 1092 2785 et
1130 2734 1222 2786 erit
1253 2737 1433 2789 mensis
1472 2752 1534 2789 ea:
1556 2752 1722 2790 mense
1741 2777 1755 2800 ,
1784 2744 1831 2789 et

242 2816 507 2870 sabbatum
542 2835 606 2873 ea:
632 2820 855 2874 sabbato.
895 2821 1070 2876 Veniet
1101 2824 1117 2855 ¹
1148 2826 1310 2878 omnis
1339 2842 1457 2879 caro
1485 2826 1537 2879 in
1563 2834 1831 2895 conspectu

243 2923 356 2959 meo
395 2908 611 2963 adorare
658 2912 711 2964 in
756 2911 1043 2967 Jerusalem
1066 2954 1083 2981 ,
1114 2916 1239 2968 dixit
1290 2915 1578 2971 Dominus:
1608 2926 1652 2971 et
1688 2933 1832 2987 egre-

244 2998 465 3063 dientur,
492 3011 538 3053 et
582 3002 813 3056 videbunt
854 3004 1075 3058 membra
1119 3006 1377 3059 hominum
1406 3009 1491 3077 qui
1521 3008 1834 3077 rra’varicaﬁ

243 3100 365 3143 sunt
390 3092 444 3143 in
490 3108 586 3145 me.
617 3092 811 3147 Vermis
855 3112 1029 3149 eorum
1068 3114 1169 3151 non
1210 3100 1447 3152 morietur
1468 3140 1481 3162 ,
1510 3110 1558 3153 et
1587 3101 1717 3170 ignis
1751 3117 1836 3155 eo-

243 3198 363 3235 rum
388 3199 492 3236 non
528 3186 873 3256 exstinguetur
903 3228 918 3253 ,
944 3198 989 3240 et
1014 3198 1157 3242 erunt
1182 3190 1308 3242 visui
1338 3190 1475 3243 omni
1508 3192 1649 3243 carni
1682 3190 1833 3261 (lsai.

245 3288 394 3339 LxVI,
423 3274 613 3342 22-24,
633 3293 735 3331 sec.
756 3277 943 3347 LXX).
970 3278 1051 3333 Ad
1098 3279 1200 3335 hoc
1240 3281 1338 3335 iste
1364 3281 1623 3351 propheta
1656 3283 1835 3337 termi-

245 3366 395 3420 navit
419 3367 608 3422 librum
626 3411 640 3435 ,
663 3369 729 3423 ad
759 3371 901 3439 quod
929 3372 1297 3427 terminabitur
1316 3376 1593 3429 saeculum.
1612 3373 1837 3441 Quidam

245 3471 379 3512 sane
426 3472 532 3512 non
581 3459 913 3529 interpretati
958 3471 1118 3527 sunt,
1149 3465 1370 3517 membra
1413 3453 1700 3529 Itomiiium,
1745 3465 1839 3520 sed

244 3548 497 3602 cadavera
533 3549 755 3603 virorum
785 3550 881 3621 (a),
911 3567 1005 3620 per
1030 3552 1288 3607 cadavera
1334 3554 1691 3623 signiﬁcantes
1728 3556 1841 3610 evi-

247 3638 464 3694 dentem
493 3656 773 3711 corporum
804 3659 1015 3711 pmnam
1042 3661 1057 3697 :
1082 3644 1323 3713 quamvis
1343 3645 1568 3699 cadaver
1591 3646 1690 3699 nisi
1713 3660 1839 3700 caro

248 3734 513 3788 exanimis
538 3777 552 3802 ,
585 3750 691 3790 non
740 3736 909 3790 soleat
940 3738 1270 3807 nuncupari;
1306 3736 1393 3790 illa
1438 3752 1567 3792 vero
1609 3739 1841 3793 animata

248 3831 409 3877 erunt
432 3838 693 3893 corpora,
722 3826 955 3895 alioquin
1000 3826 1143 3880 nulla
1183 3835 1433 3896 poterunt
1484 3829 1685 3882 sentire
1727 3836 1841 3883 tor-

248 3924 431 3969 menta
466 3934 480 3970 :
513 3916 613 3969 nisi
640 3915 778 3971 forte
803 3918 925 3987 quia
954 3926 1285 3973 mortuorum
1316 3928 1472 3973 erunt
1498 3933 1723 3989 corpora
1744 3962 1757 3985 ,
1789 3919 1842 3974 id

250 4019 376 4077 εει,
408 4028 595 4066 eorum
639 4012 729 4082 qui
772 4011 824 4065 in
862 4012 1151 4067 secundam
1198 4022 1425 4068 mortem
1467 4013 1694 4080 cadent,
1724 4014 1843 4069 ideo

250 4119 359 4159 non
386 4105 616 4161 absurde
641 4106 800 4159 etiam
827 4086 1089 4161 cadavera
1112 4106 1215 4161 dici
1242 4115 1483 4176 possunt.
1502 4106 1655 4163 Unde
1682 4117 1762 4162 est
1790 4116 1845 4161 et

249 4195 412 4262 illud,
445 4197 585 4267 quod
631 4197 699 4250 ab
735 4197 927 4252 eodem
974 4196 1231 4267 prOphcta
1276 4196 1474 4251 dictum
1523 4198 1633 4266 jam
1685 4213 1843 4266 supra

252 4288 447 4360 posui:
476 4286 635 4342 Terra
673 4304 787 4342 vero
828 4288 1095 4358 impiorum
1142 4288 1308 4343 cadet.
1336 4288 1466 4355 Quis
1509 4298 1687 4343 autem
1737 4304 1843 4344 non

252 4379 435 4433 videat
474 4394 504 4431 a
548 4379 787 4434 cadendo
817 4395 939 4434 esse
982 4380 1241 4449 appellata
1270 4380 1527 4435 cadavera
1551 4380 1658 4451 (b)?
1699 4380 1847 4436 Viro-

252 4488 368 4525 rum
398 4480 573 4526 autem
603 4487 703 4542 pro
731 4489 796 4528 eo
825 4474 1068 4542 posuisse
1098 4472 1216 4525 illos
1242 4471 1580 4543 interpretes,
1599 4474 1739 4544 quod
1764 4482 1848 4529 est

255 4564 550 4632 hominum,
607 4566 945 4621 manifestum
987 4574 1088 4621 est.
1139 4565 1324 4634 Neque
1375 4567 1518 4621 enim
1568 4566 1848 4637 quisquam

252 4657 497 4711 dicturus
517 4666 601 4713 est
621 4698 636 4722 ,
670 4659 1122 4726 praevaricatrices
1150 4659 1375 4715 feminas
1401 4659 1452 4713 in
1476 4659 1567 4715 illo
1586 4658 1848 4729 supplicio

254 4763 363 4803 non
404 4749 643 4802 futuras:
676 4749 770 4803 sed
809 4764 875 4803 ex
916 4751 1121 4818 potiore
1142 4790 1157 4814 ,
1184 4750 1481 4819 prmsertim
1516 4749 1585 4804 de
1617 4766 1723 4820 quo
1766 4748 1847 4804 Ie-

253 4841 402 4895 mina
431 4840 569 4895 facta
597 4850 715 4903 est,
749 4850 971 4910 uterque
999 4857 1159 4897 sexus
1186 4843 1465 4911 accipitur.
1490 4842 1685 4897 Verum
1708 4841 1850 4912 quod

254 4930 324 4984 ad
356 4947 468 4984 rem
497 4932 727 4986 maxime
763 4934 1029 5001 pertinet,
1062 4947 1185 4987 cum
1227 4941 1282 4988 et
1314 4934 1369 4987 in
1418 4932 1574 4987 bonis
1616 4933 1846 4999 dicitur,

268 5020 443 5075 Veniet
472 5024 634 5076 omnis
675 5040 795 5077 caro
828 5040 847 5078 :
874 5024 996 5093 quia
1039 5039 1105 5079 ex
1150 5024 1297 5079 omni
1330 5039 1529 5095 genere
1577 5024 1849 5081 hominum

256 5112 484 5183 populus
511 5114 610 5169 iste
631 5115 934 5181 constabit;
968 5130 1071 5170 non
1102 5117 1247 5170 enim
1275 5130 1465 5171 omnes
1507 5115 1750 5171 homines
1778 5117 1850 5171 ibi

257 5212 455 5270 erunt,
486 5205 700 5275 quando
724 5206 779 5259 in
803 5206 977 5276 pmnis
1000 5206 1180 5276 plures
1200 5215 1360 5261 erunt
1387 5225 1402 5262 :
1427 5205 1522 5262 sed
1542 5247 1558 5273 ,
1588 5216 1646 5261 ut
1673 5208 1850 5263 dicere

257 5310 560 5364 casperatn,
589 5310 709 5349 cum
740 5305 794 5350 et
824 5296 877 5350 in
902 5296 1056 5351 bonis
1084 5310 1212 5351 caro
1233 5337 1250 5364 ,
1277 5305 1332 5352 et
1354 5296 1408 5353 in
1431 5298 1587 5352 malis
1611 5298 1851 5353 membra

259 5387 346 5440 vel
367 5385 629 5441 cadavera
652 5387 1029 5452 nominantur;
1066 5388 1303 5457 profecto
1338 5398 1458 5457 post
1498 5390 1851 5443 resurrectio-

261 5494 387 5533 nem
412 5480 588 5533 carnis
608 5518 622 5544 ,
647 5478 799 5549 cujus
826 5478 959 5534 ﬁdes
1001 5478 1082 5533 his
1110 5495 1288 5534 rerum
1319 5481 1591 5535 vocabulis
1632 5482 1853 5537 omnino

329 5680 345 5711 ⁸
384 5685 433 5727 tn
456 5679 616 5735 editis,
643 5684 698 5729 Et
720 5677 887 5729 veniet.
911 5677 1075 5739 Abest,
1100 5685 1174 5738 Et,
1197 5690 1226 5727 a
1248 5684 1355 5728 Mss.

331 5740 406 5804 (tr)
431 5745 500 5791 sic
524 5745 571 5790 in
597 5740 810 5804 Vulgata.

331 5800 403 5865 (ll)
426 5810 588 5867 supra,
613 5800 715 5867 mp.
746 5804 802 5855 IO
824 5804 965 5869 hujus
987 5803 1113 5867 libri,
1133 5800 1226 5855 sub
1249 5802 1453 5853 Initium.

1516 338 1720 396 LIBER
1760 337 2136 395 VIGESIMUS.

3387 334 3491 390 69E

1915 449 2159 505 ﬁrmatur
2182 493 2196 517 ,
2240 450 2365 505 illud
2391 466 2497 521 quo
2531 452 2544 481 ⁸
2576 450 2699 505 boni
2739 457 2793 504 et
2822 449 2941 503 mali
2985 449 3096 503 suis
3136 448 3327 503 Ilnibus
3367 450 3495 501 diri-

1911 550 2156 607 mentur,
2182 541 2413 597 futurum
2442 557 2561 597 esse
2586 541 2842 611 judicium
2869 541 3186 597 declaratur.

1911 633 2138 690 CAPUT
2165 632 2330 688 XXII.
2352 663 2423 674 ——
2445 634 2623 698 Qualis
2655 636 2828 705 futura
2854 634 2917 687 sit
2952 633 3167 703 egressio
3198 643 3490 686 sanctorum

2266 726 2334 779 ad
2376 726 2615 780 videndus
2652 742 2825 796 pwnas
2870 726 3135 779 malorum.

1984 818 2088 874 Sed
2116 818 2383 889 quomodo
2408 819 2747 889 egredientur
2775 818 2897 871 boni
2921 816 2987 871 ad
3024 816 3280 871 videndas
3310 831 3496 885 paruas

1916 911 2209 966 malorum?
2240 910 2502 981 Numquid
2524 911 2762 980 corporis
2814 920 2959 965 motu
2986 910 3168 965 beatas
3207 910 3323 963 illas
3368 908 3495 963 reli~

1915 1003 2051 1057 cturi
2099 1012 2224 1057 sunt
2268 1003 2424 1057 sedes
2447 1043 2462 1069 ,
2493 1012 2545 1056 et
2572 1003 2638 1056 ad
2686 1003 2799 1055 loca
2830 1001 3056 1071 pmnalia
3084 1000 3409 1070 perrecturi,
3445 1007 3499 1053 ut

1917 1096 2177 1149 malorum
2208 1104 2469 1149 tormenta
2498 1094 2830 1163 conSpieiaut
2872 1092 3153 1162 praesentia
3185 1091 3448 1161 corporali
3475 1092 3497 1143 ἲ

1918 1186 2105 1239 Absit:
2135 1186 2227 1241 sed
2258 1186 2596 1256 egredientur
2621 1200 2716 1255 per
2745 1184 3041 1239 scientiam.
3069 1183 3181 1238 ΙΙοε
3206 1184 3346 1237 enim
3377 1198 3503 1235 ver-

1918 1275 1988 1331 bo
2014 1277 2365 1346 signiﬁcatum
2400 1285 2481 1331 est
2503 1317 2517 1341 ,
2548 1292 2641 1331 eos
2666 1276 2755 1346 qui
2784 1274 3159 1331 cruciabuntur
3180 1284 3327 1329 extra
3358 1274 3503 1327 iutu-

1920 1383 2030 1422 ros.
2062 1370 2287 1437 Propter
2306 1369 2447 1438 quod
2478 1381 2531 1423 et
2566 1368 2819 1423 Dominus
2848 1382 2911 1422 ea
2936 1366 3052 1421 loca
3075 1365 3322 1421 tenebras
3350 1377 3507 1420 cxte-

1921 1463 2089 1516 riores
2120 1474 2266 1516 vocat
2292 1462 2504 1534 (Matth.
2536 1478 2641 1515 xxv
2664 1503 2679 1527 ,
2710 1459 2798 1532 30)
2826 1478 2838 1513 :
2872 1459 3061 1530 quibus
3100 1459 3394 1514 contrarius
3423 1466 3507 1511 est

1922 1553 2009 1607 ille
2040 1554 2306 1622 ingressus
2348 1554 2416 1608 de
2458 1569 2565 1623 quo
2604 1552 2801 1608 dicitur
2855 1568 3010 1608 servo
3042 1551 3183 1606 bono
3213 1593 3227 1617 ,
3271 1550 3416 1604 Intra
3454 1551 3507 1601 in

1923 1647 2161 1715 gaudium
2188 1646 2393 1701 Domini
2414 1649 2487 1701 tui
2515 1645 2676 1717 (Ibid.
2699 1647 2792 1717 21)
2816 1665 2829 1701 :
2855 1662 2923 1701 ne
2949 1646 3075 1701 illuc
3104 1644 3226 1699 mali
3257 1653 3507 1714 putentur

1924 1738 2147 1808 ingredi,
2174 1748 2231 1792 nt
2258 1740 2495 1793 sciantur
2525 1756 2540 1804 ;
2565 1738 2658 1793 sed
2688 1739 2755 1793 ad
2779 1738 2897 1793 illos
2928 1737 3106 1809 potius
3159 1736 3302 1791 velut
3326 1735 3508 1804 egredi

1924 1831 2144 1884 scicntia
2166 1872 2180 1896 ,
2213 1845 2315 1900 qua
2339 1845 2432 1885 eos
2454 1830 2715 1901 cognituri
2746 1838 2869 1884 sunt
2894 1870 2908 1895 ,
2947 1828 3104 1892 boni;
3127 1828 3248 1897 quia
3278 1825 3333 1881 id
3369 1826 3510 1895 quod

1924 1932 2073 1976 extra
2100 1932 2182 1977 est
2222 1923 2484 1992 cognituri
2531 1931 2673 1976 sunt.
2704 1921 2805 1988 Qui
2850 1920 2991 1975 enim
3031 1927 3185 1974 erunt
3215 1918 3267 1971 in
3298 1917 3470 1987 pmnis
3491 1956 3506 1979 ,

1927 2016 2051 2085 quid
2083 2025 2267 2085 agatur
2288 2016 2499 2070 intusin
2530 2014 2721 2085 gaudio
2746 2013 2955 2068 Domini
2983 2012 3250 2067 nescient:
3271 2009 3357 2080 qui
3386 2024 3513 2062 vero

1928 2117 2085 2162 erunt
2113 2108 2167 2161 in
2198 2107 2287 2160 illo
2314 2107 2526 2177 gaudio,
2556 2105 2682 2175 quid
2709 2114 2895 2174 agatur
2916 2102 3043 2157 foris
3066 2103 3117 2156 in
3146 2102 3255 2156 illis
3281 2100 3514 2155 tenebris

1929 2199 2286 2253 exteriorlbus
2333 2199 2520 2253 scient.
2558 2197 2678 2251 Ideo
2728 2197 2930 2252 dictum
2959 2206 3079 2261 est,
3132 2194 3448 2265 egrediantur
3497 2208 3516 2245 :

1929 2293 2052 2363 quia
2098 2307 2192 2346 eos
2221 2292 2379 2347 etiam
2406 2291 2495 2360 qui
2516 2292 2536 2321 ²
2564 2290 2694 2344 foris
2720 2290 2788 2343 ab
2838 2290 2916 2343 eis
2946 2296 3101 2342 erunt
3124 2330 3137 2350 ,
3167 2288 3349 2356 utique
3404 2301 3513 2337 non

1934 2386 2191 2440 latebunt.
2225 2384 2283 2440 Si
2311 2386 2452 2439 enim
2493 2383 2609 2437 ham
2629 2382 2912 2453 Propheta:
2942 2380 3173 2434 nondum
3204 2379 3333 2431 facta
3362 2394 3519 2431 nosse

1935 2486 2240 2547 potuerunt,
2272 2492 2368 2547 per
2398 2475 2498 2530 hoc
2520 2474 2663 2546 quod
2703 2483 2819 2529 erat
2845 2473 2988 2528 Deus
3008 2515 3022 2538 ,
3052 2470 3512 2541 quantulumcum-

1932 2583 2036 2638 que
2064 2569 2292 2635 erat,in
2339 2582 2523 2639 eorum
2554 2566 2855 2621 mortalium
2909 2564 3207 2627 mentibus;
3252 2560 3519 2631 quomodo

1935 2659 2265 2714 immortales
2294 2660 2461 2713 sancti
2490 2659 2600 2728 jam
2631 2656 2768 2712 facta
2788 2666 2912 2711 tunc
2940 2656 3199 2718 nesciant,
3226 2668 3344 2706 cum
3382 2653 3519 2703 Deus

1934 2753 2037 2808 erit
2060 2752 2236 2805 omnia
2268 2753 2317 2804 in
2341 2750 2587 2805 omnibus
2609 2749 2653 2820 (Ι
2677 2747 2799 2803 Cor.
2828 2764 2897 2803 xv
2923 2788 2939 2812 ,
2965 2747 3097 2817 28)?
3124 2746 3293 2799 Stabit
3317 2760 3441 2813 ergo
3468 2745 3519 2795 in

1937 2845 2024 2899 illa
2052 2844 2377 2900 beatitudine
2407 2852 2712 2897 sanctorum
2734 2856 2919 2896 semen
2940 2850 2993 2894 et
3035 2853 3227 2893 nomen
3258 2854 3271 2901 ;
3295 2852 3476 2889 semen
3505 2877 3517 2894 .

1937 2936 2142 2990 scilicet
2195 2935 2263 2990 de
2291 2950 2395 3005 quo
2436 2934 2671 2989 Joannes
2712 2933 2819 2997 ait,
2848 2931 2917 2985 Et
2967 2947 3132 2985 semen
3159 2931 3268 2999 ejus
3316 2928 3368 2980 in
3414 2928 3522 2994 ipso

1937 3037 2104 3079 manet
2133 3025 2178 3097 (Ι
2196 3025 2352 3079 Joan.
2382 3042 2460 3090 Ill,
2488 3025 2543 3097 9)
2570 3042 2582 3077 :
2613 3039 2809 3079 nomen
2831 3036 2961 3077 vero
2990 3062 3004 3087 ,
3032 3020 3100 3076 de
3128 3034 3235 3089 quo
3264 3033 3360 3088 per
3382 3017 3522 3070 hunc

1940 3118 2127 3173 Isaiam
2176 3120 2375 3172 dictum
2417 3126 2533 3185 est,
2569 3116 2770 3172 Nomen
2798 3125 3041 3170 teternum
3087 3112 3217 3166 dabo
3264 3112 3332 3164 eis
3362 3107 3513 3179 (Isai.

1942 3228 2048 3275 LVI,
2073 3213 2146 3283 5).
2170 3211 2235 3264 Et
2265 3212 2355 3265 erit
2384 3212 2453 3266 eis
2474 3211 2655 3265 mensis
2676 3225 2737 3264 ea:
2772 3224 2941 3262 mense
2969 3216 3015 3261 et
3054 3206 3313 3260 sabbatum
3334 3219 3394 3256 ea:
3420 3201 3526 3254 sab-

1944 3306 2086 3368 bato,
2120 3314 2370 3374 tanquam
2421 3304 2543 3358 luna
2571 3318 2641 3358 ex
2695 3303 2818 3356 luna
2845 3309 2901 3357 et
2936 3298 3153 3369 requies
3178 3313 3242 3350 ex
3296 3294 3477 3364 requie
3510 3312 3521 3346 :

1944 3413 2172 3467 quorum
2202 3408 2484 3466 utrumque
2510 3396 2607 3465 ipsi
2639 3405 2831 3459 erunt,
2860 3408 2979 3445 cum
3003 3408 3064 3443 ex
3101 3391 3181 3443 his
3204 3387 3405 3441 umbris
3428 3401 3524 3439 ve-

1946 3488 2149 3541 teribus
2177 3497 2232 3541 et
2276 3487 2659 3557 temporalibus
2687 3487 2739 3538 in
2784 3485 2872 3538 illa
2909 3482 3107 3536 lumina
3134 3493 3269 3535 nova
3297 3492 3360 3533 ac
3386 3490 3529 3531 sem-

1947 3581 2150 3649 piterna
2184 3579 2505 3632 transibunt.
2537 3576 2592 3631 In
2644 3576 2815 3645 poenis
2840 3582 3015 3627 autem
3050 3573 3311 3625 malorum
3341 3578 3396 3625 et
3434 3572 3518 3621 itt-

1946 3671 2338 3741 exstinguibilis
2361 3669 2497 3740 ignis
2532 3678 2586 3723 et
2633 3668 3001 3722 vivacissimus
3028 3664 3225 3718 vermis
3255 3704 3269 3728 ,
3301 3662 3369 3715 ab
3412 3661 3530 3713 aliis

1946 3774 2106 3833 atque
2135 3763 2254 3817 aliis
2282 3762 2438 3816 aliter
2464 3768 2621 3829 atque
2649 3759 2804 3812 aliter
2830 3765 2911 3810 est
2934 3754 3228 3824 expositus.
3253 3752 3352 3807 Alii
3376 3752 3531 3821 quip-

1950 3873 2015 3927 pe
2044 3865 2329 3925 utrumque
2359 3852 2426 3907 ad
2466 3865 2663 3920 corpus
2691 3889 2707 3915 ,
2734 3848 2823 3903 alii
2853 3855 3133 3915 utrumque
3176 3843 3243 3898 ad
3297 3842 3530 3895 animum

1948 3948 2249 4003 retulerunt
2281 3964 2295 4001 :
2323 3944 2413 3999 alii
2439 3942 2652 4014 proprie
2677 3941 2744 3996 ad
2772 3955 2965 4009 corpus
2994 3937 3168 4008 ignem
3191 3978 3206 4003 ,
3240 3936 3441 4005 tropice
3465 3933 3532 3987 ad

1949 4042 2187 4097 animum
2212 4053 2450 4094 vermem
2473 4078 2489 4101 ,
2519 4036 2660 4107 quod
2692 4033 2997 4090 credibilius
3017 4046 3136 4086 esse
3164 4029 3399 4084 videtur.
3428 4027 3534 4081 Sed

1951 4150 2091 4189 nunc
2120 4134 2186 4188 de
2212 4133 2311 4187 hac
2339 4130 2636 4187 dill'erenlia
2663 4143 2769 4184 non
2794 4135 2878 4182 est
2906 4123 3161 4194 temporis
3188 4122 3209 4153 ⁸
3236 4120 3529 4190 disputare.

1951 4228 2027 4283 De
2046 4226 2248 4298 judicio
2272 4239 2503 4295 namque
2531 4222 2723 4276 ultimo
2747 4261 2763 4287 ,
2800 4233 2906 4289 quo
2933 4216 3022 4271 ﬁet
3042 4214 3327 4283 diremptio
3366 4211 3533 4266 bono-

1951 4336 2068 4375 rum
2094 4327 2148 4373 et
2172 4317 2434 4372 malorum
2463 4356 2478 4383 ,
2504 4314 2608 4369 hoc
2638 4312 2889 4367 volumen
2914 4307 3137 4378 implere
3165 4303 3533 4373 suscepimus:

1952 4412 2020 4467 de
2053 4411 2181 4481 ipsis
2209 4423 2338 4463 vero
2364 4407 2599 4477 praemiis
2629 4413 2684 4460 et
2711 4402 2886 4474 pmnis
2917 4401 3050 4455 alias
3076 4397 3381 4469 diligentius
3425 4394 3537 4448 dis-

1953 4503 2238 4559 serendum
2261 4510 2364 4555 est.

1952 4594 2180 4651 CAPUT
2216 4591 2400 4647 XXIII.
2432 4620 2499 4631 —-—
2528 4588 2665 4655 Quid
2701 4582 3067 4655 prophetauerit
3126 4579 3308 4632 Daniel
3334 4579 3396 4631 de
3425 4594 3537 4646 per-

2025 4687 2275 4741 secutione
2304 4679 2599 4735 Antichristi
2628 4720 2642 4742 ,
2677 4688 2722 4731 et
2776 4676 2837 4728 de
2882 4672 3081 4744 judicio
3131 4670 3260 4737 Dei,
3292 4684 3538 4740 regnoque

2026 4784 2333 4831 sanctorum.

2029 4871 2082 4924 l.
2116 4865 2301 4921 Daniel
2340 4864 2405 4919 de
2427 4862 2530 4917 hoc
2558 4861 2746 4915 ultimo
2774 4856 2975 4926 judicio
2998 4855 3076 4910 sic
3120 4852 3439 4924 prophetat,
3481 4860 3539 4904 ut

1958 4960 2346 5017 Antichristum
2373 4956 2521 5027 prius
2560 4967 2770 5022 quoque
2816 4960 3099 5004 venturum
3146 4959 3265 4999 esse
3292 4958 3541 5012 prmnnn-

1958 5056 2077 5121 tiet,
2103 5063 2260 5121 atque
2283 5050 2349 5103 ad
2380 5057 2638 5103 :eternum
2687 5060 2909 5114 regnum
2942 5052 3242 5097 sanctorum
3291 5035 3542 5106 perducat

1959 5146 2321 5201 narrationem
2369 5155 2537 5196 suam.
2596 5137 2731 5192 Cum
2784 5135 2925 5188 enim
2985 5132 3188 5186 visione
3237 5126 3541 5198 prophetica

1959 5246 2187 5309 quatuor
2210 5235 2409 5289 bestias
2456 5229 2814 5302 signiﬁcantes
2840 5235 3065 5296 quatuor
3095 5235 3255 5291 regna
3282 5218 3503 5271 vidisset
3526 5234 3540 5280 ;

1960 5333 2242 5403 ipsumque
2286 5333 2531 5397 quartum
2572 5338 2601 5377 a
2632 5320 2861 5391 quodam
2912 5332 3035 5387 rege
3064 5322 3399 5383 superatum,
3454 5310 3541 5377 qui

1960 5423 2323 5479 Antichristus
2351 5416 2688 5488 agnoscitur;
2722 5422 2774 5468 et
2805 5420 2920 5481 post
2966 5409 3081 5463 hcce
3122 5416 3379 5460 mternum
3422 5418 3544 5470 reg-

1962 5531 2087 5571 num
2118 5513 2235 5567 Filii
2265 5507 2623 5576 hominis,qui
2655 5503 2961 5572 intelligitur
2988 5499 3232 5554 Christus
3260 5514 3272 5548 :
3310 5494 3541 5560 Horruit,

2028 5674 2044 5704 ι
2080 5671 2152 5718 sic
2174 5674 2244 5716 Er.
2275 5675 2325 5716 et
2351 5666 2516 5727 plures
2540 5672 2643 5712 uss.
2672 5667 2727 5709 At
2748 5657 2881 5707 Vind.
2910 5666 3007 5703 sm.
3035 5661 3086 5703 et
3108 5659 3235 5710 t.ov.,
3274 5652 3417 5713 quod.

2025 5736 2044 5765 ν
2081 5734 2265 5790 Aliquot
2290 5738 2412 5783 Mssa,
2438 5739 2561 5790 qua’.
2795 5780 2803 5788 .
3002 5786 3009 5790 .
3063 5778 3073 5790 .
3131 5780 3138 5785 .

2026 5797 2046 5828 ³
2080 5778 2213 5849 ωἰίί,
2240 5804 2329 5840 non
2353 5778 2417 5840 est
2441 5778 2582 5839 huius
2606 5780 2843 5847 temporis.
2873 5786 3033 5841 Abeat,
3057 5778 3215 5839 hujus,
3238 5788 3264 5824 a
3286 5781 3390 5823 Mss.
