4004 6584
514 341 610 397 695

513 453 696 522 inquit,
725 450 928 517 spiritus
957 465 1092 501 meus
1119 488 1135 513 ,
1170 463 1259 516 ego
1288 445 1468 500 Daniel
1497 445 1549 496 in
1570 441 1854 495 habitudine
1883 442 1900 471 ¹
1924 456 2032 492 mea
2050 480 2062 502 ,

512 557 557 599 et
572 547 707 597 visus
735 542 910 612 capitis
940 540 1032 593 mei
1052 538 1407 592 conturbabant
1430 552 1525 588 me.
1550 535 1617 586 Et
1642 534 1825 586 accessi
1842 573 1856 598 ,
1882 531 2069 600 inquit,

514 639 579 689 ad
625 650 778 688 unum
807 632 868 685 de
893 630 1152 694 stantibus,
1181 639 1226 682 et
1255 629 1507 681 veritatem
1531 624 1809 696 quaerebam
1845 622 1908 674 ab
1933 638 1989 674 eo
2013 621 2075 673 de

515 727 592 779 his
618 725 842 779 omnibus
857 740 877 777 :
901 733 947 776 et
965 723 1091 775 dixit
1108 720 1230 774 mihi
1248 721 1520 773 veritatem.
1547 717 1768 782 Deinde,
1787 714 1912 784 quid
1928 714 2077 767 audi-

517 819 619 871 erit
646 817 711 869 ab
741 816 850 876 illo,
874 830 902 866 a
933 829 1036 882 quo
1065 813 1131 867 de
1160 811 1403 865 omnibus
1427 810 1507 863 bis
1536 807 1794 878 quaesivit,
1829 816 2074 873 tanquam

516 922 581 960 eo
597 906 693 959 sibi
718 919 782 958 ex
790 913 1035 972 ponente,
1063 902 1142 957 sic
1162 901 1390 970 loquitur
1409 918 1422 952 :
1445 898 1540 952 Ha:
1557 907 1766 967 quatuor
1781 895 1948 948 bestia:
1971 909 2080 945 ma-

517 1013 628 1066 gme
650 1039 664 1063 ,
695 1005 908 1067 quatuor
941 1011 1094 1065 regna
1120 1004 1322 1063 surgent
1350 993 1404 1045 in
1437 999 1588 1055 terra,
1619 1005 1728 1060 qute
1765 991 2076 1058 auferentur,

519 1097 562 1140 et
586 1089 826 1156 accipient
851 1103 1060 1156 regnum
1095 1086 1255 1139 sancti
1291 1082 1622 1138 Altissimi:et
1643 1079 1923 1134 obtinebunt
1950 1076 2078 1131 illud

520 1193 672 1241 usque
689 1177 740 1228 in
753 1177 992 1230 saeculum
1009 1185 1053 1228 et
1065 1175 1117 1228 in
1129 1190 1284 1245 usque
1292 1173 1530 1228 steculum
1541 1169 1857 1225 steculorum.
1871 1167 1940 1220 Et
1953 1181 2080 1237 qua:-

518 1267 706 1330 rebam,
736 1265 923 1335 inquit,
938 1266 1200 1335 diligenter
1211 1266 1272 1318 de
1283 1265 1434 1318 bestia
1453 1272 1652 1334 quarta,
1673 1277 1788 1335 qute
1812 1268 1919 1316 erat
1933 1258 2082 1328 diffe-

519 1375 631 1412 rens
642 1374 744 1428 pra:
755 1360 888 1413 omni
901 1359 1074 1421 bestia,
1093 1356 1324 1412 terribilis
1340 1358 1554 1426 amplius
1569 1372 1588 1411 :
1604 1357 1771 1410 dentes
1791 1355 1898 1425 ejus
1909 1355 2077 1424 ferrei,

520 1461 568 1504 et
587 1467 774 1522 ungues
801 1452 908 1522 ejus
936 1452 1071 1516 terei,
1095 1451 1404 1504 manducans
1429 1460 1475 1505 et
1499 1451 1837 1504 comminuens
1857 1491 1872 1517 ,
1896 1458 1941 1503 et
1961 1451 2082 1504 reli-

520 1559 621 1610 qua
644 1541 850 1611 pedibus
869 1543 972 1595 suis
996 1543 1288 1595 conculcans
1309 1559 1329 1596 :
1355 1550 1401 1595 et
1424 1543 1486 1596 de
1501 1542 1734 1596 cornibus
1759 1543 1867 1611 ejus
1887 1543 2078 1607 decem,

522 1647 633 1700 qua:
657 1641 800 1684 erant
838 1633 888 1685 in
918 1635 1076 1702 capite
1100 1634 1227 1701 ejus.
1251 1643 1296 1686 et
1316 1633 1378 1687 de
1399 1633 1557 1685 altero
1586 1632 1720 1702 quod
1747 1633 1970 1686 ascendit
1996 1674 2010 1697 ,
2039 1641 2086 1686 et

522 1721 733 1773 excussit
754 1720 815 1773 de
840 1721 1086 1789 prioribus
1111 1723 1207 1775 tria
1225 1738 1243 1775 :
1267 1737 1424 1777 cornu
1451 1721 1579 1775 illud
1605 1722 1657 1775 in
1679 1738 1777 1790 quo
1799 1731 1938 1775 erant
1967 1738 2087 1774 ocu-

524 1811 562 1863 li
591 1852 605 1875 ,
634 1823 678 1863 et
706 1828 761 1862 os
808 1811 1011 1881 loquens
1055 1829 1267 1881 magna;
1298 1821 1344 1866 et
1371 1814 1504 1866 visus
1530 1815 1639 1882 ejus
1681 1813 1843 1882 major
1876 1814 2083 1866 caneris.

535 1899 774 1954 Videbam
800 1944 814 1966 ,
845 1913 891 1955 et
919 1920 1077 1955 cornu
1122 1903 1252 1956 illud
1279 1903 1491 1973 faciebat
1520 1903 1834 1956 bellumeum
1857 1905 2040 1957 sanctis
2069 1918 2088 1956 :

525 2002 570 2045 et
598 1991 892 2062 prwvalebat
911 1994 976 2044 ad
1005 1994 1171 2063 ipsos,
1204 1993 1360 2048 donec
1389 1994 1513 2046 venit
1539 2002 1754 2047 vetustus
1775 1994 1967 2047 dierum
1992 2034 2006 2056 ,
2040 2003 2087 2046 et

525 2101 732 2154 regnum
761 2084 896 2138 dedit
921 2086 1102 2138 sanctis
1128 2086 1370 2139 Altissimi
1401 2101 1418 2139 :
1444 2096 1490 2139 et
1527 2095 1720 2156 tempus
1758 2087 2014 2155 pervenit,
2041 2095 2088 2138 et

523 2193 732 2242 regnum
779 2177 1091 2230 obtinuerunt
1119 2178 1296 2230 sancti.
1333 2177 1455 2231 Hmc
1505 2177 1684 2231 Daniel
1733 2177 1982 2246 quaesisse
2030 2189 2087 2230 se

525 2269 672 2321 dixit.
701 2268 896 2322 Deinde
927 2269 1049 2336 quid
1073 2269 1316 2333 audierit,
1346 2271 1597 2323 continuo
1627 2269 1948 2338 subjungens
1973 2307 1988 2332 ,
2020 2265 2086 2320 Et

527 2359 673 2424 diuit,
707 2360 892 2428 inquit,
923 2361 972 2413 id
1000 2368 1099 2424 est,
1130 2361 1216 2414 ille
1237 2375 1265 2412 a
1289 2377 1391 2428 quo
1425 2361 1735 2430 quaesierat,
1766 2359 2037 2428 respondit
2067 2399 2082 2423 ,

523 2461 576 2501 et
601 2449 728 2502 dixit
751 2490 767 2514 ,
795 2449 959 2503 Bestia
987 2460 1162 2520 quarta
1183 2493 1197 2513 ,
1230 2459 1460 2520 quartum
1486 2467 1694 2521 regnum
1715 2451 1804 2501 erit
1839 2450 1890 2502 in
1916 2460 2044 2502 terra
2069 2491 2083 2512 ,

524 2541 656 2608 quod
682 2541 966 2619 pra'vafcbit
995 2542 1219 2594 omnibus
1247 2543 1410 2611 regnis
1433 2559 1452 2607 ,°
1477 2551 1522 2594 et
1549 2539 1866 2594 manducabit
1895 2556 2087 2592 onmem

526 2643 729 2696 terram,
762 2642 805 2684 et
831 2632 1138 2685 conculcabit
1163 2649 1270 2686 eam
1296 2675 1309 2697 ,
1344 2642 1389 2686 et
1410 2633 1652 2686 concidet.
1694 2632 1758 2685 Et
1784 2633 1949 2685 decem
1977 2646 2087 2682 cor-

526 2737 628 2772 nua
651 2722 778 2789 ejus,
811 2721 977 2774 decem
999 2738 1135 2790 reges
1151 2729 1352 2792 surgent
1379 2737 1398 2776 :
1425 2730 1470 2775 et
1494 2731 1603 2790 post
1625 2738 1707 2774 eos
1726 2730 1893 2790 surget
1917 2719 2045 2772 alius
2067 2759 2083 2785 ,

525 2813 609 2880 qui
630 2813 881 2881 superabit
911 2813 1054 2865 malis
1081 2815 1099 2843 ²
1130 2828 1320 2878 omnes,
1351 2813 1572 2880 quiante
1611 2829 1724 2865 eum
1771 2817 2011 2880 fuerunt;
2040 2819 2086 2863 et

525 2915 623 2956 tres
653 2921 787 2974 rcges
814 2906 1116 2970 ltumiliabit,
1144 2915 1190 2958 et
1217 2906 1361 2958 verba
1384 2907 1622 2959 adversus
1650 2906 1962 2959 Altissimum
2005 2906 2086 2957 lo-

523 3007 739 3065 quetur:
765 3006 810 3050 et
851 3009 1048 3051 sanctos
1076 2998 1319 3052 Altissimi
1356 3007 1595 3052 conteret.
1653 2997 1715 3050 Et
1756 2998 2087 3066 suspicabitur

525 3098 716 3140 mutare
741 3098 960 3158 tempora
980 3100 1026 3142 et
1054 3091 1208 3159 legent
1228 3105 1246 3142 :
1263 3099 1308 3142 et
1328 3089 1524 3142 dabitur
1550 3090 1600 3143 in
1627 3106 1778 3142 manu
1802 3090 1909 3158 ejus
1934 3105 2088 3157 usque

523 3177 591 3228 ad
618 3188 836 3246 tempus,
869 3189 917 3232 et
946 3188 1167 3248 tempora
1187 3220 1200 3243 ,
1230 3189 1276 3232 et
1319 3180 1580 3232 dimidiunt
1607 3180 1862 3249 temporis.
1895 3178 1961 3230 Et
1991 3179 2086 3247 ju-

525 3268 710 3319 dicium
736 3269 954 3335 sedebit,
984 3279 1029 3321 et
1067 3270 1406 3340 principatum
1452 3271 1766 3323 removebuut
1787 3269 1808 3300 ³
1836 3268 1902 3321 ad
1926 3281 2090 3323 exter-

527 3357 817 3409 minandum
841 3367 887 3410 et
920 3359 1227 3424 perdendum
1263 3375 1416 3428 usque
1435 3360 1487 3411 in
1514 3361 1665 3426 finem
1691 3369 1776 3421 ;et
1795 3375 2020 3428 regnum,
2044 3368 2089 3413 et

530 3456 744 3514 potestas
765 3489 778 3509 ,
808 3457 854 3500 et
886 3449 1175 3517 magnitudo
1205 3465 1395 3517 regum,
1421 3451 1506 3517 qui
1533 3449 1623 3503 sub
1649 3451 1785 3503 omni
1809 3451 1930 3503 ccelo
1947 3460 2084 3513 sunt,

529 3537 647 3587 data
660 3546 729 3588 est
740 3537 921 3589 sanctis
932 3538 1191 3591 Altissimi.
1205 3537 1265 3590 Et
1279 3555 1483 3609 regnum
1495 3541 1599 3606 eius
1613 3557 1822 3611 regnum
1834 3544 2089 3612 sempiter-

529 3637 718 3680 num:et
739 3645 907 3681 omnes
921 3629 1230 3700 principatus
1247 3629 1344 3699 ipsi
1365 3631 1595 3696 servient,
1614 3641 1659 3684 et
1674 3630 2086 3684 obaudientJluc

529 3734 698 3786 usque,
728 3719 912 3786 inquit,
945 3719 1063 3786 finis
1087 3721 1348 3772 serntonis.
1379 3719 1490 3791 Ego
1527 3719 1711 3775 Daniel
1733 3762 1748 3788 ,
1769 3722 1974 3775 multum
2003 3739 2087 3775 co-

528 3810 784 3878 gitationes
822 3826 942 3862 mete
961 3811 1317 3864 conturbabant
1345 3828 1422 3864 me
1452 3852 1467 3877 ,
1499 3821 1545 3865 et
1588 3817 1753 3883 forma
1780 3830 1889 3866 mea
1915 3815 2087 3866 immu-

529 3909 628 3951 tata
652 3911 721 3953 est
747 3917 896 3969 super
923 3919 999 3954 me
1020 3944 1032 3966 ,
1057 3911 1103 3955 et
1129 3902 1328 3956 verbum
1368 3903 1419 3957 in
1442 3904 1592 3958 corde
1633 3921 1742 3958 meo
1780 3907 2084 3959 conservavi.

529 3987 686 4053 (Dan.
713 4005 802 4054 vn,
829 3990 1030 4061 15528).
1051 3992 1284 4058 Quatuor
1303 3992 1389 4046 illa
1411 4008 1571 4062 regna
1598 4003 1955 4062 exposuerunt
1973 3996 2088 4065 qui-

529 4080 646 4131 dam
674 4080 1026 4150 Assyriorum,
1056 4083 1334 4137 Persarum
1365 4125 1380 4148 ,
1409 4083 1749 4138 Macedonum
1770 4126 1784 4152 ,
1808 4095 1863 4140 et
1891 4085 2087 4140 Ruina-

532 4184 736 4222 norum.
761 4171 927 4236 Quam
956 4173 1533 4227 veroconvenicnterid
1563 4173 1800 4238 fecerint,
1816 4175 1904 4242 qui
1933 4191 2089 4228 nosse

534 4257 865 4324 desiderant,
897 4259 1070 4328 legant
1118 4261 1406 4330 presbyteri
1453 4262 1755 4333 Hieronymi
1797 4264 1984 4317 librum
2037 4265 2088 4317 in

534 4348 798 4401 l‘tanielem
827 4389 842 4412 ,
888 4351 1016 4403 satis
1056 4350 1333 4419 diligenter
1378 4352 1686 4421 eruditeque
1710 4355 2086 4422 conscriptum.

535 4439 838 4492 Antichristi
894 4451 1064 4494 tamen
1105 4441 1356 4496 adversus
1405 4443 1697 4496 Ecelesiam
1744 4445 2089 4499 sawissimum

535 4544 768 4596 regnum,
807 4531 929 4584 licet
965 4531 1153 4600 exiguo
1179 4533 1348 4599 Spath
1380 4534 1629 4601 temporis
1677 4534 2037 4588 sustinendum
2073 4577 2088 4600 ,

536 4619 703 4674 donec
731 4621 818 4673 Dei
874 4622 1058 4675 ultimo
1106 4621 1304 4691 judicio
1359 4639 1576 4692 regnum
1626 4625 1791 4678 sancti
1835 4625 2093 4693 accipiant

533 4713 904 4780 sempiternum
927 4755 940 4774 ,
971 4715 1060 4783 qui
1082 4715 1161 4767 vel
1186 4715 1475 4769 dormitans
1507 4718 1617 4769 haec
1645 4717 1809 4786 legit,
1850 4717 2092 4772 dubitare

534 4819 639 4855 non
667 4804 869 4856 sinitur.
903 4804 1133 4871 Tempus
1161 4807 1352 4875 quippe
1376 4815 1427 4860 et
1453 4815 1686 4875 tempora
1713 4817 1768 4861 et
1816 4807 2087 4862 dimidium

537 4894 808 4960 temporis,
838 4907 1031 4946 annum
1060 4910 1219 4946 unum
1245 4909 1362 4948 esse
1388 4907 1438 4947 et
1471 4895 1604 4948 duos
1634 4902 1687 4948 et
1707 4895 1999 4962 dimidium,
2031 4913 2091 4949 ac

537 4998 629 5048 per
645 4981 742 5034 huc
773 4993 876 5036 tres
897 4998 1061 5036 annos
1084 4991 1136 5036 et
1161 4985 1454 5047 semissem,
1476 4984 1632 5037 etiam
1655 5000 1872 5038 numero
1889 4986 2089 5038 dierum

533 5071 794 5139 posterius
817 5073 983 5140 posito
1004 5071 1296 5135 dilucescit,
1339 5073 1619 5142 aliquando
1659 5073 1709 5126 in
1733 5073 2015 5143 Scripturis
2040 5087 2091 5130 et

536 5161 791 5213 mensium
821 5177 1041 5216 numero
1065 5163 1380 5218 declaratur.
1408 5163 1664 5217 Videntur
1687 5165 1826 5218 enim
1855 5175 2089 5235 tempora

538 5252 806 5305 indelinite
850 5253 932 5305 hic
976 5254 1114 5306 dicta
1164 5254 1338 5324 lingua
1379 5254 1573 5308 latina:
1611 5253 1702 5309 sed
1743 5271 1835 5324 per
1881 5255 2089 5309 dualem

601 5430 613 5457 ι
651 5429 784 5481 Editi,
809 5429 1100 5478 hebetudine.
1122 5433 1286 5479 verius
1301 5430 1626 5489 manuscripti,
1643 5428 1916 5479 habitudine
1941 5443 1958 5480 :
1982 5443 2092 5480 nam

536 5490 658 5548 apud
683 5494 984 5550 septuaginta
1009 5505 1166 5550 ωηερε
1191 5502 1282 5548 est,
1303 5491 1428 5539 elei.

568 5547 784 5658 ulli.qu
803 5547 898 5600 suis
921 5547 1075 5601 nudis.
1111 5547 1276 5613 Abest,
1296 5553 1412 5612 suis,
1435 5565 1464 5601 a
1487 5555 1815 5614 manuscriptis
1855 5559 1907 5603 et
1940 5566 1968 5603 a
2006 5562 2090 5603 Se-

554 5629 561 5653 ὶ
621 5623 729 5658 1-11!
755 5625 798 5657 ll.
962 5643 968 5650 -

554 5625 798 5662 λιυίιπιηιςι.
962 5643 968 5650 ι

534 5625 548 5674 ι
602 5672 777 5785 ὶεῗὲιί.
796 5676 1058 5741 removebit.
1083 5683 1136 5724 At
1151 5675 1474 5736 manuscripti,
1488 5675 1796 5726 removebant.
1817 5684 1974 5726 Graec
1996 5685 2083 5736 est,

534 5749 604 5784 me
639 5749 678 5784 ts
724 5748 864 5782 saltat.

533 5748 848 5784 DR'UISWSJUSI
855 5770 864 5780 .

1590 332 1676 386 DE
1714 328 2029 385 ClVI'l'A'l'E
2071 326 2200 390 DEI,
2242 329 2296 380 S.
2339 324 2698 381 AUGUSTI?"
2786 323 2792 327 ’

3625 323 3720 378 696

2182 453 2455 493 numerum
2477 439 2615 492 dicta
2647 445 2766 490 sunt
2795 478 2808 502 ,
2836 453 2989 504 quem
3020 435 3165 488 latini
3204 452 3308 488 non
3352 435 3564 490 habent.
3589 437 3725 494 Sicut

2178 543 2352 584 autent
2376 531 2543 585 Gratei
2567 572 2582 592 ,
2617 531 2688 583 ita
2720 531 2856 582 hunc
2886 527 3132 581 dicuntur
3171 527 3365 580 habere
3409 538 3462 580 et
3508 529 3721 583 Hebrzei.

2180 625 2265 678 Sic
2291 639 2414 691 ergo
2466 623 2601 675 dicta
2650 631 2772 672 sunt
2819 629 3054 686 tempora
3082 660 3097 683 ,
3148 628 3394 686 tanquam
3440 617 3726 674 dicerentur

2180 717 2285 771 duo
2315 725 2568 784 tempora.
2599 713 2784 766 Vereri
2827 726 2913 765 me
2941 723 3068 764 sane
3122 710 3290 763 fateor
3317 750 3332 772 ,
3367 724 3435 762 ne
3461 710 3513 761 in
3556 709 3727 764 decent

2181 808 2410 875 regibus,
2429 819 2562 872 quos
2590 813 2832 871 tanquam
2859 801 3043 856 decent
3069 799 3310 853 homines
3343 798 3546 851 videtur
3565 800 3730 852 inven-

2185 909 2332 952 turus
2355 897 2732 961 Anticbristus,
2758 893 2894 948 forte
2919 893 3163 945 fallamur
3180 931 3196 956 ,
3221 901 3378 960 atque
3416 893 3483 943 ita
3507 890 3592 943 ille
3622 891 3728 943 ino-

2183 991 2390 1060 pinatus
2417 987 2703 1054 adveniat,
2759 1000 2864 1040 non
2909 983 3262 1039 existentibus
3310 990 3388 1035 tot
3439 981 3642 1050 regibus
3685 982 3730 1034 in

2183 1082 2312 1137 orbe
2336 1080 2595 1134 Romano.
2617 1077 2752 1145 Quid
2779 1077 2921 1132 enim
2949 1077 2995 1130 si
3020 1088 3244 1129 numero
3273 1073 3376 1126 isto
3399 1072 3610 1126 denario
3629 1073 3732 1125 uni-

2185 1175 2406 1228 versitas
2431 1188 2612 1242 regum
2639 1169 2928 1241 signiﬁcata
2947 1177 3052 1234 est,
3086 1175 3204 1236 post
3229 1181 3364 1236 quos
3391 1166 3478 1219 ille
3499 1175 3733 1219 venturus

2185 1276 2264 1324 est
2288 1283 2301 1326 :
2330 1267 2464 1324 sicut
2492 1264 2788 1321 millenario
2815 1308 2830 1332 ,
2857 1261 3196 1331 centenario,
3220 1259 3520 1328 septenario
3545 1258 3733 1326 signiﬁ-

2185 1370 2333 1416 catur
2358 1361 2668 1429 plerumque
2692 1358 3093 1422 universitas,et
3111 1357 3228 1410 aliis
3249 1364 3408 1424 atque
3431 1350 3544 1409 aliis
3568 1364 3738 1408 ulnae-

2187 1455 2278 1518 ris,
2304 1467 2436 1523 quos
2461 1466 2602 1505 nunc
2628 1463 3046 1504 commemorare
3080 1463 3186 1502 non
3211 1455 3294 1500 est
3320 1448 3575 1501 necesse?

2256 1544 2309 1596 2.
2344 1543 2460 1596 Alio
2485 1542 2601 1596 loco
2631 1541 2770 1594 idem
2815 1539 2997 1592 Daniel
3024 1579 3038 1601 ,
3065 1533 3131 1590 Et
3152 1539 3246 1591 erit
3266 1578 3283 1603 ,
3323 1538 3493 1606 inquit
3519 1578 3534 1602 ,
3561 1547 3735 1606 tempus

2187 1633 2539 1695 tribulationis,
2570 1631 2732 1700 qualis
2759 1647 2857 1683 non
2880 1631 2973 1697 fuit
2997 1645 3058 1681 ea:
3081 1645 3179 1698 quo
3207 1638 3329 1680 nata
3354 1640 3425 1682 est
3451 1645 3567 1696 gens
3599 1645 3736 1696 super

2191 1739 2369 1781 terram
2397 1743 2546 1796 usque
2563 1725 2630 1777 ad
2654 1734 2847 1794 tempus
2867 1721 3015 1776 illud.
3042 1721 3109 1773 Et
3132 1722 3186 1772 in
3225 1728 3448 1787 tempore
3472 1717 3558 1770 illo
3585 1717 3736 1769 salva-

2189 1820 2319 1871 bitur
2342 1817 2557 1886 papulas
2579 1826 2692 1868 tuus
2718 1815 2879 1867 ontnis
2905 1812 2991 1882 qui
3029 1812 3257 1864 inventus
3282 1809 3432 1878 fuerit
3460 1808 3663 1876 scriptus
3691 1807 3735 1860 in

2189 1910 2336 1963 libro.
2357 1907 2424 1960 Et
2451 1907 2594 1959 multi
2615 1905 2966 1958 dormientium
2991 1903 3044 1954 in
3066 1912 3214 1954 terra:
3238 1914 3423 1970 aggere
3445 1908 3694 1966 murgent
3719 1913 3733 1950 :

2190 2001 2241 2052 hi
2265 2002 2317 2052 in
2342 2002 2491 2050 vitam
2514 2009 2750 2050 wternam
2775 2035 2790 2060 ,
2822 2005 2869 2047 et
2898 1994 2952 2045 hi
2973 1994 3026 2045 in
3061 1992 3390 2062 opprobrium
3431 1999 3475 2044 et
3502 1990 3551 2041 in
3575 1991 3734 2058 confu~

2188 2093 2375 2143 sionem
2390 2099 2644 2142 (sternam.
2679 2085 2746 2139 Et
2766 2085 3091 2154 intclligeutes
3122 2083 3383 2152 fulgebunt
3399 2081 3523 2133 sicut
3547 2080 3734 2132 claritas

2189 2181 2491 2250 ﬁrmamenti
2518 2220 2531 2241 ,
2556 2189 2686 2232 etex
2718 2177 2876 2247 justis
2925 2175 3066 2227 multi
3115 2178 3243 2226 sicut
3272 2172 3432 2225 stellte
3470 2171 3521 2222 in
3565 2170 3733 2223 swcula

2192 2272 2351 2343 (Dan.
2377 2287 2468 2334 xu,
2523 2270 2662 2337 1-5).
2697 2270 2761 2322 Et
2802 2267 2973 2321 adhuc
3007 2265 3284 2318 sententiae
3314 2263 3390 2316 illi
3441 2261 3733 2328 evangelica:

2189 2376 2272 2420 est
2300 2366 2446 2418 locus
2483 2364 2582 2417 iste
2610 2361 2910 2416 simillimus
2933 2399 2948 2422 ,
2978 2358 3043 2411 de
3064 2355 3460 2410 resurrectione
3500 2351 3733 2405 duntaxat

2192 2465 2516 2510 mortuorum
2537 2468 2840 2523 corporum.
2858 2450 2989 2504 Nam
3012 2451 3100 2518 qui
3133 2447 3239 2500 illic
3266 2446 3390 2499 dicti
3414 2453 3533 2497 sunt
3555 2457 3664 2497 esse
3688 2442 3734 2494 in

2189 2550 2539 2611 monumentis,
2572 2547 2670 2616 ipsi
2693 2546 2777 2599 bic
2807 2543 3103 2598 dormientes
3137 2542 3188 2593 iu
3221 2550 3370 2592 teme
3390 2551 3594 2607 aggere;
3618 2535 3728 2599 vel,

2189 2643 2324 2695 sicut
2350 2642 2437 2694 alii
2481 2639 2808 2707 interpretati
2837 2646 2995 2703 sunt,
3024 2637 3077 2688 in
3103 2646 3251 2687 terra:
3282 2633 3497 2701 pulvere.
3521 2630 3582 2683 Et
3616 2629 3734 2681 sicut

2190 2732 2260 2785 ibi
2285 2773 2298 2797 ,
2324 2733 2589 2800 procedent
2615 2770 2630 2795 ,
2653 2729 2852 2781 dictum
2877 2735 2960 2781 est
2983 2744 2997 2791 ;
3032 2725 3101 2777 ita
3149 2724 3234 2776 hic
3260 2762 3274 2786 ,
3303 2729 3576 2788 exsurgeut.
3606 2718 3734 2771 Sicut

2189 2823 2282 2888 ibi,
2313 2823 2411 2888 Qui
2439 2824 2565 2874 bona
2586 2825 2827 2890 fecerunt,
2854 2821 2906 2871 in
2932 2816 3344 2871 resurrectionem
3365 2813 3474 2865 vita:
3502 2828 3520 2874 ',
3545 2810 3622 2880 qui
3647 2825 3729 2860 auo

2191 2926 2286 2967 tem
2315 2915 2446 2966 mala
2476 2921 2698 2983 egerunt,
2731 2912 2781 2964 in
2800 2909 3208 2963 resurrectionem
3223 2905 3452 2974 judicii;
3482 2903 3548 2955 ita
3574 2910 3620 2953 et
3640 2899 3727 2951 isto

2193 3007 2308 3059 loco
2329 3046 2343 3068 ,
2378 3004 2446 3057 Ili
2472 3005 2695 3056 invitam
2716 3011 2951 3056 wternam
2973 3040 2987 3064 ,
3017 3009 3064 3051 et
3113 2998 3164 3048 hi
3200 2997 3256 3048 in
3288 2993 3601 3062 opprobrium
3623 3000 3662 3040 et
3684 2989 3728 3038 in

2191 3101 2531 3168 confusionem
2550 3108 2786 3149 arternam
2814 3093 2989 3166 (Joan.
3014 3107 3062 3156 v,
3086 3091 3176 3154 ‘28,
3198 3089 3320 3156 29).
3344 3087 3455 3140 Non
3480 3093 3638 3137 autem
3662 3082 3726 3133 di-

2191 3205 2398 3244 versum
2433 3196 2660 3256 putetur,
2689 3184 2826 3254 quod
2857 3197 2974 3236 cum
3008 3181 3074 3234 ibi
3104 3180 3337 3248 positum
3360 3177 3445 3240 sit,
3471 3175 3637 3227 Omnes
3654 3169 3729 3241 qui

2187 3289 2302 3336 sunt
2329 3280 2382 3332 in
2408 3279 2735 3331 monumentis
2760 3317 2773 3339 ,
2806 3275 2892 3328 hic
2930 3289 3036 3327 non
3075 3271 3149 3325 ait
3197 3271 3482 3339 Propheta,
3526 3267 3724 3326 Omnes;

2191 3372 2317 3436 sed,
2351 3369 2502 3422 Multi
2531 3368 2880 3420 dormientium
2929 3366 2981 3417 in
3011 3374 3154 3415 terra:
3194 3377 3396 3430 aggere.
3436 3357 3580 3412 Ponit
3607 3354 3726 3408 enim

2189 3459 2468 3530 aliquando
2511 3458 2777 3526 Scriptura
2836 3471 2930 3524 pro
2979 3455 3224 3508 euntibus
3277 3453 3488 3504 multos.
3533 3446 3728 3514 Propte-

2191 3568 2281 3606 rea
2321 3561 2373 3604 el.
2425 3549 2648 3603 Abraha:
2677 3549 2871 3602 dictum
2920 3557 3001 3602 est
3025 3589 3039 3613 ,
3069 3545 3285 3599 Patrem
3333 3545 3593 3598 multarum
3621 3555 3727 3609 gen-

2189 3644 2315 3696 tium
2343 3641 2486 3710 posui
2513 3648 2598 3704 te;
2619 3640 2701 3693 cui
2731 3648 2904 3691 tamen
2931 3638 3033 3691 alio
3057 3638 3194 3702 loco,
3225 3635 3299 3689 In
3326 3635 3523 3696 semine,
3554 3629 3724 3698 inquit,

2191 3744 2275 3786 tuo
2295 3732 2639 3785 benedicentur
2667 3747 2834 3782 omnes
2859 3738 3024 3799 gentes
3055 3727 3205 3798 (Gen.
3243 3742 3370 3791 xvu,
3395 3727 3454 3789 5;
3487 3738 3603 3785 xxu,
3631 3719 3725 3784 18).

2191 3826 2264 3878 De
2294 3824 2381 3877 tali
2402 3830 2576 3876 autem
2616 3820 3003 3874 resurrectione
3024 3818 3144 3872 huic
3164 3833 3375 3887 quoque
3405 3816 3499 3884 ipsi
3527 3811 3724 3881 prophe-

2191 3925 2257 3968 ta:
2283 3913 2482 3966 Danieli
2515 3911 2666 3978 paulo
2690 3918 2806 3979 post
2833 3909 3050 3963 dicitur:
3074 3908 3133 3960 Et
3162 3917 3216 3960 tu
3244 3909 3372 3971 veni,
3401 3916 3444 3959 et
3468 3903 3725 3973 requiesce:

2190 4003 2354 4055 adhuc
2379 4003 2510 4054 enim
2550 4003 2654 4054 dies
2681 4003 2734 4053 in
2763 4000 3138 4066 completionem
3184 3993 3612 4050 consummationis
3637 4005 3653 4052 ;
3684 3996 3723 4039 et

2190 4096 2484 4163 requiesces,
2508 4105 2554 4146 et
2583 4111 2806 4163 resurges
2831 4093 2883 4145 in
2910 4101 3040 4146 sorte
3067 4100 3153 4143 tua
3179 4092 3232 4143 in
3254 4092 3355 4158 ﬁne
3381 4089 3564 4141 dierum
3581 4084 3717 4152 (Dan.

2194 4202 2289 4246 xu,
2323 4186 2435 4253 45).

2191 4277 2411 4332 CAPUT
2460 4275 2683 4329 XlV.—-
2723 4273 2791 4326 In
2839 4273 3060 4326 Psalmis
3099 4271 3361 4324 Davidicis
3397 4285 3504 4339 qua:
3542 4268 3598 4319 de
3642 4263 3726 4330 [ine

2227 4367 2396 4421 surculi
2422 4368 2573 4436 hujus
2619 4374 2664 4417 et
2691 4365 2956 4417 novissimo
2983 4362 3078 4415 Dei
3108 4363 3311 4430 judicio
3341 4361 3691 4429 praphetentur.

2265 4461 2313 4512 l.
2348 4460 2504 4512 Multa
2533 4457 2813 4525 dejudicio
2841 4456 3125 4509 novissimo
3163 4456 3410 4508 dicuntur
3436 4453 3484 4506 in
3511 4448 3721 4508 Psalmis,

2193 4553 2286 4607 sed
2332 4567 2512 4605 eorum
2563 4550 2708 4616 plura
2735 4556 3065 4602 transeunter
3093 4557 3144 4601 et
3169 4547 3413 4601 strictim.
3444 4545 3548 4598 [loc
3575 4552 3721 4594 tamen

2193 4643 2332 4712 quod
2361 4641 2426 4694 de
2453 4640 2555 4694 ﬁne
2576 4639 2732 4708 hujus
2753 4639 2929 4692 smculi
2954 4638 3291 4706 apertissime
3317 4637 3506 4689 dictum
3536 4640 3608 4687 est
3634 4628 3692 4681 ibi
3709 4667 3721 4688 .

2195 4745 2521 4802 nequaquam
2561 4729 2772 4783 silentio
2823 4727 3122 4796 przeteribo.
3158 4726 3422 4794 Principio
3466 4734 3634 4776 terram
3680 4727 3723 4765 tu

2196 4823 2436 4895 fundasti,
2472 4821 2700 4884 Dontine,
2723 4829 2769 4872 et
2799 4834 2950 4885 opera
2986 4833 3231 4869 manuum
3260 4826 3457 4868 tuarum
3480 4820 3585 4864 sunt
3613 4805 3722 4858 ca’li.

2193 4914 2306 4982 Ipsi
2361 4913 2608 4982 peribunt,
2637 4919 2690 4962 tu
2715 4919 2876 4961 autem
2909 4923 3167 4975 perntanes
3203 4920 3224 4959 :
3266 4915 3313 4960 et
3342 4920 3508 4957 omnes
3532 4902 3646 4953 sicut
3669 4911 3728 4947 vc-

2195 5007 2477 5058 stimentum
2502 5009 2822 5060 veterascent,
2853 5010 2898 5052 et
2922 5000 3047 5052 sicut
3074 5000 3381 5065 opertorium
3410 4992 3610 5047 ntutabis
3634 5004 3722 5046 eos,

2194 5107 2240 5149 et
2269 5096 2590 5148 mutabuntur
2615 5111 2633 5157 ;
2656 5102 2706 5145 tu
2734 5102 2900 5145 autem
2928 5093 3057 5143 idem
3086 5093 3193 5155 ipse
3222 5107 3273 5140 es
3291 5131 3304 5152 ,
3329 5100 3373 5141 et
3394 5087 3510 5140 anni
3537 5084 3603 5136 tui
3642 5095 3724 5131 non

2195 5189 2424 5256 deﬁcient
2458 5185 2623 5256 (Psal.
2647 5200 2716 5246 Cl,
2739 5183 2947 5253 26-28).
2979 5183 3110 5249 Quid
3141 5191 3223 5235 cst
3247 5180 3386 5249 quod
3415 5174 3722 5245 Porphyrius.

2193 5296 2310 5335 cum
2341 5281 2584 5349 pietatem
2639 5277 2814 5331 laudet
2869 5275 3208 5328 llebrarorum
3240 5315 3254 5340 ,
3297 5289 3395 5341 qua
3447 5281 3647 5336 n'tagnus
3683 5272 3725 5311 et

2194 5386 2350 5424 verus
2376 5378 2429 5422 et
2456 5369 2584 5437 ipsis
2601 5366 2902 5420 numinibus
2925 5364 3176 5419 terribilis
3195 5364 3260 5417 ab
3280 5363 3358 5416 eis
3385 5361 3566 5414 colitur
3587 5357 3721 5407 Delta.

2192 5463 2518 5516 Christianos
2543 5461 2610 5513 ob
2638 5460 2737 5512 hoc
2779 5458 2951 5527 arguit
2995 5457 3240 5510 maximze
3282 5453 3513 5508 stultitia:
3536 5489 3550 5512 ,
3588 5445 3720 5499 etiam

2195 5569 2264 5608 ex
2307 5552 2535 5606 oraculis
2577 5551 2796 5604 deorum
2834 5563 3088 5610 suorum,
3131 5545 3271 5615 quod
3320 5546 3474 5598 istum
3503 5532 3721 5592 mundum

2194 5646 2373 5700 dicunt
2401 5659 2518 5696 esse
2550 5642 2836 5709 periturum
2872 5639 2991 5708 (a)?
3036 5639 3172 5693 Ecce
3228 5637 3282 5692 in
3320 5633 3502 5690 litteris
3545 5619 3723 5699 ιὶὶειειιίε

2258 5737 2328 5796 (a)
2364 5735 2475 5783 Vide
2500 5747 2655 5795 supra,
2685 5732 2765 5780 lib.
2793 5732 2864 5791 19,
2882 5744 2983 5793 cap.
3009 5728 3085 5778 25.
