4004 6528
331 349 430 404 697

327 463 676 518 llebmorum
703 450 895 519 dicitur
920 464 1027 518 Deo
1050 505 1066 529 ,
1094 478 1250 533 quem
1291 465 1578 520 conﬁtente
1608 474 1752 520 tanto
1781 465 1904 534 phi-

327 554 584 624 losopho,
640 554 801 608 etiam
833 555 946 623 ipsa
985 554 1201 607 numina
1249 553 1689 623 perhorrescunt,
1739 555 1908 624 Opera

324 662 568 698 manuum
611 655 813 697 tuarum
855 655 970 698 sunt
991 642 1102 698 caeli
1137 685 1152 708 ,
1190 645 1287 714 ipsi
1316 646 1564 714 peribunt.
1618 644 1904 715 Numquid,

324 735 540 805 quando
582 736 704 790 caeli
753 736 1041 804 peribunt,
1087 735 1356 801 mundus,
1400 736 1550 804 cujus
1581 737 1741 792 iidem
1783 737 1906 792 coeli

325 828 572 896 superior
602 842 724 896 pars
754 837 835 880 est
855 827 1046 891 tutior,
1073 841 1176 880 non
1208 826 1442 896 peribit?
1469 827 1523 882 Si
1552 827 1665 881 hinc
1691 836 1905 882 senten—

327 918 400 972 tia
426 917 544 972 Jovi
574 917 856 986 displicet,
887 915 1072 986 cujus,
1106 926 1165 971 ut
1192 917 1375 971 scribit
1406 917 1506 972 iste
1536 917 1902 987 philosophus,

324 1008 475 1062 velut
498 1007 758 1077 gravioris
784 1007 1113 1062 auctoritatis
1143 1009 1358 1062 oraculo
1389 1009 1440 1062 in
1489 1008 1903 1063 christianorum

325 1099 646 1155 credulitate
671 1099 948 1169 culpatur;
980 1113 1077 1152 cur
1104 1114 1209 1153 non
1257 1099 1505 1154 similiter
1551 1099 1862 1167 sapientiam
1887 1139 1903 1165 ,

325 1199 581 1260 tanquam
609 1190 888 1245 stultitiam
911 1231 926 1256 ,
967 1190 1148 1259 culpat
1177 1190 1522 1244 Hebraeorum
1541 1233 1556 1254 ,
1598 1190 1650 1243 in
1679 1205 1904 1260 quorum

321 1281 478 1336 libris
506 1281 759 1351 piissimis
811 1280 1119 1336 invenitur?
1167 1281 1333 1335 Porro
1381 1282 1426 1335 si.
1470 1281 1521 1334 in
1550 1281 1639 1334 illa
1691 1281 1903 1350 sapien-

322 1372 399 1426 tia
432 1373 472 1436 ¹,
502 1387 620 1442 quae
650 1371 950 1444 Porphyrio
997 1381 1103 1427 tam
1150 1373 1375 1426 multum
1431 1372 1639 1442 placet,
1681 1383 1738 1426 ut
1787 1388 1904 1427 eam

320 1462 548 1517 deorum
590 1479 802 1534 quoque
846 1478 1065 1520 suorum
1089 1465 1310 1518 vocibus
1360 1465 1655 1534 przedieet,
1710 1465 1904 1536 legitur

323 1557 495 1610 caelos
518 1572 637 1612 esse
677 1559 977 1627 perituros;
1011 1573 1105 1612 cur
1152 1574 1319 1628 usque
1345 1560 1480 1612 adeo
1500 1574 1632 1613 vana
1675 1568 1760 1613 est
1803 1558 1905 1611 ista

327 1649 553 1714 fallacia,
583 1659 642 1703 ut
669 1649 723 1704 in
767 1650 870 1705 ﬁde
895 1649 1316 1704 Christianorum
1340 1692 1354 1713 ,
1383 1652 1466 1704 vel
1512 1651 1649 1704 inter
1678 1658 1864 1703 caetera
1887 1690 1902 1714 ,

325 1738 408 1792 vel
433 1754 540 1807 prae
567 1741 772 1794 οιυιοιήε
799 1740 899 1794 hoc
928 1741 1278 1806 detestentur,
1297 1741 1438 1809 quod
1464 1741 1515 1794 in
1539 1756 1600 1795 ea
1637 1742 1905 1810 periturus

325 1829 564 1883 creditur
589 1831 816 1884 mundus
847 1872 863 1896 ,
891 1846 996 1900 quo
1043 1832 1221 1900 utique
1252 1833 1350 1884 nisi
1402 1840 1624 1901 perunte
1650 1832 1769 1886 (ταξιί
1799 1845 1906 1884 ιιοιι

325 1931 548 1990 possunt
593 1923 805 1991 perire?
834 1923 901 1976 Et
947 1925 999 1978 in
1029 1923 1244 1977 Litteris
1282 1925 1492 1992 quidem
1535 1924 1701 1977 sacris
1725 1963 1738 1988 ,
1787 1937 1905 1992 qua:

325 2016 537 2082 pr0prie
561 2025 756 2068 nostra:
785 2023 928 2080 sunt,
961 2030 1064 2068 non
1097 2015 1333 2070 llebrieis
1362 2016 1618 2084 uobisque
1664 2030 1905 2068 commu-

323 2122 422 2160 nes
441 2146 455 2170 ,
482 2106 532 2160 id
551 2115 654 2173 est,
686 2109 738 2160 in
764 2109 1082 2176 evangelicis
1101 2119 1154 2162 et
1183 2108 1488 2176 apostolicis
1517 2107 1666 2160 libris
1692 2107 1902 2176 legitur,

323 2195 562 2250 Prteterit
590 2197 757 2268 figura
785 2199 937 2268 hujus
962 2198 1140 2251 mundi
1185 2197 1228 2266 (l
1257 2198 1374 2252 Cor.
1411 2214 1502 2262 \‘ll,
1531 2199 1660 2267 5i):
1694 2198 1902 2266 legitur,

324 2286 553 2342 Mundus
582 2290 760 2343 transit
812 2289 853 2360 (l
875 2289 1030 2343 Joan.
1077 2306 1148 2355 ιι,
1183 2290 1270 2360 17)
1309 2309 1322 2344 :
1354 2291 1542 2359 legitur
1571 2332 1586 2355 ,
1625 2289 1816 2343 Cazlum
1861 2299 1906 2342 et

326 2390 462 2432 terra
490 2380 770 2433 transibunt
802 2421 817 2446 ,
871 2379 1081 2450 (Matth.
1113 2397 1218 2434 χιιι
1244 2421 1260 2446 ,
1302 2382 1414 2450 55).
1450 2381 1552 2435 Sed
1599 2391 1722 2449 puto
1763 2379 1905 2449 quod

324 2472 565 2540 prwterit,
616 2472 815 2535 transit,
871 2473 1174 2539 transibunt,
1227 2473 1507 2541 aliquando
1546 2474 1723 2524 mitius
1766 2472 1903 2524 dicta

322 2573 494 2628 sunt,
535 2579 691 2632 quam
753 2563 1001 2633 peribunt.
1052 2563 1107 2618 lu
1184 2564 1416 2633 Epistola
1475 2579 1685 2632 quoque
1762 2563 1904 2617 Petri

322 2657 575 2726 apostoli,
610 2656 695 2710 ubi
723 2672 857 2724 aqua
897 2656 1180 2710 inundalus
1207 2698 1220 2720 ,
1247 2655 1336 2725 qui
1361 2666 1485 2710 tunc
1509 2665 1620 2709 erat
1653 2697 1667 2722 ,
1701 2656 1904 2723 perisse

322 2747 500 2801 dictus
530 2757 609 2801 est
629 2748 857 2801 mundus
889 2747 956 2817 (ll
992 2747 1134 2801 Petr.
1167 2763 1245 2812 ιιι,
1273 2749 1349 2815 6),
1381 2749 1507 2800 satis
1547 2747 1748 2800 clarum
1781 2755 1860 2798 est
1883 2786 1899 2810 ,

322 2853 378 2896 et
405 2858 522 2911 qua:
549 2857 667 2909 pars
697 2842 878 2895 mundi
907 2858 934 2894 a
962 2851 1072 2895 toto
1102 2841 1413 2909 signiﬁcata,
1442 2850 1495 2893 et
1521 2850 1780 2909 quatenus
1808 2855 1901 2906 pe-

321 2933 462 2986 risse
492 2931 629 2985 dicta
657 2933 742 2997 sit,
790 2941 842 2986 et
867 2933 955 3001 qui
983 2932 1102 2985 coeli
1133 2932 1346 3000 repositi
1384 2932 1487 2997 igni
1519 2929 1822 2982 reservandi
1851 2931 1901 2983 in

321 3023 666 3091 dietnjudicii
699 3031 751 3077 et
782 3023 1092 3092 perditionis
1119 3022 1388 3074 hominum
1424 3021 1724 3088 impiorum.
1760 3019 1822 3072 Et
1849 3019 1900 3072 in

319 3130 390 3170 eo
415 3114 554 3185 quod
580 3115 738 3184 paulo
767 3124 885 3184 post
912 3115 983 3168 ait
1007 3155 1024 3180 ,
1063 3115 1234 3168 Veniet
1266 3115 1372 3166 dies
1405 3112 1608 3164 Domini
1637 3122 1688 3164 ut
1717 3116 1821 3182 fur,
1850 3113 1905 3164 in.

317 3223 421 3278 quo
449 3206 556 3258 carli
589 3223 771 3276 magno
806 3208 994 3276 impetu
1022 3215 1394 3270 transcurrant,
1449 3205 1692 3257 elementa
1737 3214 1903 3256 autem

321 3297 557 3351 ardentia
582 3298 914 3363 resolvantur,
945 3308 989 3350 et
1021 3308 1173 3360 terra,
1195 3306 1237 3348 et
1264 3313 1374 3365 qtae
1403 3297 1450 3346 in
1469 3297 1576 3364 ipsa
1604 3303 1720 3346 sunt
1750 3310 1905 3362 opera

317 3398 630 3453 exarmatur;
655 3404 716 3442 ac
737 3389 928 3442 deinde
958 3389 1185 3458 subjecit
1213 3431 1228 3452 ,
1261 3387 1359 3441 llis
1409 3387 1639 3440 omnibus
1688 3403 1905 3458 pereun-

319 3479 454 3533 tibus
483 3480 653 3550 quales
681 3490 872 3548 oportet
904 3498 986 3532 vos
1025 3496 1131 3532 esse
1171 3478 1330 3551 (Ibid.
1372 3479 1436 3532 lO
1467 3519 1483 3544 ,
1512 3477 1642 3548 ll)?
1683 3486 1905 3546 possunt

319 3572 400 3625 illi
448 3571 568 3626 C(Bll
615 3572 832 3640 intelligi
867 3571 1083 3640 perituri
1117 3613 1130 3636 ,
1161 3585 1293 3639 quos
1324 3569 1457 3622 dixit
1494 3569 1754 3636 repositos
1797 3568 1902 3636 igni

318 3663 706 3729 reservandus;
728 3674 780 3718 et
802 3679 862 3718 ea
881 3667 1141 3718 elementa
1169 3662 1332 3729 accipi
1363 3675 1566 3724 arsura,
1595 3676 1710 3728 quae
1730 3658 1779 3710 iu
1804 3661 1902 3711 hac

319 3758 429 3810 ima
459 3757 635 3809 mundi
658 3766 806 3827 parte
827 3757 1121 3809 subsistunt
1160 3753 1452 3823 procellosa
1481 3760 1536 3805 et
1563 3750 1861 3804 turbulenta
1881 3790 1894 3813 ,

320 3850 374 3902 in
406 3864 504 3917 qua
527 3848 741 3902 eosdem
773 3848 940 3901 coclos
961 3846 1095 3900 dixit
1124 3860 1241 3898 esse
1258 3843 1520 3912 repositos
1545 3882 1560 3908 ,
1604 3840 1760 3893 salvis
1797 3837 1902 3893 illis

319 3940 688 4008 superioribus
720 3981 735 4004 ,
765 3948 817 3992 et
866 3939 916 3992 iu
945 3954 1036 3991 sua
1078 3938 1376 4006 integritate
1427 3932 1796 3995 manentibus,
1847 3931 1900 3983 in

319 4045 551 4098 quorum
582 4031 915 4083 ﬁrmamento
950 4037 1076 4082 sunt
1122 4029 1295 4080 sidera
1343 4024 1645 4079 constituta.
1679 4021 1811 4076 Nam
1848 4031 1903 4076 et

318 4120 452 4174 illud
477 4122 615 4189 quod
642 4123 892 4188 scriptum
916 4132 997 4173 est
1019 4160 1035 4185 ,
1065 4119 1251 4172 stellas
1277 4117 1344 4171 de
1373 4117 1509 4170 cmlo
1535 4130 1653 4168 esse
1683 4128 1900 4168 casuras

319 4210 537 4280 (Matth.
568 4227 692 4265 xxw
717 4253 732 4276 ,
759 4210 851 4282 ‘29)
877 4251 892 4274 ,
920 4219 1117 4280 pra-ter
1141 4207 1281 4277 quod
1315 4215 1487 4275 potest
1513 4206 1680 4259 multo
1707 4206 1900 4274 proba-

320 4302 482 4355 bilius
511 4307 566 4356 et
591 4302 747 4354 aliter
765 4302 1004 4369 intelligi,
1030 4300 1198 4368 magis
1222 4296 1454 4351 ostendit
1481 4311 1762 4350 mansuros
1781 4309 1902 4350 esse

319 4394 446 4448 illos
467 4394 630 4447 caelus
660 4411 672 4446 :
698 4394 739 4447 si
771 4403 950 4446 tamen
977 4393 1141 4446 stella:
1192 4390 1312 4445 inde
1341 4403 1545 4444 casura:
1580 4397 1734 4452 sunt;
1779 4402 1900 4441 cum

317 4484 406 4537 vel
433 4483 628 4552 tropica
657 4483 726 4536 sit
753 4482 948 4536 locutio
972 4523 988 4549 ,
1019 4480 1162 4551 quod
1213 4489 1294 4535 est
1334 4479 1666 4541 credibilius,
1707 4477 1791 4530 vel
1849 4477 1903 4530 in

319 4575 428 4628 isto
459 4575 566 4627 imo
609 4574 747 4627 cmlo
776 4572 1006 4626 futurum
1054 4573 1180 4637 sit’,
1211 4573 1388 4640 utique
1418 4569 1712 4623 mirabilius
1743 4581 1900 4638 quam

321 4681 468 4720 nunc
505 4665 583 4718 ﬁt.
618 4664 768 4720 Unde
795 4674 848 4719 et
875 4665 961 4717 illa
992 4664 1276 4733 Virgiliana

443 4777 589 4827 Stella
616 4777 769 4828 facem
791 4778 975 4827 ducens
997 4775 1145 4827 multa
1167 4791 1277 4826 cum
1302 4775 1410 4826 luce
1434 4778 1676 4834 cucurrit,

317 4873 374 4918 et
398 4863 528 4917 Idaea
557 4880 614 4918 se
644 4864 879 4917 condidit
901 4865 1031 4916 silva
1057 4863 1294 4930 (/Eneid.
1320 4861 1407 4916 lib.
1431 4876 1500 4925 ιι,
1536 4877 1582 4914 υ.
1603 4861 1724 4924 6M,
1750 4857 1898 4927 696.)

318 4955 434 5009 lloc
463 4965 637 5007 autem
683 4955 820 5024 quod
863 4954 930 5007 de
974 4953 1184 5006 Psalmo
1224 4951 1654 5013 commemoravi,
1701 4951 1903 5003 nullum

319 5047 582 5100 caelorum
625 5045 832 5098 videtur
879 5045 1218 5112 relinquere,
1265 5042 1406 5112 quod
1445 5043 1733 5111 periturum
1782 5054 1902 5093 esse

317 5152 425 5190 non
457 5135 669 5189 dixerit.
703 5135 799 5190 Ubi
825 5136 964 5188 enim
993 5135 1204 5200 dicitur,
1240 5133 1406 5204 Opera
1428 5149 1665 5185 manuum
1705 5141 1903 5184 tuarum

318 5237 434 5281 sunt
463 5227 595 5292 caeli,
627 5227 724 5294 ipsi
746 5227 1007 5295 peribunt;
1035 5242 1192 5296 quam
1221 5226 1418 5278 nullum
1447 5239 1628 5278 eorum
1648 5223 1715 5277 ab
1741 5239 1903 5292 opere

318 5319 433 5382 Dei,
487 5326 592 5371 tam
622 5317 820 5370 nullum
858 5333 1042 5370 eorum
1067 5333 1094 5369 a
1125 5316 1417 5385 perditione
1442 5315 1754 5368 secernitur.
1787 5313 1903 5366 Non

316 5413 461 5466 enim
485 5411 843 5481 diguabuulur
869 5410 935 5463 de
963 5410 1102 5463 Petri
1131 5409 1354 5479 apostoli
1389 5409 1674 5472 locutione,
1706 5406 1904 5476 qucm'

317 5508 669 5560 vehementer
722 5504 977 5568 oderunt,
1029 5503 1370 5558 Hebraeorum
1443 5499 1728 5556 defendere
1789 5499 1903 5568 pie-

382 5680 397 5711 ί
435 5678 575 5736 Editi,
603 5671 838 5738 sapientia
859 5677 1161 5738 Juda'orum.
1181 5676 1715 5738 Abest,Jua(eorum,,a
1734 5680 1840 5723 Mss.

378 5744 399 5774 ³
431 5741 537 5791 Sola
567 5737 718 5790 editio
740 5746 869 5794 I.ov.,
891 5741 1104 5799 futurum
1121 5737 1181 5790 sit
1204 5737 1408 5802 aliquid.

377 5804 401 5839 ⁸
427 5803 660 5866 Plerique
683 5808 810 5860 Mss,
833 5814 992 5859 quam.

1637 351 1834 406 LIBER
1873 350 2247 409 VlGESlMUS.

3491 357 3594 415 693

2014 476 2216 532 tatem,
2266 467 2488 522 deorum
2545 481 2760 521 suorum
2813 467 3042 522 oraculis
3100 469 3484 538 approbatam;
3533 483 3586 527 ut

2010 559 2200 616 Saltem
2230 575 2296 614 ne
2325 568 2466 614 totus
2494 559 2721 613 mundus
2751 561 3016 628 periturus
3048 575 3166 614 esse
3213 562 3476 627 credatur,
3514 566 3588 617 sic

2010 661 2177 706 atoto
2200 668 2321 722 pars
2349 654 2654 722 accipiatur,
2698 655 2750 708 in
2797 670 2863 708 eo
2907 656 3047 724 quod
3090 657 3288 710 dictum
3336 667 3436 720 est,
3480 659 3591 727 Ipsi

2011 744 2262 809 peribunt,
2293 759 2413 799 cum
2441 745 2540 798 soli
2560 745 2682 799 caeli
2721 746 2884 799 inﬁmi
2911 747 3016 800 sint
3046 748 3297 816 perituri;
3329 751 3587 817 quemad-

2010 833 2226 890 modum
2258 836 2310 889 in
2345 836 2632 904 apostolica
2663 837 2750 890 illa
2782 837 3021 905 Epistola
3043 854 3072 893 a
3101 848 3209 892 toto
3240 856 3360 909 pars
3390 844 3588 911 accipi-

2010 934 2117 991 tur,
2148 925 2289 996 quod
2313 926 2511 980 diluvio
2534 927 2738 996 perisse
2761 927 2933 982 dictus
2977 939 3059 983 est
3105 931 3353 996 mundus,
3397 947 3587 1000 qnam—

2010 1016 2090 1069 vis
2131 1017 2242 1070 sola
2265 1017 2381 1085 ejus
2419 1031 2540 1072 cum
2568 1018 2678 1071 suis
2706 1018 2855 1072 caelis
2896 1035 3015 1086 pars
3056 1020 3158 1073 ima
3207 1023 3444 1090 perierit.
3475 1022 3582 1076 Sed

2010 1105 2131 1173 quia
2182 1103 2316 1172 hoc,
2367 1115 2424 1161 ut
2466 1107 2594 1170 dixi,
2641 1122 2746 1160 non
2797 1108 3170 1177 dignabuntur,
3216 1127 3283 1165 ne
3321 1113 3403 1167 vel
3449 1127 3584 1182 apo-

2009 1197 2130 1250 stoli
2170 1197 2308 1251 Petri
2350 1199 2880 1268 approbentsensum
2921 1199 3007 1254 vel
3047 1209 3249 1254 tantum
3291 1202 3587 1256 concedant

2010 1287 2406 1356 conﬁagrationi
2435 1290 2756 1356 novissimze,
2801 1299 3052 1359 quantum
3091 1291 3314 1346 dicimus
3353 1293 3586 1347 valuisse

2008 1377 2285 1445 diluvium,
2314 1380 2404 1449 qui
2430 1380 2586 1434 nullis
2611 1381 2779 1450 aquis,
2799 1381 2958 1434 nullis
2987 1382 3210 1436 ﬁammis
3235 1391 3398 1438 totum
3415 1399 3583 1454 genus

2010 1467 2294 1522 humanum
2337 1485 2490 1538 posse
2517 1472 2686 1539 perire
2714 1472 3039 1526 contendunt
3070 1491 3082 1526 :
3110 1481 3273 1526 restat
3299 1482 3357 1526 ut
3383 1475 3578 1537 dicant,

2007 1558 2146 1627 quod
2183 1570 2459 1630 propterea
2505 1561 2578 1614 dii
2614 1577 2797 1615 eorum
2832 1562 3105 1616 llcbraiam
3135 1563 3445 1632 sapientiam
3475 1564 3584 1617 lau-

2008 1649 2266 1704 daverunt
2293 1692 2308 1715 ,
2331 1653 2451 1719 quia
2483 1652 2641 1705 istum
2664 1653 2929 1706 Psalmum
2955 1667 3061 1708 non
3093 1653 3349 1722 legerant.

2079 1744 2134 1794 2.
2161 1741 2218 1796 In
2249 1742 2460 1796 Psalmo
2489 1745 2646 1798 etiam
2687 1744 3090 1814 quadragesimo
3118 1761 3259 1800 nono
3279 1746 3346 1800 de
3384 1747 3584 1815 judicio

2011 1833 2106 1888 Dei
2145 1835 2434 1888 novissimo
2494 1834 2802 1904 intelligitur
2846 1835 3080 1900 dictum,
3120 1836 3258 1890 Deus
3293 1839 3586 1908 manifestus

2009 1926 2186 1991 veniet,
2218 1925 2354 1979 Deus
2393 1939 2577 1989 noster,
2602 1938 2647 1980 et
2677 1945 2777 1981 non
2817 1928 2999 1982 silebit.
3045 1927 3188 1998 Ignis
3228 1930 3283 1982 in
3318 1939 3586 1999 conspectu

2009 2018 2118 2086 ejus
2163 2017 2390 2082 ardebit,
2429 2033 2476 2070 et
2519 2019 2570 2071 in
2603 2020 2866 2073 circumitu
2923 2021 3030 2089 ejus
3079 2030 3347 2089 tempestas
3394 2021 3584 2076 valida.

2008 2109 2279 2162 Advocabit
2305 2111 2482 2163 cozlum
2508 2128 2724 2176 sursum,
2755 2121 2802 2164 et
2824 2121 3007 2165 terram
3031 2111 3309 2166 discernere
3344 2117 3588 2183 papulum

2008 2216 2176 2253 suum.
2208 2200 2514 2271 Congregate
2539 2203 2614 2255 illi
2631 2204 2800 2272 justos
2827 2205 2952 2272 ejus,
2993 2203 3077 2272 qui
3121 2202 3396 2270 disponunt
3435 2213 3588 2257 testa-

2008 2302 2230 2346 mentum
2249 2294 2356 2363 ejus
2381 2311 2530 2361 super
2552 2295 2801 2362 sacri/icio
2824 2293 2994 2364 (Psal.
3017 2309 3164 2358 3tth,
3189 2295 3326 2362 3-5).
3349 2292 3461 2348 Hoc
3487 2307 3586 2348 nos

2007 2384 2074 2439 de
2107 2385 2324 2439 Domino
2363 2395 2546 2439 nostro
2591 2385 2715 2439 Jesu
2757 2386 2973 2440 Christo
3017 2386 3376 2455 intelligimus,
3425 2401 3586 2454 quem

2007 2475 2074 2530 de
2100 2477 2239 2530 ewlo
2264 2491 2536 2543 speramus
2556 2491 2675 2530 esse
2705 2485 2979 2530 venturum
3007 2475 3071 2529 ad
3093 2477 3244 2530 vivos
3269 2485 3322 2530 et
3345 2484 3585 2530 mortuos

2004 2567 2336 2635 judicandos.
2383 2567 2684 2621 Manifestus
2730 2569 2873 2621 enim
2917 2568 3093 2622 veniet
3145 2568 3284 2621 inter
3322 2567 3494 2636 justos
3531 2577 3588 2622 et

2007 2663 2232 2732 injustos
2255 2663 2588 2732 judicaturus
2613 2664 2770 2733 juste,
2805 2664 2894 2732 qui
2923 2664 3065 2732 prius
3087 2663 3231 2716 venit
3252 2663 3490 2716 occultus
3518 2663 3586 2715 ab

2006 2757 2216 2824 injustis
2251 2757 2564 2823 judieandus
2609 2755 2820 2824 injuste.
2865 2755 3000 2824 Ipse,
3030 2755 3264 2822 inquam,
3293 2753 3587 2819 manifestus

2005 2849 2184 2911 veniet,
2213 2857 2381 2900 etnon
2413 2847 2593 2912 silebit,
2633 2847 2685 2900 id
2731 2855 2832 2908 est,
2875 2846 2928 2898 in
2971 2860 3100 2898 voce
3131 2843 3324 2912 judicis
3369 2841 3587 2896 evidens

2005 2939 2296 3006 apparebit,
2327 2938 2416 3006 qui
2446 2939 2587 3006 prius
2627 2953 2747 2991 cum
2796 2938 3028 2990 venisset
3061 2935 3320 3000 occultus,
3348 2943 3472 2988 ante
3494 2934 3587 3002 ju—

2004 3029 2176 3083 diccm
2199 3029 2361 3089 siluit,
2379 3028 2588 3096 quando
2607 3029 2746 3082 sicut
2763 3029 2879 3082 ovis
2896 3029 2958 3082 ad
2997 3027 3376 3082 immolandum
3399 3026 3587 3080 ductus

2006 3131 2109 3189 est,
2139 3131 2195 3176 et
2237 3124 2374 3177 sicut
2419 3139 2586 3191 agnus
2623 3137 2803 3177 coram
2852 3121 3102 3176 tondente
3146 3119 3242 3174 fuit
3276 3119 3392 3174 sine
3436 3133 3583 3183 voce,

2007 3215 2450 3284 quemadmodum
2489 3215 2556 3269 de
2586 3215 2674 3268 illo
2705 3231 2797 3282 per
2825 3215 3012 3268 Isaiam
3051 3214 3274 3282 legimus
3305 3211 3588 3280 propheta-

2008 3305 2275 3375 tum(lsai.
2302 3323 2410 3371 un,
2441 3305 2518 3374 7),
2548 3313 2602 3359 et
2627 3307 2681 3360 in
2712 3306 2995 3374 Evangelio
3028 3304 3268 3358 videmus
3313 3303 3588 3372 impletum

2009 3398 2222 3469 (Matth.
2259 3416 2401 3464 sxw,
2434 3400 2546 3469 65).
2578 3385 2790 3468 Deigue
2838 3414 2968 3452 vero
2997 3407 3048 3450 ct
3078 3404 3420 3465 tempestate,
3467 3408 3592 3446 cum

2008 3491 2062 3545 in
2092 3491 2239 3543 Isaia:
2266 3490 2538 3558 prophetia
2563 3489 2668 3542 tale
2696 3488 2893 3558 aliquid
2923 3497 3286 3548 tractareinus,
3327 3483 3594 3552 quomodo

2005 3589 2187 3634 essent
2211 3581 2325 3634 haec
2349 3579 2836 3648 iutelligenda,jam
2859 3579 3085 3631 diximus
3118 3578 3264 3646 (cap.
3291 3575 3406 3644 2t).
3438 3572 3591 3638 Quod

2005 3689 2133 3726 vero
2173 3672 2371 3726 dictum
2414 3682 2514 3733 est,
2554 3671 2828 3723 Advocabit
2853 3671 3030 3722 cretum
3055 3685 3252 3721 sursum
3285 3684 3304 3720 :
3334 3666 3586 3734 quoniam

2004 3765 2170 3818 sancti
2195 3764 2390 3831 ctjUsti
2420 3772 2564 3816 recte
2585 3763 2780 3815 coelum
2811 3760 3175 3828 appellantur;
3209 3758 3453 3810 nimirum
3487 3761 3590 3809 hoc

2004 3865 2104 3918 est,
2129 3854 2267 3924 quod
2297 3855 2367 3908 ait
2413 3853 2713 3923 Apostolus,
2754 3851 2921 3904 Simul
2964 3866 3075 3902 cum
3099 3849 3200 3901 illis
3245 3847 3497 3916 rapiemur
3535 3847 3590 3900 in

2008 3948 2219 4000 nubibus
2247 3947 2299 3999 in
2315 3945 2508 3998 obviam
2527 3944 2722 3997 Christo
2744 3945 2795 3996 in
2811 3959 2930 3996 aera
2954 3940 3006 4011 (Ι
3029 3939 3200 3993 Thess.
3228 3955 3298 4003 iv,
3318 3939 3435 4006 16).
3455 3936 3590 3990 Nam

2006 4037 2296 4093 secundum
2329 4037 2519 4090 littera:
2543 4035 2898 4104 superﬁciem,
2937 4031 3201 4102 quomodo
3243 4045 3450 4083 sursum
3490 4028 3590 4081 ad-

2008 4139 2227 4184 vocatur
2263 4130 2476 4192 coelum,
2505 4127 2651 4196 quasi
2678 4127 2845 4195 possit
2888 4139 3006 4178 esse
3035 4123 3131 4177 nisi
3163 4120 3410 4175 sursum?
3436 4116 3587 4184 Quod

2008 4229 2183 4274 autem
2203 4219 2511 4288 adjunctum
2554 4226 2656 4281 est,
2699 4216 2763 4270 Et
2811 4226 2994 4268 terram
3027 4214 3306 4268 discernere
3345 4209 3587 4280 papulum

2010 4327 2180 4377 suum,
2211 4310 2256 4363 si
2289 4308 2658 4364 tantummodo
2686 4307 3032 4362 subaudiatur
3071 4304 3352 4369 advocabit,
3394 4301 3443 4356 id
3485 4310 3586 4367 est,

2007 4404 2286 4458 advocabit
2322 4412 2376 4458 et
2414 4414 2610 4459 terram
2636 4445 2651 4469 ,
2696 4419 2796 4458 nec
2821 4401 3167 4456 subaudiatur
3204 4415 3422 4462 sursum,
3449 4397 3590 4450 hunc

2008 4497 2219 4552 videtur
2256 4498 2452 4551 habere
2489 4512 2705 4551 sensum
2747 4494 3036 4550 secundum
3074 4501 3270 4546 rectam
3320 4489 3496 4553 ﬁdem,
3534 4496 3592 4543 ut

2009 4590 2200 4643 coelum
2218 4589 2540 4656 intelligatur
2562 4588 2612 4639 in
2643 4588 2720 4640 eis
2746 4586 2833 4652 qui
2861 4599 2980 4637 cum
3021 4582 3110 4635 illo
3135 4589 3257 4633 sunt
3284 4579 3587 4648 iudicaturi,

2011 4688 2066 4732 et
2092 4687 2230 4731 terra
2263 4677 2314 4730 in
2336 4679 2414 4731 eis
2441 4677 2528 4744 qui
2541 4675 2812 4744 judicandi
2843 4681 2967 4726 sunt
2996 4690 3008 4724 :
3035 4680 3090 4724 ut
3113 4669 3385 4723 Advocabit
3410 4669 3590 4720 caelum

2011 4785 2226 4829 sursum,
2252 4782 2357 4821 non
2389 4767 2474 4820 hic
2501 4765 2876 4834 intelligamus,
2901 4763 3091 4831 Rapiet
3119 4762 3168 4812 in
3199 4775 3319 4814 aera
3342 4776 3356 4822 ;
3381 4758 3496 4822 sed,
3533 4757 3588 4812 ln

2007 4859 2310 4928 judiciarias
2347 4858 2502 4912 sedes
2523 4857 2712 4926 eriget.
2743 4856 2922 4908 Potest
2946 4862 2999 4907 et
3027 4851 3154 4906 illud
3185 4849 3403 4918 intelligi
3438 4865 3450 4898 :
3485 4849 3589 4900 Att-

2010 4950 2201 5005 uocabit
2228 4951 2407 5002 cretum
2433 4965 2653 5012 sursum,
2685 4945 2978 5000 Advocabit
3015 4943 3241 5010 Angelos
3269 4941 3318 4994 in
3343 4938 3586 5005 supernis

2009 5053 2060 5096 et
2090 5040 2312 5094 excelsis
2344 5041 2494 5104 locis,
2522 5054 2641 5092 cum
2668 5036 2858 5105 quibus
2881 5033 3168 5088 descendat
3203 5031 3267 5084 ad
3291 5027 3589 5084 faciendum

2007 5133 2261 5202 judicium
2293 5150 2306 5184 :
2340 5131 2631 5185 Advocabit
2677 5139 2722 5182 et
2767 5138 2989 5191 terram,
3037 5125 3087 5178 id
3110 5133 3221 5190 est,
3253 5122 3494 5176 homines
3537 5120 3590 5172 in

2012 5233 2150 5276 terra
2190 5222 2370 5290 utique
2392 5219 2725 5290 judicaudos.
2765 5218 2822 5271 Si
2851 5225 3022 5268 autem
3072 5224 3353 5281 utrumque
3388 5209 3588 5264 subau-

2011 5314 2261 5370 diendum
2291 5323 2392 5374 cst,
2417 5328 2536 5366 cum
2566 5311 2780 5374 dicitur,
2809 5318 2854 5360 et
2885 5319 3087 5370 terram,
3107 5305 3156 5358 id
3185 5313 3265 5358 est
3291 5311 3342 5356 et
3368 5301 3590 5353 advoca-

2013 5404 2102 5469 bit,
2134 5413 2186 5458 et
2217 5419 2447 5456 sursum:
2473 5410 2530 5454 ut
2573 5401 2670 5454 iste
2709 5400 2777 5452 sit
2819 5410 3027 5460 sensus,
3062 5393 3352 5447 Advocabit
3397 5390 3592 5444 caelum

2013 5511 2245 5558 sursum,
2290 5501 2344 5547 et
2383 5503 2577 5546 terram
2621 5487 2902 5542 advocabit
2943 5501 3154 5539 sursum
3187 5502 3200 5537 :
3235 5483 3362 5536 nihil
3401 5480 3592 5533 melius

2013 5589 2230 5656 intelligi
2275 5586 2539 5648 existimo,
2588 5597 2745 5650 quam
2793 5579 3066 5634 homincs‘
3095 5579 3184 5647 qui
3232 5577 3501 5646 rapientur
3541 5573 3594 5626 in

2014 5682 2220 5736 obviam
2248 5678 2458 5731 Christo
2493 5676 2543 5727 in
2573 5689 2716 5734 aera,
2759 5673 2852 5725 sed
2895 5671 3084 5725 malum
3129 5670 3329 5725 dictum
3378 5673 3598 5738 propter

2080 5795 2096 5826 ι
2133 5799 2181 5840 ιιι
2219 5792 2438 5841 omnibus
2459 5797 2585 5848 Mss,
2610 5800 2750 5849 quam
2771 5799 2945 5836 omitus.
