4004 6528
543 325 649 384 699

543 448 769 516 animas,
789 458 982 506 terram
1013 459 1226 522 propter
1252 465 1495 522 corpora.
1514 450 1808 510 Discernere
1835 471 1991 527 porro
2016 473 2112 530 po-

547 539 723 602 pulum
764 557 929 607 suum,
970 543 1093 612 quid
1137 552 1248 607 est,
1297 545 1397 598 nisi
1444 560 1540 614 per
1576 545 1831 615 judicium
1870 564 2118 621 separare

545 626 714 684 bonos
743 646 772 682 a
804 632 970 696 malis,
999 642 1244 702 tanquam
1263 649 1388 689 oves
1417 636 1484 688 ab
1506 637 1705 691 haedis?
1751 638 1950 695 Deinde
1989 656 2118 696 con-

548 721 724 773 versio
750 723 1010 776 sermonis
1036 723 1101 776 ad
1125 725 1356 793 Angelos
1385 725 1519 779 facta
1556 737 1638 780 est
1669 747 1682 780 :
1711 727 2020 800 Cangregate
2039 730 2117 784 illi

543 809 702 878 justas
726 812 854 879 ejus.
883 812 1125 868 Proiecto
1153 815 1293 869 enim
1324 831 1418 885 per
1436 818 1726 889 angelicum
1765 819 2115 876 ministerium

545 909 688 955 tanta
705 918 789 957 res
803 905 1098 974 peragenda
1111 907 1272 961 est.Si
1287 917 1460 962 autem
1475 911 1780 978 quierimus,
1799 928 1932 980 quos
1943 913 2116 981 justos

545 993 594 1047 ei
637 997 1004 1065 congregaturi
1045 1007 1170 1052 sunt
1213 999 1398 1069 Angeli
1431 1018 1444 1053 :
1475 1001 1573 1066 Qui
1603 1002 1893 1072 disponunt,
1925 1004 2112 1073 inquit,

548 1090 894 1137 testamentum
930 1086 1039 1157 ejus
1067 1104 1218 1157 super
1250 1089 1519 1158 sacriﬁcia.
1547 1091 1670 1145 Haec
1695 1101 1777 1146 est
1816 1093 1989 1148 omnis
2011 1095 2115 1149 vita

541 1171 1120 1247 justorum,disponere
1145 1187 1516 1236 testamentum
1540 1183 1630 1238 Dei
1651 1199 1811 1254 super
1835 1185 2112 1240 sacriﬁcia.

543 1264 652 1318 Aut
674 1266 814 1320 enim
831 1283 997 1337 opera
1025 1271 1402 1327 misericordiae
1430 1282 1554 1329 sunt
1573 1291 1724 1345 super
1760 1277 2031 1346 sacriﬁcia,
2060 1277 2115 1332 id

543 1365 628 1409 est
666 1358 939 1414 sacriﬁciis
977 1363 1352 1432 praeponenda,
1387 1365 1536 1434 juxta
1565 1369 1882 1423 sententiam
1913 1370 2004 1425 Dei
2030 1371 2114 1426 di-

544 1447 1143 1515 centis,Misericordiam
1154 1455 1262 1509 volo
1277 1456 1291 1486 ¹
1304 1472 1454 1526 quam
1467 1459 1769 1528 sacriﬁcium
1782 1459 1801 1531 (
1809 1460 2116 1533 Usum/1,6):

542 1545 638 1590 aut
651 1538 696 1591 si
711 1555 864 1610 super
883 1544 1153 1612 sacriﬁcia,
1186 1546 1238 1599 in
1265 1546 1536 1603 sacriliciis
1561 1549 1871 1620 intelligitur
1889 1552 2112 1621 dictum,

539 1629 808 1694 quomodo
835 1647 995 1702 super
1023 1644 1216 1690 terram
1244 1638 1356 1692 ﬁeri
1377 1637 1570 1693 dicitur
1593 1641 1732 1709 quod
1762 1641 1818 1695 ﬁt
1845 1643 2022 1714 utique
2060 1645 2115 1699 in

542 1725 684 1773 terra
716 1720 989 1788 :profecto
1015 1724 1128 1793 ipsa
1156 1741 1316 1795 opera
1362 1729 1743 1786 misericordia:
1781 1743 1905 1788 sunt
1947 1735 2116 1790 sacri-

545 1807 664 1863 ﬁcia
692 1810 882 1879 quibus
901 1813 1134 1880 placetur
1160 1816 1300 1871 Deo“
1322 1817 1453 1873 sicut
1488 1820 1540 1874 in
1567 1820 1703 1875 libro
1747 1821 1902 1893 hujus
1939 1826 2114 1894 operis

545 1897 754 1955 decimo
787 1917 872 1956 me
891 1902 1205 1960 disseruisse
1224 1909 1538 1965 reminiscor
1559 1911 1694 1982 (cap.
1714 1912 1766 1979 6,
1789 1924 1835 1967 et
1856 1915 1996 1986 alibi)
2020 1933 2032 1968 :
2061 1917 2113 1970 ir.

543 1989 738 2058 quibus
765 1994 1012 2062 operibus
1031 1995 1317 2066 disponunt
1332 2001 1458 2067 justi
1484 2009 1852 2058 testamentum
1872 2006 2114 2077 Dei,qnia

542 2089 760 2150 pr0ptcr
777 2085 1153 2152 promissiones
1175 2104 1292 2159 qua:
1310 2090 1458 2146 Novo
1483 2092 1598 2162 ejus
1624 2093 1963 2150 Testamento
1989 2113 2116 2152 con-

545 2173 796 2240 tinentur,
843 2176 956 2233 haic
997 2178 1216 2236 faciunt.
1259 2183 1406 2239 Unde
1444 2188 1776 2257 congregatis
1817 2189 1914 2242 sibi
1958 2189 2114 2259 justis

542 2264 672 2327 suis,
695 2274 747 2318 et
761 2267 826 2320 ad
843 2283 992 2322 suam
1009 2269 1280 2326 dexteram
1301 2276 1618 2341 constitutis,
1644 2280 1926 2334 novissimo
1939 2281 2115 2350 utique

543 2351 766 2422 judicio,
789 2356 1026 2414 dicturus
1048 2369 1129 2414 est
1157 2361 1417 2431 Christus,
1450 2364 1640 2433 Venite,
1670 2367 1912 2422 benedicti
1945 2369 2114 2426 Patris

545 2442 680 2508 mei,
725 2446 977 2506 possidete
1012 2459 1246 2517 paratum
1285 2453 1419 2508 vobis
1465 2472 1672 2526 regnum
1696 2473 1729 2510 a
1769 2461 2115 2515 constitutione

543 2535 738 2588 mundi.
758 2535 962 2591 Esurivi
975 2540 1126 2605 enim,
1146 2550 1194 2595 et
1216 2542 1423 2598 dedistis
1441 2546 1566 2599 mihi
1581 2547 1884 2602 manducare
1901 2550 2109 2620 (Matth.

540 2638 675 2689 xxv,
703 2626 824 2697 34);
856 2637 909 2682 et
936 2641 1125 2685 caetera
1160 2649 1276 2702 quae
1303 2635 1374 2690 ibi
1399 2636 1736 2705 proferuntur
1763 2641 1829 2695 de
1856 2641 2112 2699 bonorum

539 2715 791 2783 operibus
820 2717 990 2785 bonis,
1021 2731 1075 2775 et
1093 2721 1159 2776 de
1185 2739 1372 2779 eorum
1395 2729 1626 2795 praemiis
1665 2733 1999 2802 sempiternis
2019 2750 2114 2805 per

545 2803 786 2860 ultimam
814 2812 1129 2867 sententiam
1151 2813 1437 2883 judicantis
1454 2819 1494 2871 ³.

539 2892 766 2951 CAPUT
805 2897 972 2954 XXV.
1009 2931 1081 2942 -
1114 2902 1194 2957 De
1235 2907 1501 2976 prophetia
1546 2908 1850 2966 Malachicc‘
1873 2930 1970 2983 qua
2013 2913 2113 2970 Dei

600 2987 856 3057 judicium
889 2990 1121 3047 uitiatum
1150 2995 1455 3064 declaratur,
1495 3009 1543 3054 et
1575 3003 1906 3070 quorumdam
1926 3006 2113 3061 dicitur

611 3094 701 3147 per
727 3082 1100 3150 puriﬁcatorias
1119 3103 1291 3157 poenas
1309 3090 1540 3158 facienda
1568 3095 1846 3150 inundatio.

612 3169 873 3242 Propheta
893 3175 1193 3245 Malachias,
1213 3181 1324 3236 sive
1339 3182 1581 3252 Malachi,
1601 3188 1687 3256 qui
1709 3196 1763 3242 et
1778 3189 2011 3259 Angeius
2025 3190 2110 3245 di-

540 3269 657 3317 ctus
699 3273 801 3331 est,
837 3267 925 3335 qui
968 3270 1127 3324 etiam
1169 3271 1366 3329 Esdras
1410 3277 1659 3334 sacerdos
1681 3320 1697 3346 ,
1727 3281 1880 3350 cujus
1915 3284 2020 3337 alia
2058 3285 2112 3339 in

539 3368 795 3410 canoncm
815 3359 1046 3430 l‘scripta
1075 3375 1284 3434 recepta
1311 3377 1452 3435 sunt,
1487 3370 1554 3424 ab
1588 3371 1847 3441 aliquibus
1879 3375 2114 3431 creditur

543 3450 688 3515 (nam
709 3447 775 3502 de
791 3449 878 3503 illo
891 3449 1026 3506 hanc
1037 3468 1154 3508 esse
1172 3455 1508 3513 Hebraeorum
1526 3462 1828 3530 opinionem
1845 3465 1968 3520 dicit
1991 3467 2114 3522 llic-

541 3549 796 3607 ronymus
829 3538 1071 3610 [Prorem.
1086 3544 1137 3597 in
1157 3544 1458 3620 Malach.]),
1478 3549 1732 3618 judicium
1767 3555 2109 3611 novissimum

546 3629 846 3696 prophetat,
883 3632 1098 3689 dicens:
1124 3636 1254 3691 Ecce
1284 3641 1432 3702 venit,
1458 3642 1577 3695 dicit
1607 3641 1854 3700 Dominus
1887 3649 2112 3717 omnipo-

539 3725 646 3772 tens
661 3733 680 3772 :
697 3729 743 3772 et
765 3722 874 3788 quis
889 3725 1146 3778 sustinebit
1173 3727 1303 3781 diem
1324 3731 1554 3786 introitus
1573 3735 1703 3804 ejus,
1724 3746 1811 3789 aut
1835 3739 1946 3807 quis
1982 3739 2113 3809 ferre

539 3811 722 3878 poterit
756 3823 808 3865 ut
837 3816 1049 3882 aspiciat
1077 3834 1187 3871 eum
1205 3820 1230 3872 Σ)
1253 3820 1384 3886 Quia
1403 3823 1509 3892 ipse
1527 3825 1804 3895 ingreditur
1822 3832 1964 3894 quasi
1983 3832 2112 3901 ignis

537 3901 838 3968 conﬁatorii,
858 3913 904 3956 et
918 3906 1061 3974 quasi
1083 3907 1233 3961 herba
1253 3909 1525 3964 lavantium
1548 3928 1565 3966 :
1595 3923 1639 3967 et
1661 3915 1846 3970 sedebit
1862 3921 2108 3988 conﬂant,

540 3999 585 4043 et
601 3993 1039 4058 emundans,sicut
1057 4014 1239 4052 aurum
1256 4009 1302 4054 et
1331 4002 1458 4054 sicut
1483 4013 1762 4074 argentum,
1791 4017 1838 4060 et
1865 4010 2110 4063 emunda-

539 4081 606 4133 bit
627 4083 759 4149 ﬁlios
776 4083 913 4151 chi,
932 4097 976 4140 et
994 4089 1171 4158 fundet
1205 4107 1286 4145 eos
1305 4093 1432 4146 sicut
1457 4110 1636 4149 aurum
1668 4105 1715 4150 et
1750 4109 2007 4169 argentum
2027 4113 2051 4157 :
2068 4111 2113 4155 et

542 4182 710 4238 erunt,
728 4172 946 4229 Domino
985 4176 1247 4244 offerentes
1277 4182 1465 4237 hostias
1496 4185 1547 4237 in
1569 4186 1789 4255 justitia.
1813 4187 1878 4242 Et
1900 4190 2113 4257 placebit

546 4261 765 4317 Domino
781 4267 1082 4334 sacriﬁcium
1101 4270 1133 4322 J
1139 4271 1240 4322 uda
1267 4281 1313 4325 et
1333 4271 1636 4340 Jerusalem,
1669 4277 1795 4330 sicut
1815 4279 1986 4332 diebus
2003 4282 2113 4348 pri-

537 4356 704 4420 stinis,
719 4366 765 4410 et
784 4358 912 4411 sicut
939 4361 1085 4414 annis
1106 4362 1372 4432 prioribus.
1392 4363 1458 4416 Et
1474 4366 1707 4419 accedam
1726 4368 1793 4420 ad
1809 4385 1894 4422 vos
1911 4369 1963 4422 in
1969 4371 2114 4440 judi-

535 4449 636 4511 cio,
650 4459 695 4502 et
711 4465 796 4503 ero
821 4452 954 4505 testis
976 4452 1120 4506 velox
1134 4469 1286 4524 super
1311 4455 1584 4523 maleﬁcos,
1603 4464 1649 4510 et
1664 4473 1812 4528 super
1836 4459 2108 4529 adulteros,

539 4549 586 4593 et
614 4556 764 4611 super
782 4558 864 4596 eos
879 4543 966 4608 qui
975 4545 1156 4612 jurant
1177 4545 1229 4598 in
1258 4547 1461 4600 nomine
1484 4564 1593 4601 meo
1608 4551 1930 4617 mendaciter,
1954 4562 2002 4606 et
2028 4554 2113 4623 qui

543 4633 781 4703 fraudant
796 4636 1070 4690 mercedem
1091 4639 1395 4693 mercenaria
1413 4639 1453 4708 ⁸,
1475 4651 1521 4694 et
1541 4643 1831 4712 apprimunt
1847 4661 1935 4714 per
1946 4655 2113 4714 palen.

539 4722 660 4774 tiam
683 4723 879 4790 viduas,
908 4735 952 4779 et
983 4729 1263 4795 percutiunt
1304 4731 1543 4799 pupillos,
1577 4742 1624 4785 et
1650 4742 1933 4801 pervertunt
1962 4735 2110 4800 judi-

541 4813 676 4864 cium
705 4814 910 4869 advenaz
935 4826 980 4869 et
1009 4819 1095 4886 qui
1114 4835 1214 4871 non
1247 4820 1417 4873 timent
1445 4839 1542 4888 me,
1581 4823 1700 4875 dicit
1723 4823 1972 4879 Dominus
1996 4841 2109 4878 om-

540 4901 790 4970 nipotens.
826 4905 1075 4971 Quoniam
1104 4925 1195 4978 ego
1241 4909 1491 4964 Dominus
1529 4911 1667 4965 Deus
1710 4924 1888 4980 vester,
1933 4924 1978 4968 et
2009 4932 2109 4970 non

537 5003 703 5048 mutor
729 4995 1062 5065 (Malachnn,
1086 5000 1220 5069 1-6).
1245 5000 1318 5054 Et
1340 5001 1420 5055 his
1436 5017 1554 5070 qua:
1577 5002 1714 5056 dicta
1736 5013 1878 5070 sunt,
1905 5005 2111 5060 videtur

600 5149 618 5180 ι
653 5149 787 5220 Fditi,
812 5148 964 5220 magis
987 5150 1104 5220 volo.
1133 5159 1188 5202 At
1209 5157 1315 5202 Mss.
1333 5160 1504 5204 carent
1535 5152 1785 5216 particula,
1808 5155 1979 5220 magis,
2000 5171 2110 5220 qua!

538 5223 632 5274 nec
657 5218 731 5258 est
755 5213 800 5258 in
816 5216 1152 5274 suptuaginta.

593 5273 613 5336 ξ
647 5272 863 5336 Nonnulli
881 5272 1029 5336 ςΜδεξ,
1057 5274 1273 5336 placetur
1290 5283 1436 5325 Deus.

593 5330 616 5393 ξ
647 5333 750 5380 Sola
775 5335 922 5382 editio
946 5330 1075 5390 hovf,
1091 5335 1396 5393 judicamlis.

593 5392 629 5465 δ’
649 5399 756 5465 Mss...
772 5424 788 5450 ,
806 5392 1148 5465 littalachiclt's.‘
1169 5403 1238 5465 .Et
1288 5398 1434 5465 iidem
1478 5399 1613 5465 initio
1651 5399 2113 5465 capitis,_t_’rophet_a

533 5451 834 5530 italae/tutel],
855 5457 950 5504 sive
976 5456 1223 5530 thalami;
1248 5466 1298 5530 et
1320 5460 1528 5530 quidam,
1568 5451 1977 5530 sivcatqlachim.’
2005 5461 2113 5510 Edi-

531 5513 694 5575 tiones
710 5516 842 5562 Vind.
869 5527 967 5564 Am.
995 5527 1046 5566 et
1069 5525 1161 5575 δικ,
1181 5513 1444 5575 Malachiel,
1469 5513 1566 5570 sive
1589 5521 1864 5572 Matachius.

595 5573 617 5637 ξ
652 5574 782 5621 Vind.
804 5585 900 5624 Ain.
929 5585 1001 5624 Er.
1030 5588 1080 5628 et
1103 5573 1226 5637 διεδ..
1251 5578 1303 5629 in
1324 5573 1516 5630 cannae.

594 5632 624 5664 α
652 5638 724 5679 Er.
771 5643 822 5682 et
853 5643 980 5694 ιον..
1020 5632 1240 5689 mercede
1284 5642 1620 5692 mercenaries.
1664 5651 1717 5692 At
1740 5643 1874 5692 \‘ind.
1920 5650 2018 5691 Am.
2062 5649 2114 5692 et

533 5703 660 5805 “75.;
686 5695 954 5764 mercedem
973 5701 1285 5753 mercenaria.
1303 5709 1465 5755 Graece
1482 5702 2027 5768 Septuagintamtisthon
2041 5702 2134 5758 mi-

533 5766 574 5805 ει
591 5771 638 5805 θυ
657 5767 736 5805 ου.

531 5766 736 5809 stacta.

1573 334 1662 391 DE
1701 335 2014 395 ClVlTATE
2052 340 2185 412 DEI,
2224 344 2282 400 S.
2323 345 2687 412 AUGUSTINI

3674 365 3762 424 700

2229 460 2525 517 evidentius
2563 475 2820 532 apparere
2847 462 2899 518 in
2927 462 3021 518 illo
3041 462 3241 534 judicio
3267 466 3516 535 quasdam
3541 485 3764 542 quorum.

2221 552 2342 607 dam
2390 555 2716 624 purgatorias
2756 570 2940 625 pmnas
2979 556 3203 612 futuras.
3252 558 3351 613 Ubi
3394 562 3529 617 enim
3567 566 3758 637 dicitur,

2226 644 2350 710 Quis
2377 647 2634 701 sustinebit
2663 647 2794 702 diem
2817 649 3048 703 introitus
3083 651 3208 720 ejus,
3243 661 3332 703 aut
3381 655 3488 721 quis
3527 660 3648 725 ferre
3687 679 3765 729 po.

2223 739 2334 790 terit
2357 747 2411 790 ut
2432 739 2644 808 aspiciat
2668 739 2822 792 eum?
2851 739 2982 806 Quia
3026 741 3135 810 ipse
3170 741 3446 812 ingreditur
3481 748 3618 810 quasi
3651 750 3765 818 ignis

2221 830 2520 897 conﬁatorii,
2540 839 2586 884 et
2609 832 2749 900 quasi
2768 830 2918 885 herba
2939 831 3214 887 lavantium
3238 849 3256 887 :
3277 842 3323 887 et
3339 834 3516 889 sedebit
3541 841 3767 908 conﬁans,

2221 931 2266 973 et
2297 922 2596 987 emundans,
2623 925 2752 976 sicut
2779 939 2962 977 aurum
2997 934 3045 978 et
3079 926 3209 980 sicut
3233 936 3510 996 argentum,
3538 939 3581 982 et
3606 947 3764 987 emun-

2173 1055 2176 1058 .
2222 1012 2358 1064 dabit
2378 1014 2512 1080 ﬁlios
2539 1013 2676 1079 Levi,
2703 1024 2748 1068 et
2776 1015 2948 1085 fundet
2973 1031 3056 1069 eos
3076 1016 3204 1070 sicut
3226 1033 3407 1070 aurum
3431 1029 3477 1072 et
3500 1032 3768 1090 argentum;

2219 1103 2344 1171 quid
2361 1103 2500 1158 aliud
2518 1104 2910 1174 intelligendum
2922 1114 3001 1160 est
3016 1105 3038 1160 ἲ
3055 1106 3188 1160 Dicit
3204 1107 3307 1161 tale
3323 1107 3514 1177 aliquid
3528 1119 3576 1164 et
3595 1111 3765 1168 Isaias:

2220 1191 2430 1247 Lavabit
2461 1193 2704 1250 Dominus
2745 1196 2919 1250 sordes
2958 1196 3181 1265 ﬁliorum
3220 1206 3266 1250 et
3307 1199 3524 1265 ﬁliarum
3561 1201 3696 1269 Sion,
3723 1215 3771 1260 et

2219 1285 2510 1354 sanguinem
2556 1287 2842 1341 emundabit
2880 1288 2942 1342 de
2969 1289 3132 1342 medio
3177 1305 3353 1344 eorum
3397 1292 3571 1361 spiritu
3609 1295 3771 1363 iudicii

2220 1388 2265 1431 et
2292 1379 2472 1447 spiritu
2490 1380 2842 1435 coinbustionis
2865 1379 3018 1450 (Isai.
3045 1397 3116 1448 tv,
3143 1382 3220 1451 4).
3248 1381 3358 1436 Nisi
3399 1382 3532 1438 forte
3574 1386 3646 1440 sic
3687 1401 3778 1442 eos,

2222 1469 2504 1524 dicendum
2548 1480 2631 1526 est
2669 1472 2943 1527 cmundari
2993 1488 3024 1527 a
3059 1474 3325 1541 sordibus,
3349 1483 3403 1528 et
3429 1477 3773 1547 eliquariquo—

2221 1560 2544 1629 dammodo,
2590 1577 2709 1619 cum
2756 1565 2823 1619 ab
2860 1565 2938 1620 eis
2967 1565 3090 1620 mali
3145 1583 3241 1636 per
3287 1569 3497 1637 poenale
3535 1569 3770 1638 judicium

2220 1664 2565 1724 separantur,
2618 1665 2675 1710 ut
2717 1657 2926 1713 illorum
2970 1663 3268 1730 segregatio
3314 1671 3473 1732 atque
3527 1664 3774 1720 damnatio

2221 1747 2459 1813 purgatio
2485 1746 2554 1800 sit
2579 1747 2821 1812 istorum,
2848 1749 2968 1819 quia
2996 1750 3112 1804 sine
3142 1751 3325 1806 talium
3353 1751 3421 1807 de
3445 1762 3634 1808 caetero
3661 1771 3772 1824 pcr-

2221 1834 2479 1889 mixtione
2524 1837 2708 1890 victuri
2747 1847 2892 1892 sunt.
2937 1837 3041 1894 Sed
3086 1855 3206 1894 cum
3238 1841 3390 1908 dicit,
3422 1842 3487 1896 Et
3513 1845 3778 1898 emundabit

2223 1924 2360 1991 ﬁlios
2401 1923 2536 1989 Levi,
2571 1937 2616 1981 et
2651 1928 2826 1996 fundet
2868 1946 2950 1983 eos
2994 1932 3124 1984 sicut
3155 1949 3336 1986 aurum
3367 1944 3414 1987 et
3439 1945 3707 2005 argentum,
3735 1944 3782 1990 et

2221 2029 2364 2068 erunt
2392 2017 2610 2072 Domino
2656 2019 2919 2086 offerentes
2962 2021 3148 2076 hostias
3179 2025 3231 2077 in
3251 2025 3487 2093 justitia,
3517 2036 3560 2079 et
3585 2026 3778 2095 placebit

2220 2108 2436 2164 Domino
2459 2112 2761 2180 sacriﬁcium
2790 2112 2930 2166 Juda
2959 2123 3004 2167 et
3023 2113 3328 2181 Jerusalem,
3364 2117 3544 2186 utique
3565 2117 3778 2172 ostendit

2219 2213 2313 2254 eos
2339 2200 2505 2269 ipsos,
2535 2202 2624 2271 qui
2651 2203 3095 2269 emundabuntur,
3139 2205 3393 2276 deinceps
3423 2208 3475 2260 in
3513 2206 3770 2262 sacriﬁciis

2215 2289 2432 2360 justitia:
2465 2292 2687 2348 Domino
2715 2309 2834 2349 esse
2860 2295 3165 2364 placituros,
3192 2311 3254 2350 ac
3283 2313 3382 2367 per
3401 2297 3502 2352 hoc
3528 2299 3621 2367 ipsi
3642 2316 3669 2352 a
3693 2312 3777 2352 sua

2221 2380 2474 2449 injustitia
2502 2383 2915 2452 mundabuntur,
2951 2386 3004 2440 in
3037 2401 3139 2456 qua
3172 2387 3399 2442 Domino
3429 2387 3775 2459 displicebant.

2220 2473 2417 2530 Hostia:
2445 2489 2604 2544 porro
2627 2475 2680 2530 in
2711 2476 2862 2546 plena
2887 2477 3227 2548 perfectaque
3242 2480 3472 2548 justitia,
3501 2496 3618 2534 cum
3642 2496 3777 2534 mun-

2220 2564 2330 2618 dati
2377 2565 2589 2629 iuerint,
2637 2566 2736 2635 ipsi
2791 2577 2961 2622 erunt.
3022 2568 3159 2635 Quid
3204 2569 3349 2623 enim
3399 2570 3659 2640 acceptius
3684 2570 3778 2624 Dco

2221 2656 2354 2712 tales
2377 2656 2624 2724 oiTerunt,
2646 2673 2804 2728 quam
2825 2674 2885 2714 se
2913 2658 3093 2729 ipsos?
3126 2659 3326 2714 Verum
3355 2659 3460 2714 ista
3489 2660 3698 2730 quaestio
3721 2660 3779 2714 de

2219 2749 2532 2818 purgatoriis
2550 2750 2800 2819 poenis,ut
2813 2751 3114 2819 diligentius
3133 2760 3509 2821 pertractctur,
3525 2753 3574 2806 in
3591 2766 3782 2822 tempus

2219 2838 2360 2893 aliud
2401 2839 2694 2895 diﬁ‘crenda
2736 2849 2837 2896 est.
2883 2841 3044 2895 Filios
3094 2849 3274 2896 autem
3313 2841 3446 2897 Levi
3495 2852 3549 2898 et
3584 2842 3708 2897 inda
3733 2849 3782 2896 et

2219 2929 2533 2996 Jerusalem,
2561 2932 2731 3002 ipsam
2772 2932 2864 2988 Dei
2896 2932 3190 2988 Ecclesiam
3235 2933 3501 2990 debemus
3537 2935 3778 3003 accipere,

2219 3037 2329 3078 non
2352 3038 2419 3078 ex
2443 3023 2679 3080 Hebraeis
2717 3032 2942 3090 tantum,
2967 3026 3062 3080 sed
3092 3042 3159 3082 cx
3185 3027 3304 3082 aliis
3346 3028 3510 3084 etiam
3558 3028 3780 3098 gentibus

2219 3123 2591 3186 congregatam
2622 3132 2637 3170 :
2666 3130 2766 3170 nec
2788 3116 2967 3183 talem,
2990 3117 3158 3188 qualis
3180 3133 3323 3173 nunc
3351 3132 3455 3182 est,
3481 3118 3567 3173 ubi
3590 3119 3631 3173 si
3649 3119 3778 3172 disc-

2219 3205 2377 3258 rimus
2401 3206 2519 3274 quia
2539 3217 2796 3276 peccatum
2821 3223 2920 3261 non
2947 3207 3204 3274 habemus,
3231 3226 3325 3262 nos
3344 3211 3481 3280 ipsos
3497 3210 3779 3271 seducimus,

2221 3304 2269 3348 et
2291 3297 2470 3350 veritas
2489 3297 2541 3349 in
2558 3297 2695 3351 nobis
2717 3313 2816 3352 non
2837 3307 2908 3352 est
2930 3298 2972 3370 (Ι
2989 3297 3169 3363 Ιοαη.,
3193 3315 3231 3365 ι,
3253 3300 3311 3368 8)
3336 3320 3350 3355 :
3372 3301 3465 3356 sed
3492 3299 3654 3371 qualis
3670 3310 3782 3353 tunc

2220 3387 2343 3454 erit,
2371 3387 2515 3442 velut
2542 3403 2664 3443 area
2698 3403 2792 3458 per
2816 3389 3234 3457 ventilationem,
3283 3391 3361 3446 ita
3408 3408 3504 3462 per
3544 3391 3783 3460 judicium

2219 3486 2436 3549 purgata
2474 3479 2844 3547 novissimum;
2871 3483 3180 3554 eisquoquc
3217 3485 3340 3554 igne
3377 3484 3661 3550 mundatis,
3679 3483 3784 3553 qui-

2219 3569 2318 3624 bus
2350 3571 2466 3625 talis
2495 3573 2765 3628 inundatio
2797 3576 3091 3630 necessaria
3122 3585 3232 3642 est;
3267 3578 3341 3631 ita
3370 3588 3429 3632 ut
3471 3579 3643 3632 nullus
3673 3591 3780 3629 om-

2221 3660 2347 3715 nino
2391 3662 2461 3716 sit
2501 3663 2592 3732 qui
2639 3663 2823 3718 oﬁ'erat
2867 3665 3185 3720 sacrilicium
3238 3682 3338 3737 pro
3402 3669 3631 3738 peccatis
3667 3666 3782 3720 suis.

2219 3754 2416 3810 Omnes
2459 3757 2599 3810 enim
2643 3757 2732 3826 qui
2772 3759 2849 3813 sic
2887 3757 3150 3822 oﬁ‘erunt.
3197 3763 3443 3830 profecto
3489 3762 3542 3816 in
3578 3757 3787 3830 peccatis

2220 3856 2360 3912 sunt,
2393 3863 2488 3918 pro
2515 3849 2703 3919 quibus
2733 3850 3059 3906 dimittendis
3079 3852 3310 3907 oiTerunt
3342 3896 3357 3920 ,
3386 3863 3448 3908 ut
3485 3868 3604 3908 cum
3647 3851 3785 3907 obtuo

2193 3937 2381 3992 'lerint
2402 3979 2418 4005 ,
2449 3949 2830 4010 acceptumque
2863 3941 2970 3995 Deo
2999 3940 3179 4008 fuerit,
3212 3953 3341 3997 tunc
3364 3944 3716 3997 dimittantur.

2219 4076 2441 4132 CAPUT
2481 4077 2667 4132 XXVI.
2695 4107 2767 4118 —
2791 4077 2866 4134 De
2910 4081 3174 4148 sacriﬁciis
3211 4098 3331 4153 qua:
3385 4083 3551 4137 sancti
3598 4078 3787 4147 offerent

2291 4165 2399 4220 Dea
2441 4167 2514 4220 sic
2560 4169 2827 4235 placitura,
2873 4171 3120 4237 quomodo
3164 4173 3217 4226 in
3263 4173 3449 4228 diebus
3495 4171 3712 4242 pristinis
3748 4177 3789 4223 ct

2288 4256 2436 4309 annis
2463 4256 2711 4324 prioribus
2740 4258 3055 4327 placuerunt.

2293 4391 2341 4444 1.
2382 4389 2580 4445 Volens
2617 4401 2794 4446 autem
2838 4393 2977 4448 Dens
3012 4395 3295 4451 ostendere
3337 4397 3614 4454 civitatem
3655 4410 3788 4450 suam

2219 4488 2346 4536 tunc
2388 4481 2442 4535 in
2485 4482 2584 4536 ista
2627 4485 3009 4540 consuetudine
3052 4501 3157 4540 non
3200 4487 3464 4554 futuram,
3511 4489 3644 4544 dixit
3671 4486 3792 4540 ﬁlios

2219 4571 2347 4626 Levi
2391 4571 2660 4627 oblaturos
2701 4573 2901 4629 hostias
2933 4576 2985 4630 in
3007 4575 3213 4645 justitia
3239 4595 3252 4630 :
3279 4593 3392 4634 non
3423 4596 3555 4650 ergo
3586 4581 3635 4633 in
3679 4591 3791 4647 pec-

2218 4671 2358 4730 cato,
2391 4678 2454 4718 ac
2492 4680 2587 4733 per
2616 4664 2715 4721 hoc
2738 4681 2842 4720 non
2873 4683 2972 4737 pro
2999 4677 3236 4737 peccato.
3273 4669 3435 4727 Unde
3462 4671 3680 4741 intelligi
3710 4685 3792 4738 po-

2219 4762 2325 4810 test
2351 4754 2403 4808 in
2430 4769 2495 4809 eo
2524 4755 2664 4824 quod
2691 4767 2903 4812 secutus
2926 4759 3186 4828 adjunxit,
3214 4768 3384 4831 atque
3411 4763 3508 4829 ait,
3547 4762 3610 4815 Et
3634 4762 3789 4830 place-

2219 4846 2287 4900 bit
2312 4845 2531 4901 Domino
2554 4849 2862 4918 sacriﬁcium
2888 4850 3029 4904 Juda
3065 4862 3111 4905 et
3135 4851 3456 4921 Jerusalem,
3487 4857 3614 4908 sicut
3640 4852 3794 4906 diebus

2217 4938 2461 5006 pristinis,
2491 4947 2539 4992 et
2571 4940 2698 4992 sicut
2724 4941 2870 4993 annis
2897 4941 3166 5010 prioribus,
3208 4943 3412 5000 frustra
3458 4945 3560 5000 sibi
3600 4943 3794 4998 ,Ιιιάωυς

2216 5028 2505 5083 secundum
2565 5029 2733 5100 legem
2784 5033 2983 5086 veteris
3037 5033 3370 5090 Testamenti
3425 5036 3794 5091 sacriﬁciorum

2219 5136 2435 5177 suorum
2467 5125 2734 5192 praeterita
2773 5133 3009 5194 tempora
3053 5126 3319 5195 polliceri.
3361 5128 3486 5183 Non
3515 5129 3656 5183 enim
3685 5134 3765 5177 tun

2218 5212 2269 5266 in
2292 5213 2516 5282 justitia,
2542 5213 2636 5267 sed
2672 5215 2722 5268 in
2750 5215 2980 5282 peccatis
3013 5216 3213 5270 hostias
3239 5216 3576 5284 offerebant,
3603 5212 3794 5286 quando

2217 5317 2314 5372 pro
2343 5305 2574 5373 peccatis
2605 5304 2870 5373 praecipue
2910 5321 2972 5359 ac
3008 5307 3258 5375 primitus
3285 5308 3532 5364 oifereba
3544 5319 3619 5376 nt,
3645 5318 3794 5372 usque

2217 5394 2350 5448 adeo
2373 5403 2432 5448 ut
2459 5395 2706 5448 sacerdos
2732 5397 2863 5465 ipse,
2903 5411 3062 5465 quem
3087 5397 3348 5452 debemus
3381 5399 3574 5469 utique
3595 5395 3797 5452 credere

2216 5485 2423 5539 caeteris
2464 5483 2623 5538 fuisse
2647 5484 2947 5553 justiorem,
2994 5487 3286 5541 secundum
3348 5489 3451 5543 Dei
3504 5487 3797 5542 mandatum

2217 5575 2413 5629 soleret
2450 5576 2678 5644 primum
2708 5591 2804 5645 pro
2833 5579 2942 5632 suis
2971 5577 3165 5633 oil‘erre
3197 5581 3462 5648 peccatis,
3495 5577 3689 5634 deinde
3715 5586 3799 5643 pro

2219 5667 2396 5735 populi
2428 5666 2609 5736 (Levit.
2641 5683 2745 5732 xw,
2771 5669 2838 5733 6;
2874 5667 3031 5722 Hebr.
3063 5685 3157 5736 vn,
3185 5669 3298 5739 27).
3345 5669 3690 5739 Quapropter
3717 5678 3798 5717 ex-

2223 5771 2418 5827 ponere
2465 5772 2560 5821 nos
2590 5767 2799 5831 oportet
2825 5759 3094 5830 quomodo
3136 5761 3210 5822 sit
3245 5761 3631 5832 accipiendum
3671 5751 3796 5828 quod
