3996 6522
163 388 258 446 ’101

161 499 358 556 dictum
386 501 490 561 est,
520 489 665 547 Sicut
693 483 865 540 diebus
901 480 1146 554 pristinis,
1187 485 1233 531 et
1268 475 1397 530 sicut
1424 472 1571 527 annis
1600 469 1740 540 prio-

161 591 316 645 ribus.
377 581 642 640 Fortassis
697 579 840 635 enim
897 583 1107 643 tempus
1155 568 1286 624 illud
1336 570 1740 628 commemorat,

163 693 267 750 quo
303 675 461 748 primi
506 669 748 726 homines
791 667 843 721 in
876 663 1120 735 paradiso
1161 658 1397 714 fuerunt.
1427 655 1575 710 Tunc
1600 652 1743 708 enim

164 744 278 841 puri
305 744 469 836 atque
509 761 700 831 integri
739 759 806 813 ab
841 755 988 812 omni
1012 751 1170 808 sorde
1203 765 1265 805 ac
1298 747 1417 802 labe
1445 744 1646 817 peccati
1686 757 1745 797 se

165 836 306 930 ipsos
341 857 451 912 Deo
491 851 868 910 mundissimas
908 845 1108 901 hostias
1141 839 1454 897 oﬁerebant.
1484 836 1744 892 Caeterum

164 970 227 1007 ex
258 965 364 1020 quo
399 947 700 1002 commissae
728 935 1179 1012 praevaricationis
1200 945 1362 988 causa
1392 927 1516 984 inde
1539 924 1746 981 dimissi

165 1052 309 1107 sunt,
340 1049 500 1110 atque
543 1037 775 1090 humana
804 1032 856 1087 in
901 1029 980 1085 cis
1025 1036 1212 1082 natura
1238 1023 1487 1078 damnata
1513 1027 1616 1083 est,
1650 1032 1746 1073 ex-

165 1144 321 1207 cepto
351 1147 463 1189 uno
499 1129 810 1192 Mediatore,
855 1132 910 1179 et
941 1129 1060 1192 post
1088 1121 1356 1174 lavacrum
1398 1109 1751 1184 regeneratio-

166 1201 250 1283 nis
279 1225 578 1296 quibusque
601 1219 776 1275 adhuc
799 1213 1052 1287 parvulis,
1083 1209 1246 1264 Nemo
1276 1204 1495 1261 mundus
1522 1219 1555 1257 a
1580 1201 1745 1265 sorde,

166 1292 311 1380 sicut
329 1292 588 1388 scriptum
617 1322 718 1378 est,
745 1327 834 1366 nec
858 1310 1050 1380 infans,
1082 1304 1226 1374 cujus
1258 1299 1454 1355 estvita
1473 1296 1622 1351 unius
1650 1292 1749 1347 diei

166 1431 319 1485 super
343 1421 527 1466 terram
549 1406 670 1480 (Job
698 1420 804 1472 xiv,
834 1403 889 1469 4,
917 1417 1017 1456 sec.
1048 1395 1237 1467 LXX).
1266 1391 1419 1485 Quod
1459 1390 1505 1446 si
1531 1402 1752 1485 respon-

168 1505 346 1569 detur,
395 1477 567 1557 etiam
582 1514 673 1553 eos
700 1494 892 1550 merito
921 1490 1024 1546 dici
1051 1502 1209 1560 posse
1234 1484 1426 1540 offerre
1455 1480 1656 1535 hostias
1697 1477 1750 1531 in

169 1596 394 1668 iustitia,
423 1595 513 1664 qui
543 1591 776 1645 oﬁ'erunt
800 1588 853 1641 in
874 1585 979 1640 ﬁde
1003 1600 1018 1650 ;
1048 1582 1229 1636 Justus
1257 1579 1398 1634 enim
1420 1573 1609 1643 ex'ﬁde
1634 1571 1752 1625 vivit

171 1665 345 1761 (Rom.
376 1704 414 1754 ι,
444 1688 529 1756 I7)
554 1703 569 1751 ;
597 1683 839 1756 quamvis
877 1695 936 1735 se
976 1679 1148 1748 ipsum
1189 1673 1428 1740 seducat,
1478 1669 1524 1726 si
1562 1665 1756 1722 dixerit

171 1759 232 1836 sc
269 1787 547 1850 peccatum
579 1790 685 1830 non
732 1771 930 1827 habere
959 1769 1002 1840 (l
1027 1768 1186 1822 Joan.
1212 1782 1253 1832 ι,
1289 1765 1382 1834 8);
1412 1769 1466 1817 et
1490 1759 1610 1814 ideo
1648 1771 1754 1811 non

171 1847 335 1935 dicat,
368 1867 494 1939 quia
524 1881 593 1920 ex
623 1864 725 1919 lide
757 1862 887 1916 vivit
916 1878 928 1915 :
961 1856 1218 1928 numquid
1239 1855 1478 1911 dicturus
1506 1857 1589 1904 est
1614 1847 1757 1918 quis-

173 1963 318 2032 piam
369 1959 473 2013 hoc
517 1956 639 2011 ﬁdei
686 1967 892 2024 tempus
938 1951 1012 2005 illi
1055 1949 1149 2002 ﬁni
1195 1961 1315 2002 esse
1351 1941 1752 2013 coaequandum,

172 2029 392 2121 quando
423 2050 542 2119 igne
564 2045 750 2117 judicii
798 2041 1071 2098 novissimi
1119 2036 1534 2098 mundabuntur,
1570 2032 1659 2103 qui
1689 2029 1760 2082 of-

173 2144 358 2198 ferant
376 2142 393 2172 ⁸
421 2141 624 2195 hostias
651 2139 703 2193 in
729 2137 977 2209 justitia?
1004 2135 1082 2189 Ac
1110 2148 1203 2203 per
1227 2131 1330 2185 hoc
1358 2127 1607 2200 quoniam
1640 2130 1761 2194 post

175 2236 340 2290 talem
381 2232 781 2288 mundationem
818 2229 1024 2283 nullum
1051 2234 1324 2296 peccatum
1349 2222 1522 2292 justos
1546 2218 1760 2274 habitu-

171 2343 265 2382 ros
293 2341 416 2382 esse
441 2324 762 2381 credendum
791 2331 892 2388 est,
921 2319 1157 2391 profecto
1183 2315 1313 2372 illud
1335 2325 1564 2384 tempus,
1591 2326 1761 2382 quau-

174 2432 293 2477 tum
326 2423 520 2476 attinet
557 2419 624 2474 ad
653 2433 758 2474 non
789 2417 987 2470 habere
1027 2419 1325 2484 peccatum,
1367 2406 1500 2463 nulli
1535 2403 1763 2474 tempori

174 2512 602 2584 comparandum
630 2519 731 2576 est,
773 2509 875 2564 nisi
902 2505 1116 2577 quando
1141 2502 1297 2574 primi
1329 2499 1572 2554 homines
1599 2495 1652 2550 in
1682 2510 1764 2564 pa-

173 2607 361 2663 radiso
383 2613 509 2658 aute
535 2601 1023 2673 praevaricationem
1053 2591 1487 2650 innocentissima
1514 2588 1766 2642 felicitate

174 2698 452 2750 vixerunt.
491 2693 656 2748 Recte
702 2692 880 2761 itaque
922 2686 1232 2757 intelligitur
1273 2685 1372 2737 hoc
1412 2679 1766 2752 signiﬁcatum

171 2804 321 2851 esse,
363 2801 486 2841 cum
517 2785 716 2840 dictum
755 2792 857 2849 est,
892 2782 1040 2838 Sicut
1067 2779 1238 2832 diebus
1263 2775 1508 2848 pristinis,
1555 2783 1600 2826 et
1639 2771 1768 2826 sicut

179 2881 331 2935 annis
365 2877 640 2948 prioribus.
684 2876 816 2931 Nam
842 2884 896 2930 et
932 2890 1024 2944 per
1051 2872 1240 2928 Isaiam
1277 2876 1622 2940 posteaquam
1659 2877 1769 2918 coe-

174 2974 289 3028 lum
314 2987 514 3026 novum
544 2980 599 3025 et
623 2979 762 3024 terra
787 2981 923 3022 nova
960 2966 1219 3036 promissa
1249 2970 1354 3027 est,
1386 2960 1526 3015 inter
1551 2964 1766 3022 caetera,

172 3084 300 3139 quae
337 3067 412 3121 ibi
451 3065 519 3120 de
558 3073 864 3118 sanctorum
906 3055 1234 3112 beatitudine
1279 3068 1374 3123 per
1406 3049 1688 3120 allegorias
1717 3056 1772 3101 et

173 3162 467 3230 aenigmata
497 3156 824 3226 exsequitur,
853 3151 1045 3223 quibus
1063 3146 1450 3218 expositionem
1481 3156 1770 3212 congruam

172 3251 415 3308 reddere
441 3265 538 3304 nos
567 3246 840 3319 prohibuit
869 3241 1094 3297 vitandae
1124 3237 1468 3310 longitudinis
1495 3249 1641 3300 cura,
1687 3233 1774 3288 Se-

172 3343 413 3399 cundum
446 3342 575 3404 dies,
624 3338 814 3408 inquit,
845 3335 970 3406 ligni
1008 3335 1121 3387 vita:
1158 3339 1302 3385 erunt
1338 3329 1445 3382 dies
1474 3325 1648 3398 populi
1679 3323 1776 3376 mei

173 3437 338 3510 (Isai.
369 3449 495 3499 va,
516 3431 631 3501 2'2).
661 3430 790 3496 Quis
815 3436 993 3482 autem
1025 3437 1204 3478 sacras
1241 3422 1474 3476 Litteras
1500 3416 1692 3486 attigit,
1723 3422 1777 3468 et

148 3507 398 3606 ‘iguorat
434 3527 522 3580 ubi
567 3525 706 3578 Deus
754 3518 1074 3590 plantaverit
1118 3517 1317 3585 lignum
1358 3513 1501 3577 vita},
1551 3525 1579 3562 a
1624 3507 1776 3575 cujus

170 3627 302 3683 cibo
353 3619 622 3688 separatis
664 3617 767 3670 illis
805 3610 1129 3674 hominibus,
1177 3603 1390 3676 quando
1442 3616 1537 3656 eos
1576 3614 1668 3653 sua
1693 3599 1778 3676 σάω

177 3715 448 3788 paradiso
491 3709 648 3778 ejecit
691 3705 961 3775 iniquitas,
1009 3701 1182 3755 eidem
1227 3697 1371 3766 ligno
1403 3689 1778 3760 circumposita

177 3818 267 3865 est
292 3809 454 3876 ignea
478 3799 840 3865 terribilisque
866 3790 1139 3848 custodia?

251 3875 332 3953 2.7
355 3893 515 3963 Quod
566 3891 611 3945 si
653 3889 928 3959 quisquam
973 3883 1092 3937 illos
1128 3880 1243 3934 dies
1285 3875 1412 3944 ligni
1455 3875 1600 3940 vitae,
1647 3883 1782 3940 quos

175 3983 638 4048 commemoravit
663 3978 921 4049 propheta
945 3975 1127 4038 Isaias,
1160 3973 1291 4026 istos
1315 3967 1406 4038 qui
1443 3981 1583 4020 nunc
1611 3978 1778 4033 agun-

180 4091 271 4138 tur
317 4074 585 4134 Ecclcsiai
626 4068 824 4126 Christi
858 4066 972 4121 dies
1015 4078 1134 4119 esse
1176 4057 1470 4124 contendit,
1507 4056 1784 4126 ipsumque

176 4171 470 4229 Christum
515 4165 717 4234 lignum
755 4160 876 4213 vita:
905 4152 1212 4226 pr0phetice
1244 4150 1465 4212 dictum,
1509 4145 1629 4215 quia
1671 4143 1786 4212 ipse

176 4277 270 4324 est
311 4259 595 4332 Sapientia
623 4254 740 4319 Dei,
771 4251 840 4306 de
864 4265 965 4319 qua
999 4246 1251 4304 Salomon
1292 4241 1383 4306 ait,
1418 4238 1636 4309 Lignum
1672 4236 1787 4288 vita:

177 4369 259 4417 est
299 4329 543 4412 omnibus
587 4343 998 4416 amplectentibus
1041 4355 1151 4394 eam
1194 4335 1379 4405 (Prov.
1411 4348 1490 4398 ut,
1521 4329 1612 4398 18)
1639 4343 1654 4394 ;
1686 4341 1788 4382 nec

179 4463 366 4506 annos
398 4442 578 4513 egisse
625 4439 830 4507 aliquos
861 4434 913 4488 in
945 4429 1191 4502 paradiso
1233 4427 1353 4481 illos
1390 4425 1589 4494 primos
1619 4419 1791 4475 homi-

180 4558 308 4609 nes,
343 4535 498 4595 unde
529 4541 637 4588 tam
665 4531 771 4585 cito
811 4526 967 4598 ejecti
996 4531 1139 4590 sunt,
1181 4528 1239 4576 ut
1267 4518 1469 4574 nullum
1511 4515 1583 4569 ibi
1608 4513 1792 4584 gigne-

180 4602 314 4691 rent
349 4629 558 4688 ﬁlium;
603 4631 657 4676 et
685 4621 804 4675 ideo
843 4633 949 4672 non
980 4629 1135 4684 posse
1178 4610 1308 4666 illud
1339 4619 1549 4677 tempus
1574 4602 1792 4673 intelligi

179 4729 238 4784 in
267 4739 340 4782 eo
367 4716 521 4792 quod
549 4715 748 4770 dictum
778 4719 878 4775 est,
920 4709 1067 4764 Sicut
1101 4706 1275 4760 diebus
1314 4703 1560 4774 pristinis,
1591 4709 1636 4754 et
1665 4699 1794 4753 sicut

183 4816 347 4872 annis
377 4805 637 4881 prioribus
668 4819 686 4857 :
715 4803 869 4856 istam
902 4807 1162 4868 praztereo
1199 4793 1572 4863 quaestionem,
1605 4804 1674 4843 ne
1699 4802 1794 4841 co-

185 4923 288 4980 gar
318 4877 498 4973 (quod
533 4895 796 4966 prolixum
825 4888 927 4961 est)
966 4895 1154 4942 cuncta
1183 4884 1470 4946 discutere,
1501 4889 1558 4934 ut
1597 4877 1794 4948 aliquid

187 4973 403 5056 horum
431 4989 632 5046 veritas
671 4982 1043 5040 manifestata”
1085 4977 1382 5034 conﬁrmet.
1415 4974 1581 5029 Video
1605 4973 1801 5042 quippe

187 5092 438 5147 alterum
484 5093 723 5141 sensum,
766 5091 832 5130 ne
880 5074 995 5128 dies
1024 5071 1273 5141 pristinos
1303 5075 1358 5122 et
1397 5079 1563 5120 annos
1599 5065 1803 5134 priores

187 5178 512 5240 carnalium
534 5169 914 5226 sacriﬁciorum
938 5165 1090 5219 nobis
1119 5177 1215 5232 pro
1236 5174 1429 5230 magno
1457 5171 1680 5212 munere
1709 5172 1804 5225 per

191 5271 544 5342 Prophelam
571 5264 862 5331 promissos
890 5256 1052 5311 fuisse
1081 5253 1379 5308 credamus.
1411 5249 1609 5305 Hostia:
1652 5263 1805 5302 nam-

193 5339 460 5438 que-illae
495 5353 692 5408 veteris
716 5349 873 5419 Legis
898 5348 953 5402 in
978 5345 1275 5416 quibusque
1309 5340 1592 5411 pecoribus
1616 5339 1807 5392 imma-

195 5430 406 5518 culata:
438 5463 507 5504 ac
532 5446 649 5501 siue
687 5443 828 5499 ullo’
859 5454 1076 5512 prorsus
1109 5438 1237 5492 vitio
1263 5435 1582 5505 jubebantur
1605 5430 1806 5494 offerri,

194 5561 252 5608 et
283 5538 677 5619 signiﬁcabant
704 5534 948 5590 homines
972 5537 1207 5595 sanctos,
1245 5526 1416 5597 qualis
1445 5525 1590 5580 solus
1615 5522 1808 5576 iuven-

271 5709 291 5740 ί
329 5704 409 5754 sic
432 5705 547 5747 Mss.
572 5693 689 5743 Editi
707 5697 888 5754 autem,
911 5689 1131 5751 offerunt.

272 5773 294 5801 s
331 5747 478 5813 {:i'ntl.
508 5768 606 5806 Am.
628 5763 700 5804 El‘.
723 5761 774 5803 et
801 5747 966 5815 [ἠύτε-Ξ
989 5759 1110 5815 διες.)
1135 5747 1400 5815 manifesta.

271 5833 297 5865 ⁸
335 5809 422 5878 δῖἔ
578 5829 634 5870 At
654 5809 1130 5879 editi,'imnutcubttis
1142 5809 1320 5875 absque
1344 5813 1458 5870 ulto,
1481 5813 1577 5856 etc.

1433 357 1640 417 LIBER
1675 353 2059 413 VICESIMUS.

3321 367 3429 424 703

1852 477 1935 522 tus
1963 478 2046 524 est
2072 468 2335 538 Christus,
2381 472 2497 530 sine
2523 475 2629 530 ullo
2653 475 2871 532 omnino
2915 485 3152 549 peccato.
3196 477 3427 533 Proinde

1847 563 1970 632 quia
2005 572 2125 632 post
2149 564 2423 634 judicium,
2463 582 2582 622 cum
2614 568 2810 624 fuerint
2838 571 2995 624 etiam
3041 571 3160 642 igne
3187 571 3427 626 mundati

1849 654 1938 721 qui
1995 653 2256 723 ejusmodi
2309 657 2649 714 tnundatione
2700 672 2824 714 sunt
2875 663 3038 731 digni,
3083 663 3134 716 in
3179 664 3429 718 omnibus

1850 746 2049 846 sanctis
2093 747 2292 800 nullum
2339 748 2634 804 invenietur
2676 751 2893 806 omnino
2935 763 3225 821 peccatum,
3267 764 3428 823 atque

1851 837 1923 889 ita
1958 852 2018 891 se
2046 839 2188 907 ipsos
2225 837 2449 893 oﬂerent
2479 841 2532 893 in
2566 841 2790 910 justitia,
2819 852 2876 897 ut
2905 845 3035 898 tales
3065 845 3252 899 hostire
3278 845 3426 899 omni

1849 929 2013 984 modo
2064 930 2414 986 immaculata:
2457 948 2519 987 ac
2570 933 2686 989 sine
2734 936 2842 989 ullo
2894 937 3022 990 vitio
3069 937 3176 992 sint
3212 936 3428 1003 futurae,

1851 1031 2012 1077 erunt
2050 1023 2288 1093 profecto
2325 1026 2462 1080 sicut
2498 1027 2734 1096 pristinis
2773 1027 2961 1083 diebus
3001 1038 3055 1084 et
3093 1030 3230 1083 sicut
3274 1029 3429 1082 annis

1851 1113 2141 1184 prioribus,
2173 1117 2384 1185 quando
2414 1119 2469 1171 in
2504 1117 2692 1172 umbra
2724 1118 2881 1186 hujus
2923 1120 3001 1173 rei
3033 1119 3226 1174 futura:
3269 1133 3427 1172 muno

1852 1204 2086 1260 dissimaa
2114 1206 2471 1262 offerebantur
2509 1208 2714 1263 hostiae.
2746 1209 2870 1264 Haec
2895 1210 2996 1266 crit
3022 1224 3250 1280 namque
3278 1225 3431 1262 mun-

1852 1294 1980 1350 ditia
2025 1305 2150 1352 tunc
2179 1298 2230 1352 iu
2269 1299 2555 1354 immortali
2599 1315 2762 1356 carne
2799 1314 2862 1354 ac
2890 1313 3064 1355 mente
3101 1311 3429 1365 sanctorum,

1853 1403 1974 1458 qua:
2001 1387 2324 1458 ﬁgurabatur
2349 1391 2400 1444 in
2427 1390 2636 1446 illarum
2667 1392 2979 1462 corporibus
3007 1391 3320 1447 hostiarum.

1925 1481 1980 1534 5.
2025 1481 2224 1537 Deinde
2252 1493 2466 1552 propter
2510 1497 2604 1538 eos
2641 1483 2730 1553 qui
2775 1499 2882 1538 non
2931 1482 3296 1551 mundatione,
3338 1481 3434 1538 sed

1855 1569 2196 1629 damnatione
2237 1582 2362 1628 sunt
2388 1574 2552 1645 digni,
2585 1574 2654 1628 Et
2679 1575 2932 1643 accedam,
2961 1576 3149 1644 inquit,
3180 1577 3248 1628 ad
3273 1591 3356 1629 vos
3380 1576 3434 1629 in

1849 1663 2121 1732 judicium,
2168 1673 2215 1719 et
2258 1682 2341 1720 ero
2382 1667 2518 1721 testis
2546 1667 2691 1721 velox
2734 1685 2888 1738 super
2913 1669 3170 1736 maleﬁcos
3206 1679 3252 1722 et
3285 1685 3437 1737 super

1857 1755 2132 1821 adulteros,
2159 1765 2214 1813 et
2238 1768 2454 1824 caetera,
2482 1759 2671 1827 quibus
2702 1759 3092 1816 damnabilibus
3117 1761 3438 1816 enumeratis

1859 1845 2166 1900 criminibus
2191 1847 2413 1913 addidit,
2441 1849 2692 1914 Quoniam
2715 1867 2806 1921 ego
2827 1849 3077 1904 Dominus
3097 1850 3231 1904 Deus
3261 1859 3437 1916 vester,

1861 1945 1908 1988 et
1946 1954 2045 1991 non
2073 1950 2240 1992 mutor
2268 1956 2286 1995 :
2314 1949 2560 2010 tanquam
2602 1943 2820 2005 diceret,
2854 1941 2986 1996 Cum
3029 1958 3121 1996 vos
3157 1942 3443 1996 mutaverit

1861 2038 1916 2082 et
1946 2031 1997 2083 iu
2029 2031 2264 2086 deterius
2290 2034 2443 2101 culpa
2483 2042 2682 2098 vestra,
2714 2045 2766 2088 et
2793 2037 2842 2087 in
2888 2035 3076 2088 ruelius
3103 2036 3267 2103 gratia
3299 2048 3440 2096 mea,

1864 2134 1962 2188 ego
1991 2136 2092 2174 non
2126 2131 2320 2176 mutor.
2354 2122 2567 2177 Testem
2600 2138 2727 2177 vero
2772 2138 2830 2176 se
2861 2123 2988 2176 dicit
3023 2122 3281 2186 futurum,
3320 2123 3444 2192 quia

1865 2211 1934 2265 in'
1943 2212 2142 2282 judicio
2165 2230 2261 2268 suo
2283 2231 2386 2268 non
2410 2215 2607 2285 indiget
2637 2215 2856 2268 testibus
2883 2231 2896 2266 :
2924 2229 3150 2284 eumque
3178 2215 3438 2278 velocem,

1866 2304 1978 2358 sive
2003 2307 2123 2375 quia
2153 2316 2371 2376 repente
2398 2316 2650 2361 venturus
2678 2317 2780 2369 est,
2812 2306 3296 2377 eritquejudicium
3331 2307 3447 2375 ipso

1867 2395 2138 2465 inopinato
2186 2397 2302 2466 ejus
2341 2397 2567 2451 adventu
2609 2398 2969 2463 celerrimum,
3014 2397 3153 2466 quod
3205 2396 3447 2450 tardissi-

1867 2506 2011 2544 mum
2051 2490 2357 2556 videbatur;
2391 2492 2503 2545 sive
2545 2491 2666 2560 quia
2709 2491 2851 2560 ipsas
2881 2491 3160 2544 convincet
3197 2489 3311 2542 sine
3337 2489 3445 2540 ulla

1867 2582 2130 2636 sermonis
2173 2582 2476 2651 prolixitatc
2531 2583 2902 2636 conscientias.
2956 2580 3022 2634 In
3065 2579 3450 2650 cogitationibus

1870 2674 2020 2737 enim,
2049 2674 2185 2728 sicut
2204 2674 2456 2742 scriptum
2482 2683 2581 2735 est,
2607 2674 2750 2742 impii
2773 2672 3098 2744 interrogatio
3119 2672 3209 2724 erit
3239 2671 3390 2742 (Sap.
3409 2685 3449 2734 l,

1871 2765 1949 2835 9).
1978 2766 2043 2820 Et
2071 2764 2376 2835 Apostolus,
2408 2763 2822 2834 Cogitationibus,
2854 2763 3040 2830 inquit,
3079 2760 3449 2825 accusantibus,

1870 2856 1948 2909 vel
1973 2856 2124 2909 etiam
2147 2857 2498 2910 excusantibus
2520 2856 2571 2909 in
2602 2857 2684 2908 die
2706 2872 2804 2925 qua
2818 2854 3069 2924 judicabit
3098 2851 3236 2906 Deus
3257 2852 3452 2905 occulta

1874 2947 2172 3015 hominum,
2219 2947 2495 3001 secundum
2544 2946 2876 3017 Evangelium
2926 2961 3089 2998 meum
3136 2960 3225 3014 per
3274 2941 3454 2995 Jesum

1874 3041 2127 3096 Christum
2156 3041 2330 3111 (Rom.
2371 3058 2427 3106 ιι,
2460 3043 2548 3107 15,
2581 3041 2690 3112 16).
2730 3041 2902 3094 Etiam
2943 3040 3020 3094 sic
3045 3053 3170 3108 ergo
3201 3037 3456 3091 Dominus

1875 3133 2084 3189 iuturus
2114 3135 2263 3189 testis
2292 3132 2663 3203 intelligendus
2694 3141 2777 3186 est
2804 3131 2980 3196 velox,
3010 3145 3130 3184 cum
3159 3129 3274 3183 sine
3305 3141 3456 3181 mora

1876 3240 2223 3284 revocaturus
2260 3237 2342 3282 est
2384 3229 2434 3281 in
2477 3227 2813 3290 memoriam,
2857 3223 2998 3279 unde
3043 3222 3323 3278 convincat
3363 3235 3465 3290 pu-

1878 3321 2092 3391 niatque
2117 3319 2518 3375 conscientiam.

1879 3477 2106 3533 CAPUT
2143 3475 2360 3531 XXVII.
2388 3505 2461 3514 —-
2488 3473 2565 3528 De
2591 3473 2907 3542 separatione
2941 3471 3183 3524 bonorum
3223 3473 3269 3521 et
3295 3464 3460 3518 malo-

1915 3586 2049 3634 rum,
2088 3585 2176 3637 per
2199 3584 2348 3637 quam
2377 3567 2630 3621 novissimi
2645 3565 2832 3634 judicii
2857 3563 3090 3617 discretio
3114 3561 3422 3614 declaratur.

1953 3727 2086 3781 Illud
2130 3728 2310 3792 etiam,
2360 3724 2499 3794 quod
2541 3722 2680 3777 aliud
2719 3735 2881 3792 agens
2926 3720 2977 3773 in
3029 3727 3216 3772 octavo
3258 3715 3468 3770 decimo

1883 3821 2022 3876 libro
2049 3837 2118 3875 ex
2147 3820 2249 3874 isto
2287 3818 2542 3888 propheta
2581 3817 2733 3885 posui
2762 3813 2963 3884 (capite
2988 3811 3078 3876 55,
3105 3810 3248 3878 ﬁne),
3281 3806 3346 3860 ad
3373 3806 3464 3874 ju-

1885 3912 2080 3966 dicium
2132 3910 2476 3964 novissimum
2526 3906 2776 3977 pertinet,
2825 3903 2912 3958 ubi
2957 3903 3031 3956 ait
3060 3919 3073 3956 :
3102 3899 3267 3954 Erunt
3315 3897 3462 3963 mihi,

1887 4005 2008 4058 dicit
2033 4002 2275 4056 Dominus
2297 4002 2628 4067 omnipotens,
2657 3998 2708 4050 in
2729 3995 2810 4048 die
2826 4010 2925 4065 qua
2951 4009 3040 4063 ego
3065 3992 3198 4063 facio
3221 3992 3274 4043 in
3293 3987 3470 4057 acqui-

1886 4095 2135 4158 sitionem,
2161 4102 2207 4146 et
2232 4091 2415 4162 eligam
2435 4106 2516 4143 eos
2535 4090 2661 4142 sicut
2685 4087 2824 4157 eligit
2854 4083 3188 4152 Itomoﬁlium
3213 4096 3357 4134 suum
3385 4078 3472 4147 qui

1888 4187 2038 4241 servit
2081 4185 2127 4239 ei
2151 4199 2169 4238 :
2193 4191 2238 4237 et
2277 4179 2684 4244 convertemini‘,
2727 4185 2773 4230 et
2812 4175 3035 4229 videbitis
3077 4171 3198 4242 quid
3239 4171 3303 4225 sit
3341 4166 3474 4222 inter

1883 4282 2081 4352 justum
2107 4287 2153 4331 et
2178 4277 2427 4347 iniquum,
2470 4283 2521 4327 et
2546 4273 2676 4325 inter
2703 4269 2994 4324 servientem
3022 4264 3131 4319 Deo
3169 4273 3216 4317 et
3250 4278 3364 4316 eum
3387 4261 3476 4331 qui

1893 4386 1994 4424 non
2022 4369 2169 4423 servit
2188 4368 2254 4421 ei.
2285 4366 2418 4430 Quia
2441 4380 2554 4418 ecce
2582 4363 2689 4416 dies
2717 4361 2847 4415 venit
2867 4359 3048 4413 ardens
3073 4357 3201 4411 sicut
3227 4355 3475 4419 clibanus,

1897 4470 1943 4514 et
1963 4460 2218 4514 comburet
2253 4474 2356 4522 eos,
2385 4465 2431 4509 et
2459 4463 2604 4509 erunt
2633 4468 2804 4507 omnes
2833 4450 3146 4518 alienigene,
3187 4454 3232 4500 et
3256 4442 3481 4497 universi

1895 4553 1983 4622 qui
2008 4551 2202 4620 faciunt
2239 4548 2569 4614 iniquitatem,
2614 4542 2802 4611 stipula
2829 4556 2848 4593 :
2871 4549 2918 4592 et
2959 4535 3224 4592 succendet
3262 4548 3344 4586 eos
3373 4531 3480 4584 dies

1899 4643 2118 4707 veniens,
2147 4641 2267 4694 dicit
2301 4638 2546 4691 Dominus
2579 4634 2890 4702 omnipotens
2915 4646 2935 4683 :
2964 4637 3010 4682 et
3037 4643 3137 4681 non
3172 4625 3483 4692 relinquetur

1899 4736 1954 4789 in
1982 4735 2054 4788 eis
2087 4732 2256 4796 radix,
2281 4744 2438 4798 neque
2463 4742 2654 4780 ramus.
2683 4724 2750 4777 Et
2777 4723 2966 4777 orietur
2993 4719 3148 4780 vobis,
3184 4717 3270 4786 qui
3300 4714 3482 4768 timetis

1904 4841 2085 4880 nomen
2115 4839 2295 4886 meum,
2324 4821 2400 4874 sol
2417 4818 2650 4890 justititv,
2684 4823 2729 4869 et
2753 4814 2944 4869 sanitas
2982 4813 3034 4864 in
3060 4809 3234 4880 pennis
3261 4807 3406 4873 ejus;
3435 4813 3484 4858 et

1904 4917 2244 4990 cgrediemini,
2274 4923 2322 4968 et
2349 4911 2536 4966 salictis
2566 4911 2690 4963 sicut
2718 4907 2860 4961 vituli
2900 4904 2962 4957 de
2986 4901 3198 4958 vinculis
3227 4898 3442 4952 relaxati
3467 4912 3488 4950 :

1905 4989 1952 5064 et
1980 5006 2334 5064 conculcabitis
2359 5004 2577 5073 iniquos,
2618 5009 2664 5054 et
2706 5005 2850 5051 erunt
2890 4995 3016 5047 cinis
3043 4991 3134 5046 sub
3167 4989 3371 5060 pedibus
3406 5001 3489 5038 ve-

1907 5103 2047 5168 stris,
2085 5101 2206 5154 dicit
2241 5097 2486 5152 Dominus
2526 5093 2842 5162 omnipotens
2871 5085 3121 5151 (Malaclt.
3150 5099 3230 5147 In,
3263 5082 3350 5145 I7,
3383 5077 3486 5142 18;

1912 5212 1985 5260 tv,
2021 5191 2156 5263 1-5).
2189 5191 2314 5246 Haec
2352 5186 2600 5243 distantia
2633 5182 2971 5253 prmmiorum
3018 5188 3175 5247 atque
3214 5187 3492 5243 poenarum

1907 5288 2080 5357 justas
2105 5283 2360 5338 dirimens
2397 5280 2464 5333 ab
2498 5275 2727 5345 injustis,
2755 5285 2873 5342 qua:
2901 5268 3000 5323 sub
3030 5267 3132 5321 isto
3157 5264 3270 5318 sole
3310 5263 3363 5315 in
3391 5260 3494 5314 hu-

1909 5381 1996 5450 jus
2022 5379 2145 5432 vitre
2171 5375 2402 5429 vanitate
2431 5385 2539 5424 non
2579 5367 2834 5427 cernitur,
2866 5359 3077 5431 quando
3121 5357 3220 5412 sub
3259 5355 3351 5410 illo
3379 5353 3496 5408 sole

1911 5447 2130 5542 justitia:
2177 5467 2228 5522 in
2278 5466 2417 5519 illius
2449 5462 2571 5515 vita:
2615 5454 3042 5512 manifestatione
3079 5447 3321 5513 clarebit,
3365 5455 3495 5500 tunc

1981 5678 2000 5709 ι
2035 5674 2151 5724 Editi
2167 5685 2222 5721 ac
2243 5668 2476 5733 plerique
2489 5671 2614 5719 Mss,
2639 5667 2684 5712 et
2706 5648 3391 5733 convertanﬁmeudantuiad
3413 5659 3504 5733 ve-

1919 5707 2691 5792 terem":
2709 5707 2840 5792 tuam
2866 5717 3064 5792 et_apud
3085 5713 3394 5792 septuaginta
3423 5707 3503 5778 le.-

2095 5771 2667 5859 ibi'iiiisiiizp'hélsé's'itié}
2682 5771 2745 5835 et
2763 5784 2814 5833 in
2851 5771 3068 5843 Vulgata,
3084 5784 3130 5829 et
3150 5771 3499 5828 cmtvErtemini.
