3996 6534
589 337 698 394 ’105

590 451 832 518 proiecto
857 449 959 505 erit
980 449 1239 521 judicium
1260 449 1418 522 quale
1444 466 1716 521 nunquam
1749 450 1867 507 fuit.

595 543 813 598 CAPUT
842 542 1078 598 XXVIII.
1098 573 1163 582 —
1189 541 1265 596 De
1299 544 1406 614 lege
1432 542 1604 613 Moysi
1627 544 1963 614 spiritualiter
1988 544 2180 600 intelli-

658 636 856 704 genda,
903 652 966 688 ne
1002 636 1056 689 in
1095 633 1407 690 damnabilia
1446 651 1709 689 murmura
1745 637 1969 692 carnalis
2007 653 2180 692 sensus

663 727 911 778 incurrat.

661 816 812 884 Quod
859 831 988 872 vero
1031 817 1304 888 subjungit
1343 818 1483 873 idem
1535 819 1833 890 propheta,
1880 820 2185 876 Mementote

541 885 714 993 glegis
742 907 913 979 Moysi
955 911 1084 964 servi
1120 885 1254 974 mei:
1294 928 1448 981 quant
1502 885 1738 966 mandavi
1790 885 1837 968 ei
1879 913 1932 968 in
1986 912 2179 969 Choreb

589 1000 658 1052 atl
684 1016 883 1054 omnem
909 999 1073 1056 Israel
1101 1000 1355 1075 (Malae/1.
1379 1019 1455 1070 ιν,
1485 1003 1573 1075 4);
1615 1012 1880 1075 praecepta
1909 1013 1966 1060 et
1985 1005 2184 1076 judicia

589 1104 889 1161 opportune
904 1104 1312 1161 commemorat,
1333 1105 1452 1165 post
1466 1096 1790 1152 declaratum
1808 1105 1914 1152 tam
1931 1112 2181 1166 magnum

592 1183 830 1238 futurum
883 1184 1024 1239 inter
1073 1186 1445 1242 observatores
1500 1187 1631 1257 legis
1682 1198 2185 1258 contemptoresque

595 1274 916 1343 discrimen;
960 1277 1118 1333 simul
1145 1279 1306 1334 etiam
1329 1289 1387 1334 ut
1407 1279 1616 1335 discant
1637 1281 1809 1351 legem
1834 1282 2183 1352 spiritualiter

594 1364 894 1437 intelligere
918 1409 933 1432 ,
977 1377 1031 1421 et
1076 1369 1352 1424 inveniant
1379 1371 1431 1425 in
1458 1385 1520 1426 ea
1544 1371 1817 1427 Christum
1837 1413 1853 1438 ,
1883 1388 1978 1443 per
2024 1387 2183 1442 quem

591 1455 824 1526 judieem
845 1456 1084 1513 iacienda
1105 1468 1188 1514 est
1211 1461 1351 1515 inter
1374 1463 1545 1516 honos
1568 1472 1624 1517 et
1650 1464 1820 1519 malos
1840 1464 1954 1534 ipsa
1977 1464 2186 1521 discre-

594 1547 689 1601 tio.
717 1548 833 1603 Non
877 1550 1019 1604 enim
1048 1551 1242 1607 frustra
1284 1553 1422 1608 idem
1463 1555 1720 1611 Dominus
1747 1557 1823 1612 ait
1859 1556 2091 1624 Judazis,
2123 1556 2184 1613 Si

594 1640 864 1695 crederetis
907 1641 1109 1714 Moysi,
1158 1645 1425 1700 crederetis
1459 1655 1504 1700 ct
1546 1649 1708 1714 mihi;
1735 1649 1798 1703 de
1833 1666 1910 1704 me
1939 1651 2070 1704 enim
2099 1650 2187 1704 ille

594 1732 798 1802 scripsit
839 1731 1019 1803 (Joan.
1049 1751 1112 1803 ιτ,
1147 1736 1261 1805 46).
1310 1735 1610 1792 Carnaliter
1641 1739 1837 1809 quippe
1874 1740 2186 1811 accipiendo

600 1823 808 1892 legem,
856 1832 911 1879 et
953 1825 1068 1894 ejus
1108 1828 1369 1897 promissa
1412 1838 1624 1883 terrena
1665 1846 1845 1885 rerum
1885 1833 2186 1888 cmlestium

600 1915 798 1984 ﬁguras
822 1931 942 1971 esse
963 1919 1282 1984 nescientes,
1326 1920 1377 1973 in
1419 1920 1504 1973 illa
1536 1936 1804 1976 murmura
1836 1936 2182 1987 corruerunt,

596 2016 655 2061 ut
684 2007 863 2064 dicere
895 2010 1182 2078 auderent,
1229 2011 1400 2066 Vanus
1427 2022 1498 2067 est
1522 2014 1609 2083 qui
1645 2015 1794 2068 servit
1822 2014 1930 2070 Deo
1951 2031 1971 2069 :
1992 2027 2038 2069 et
2064 2017 2186 2088 quid

596 2099 849 2168 amplius,
876 2100 997 2171 quia
1031 2102 1390 2156 custodivimus
1422 2105 1664 2158 mandata
1692 2107 1800 2175 ejus
1819 2148 1834 2172 ,
1861 2116 1908 2160 et
1935 2109 2054 2176 quia
2079 2125 2188 2161 um-

594 2186 876 2242 bulavimus
897 2191 1150 2262 supplices
1166 2193 1181 2224 ¹
1205 2203 1323 2247 ante
1355 2195 1538 2264 faciem
1561 2195 1768 2250 Domini
1795 2199 2189 2265 omnipotentis?

594 2275 665 2329 Et
709 2295 842 2331 nunc
885 2297 976 2334 nos
1019 2280 1190 2336 beatos
1229 2285 1444 2340 dicimus
1497 2287 1724 2351 alienos,
1771 2298 1819 2342 et
1870 2290 2189 2357 tedi/icantur

594 2383 766 2422 omnes
802 2372 889 2440 qui
929 2373 1122 2442 faciunt
1161 2375 1476 2445 iniquitatem
1497 2376 1749 2447 (.Iialach.
1782 2395 1869 2445 ιιι,
1901 2382 1969 2436 14
1995 2391 2040 2434 et
2067 2380 2180 2452 I5).

595 2458 800 2526 Quibus
845 2477 1036 2517 eorum
1077 2465 1257 2521 verbis
1298 2467 1694 2537 quodammodo
1735 2472 1993 2542 propheta
2039 2488 2189 2527 com-

595 2551 782 2619 pulsus
820 2563 901 2606 est
943 2555 1290 2611 novissimum
1340 2561 1734 2628 pramuntiare’I
1772 2562 2062 2631 judicium,
2101 2564 2186 2618 ubi

596 2642 723 2696 tnali
755 2659 855 2698 nec
892 2646 1081 2700 saltem
1123 2648 1258 2702 falso
1281 2649 1390 2703 sint
1415 2649 1574 2716 beati,
1608 2652 1701 2706 sed
1727 2654 2062 2723 apertissime
2089 2671 2186 2724 ap-

592 2747 817 2808 pareant
855 2741 1170 2808 miserrimi;
1217 2752 1270 2798 et
1307 2743 1435 2798 boni
1481 2745 1626 2799 nulla
1666 2749 1949 2816 temporali
1995 2749 2186 2803 saltem

592 2832 809 2886 miseria
839 2831 1102 2900 laborent,
1137 2835 1230 2890 sed
1251 2836 1484 2915 claraac
1505 2838 1842 2908 sempiterna
1847 2840 2186 2916 beatitudine

592 2927 958 3010 perfruantur.
1005 2928 1221 2992 Dixerat
1266 2914 1464 3000 quippe
1505 2932 1728 2987 istorum
1777 2914 2186 3004 talia—quidam

487 3009 535 3084 Γ
596 3009 762 3072 verba
813 3021 975 3073 etiam
1019 3021 1268 3089 superius
1321 3022 1653 3091 dicentium,
1703 3023 1882 3078 Omnis
1926 3027 2012 3096 qui
2064 3026 2188 3095 facit

595 3111 806 3173 malum,
835 3111 994 3165 bonus
1014 3123 1086 3166 est
1109 3114 1160 3167 in
1189 3124 1457 3184 conspectu
1486 3115 1728 3182 Domini,
1769 3126 1816 3172 et
1853 3119 1977 3172 tales
2005 3120 2051 3172 ei
2076 3120 2188 3189 pla-

593 3212 705 3254 cent
727 3201 836 3272 (ld.
866 3219 921 3269 ιι,
951 3204 1062 3272 17).
1089 3205 1168 3258 Ad
1200 3204 1333 3269 haec,
1365 3207 1602 3276 inquam,
1625 3218 1808 3262 contra
1839 3209 2004 3263 Deum
2035 3227 2184 3265 mur-

594 3307 746 3345 mura
770 3304 1148 3362 pervenerunt,
1168 3295 1336 3365 legem
1356 3296 1522 3367 Moysi
1542 3299 1855 3368 accipiendo
1878 3303 2182 3356 carnaliter.

597 3382 749 3437 Unde
775 3393 830 3438 et
864 3384 952 3437 ille
983 3385 1037 3438 in
1078 3385 1291 3440 Psalmo
1319 3389 1713 3457 septuagesimo
1751 3391 2018 3457 secundo,
2053 3406 2187 3461 pene

593 3485 892 3528 commotos
921 3475 1050 3529 dicit
1083 3475 1245 3531 fuisse
1272 3477 1436 3546 pedes
1462 3493 1621 3546 suos,
1656 3489 1710 3535 et
1749 3481 1948 3537 eﬁ‘usos
1973 3500 2187 3553 gressus

593 3578 743 3630 suos,
773 3565 956 3635 utique
989 3567 1039 3620 in
1066 3567 1272 3637 lapsum
1293 3609 1308 3632 ,
1337 3573 1459 3638 quia
1486 3571 1677 3625 zelavit
1704 3571 1755 3626 in
1785 3576 2182 3642 peccatoribus,

594 3673 780 3730 pacem
811 3671 1150 3730 peccatorum
1197 3662 1440 3728 intuens;
1472 3663 1542 3718 ita
1570 3671 1629 3718 ut
1657 3667 1796 3720 inter
1817 3677 2011 3720 czetera
2037 3667 2184 3722 dice-

593 3759 698 3818 ret,
731 3750 995 3817 Quomodo
1012 3754 1153 3808 scivit
1176 3753 1331 3821 Deus,
1355 3766 1402 3809 et
1427 3757 1470 3809 si
1492 3767 1563 3810 est
1587 3759 1796 3812 scientia
1823 3759 1876 3812 in
1896 3760 2186 3815 Altissimo?

591 3842 800 3899 diceret
840 3846 998 3901 etiam
1018 3888 1033 3913 ,
1069 3845 1336 3918 Numquid
1361 3863 1485 3904 vane
1501 3851 1783 3920 justiﬁcavi
1810 3869 1896 3905 cor
1921 3869 2108 3918 meum,
2141 3864 2186 3908 et

592 3934 697 3988 lavi
724 3935 777 3989 in
804 3937 1150 3993 innocentibus
1169 3939 1190 3970 ³
1229 3957 1412 3996 manus
1439 3957 1576 3996 meas
1593 3942 1619 3996 ?
1646 3941 1718 3998 Ut
1745 3952 1921 3999 autem
1952 3947 2187 4001 solveret

594 4024 735 4081 hanc
763 4027 1132 4084 difﬁcillimam
1152 4033 1525 4101 qumstionem,
1553 4050 1671 4104 quae
1694 4034 1770 4099 ﬁt,
1793 4049 1912 4088 cum
1939 4035 2187 4091 videntur

590 4117 720 4174 boni
745 4133 865 4174 esse
891 4121 1092 4188 miseri,
1123 4131 1178 4177 et
1216 4122 1402 4179 felices
1437 4125 1598 4178 mali:
1627 4124 1759 4192 Hoc,
1797 4127 2001 4196 inquit,
2043 4126 2186 4180 labor

590 4219 670 4262 est
697 4219 815 4263 ante
842 4227 949 4278 me,
979 4214 1137 4268 donec
1162 4214 1408 4271 introeant
1440 4219 1491 4272 in
1518 4221 1861 4272 sanctuarium
1887 4218 2003 4282 Dei,
2031 4228 2077 4273 et
2108 4221 2186 4273 in-

597 4301 821 4372 telligam
867 4305 922 4357 in
962 4305 1232 4359 novissima
1275 4306 1447 4380 (Psal.
1477 4324 1641 4372 LXXII,
1686 4310 1774 4376 ll,
1817 4311 1906 4376 15,
1949 4311 2180 4380 16,17).

601 4392 806 4462 judicio
826 4395 1022 4466 quippe
1052 4398 1344 4453 novissimo
1374 4415 1480 4454 non
1511 4402 1588 4455 sic
1609 4403 1746 4455 erit:
1777 4402 1872 4457 sed
1913 4405 1966 4456 in
1995 4414 2180 4472 aperta

594 4485 898 4556 iniquorum
946 4487 1195 4556 miseria,
1246 4499 1301 4545 et
1340 4501 1522 4561 aperta
1577 4493 1831 4549 felicitate
1878 4494 2181 4564 justorum,

602 4580 754 4650 longe
775 4597 932 4650 quam
962 4598 1105 4638 nunc
1131 4584 1377 4639 estaliud
1402 4585 1700 4656 apparebit.

600 4689 824 4748 CAPUT
867 4693 1255 4751 XXIX.--De
1294 4700 1510 4754 adventu
1551 4699 1686 4754 Elia:
1731 4710 1848 4756 ante
1893 4701 2180 4771 judicium,

664 4787 812 4856 cujus
851 4788 1208 4857 prwdicatione
1246 4791 1627 4860 Scripturnrum
1668 4802 1856 4847 secreta
1897 4803 2180 4862 reseruate,

661 4875 837 4931 Judaei
861 4890 1210 4933 convertentur
1238 4881 1306 4933 ad
1336 4882 1612 4937 Christum.

662 4990 795 5045 Cum
845 5001 1023 5046 autem
1075 4992 1484 5060 admonuisset,
1533 5005 1590 5049 ut
1631 4995 1999 5050 meminissent
2050 4995 2183 5065 legis

590 5080 758 5153 Moysi
783 5100 795 5136 :
820 5085 1072 5153 quoniam
1096 5087 1419 5153 prmvidebat
1441 5103 1534 5141 eos
1556 5087 1721 5141 multo
1740 5087 1916 5141 adhuc
1942 5095 2184 5154 tempore

594 5191 700 5227 non
735 5190 852 5229 eam
883 5177 1229 5245 spiritualiter
1248 5220 1263 5244 ,
1293 5180 1430 5233 sicut
1455 5187 1797 5248 oportuerat,
1829 5188 2144 5247 accepturos
2164 5219 2178 5242 ,

592 5266 850 5320 continuo
897 5266 1252 5336 subjecitzlt‘t
1295 5285 1405 5323 ecce
1458 5286 1548 5340 ego
1591 5270 1785 5322 mittam
1827 5269 1963 5322 vobis
2014 5267 2183 5321 Eliam

650 5420 671 5487 ξ
709 5426 840 5488 Lov.,
863 5421 1126 5488 simplices.
1138 5425 1317 5488 ‘Cmteri
1342 5425 1452 5475 libri
1476 5426 1593 5475 editi
1627 5433 1678 5476 et
1699 5425 2028 5487 manuscripti,
2065 5438 2182 5488 sup-

590 5479 738 5540 plices
768 5495 785 5531 :
804 5484 940 5543 juxta
957 5479 1091 5543 LXX,
1111 5484 1272 5534 ikétai.

591 5543 784 5648 “(siin
807 5555 906 5591 Am.
947 5552 1020 5594 Er.
1048 5556 1098 5595 et
1136 5547 1302 5609 plures
1340 5555 1447 5598 Mss.
1483 5549 1692 5598 Att’ind.
1723 5555 1773 5599 et
1796 5555 1926 5608 Lov.,
1969 5561 2181 5611 pronun-

612 5613 733 5649 tare.

659 5663 846 5731 ’.ιρι-η
885 5665 1008 5734 inter
1039 5667 1358 5734 innocentes;
1392 5681 1442 5720 et
1485 5671 1628 5733 paulo
1669 5680 1794 5734 Wst.
1831 5669 2094 5734 έηιίνιιὶθαηι
2134 5671 2185 5721 in

594 5729 993 5796 potnssnnorsed
1017 5734 1305 5796 Augustinus
1329 5729 1503 5792 legere.
1528 5729 1681 5796 sinet;
1715 5732 1765 5784 in
1786 5729 2038 5784 novissima
2055 5746 2073 5796 ,'
2112 5743 2179 5794 et,

590 5791 647 5834 ιι
665 5789 988 5840 inﬂuentibus
1015 5803 1033 5841 :
1057 5789 1335 5857 habentque
1360 5789 1421 5844 ita
1446 5802 1552 5845 Mss.

1655 338 1744 394 DE
1781 339 2100 396 CIVITATE
2137 338 2268 407 DE],
2309 338 2370 394 S.
2409 335 2774 394 AUGUSTINI
3796 334 3876 390 τω

2287 450 2556 507 Thesbiten
2577 491 2594 517 ,
2639 459 2908 520 antequam
2955 450 3118 503 veniat
3165 449 3277 503 dies
3320 445 3546 502 Domini
3595 462 3804 514 mgnus
3839 461 3877 502 rt

2285 545 2499 600 illustris
2517 586 2534 609 ,
2564 545 2650 616 qui
2673 551 2923 597 convertet
2946 559 3034 596 cor
3072 543 3234 613 patris
3263 541 3334 595 ad
3360 541 3544 610 ﬁlium
3563 581 3583 606 ,
3625 550 3676 593 et
3707 544 3876 596 corbe-

2286 636 2438 691 minis
2465 636 2534 690 ad
2568 636 2854 707 proximum
2881 651 3054 698 suum,
3098 650 3160 687 ne
3204 637 3336 705 forte
3377 632 3597 687 veniens
3628 636 3876 702 percutiam

2289 736 2476 782 terram
2503 728 2700 796 penitus
2731 725 2980 798 (Malae/3.
3005 740 3080 790 tv,
3110 726 3166 788 5,
3198 725 3252 787 6,
3274 740 3376 778 sec.
3401 723 3609 793 LXX).
3631 723 3735 778 Per
3755 725 3871 778 hunc

2291 818 2463 873 Eliam
2515 833 2766 888 magnum
2813 816 3218 885 niirabilemque
3269 815 3606 884 prophetam
3661 816 3876 883 exposita

2289 910 2392 965 sibi
2419 909 2534 980 lege
2554 951 2572 976 ,
2618 909 2806 963 ultimo
2837 917 3072 977 tempore
3101 916 3225 960 ante
3258 906 3565 975 judicium,
3599 904 3811 960 Judazos
3835 907 3875 960 ia

2287 1001 2562 1058 Christum
2584 1017 2801 1067 verum,
2837 1000 2889 1055 id
2916 1009 3034 1066 est,
3075 1000 3129 1054 in
3167 999 3442 1054 Christum
3481 1008 3736 1054 nostrum
3776 1013 3877 1055 esse

2288 1093 2624 1156 credituros,
2665 1092 3070 1148 celeberrimum
3107 1099 3192 1146 est
3233 1091 3288 1145 in
3329 1089 3690 1146 sermonibus
3719 1090 3872 1144 cordi-

2287 1184 2492 1254 busque
2521 1184 2775 1240 ﬁdelium.
2810 1185 2926 1253 Ipse
2963 1183 3158 1252 quippe
3194 1191 3320 1238 ante
3363 1181 3668 1236 adventum
3703 1180 3874 1249 judicis

2287 1274 2579 1330 Salvatoris
2601 1291 2706 1329 non
2729 1273 2996 1329 immerito
3017 1281 3264 1343 speratur
3283 1288 3405 1328 esse
3427 1281 3702 1327 venturus
3721 1275 3872 1340 :quia'

2289 1365 2450 1420 etiam
2495 1380 2635 1420 nunc
2683 1365 2863 1420 vivere
2910 1379 3018 1420 non
3070 1363 3344 1418 immerito
3393 1364 3665 1418 creditur.
3726 1364 3875 1416 Curru

2292 1471 2520 1526 namque
2559 1457 2713 1526 igneo
2752 1465 2933 1526 raptus
2978 1463 3064 1511 est
3105 1455 3173 1511 de
3217 1456 3380 1512 rebus
3416 1455 3717 1514 humanis.
3755 1457 3874 1524 quod

2293 1548 2694 1604 evidentissime
2740 1556 2923 1603 sancta
2967 1547 3242 1617 Scriptura
3280 1557 3509 1602 testatur
3547 1546 3644 1616 (IV
3675 1547 3802 1616 Reg.
3829 1563 3874 1608 ιι,

2291 1638 2547 1705 il).Cum
2574 1641 2782 1694 venerit
2804 1654 2951 1710 ergo,
2966 1639 3284 1708 exponendo
3307 1639 3482 1708 legem
3505 1639 3874 1706 spiritualiter,

2289 1746 2448 1801 quam
2492 1747 2634 1785 nunc
2667 1730 2836 1785 Judaai
2876 1731 3160 1786 carnaliter
3203 1730 3450 1800 sapiunt,
3500 1741 3766 1782 convertet
3808 1748 3876 1781 ρετ

2290 1823 2449 1892 patris
2473 1822 2541 1876 ad
2565 1823 2746 1891 filium,
2776 1822 2829 1877 id
2858 1830 2960 1889 est,
2991 1838 3085 1878 cor
3113 1832 3325 1892 patrum
3345 1821 3415 1876 ad
3448 1821 3637 1876 ﬁlios:
3662 1822 3879 1892 singula-

2291 1931 2404 1972 rem
2431 1917 2627 1987 quippe
2663 1932 2762 1987 pro
2805 1932 3029 1972 numero
3059 1917 3250 1987 plurali
3293 1916 3626 1985 interpretes
3669 1915 3878 1984 Septua-

2289 2008 2434 2078 ginta
2470 2017 2779 2077 posuerunt.
2823 2008 2891 2063 Et
2916 2017 2998 2064 est
3025 2023 3215 2064 sensus
3238 2048 3253 2073 ,
3286 2007 3539 2062 utetiam
3567 2006 3668 2060 ﬁlii
3706 2009 3780 2060 sic
3809 2008 3876 2060 in-

2293 2099 2532 2170 telligant
2566 2100 2773 2168 legem,
2804 2100 2858 2155 id
2887 2109 2968 2155 est
2995 2099 3189 2164 Judaei,
3219 2099 3685 2169 quemadmodum
3719 2110 3877 2168 patres

2291 2204 2408 2245 eam
2451 2191 2864 2258 intellexerunt,
2916 2191 2970 2246 id
2999 2200 3080 2246 est
3105 2191 3424 2260 Prophette,
3469 2191 3524 2245 in
3555 2191 3758 2260 quibus
3781 2200 3877 2246 erat

2290 2291 2348 2337 et
2372 2283 2487 2352 ipse
2514 2283 2748 2354 Moyses.
2780 2283 2867 2338 Sic
2895 2283 3038 2338 enim
3076 2297 3170 2338 cor
3196 2292 3406 2353 patrum
3445 2293 3801 2337 convertetur
3825 2282 3875 2334 ad

2291 2371 2452 2436 ﬁlios,
2481 2388 2600 2426 cum
2629 2373 2973 2443 intelligentia
3004 2380 3212 2442 patrum
3244 2371 3579 2442 perducetur
3604 2373 3674 2424 ad
3710 2374 3876 2426 intelle-

2290 2465 2523 2536 gentiam
2551 2466 2812 2530 ﬁliorum;
2841 2477 2887 2520 et
2920 2483 3005 2520 cor
3032 2467 3258 2534 ﬁliorum
3291 2464 3360 2517 ad
3386 2475 3563 2535 patres
3591 2481 3768 2518 eorum
3796 2465 3872 2532 (si,

2291 2555 2418 2610 dum
2440 2556 2494 2610 in
2518 2556 2570 2610 id
2591 2557 2732 2627 quod
2757 2565 3042 2612 senserunt
3066 2556 3164 2623 illi,
3193 2556 3544 2610 consentient
3573 2566 3628 2609 et
3660 2556 3746 2609 isti
3772 2574 3783 2608 :
3806 2557 3874 2607 ubi

2292 2646 2638 2718 Septuaginta
2688 2648 2958 2714 dixerunt,
3007 2656 3054 2702 et
3095 2663 3184 2700 cor
3229 2646 3452 2700 hominis
3494 2647 3569 2698 ad
3613 2647 3873 2716 proximus

2290 2756 2461 2796 suum.
2487 2740 2622 2795 Sunt
2647 2741 2790 2797 enim
2815 2743 2953 2796 inter
2977 2754 3035 2794 se
3058 2739 3214 2794 valde
3237 2739 3468 2809 proximi
3493 2749 3685 2808 patres
3704 2750 3755 2793 et
3779 2738 3874 2791 ﬁlii.

2290 2835 2605 2904 Quanquam
2648 2834 2704 2888 in
2740 2834 2916 2889 verbis
2956 2832 3306 2902 Septuaginta
3351 2831 3722 2901 interpretum
3747 2873 3761 2894 ,
3805 2830 3874 2899 qui

2291 2925 2602 2996 prephetiee
2625 2927 2959 2997 interpretati
2981 2935 3125 2992 sunt,
3152 2934 3327 2994 potest
3347 2940 3548 2980 sensus
3572 2924 3712 2978 aiius
3733 2924 3874 2978 idem-

2290 3034 2395 3084 que
2424 3020 2646 3075 electior
2689 3020 2953 3080 inveniri;
2994 3028 3050 3073 ut
3091 3018 3427 3088 intelligatur
3474 3019 3626 3073 Elias
3674 3034 3764 3072 cor
3797 3017 3874 3070 Dei

2292 3110 2466 3167 Patris
2492 3127 2852 3168 conversurus
2878 3112 2944 3166 ad
2982 3112 3173 3166 Filium
3199 3129 3211 3164 :
3237 3127 3345 3165 non
3375 3112 3574 3180 utique
3603 3109 3805 3181 agendo
3828 3121 3874 3162 ut

2292 3201 2449 3258 Pater
2473 3203 2659 3272 diligat
2689 3203 2881 3257 Filium
2907 3245 2922 3269 ,
2953 3203 3046 3258 sed
3075 3202 3322 3257 docendo
3347 3201 3494 3272 quod
3525 3202 3691 3257 Pater
3715 3202 3875 3270 diligat

2291 3293 2516 3358 Filium;
2563 3305 2621 3348 ut
2661 3304 2714 3349 et
2739 3295 2950 3360 Juda:i,
2992 3311 3148 3364 quem
3195 3296 3342 3363 prius
3373 3295 3632 3359 oderant,
3667 3295 3869 3364 diligant

2290 3384 2558 3447 eumdem,
2575 3385 2665 3455 qui
2688 3395 2873 3440 noster
2893 3394 2992 3444 est.
3015 3385 3285 3440 Christum
3303 3387 3346 3440 ¹.
3365 3384 3578 3440 Judzeis
3595 3388 3740 3439 enim
3755 3401 3874 3439 nunc

2290 3491 2537 3529 aversum
2565 3491 2658 3531 cor
2684 3474 2844 3531 habet
2885 3475 3031 3531 Deus
3059 3491 3089 3530 a
3131 3476 3346 3530 Christo
3383 3487 3598 3543 nostro,
3641 3478 3760 3546 quia
3789 3476 3873 3529 hoc

2290 3576 2498 3637 putant.
2527 3566 2619 3621 Eis
2644 3583 2770 3636 ergo
2796 3577 2919 3622 tunc
2946 3583 3039 3622 cor
3061 3567 3178 3637 ejus
3203 3576 3559 3622 convertetur
3588 3568 3656 3621 ad
3681 3567 3870 3626 Filium.

2289 3661 2409 3712 chm
2440 3657 2540 3724 ipsi
2569 3673 2830 3713 converso
2855 3658 3018 3713 corde
3040 3658 3326 3713 didicerit!
3348 3658 3701 3713 dilectionem
3723 3658 3870 3712 Patri,

2290 3748 2343 3802 in
2387 3747 2602 3802 Filium.
2648 3749 2802 3817 Quod
2845 3766 2974 3804 vero
3020 3750 3290 3820 sequitur,
3336 3758 3384 3803 et
3428 3766 3521 3803 cor
3573 3751 3786 3802 hominis
3819 3752 3872 3800 ad

2289 3841 2576 3911 proximum
2602 3859 2766 3907 suum,
2804 3842 2856 3897 id
2887 3851 2988 3908 est,
3019 3850 3299 3898 convertet
3328 3842 3479 3896 Elias
3508 3851 3564 3897 et
3594 3858 3692 3896 cor
3716 3843 3868 3896 homi-

2289 3933 2372 3988 nis
2410 3933 2476 3987 ad
2525 3935 2826 4003 proximum
2876 3948 3062 3999 suum;
3114 3932 3240 4004 quid
3292 3933 3488 3987 melius
3540 3933 3868 4004 intelligitur.

2287 4040 2446 4096 quam
2475 4039 2570 4079 cor
2599 4024 2830 4080 hominis
2851 4024 2916 4079 ad
2945 4024 3214 4079 hominem
3237 4023 3556 4079 Christum?
3578 4024 3715 4079 Cum
3737 4026 3861 4079 enim

2288 4120 2360 4171 sit
2382 4117 2432 4170 in
2466 4116 2637 4171 forma
2664 4117 2757 4172 Dei
2786 4117 2926 4171 Deus
2955 4127 3159 4183 noster,
3191 4115 3418 4169 formam
3443 4116 3587 4170 servi
3619 4117 3870 4184 accipiens

2290 4222 2411 4262 esse
2450 4206 2699 4273 dignatus
2739 4215 2821 4261 est
2861 4207 3020 4261 etiam
3059 4205 3333 4274 proximus
3381 4213 3590 4258 noster.
3627 4205 3736 4259 [loc
3762 4219 3871 4272 ergo

2287 4299 2451 4354 faciet
2483 4300 2646 4356 Elias.
2680 4298 2766 4353 Ne
2792 4303 2954 4369 forte,
3004 4298 3216 4368 inquit,
3265 4297 3486 4363 veniant,
3527 4307 3576 4352 et
3617 4299 3872 4366 percutiam

2288 4401 2474 4446 terram
2501 4393 2718 4462 penitus.
2748 4391 2914 4446 Terra
2937 4399 3060 4444 sunt
3079 4389 3242 4452 enim,
3276 4389 3364 4459 qui
3391 4399 3615 4443 terrena
3641 4389 3869 4458 sapiunt;

2287 4485 2428 4539 sicut
2455 4484 2625 4539 Judaei
2651 4483 2892 4538 carnales
2923 4497 3089 4552 usque
3118 4497 3258 4536 nunc
3279 4499 3291 4534 :
3311 4495 3377 4534 ex
3409 4496 3517 4550 quo
3547 4482 3681 4535 vitio
3704 4491 3868 4533 contra

2288 4575 2458 4630 Deum
2491 4589 2762 4628 murmura
2803 4573 2892 4627 illa
2921 4582 3218 4636 venerunt,
3258 4571 3394 4638 Quia
3423 4573 3551 4624 ntali
3575 4573 3625 4624 ei
3656 4573 3869 4640 piat-ent:

2287 4676 2361 4733 et,
2403 4665 2572 4720 Vanus
2599 4676 2671 4720 est
2696 4667 2781 4740 qui
2807 4667 2954 4721 servit
2981 4665 3088 4718 Deo
3121 4663 3378 4734 (Malaclt.
3415 4679 3474 4731 ιι,
3507 4665 3612 4731 Πς
3657 4681 3738 4724 ιιι.
3777 4665 3866 4731 ιι).

2289 4777 2514 4834 CAPUT
2540 4777 2785 4832 XXX.—
2811 4776 2959 4841 Quod
2977 4777 3030 4830 in
3055 4775 3198 4831 libris
3224 4775 3414 4830 Veteris
3435 4775 3745 4830 Testamenti
3772 4792 3865 4827 cm

2360 4868 2498 4923 Deus
2520 4869 2702 4939 legitur
2717 4867 3076 4938 judicaturns,
3117 4883 3220 4920 non
3263 4867 3517 4920 evidenter
3555 4865 3744 4920 Christi
3772 4883 3868 4933 per-

2357 4977 2486 5014 sona
2523 4959 2970 5014 monstretur:sed
3001 4975 3062 5012 ea;
3089 4959 3391 5030 quibusdam
3433 4961 3765 5022 testimoniis,
3801 4960 3866 5010 is;

2359 5051 2610 5105 Dominus
2649 5050 2787 5105 Deus
2834 5051 3089 5120 loquitur,
3139 5061 3387 5121 appareat
3421 5069 3525 5105 non
3565 5052 3714 5104 dubie
3752 5053 3865 5118 quas

2360 5144 2469 5210 ipse
2495 5143 2560 5196 sit
2587 5139 2839 5196 Christus.

2362 5255 2414 5308 l.
2440 5253 2602 5308 Multa
2628 5253 2730 5307 alia
2762 5262 2888 5309 sunt
2912 5253 3312 5321 Scripturarum
3344 5254 3656 5308 testimonia
3685 5254 3862 5306 divina-

2290 5360 2408 5399 rum
2434 5345 2502 5399 de
2523 5345 2811 5398 novissimo
2828 5344 3030 5414 judicio
3053 5345 3177 5409 Dei;
3201 5361 3322 5415 qua:
3348 5345 3396 5400 si
3413 5347 3603 5400 oninia
3623 5347 3862 5414 colligam,

2291 5436 2449 5491 nimis
2493 5436 2708 5506 longum
2743 5436 2866 5491 erit.
2918 5435 3062 5490 Satis
3091 5451 3221 5505 ergo
3251 5437 3357 5501 sit,
3391 5437 3536 5507 quod
3563 5449 3621 5492 et
3654 5440 3798 5492 novis
3825 5447 3867 5487 ct

2353 5548 2539 5613 futili.
2569 5545 2861 5613 qui-Plures
2894 5545 3180 5613 Mss-sauia:
3232 5609 3244 5613 -
3448 5609 3460 5613 -
3510 5611 3520 5613 -
3768 5611 3777 5613 ς
3821 5609 3826 5613 -

2351 5611 2372 5642 ³
2407 5609 2553 5670 Editi,
2567 5609 2758 5670 Scriptis
2777 5609 3143 5664 dissentientes,
3169 5609 3378 5666 habent,
3403 5609 3625 5661 (‘Itrisnts
3651 5623 3669 5659 :
3693 5617 3743 5658 et
3765 5609 3866 5655 inin

2290 5677 2416 5734 post,
2441 5669 2626 5720 (.‘hristo
2647 5669 2822 5727 nostro,
2837 5672 2906 5737 sic
2929 5679 3311 5737 prosequuntur,
3337 5671 3454 5734 quia
3477 5686 3572 5724 non
3596 5679 3759 5737 pum
3776 5684 3830 5719 τι
3847 5684 3866 5714 -'-‘

2292 5730 2445 5797 Deum
2463 5745 2585 5789 esse,
2606 5743 2755 5797 neque
2784 5730 2869 5780 Dei
2892 5730 3190 5785 I-‘iliuntib‘is
3214 5730 3360 5797 ergo,
3383 5743 3484 5784 etc.

2356 5794 2427 5856 (α)
2462 5800 2603 5844 Nata
2630 5793 2889 5857 vulgatam.
