3996 6526
163 437 265 493 705

160 548 425 606 veteribus
451 547 663 603 Litteris
687 546 853 600 sacris
881 544 982 598 hoc
1009 542 1414 612 prrcnuntiatum
1445 556 1564 595 esse
1606 556 1725 609 pro-

161 641 419 697 bavimus.
462 637 567 694 Sed
602 638 867 715 veteribus
912 650 1007 703 per
1032 633 1303 687 Christum
1346 632 1574 702 futurum
1618 647 1737 685 esse

156 733 432 800 judicium,
464 730 515 785 id
544 743 644 794 εει,
664 728 895 798 judicem
921 727 1189 781 Christum
1212 725 1281 779 de
1300 725 1439 779 coelo
1463 739 1581 778 esse
1607 740 1735 778 ven-

162 834 357 885 turum,
411 836 516 874 non
548 830 674 885 tam,
706 834 863 888 quam
907 816 1078 879 novis,
1126 815 1401 869 evidenter
1424 829 1735 882 expressum

159 926 240 968 est
264 931 276 966 :
304 922 585 981 propterea
623 913 741 979 quia
789 926 909 963 cum
948 910 1017 963 ibi
1055 908 1185 961 dicit
1227 907 1480 960 Dominus
1513 907 1649 959 Deus
1676 920 1736 959 se

159 1020 278 1058 esse
301 1013 603 1063 venturum,
628 1002 711 1055 vel
740 1001 1018 1054 Dominum
1049 1000 1214 1053 Deum
1243 998 1435 1053 dicitur
1463 1012 1582 1052 esse
1608 1012 1736 1051 ven—

160 1106 333 1148 turum
358 1134 374 1158 ,
422 1108 527 1147 non
563 1099 953 1160 consequenter
996 1088 1307 1156 intelligitur
1335 1086 1597 1141 Christus.
1628 1086 1734 1139 Do-

159 1184 337 1236 minus
367 1181 509 1235 enim
540 1181 678 1234 Deus
717 1189 771 1232 et
802 1180 957 1232 I’ater
979 1187 1059 1231 est
1079 1219 1094 1242 ,
1126 1187 1176 1231 et
1203 1176 1383 1238 Filius,
1418 1185 1473 1229 et
1507 1176 1734 1243 Spiritus

156 1283 372 1328 sanctus
394 1290 405 1326 :
426 1287 598 1340 neque
640 1271 742 1324 hoc
770 1279 944 1323 tamen
978 1270 1283 1322 intestatum
1311 1267 1609 1336 relinquere
1636 1280 1733 1319 nos

155 1374 387 1433 oportet.
420 1364 597 1417 Primo
626 1364 801 1430 itaque
832 1359 1302 1415 demonstrandum
1328 1368 1443 1423 est,
1475 1356 1733 1426 quemad-

154 1454 369 1508 modum
410 1453 563 1507 Jesus
601 1452 845 1506 Christus
882 1460 1130 1518 tanquam
1182 1447 1435 1501 Dominus
1482 1447 1623 1501 Deus
1653 1446 1730 1499 lo-

151 1555 345 1613 quatur
372 1545 423 1597 in
454 1542 776 1612 propheticis
804 1541 970 1603 libris,
999 1550 1053 1593 et
1082 1547 1257 1592 tamen
1287 1537 1446 1591 Jesus
1483 1535 1729 1590 Christus

152 1634 437 1688 evidenter
474 1642 762 1701 appareat:
787 1640 843 1685 ut
884 1639 939 1684 et
978 1628 1190 1699 quando
1224 1628 1301 1681 sic
1330 1642 1434 1679 non
1473 1634 1726 1694 apparet,

152 1735 207 1779 et
234 1735 412 1778 tamen
444 1724 509 1777 ad
539 1723 667 1777 illud
708 1722 953 1775 ultimum
990 1719 1243 1789 judicium
1291 1718 1547 1771 Dominus
1590 1716 1729 1769 Deus

150 1819 347 1873 dicitur
377 1832 497 1873 esse
530 1827 783 1871 venturus
802 1855 818 1878 ,
847 1814 1013 1883 possit
1036 1813 1191 1867 .Iesus
1218 1810 1462 1864 Christus
1486 1809 1725 1878 intelligi.

148 1910 247 1965 Est
273 1912 426 1964 locus
452 1908 592 1977 apud
619 1907 808 1961 Isaiam
833 1906 1166 1975 prophetam,
1194 1901 1285 1971 qui
1318 1901 1417 1953 hoc
1447 1900 1584 1968 quod
1610 1899 1729 1953 dico

144 1998 430 2054 evidenter
456 1997 708 2051 ostendit.
747 1996 884 2049 Deus
914 1995 1055 2048 enim
1097 2008 1189 2060 per
1213 1990 1561 2059 prophetam,
1597 1988 1730 2041 Audi

143 2107 244 2153 me,
279 2090 472 2159 inquit,
512 2088 671 2141 Jacob
706 2096 751 2140 et
794 2085 961 2139 Israel
1003 2100 1149 2150 quem
1191 2098 1281 2151 ego
1309 2096 1447 2133 voco.
1481 2078 1592 2149 Ego
1616 2096 1727 2132 sum

144 2181 365 2249 primus,
399 2189 447 2232 et
475 2195 563 2249 ego
588 2180 640 2230 in
666 2176 1026 2245 sempiternum
1052 2184 1134 2227 :et
1156 2188 1333 2225 manus
1362 2187 1469 2223 mea
1495 2170 1727 2238 [undavit

140 2282 367 2337 terram,
398 2282 444 2325 et
474 2273 677 2325 dextera
704 2286 813 2322 mea
842 2268 1056 2336 ﬁrmavit
1083 2266 1279 2319 calum.
1321 2259 1517 2315 Vocabo
1545 2279 1648 2326 cos,
1680 2270 1727 2315 et

140 2365 348 2418 stabant
386 2364 569 2427 simul,
612 2370 657 2414 et
694 2359 1129 2430 congregabantur
1167 2371 1368 2419 omnes,
1411 2363 1457 2407 et
1500 2354 1723 2407 audient.

143 2454 273 2519 Quis
300 2456 373 2507 eis
408 2453 652 2506 nuntiavit
697 2450 880 2503 ltwc‘?
910 2448 1138 2517 Diligens
1183 2455 1247 2510 te,
1296 2446 1393 2516 feci
1428 2444 1725 2498 voluntatem

140 2555 283 2598 tuam
304 2561 460 2613 super
478 2541 808 2612 Babylonem,
832 2548 886 2593 ut
909 2539 1164 2607 auferrem
1189 2552 1353 2590 semen
1374 2533 1726 2590 Chaldaeorum

137 2636 209 2690 Et
236 2639 437 2692 locutus
463 2652 595 2700 sum,
632 2642 677 2686 et
718 2649 807 2701 ego
836 2631 1003 2684 vocavi
1028 2646 1046 2682 :
1068 2628 1260 2682 adduxi
1284 2644 1418 2689 eum,
1446 2636 1492 2678 et
1521 2641 1725 2695 prospe-

133 2745 251 2781 ram
276 2728 375 2797 feci
401 2727 530 2778 viam
554 2726 683 2795 ejus.
708 2722 937 2774 Accedite
957 2720 1024 2772 ad
1051 2735 1146 2783 me,
1178 2728 1224 2771 et
1249 2716 1418 2769 audite
1440 2716 1567 2769 hwc.
1602 2716 1648 2767 Ν
1659 2732 1725 2769 οη

134 2835 167 2872 α
208 2818 467 2888 principio
492 2818 545 2869 in
570 2815 858 2868 abscondito
897 2812 1089 2865 locatus
1115 2827 1225 2864 sum
1246 2825 1264 2863 :
1284 2813 1484 2877 quando
1510 2808 1720 2876 ﬁebant,

132 2912 203 2963 ibi
234 2924 400 2962 eram.
435 2905 503 2959 Et
532 2922 664 2958 nunc
710 2904 953 2956 Dominus
980 2901 1117 2954 Deus
1142 2900 1276 2953 misit
1304 2915 1399 2961 me,
1431 2908 1475 2951 et
1502 2898 1725 2965 Spiritus

132 3002 249 3070 ejus
277 2998 433 3067 (Isai.
462 3013 641 3061 xcvm,
672 2994 885 3065 12-16).
928 2993 1131 3062 Nempe
1156 2993 1268 3061 ipse
1293 3000 1393 3056 est,
1425 2992 1511 3059 qui
1541 2992 1725 3059 loque—

134 3094 298 3147 batur
329 3094 471 3145 sicut
512 3090 763 3144 Dominus
790 3088 967 3142 Deus:
992 3101 1089 3139 nec
1127 3094 1303 3138 tamen
1345 3083 1725 3151 intelligeretur

133 3184 297 3237 Jesus
319 3182 586 3243 Christus,
616 3180 716 3233 nisi
737 3178 1047 3241 addidisset,
1073 3174 1140 3228 Et
1164 3190 1292 3228 nunc
1317 3173 1567 3227 Dominus
1584 3173 1722 3225 Deus

132 3275 274 3326 misit
304 3289 406 3335 me,
440 3281 488 3324 et
519 3271 745 3339 Spiritus
774 3270 901 3338 ejus.
945 3268 1057 3321 Hoc
1096 3268 1237 3320 enim
1269 3266 1399 3319 dixit
1432 3265 1724 3319 secundum

131 3368 365 3419 formam
399 3364 576 3429 servi,
605 3363 671 3416 de
710 3379 769 3417 re
796 3363 967 3416 futura
998 3370 1153 3416 utens
1178 3362 1429 3430 praeteriti
1469 3362 1725 3429 temporis

127 3456 349 3510 verbo:
384 3451 833 3521 quemadmodum
896 3450 1034 3518 apud
1107 3450 1353 3505 eumdem
1412 3450 1724 3519 prophetam

126 3546 353 3617 legitur,
388 3544 537 3597 Sicut
563 3544 666 3596 ovis
688 3542 754 3593 ad
781 3538 1147 3594 immolandum
1172 3540 1350 3593 ductus
1370 3548 1441 3594 est
1466 3538 1576 3609 (Id.
1605 3555 1719 3603 un,

125 3640 190 3701 7,
241 3653 352 3692 sec.
392 3633 588 3702 LXX).
628 3633 740 3686 Non
785 3632 925 3686 enim
957 3631 1064 3696 ait,
1103 3630 1475 3683 Ducetur:sed
1518 3644 1616 3698 pro
1659 3644 1725 3683 eo

119 3730 270 3799 quod
288 3729 548 3782 futurum
569 3733 701 3787 erat,
728 3723 981 3792 praeteriti
1007 3722 1263 3790 temporis
1285 3720 1503 3775 verbum
1526 3720 1723 3790 posuit.

123 3824 196 3877 Et
215 3821 407 3877 assidu
422 3833 451 3873 e
480 3816 752 3887 pr0phetia
766 3818 787 3847 ⁸
812 3816 889 3869 sic
913 3815 1163 3883 loquitur.

197 3913 256 3966 2.
287 3913 391 3966 Est
442 3918 497 3964 et
544 3908 680 3961 alius
730 3907 878 3961 locus
915 3905 1053 3973 apud
1099 3903 1452 3968 Zachariam,
1492 3902 1579 3970 qui
1624 3902 1729 3957 hoc

126 4004 423 4060 evidenter
475 3998 709 4053 ostendit
737 4037 751 4060 ,
803 3996 944 4065 quod
981 3996 1401 4063 omnipotentem
1427 3993 1574 4047 misit
1606 4007 1725 4046 om-

122 4096 392 4163 nipotens
439 4107 453 4141 :
498 4090 618 4157 quis
682 4102 883 4157 quem,
967 4086 1069 4139 nisi
1142 4069 1283 4139 Deus
1349 4084 1508 4137 Pater
1559 4084 1725 4138 Deum

127 4185 331 4239 Filium
352 4182 378 4235 ’ἶ
424 4180 558 4235 Nam
603 4178 674 4233 ita
717 4177 970 4245 scriptum
1012 4185 1129 4228 est:
1159 4173 1282 4227 Haec
1324 4174 1442 4226 dicit
1483 4172 1729 4228 Dominus

126 4278 486 4344 omnipotens,
525 4269 648 4322 Post
685 4268 901 4339 gloriam
936 4267 1071 4319 misit
1113 4283 1192 4319 me
1215 4282 1367 4335 super
1403 4274 1591 4336 gentes,
1621 4282 1732 4335 quae

124 4369 490 4441 spoliaverunt
512 4380 595 4416 vos
615 4379 633 4427 ;
657 4362 775 4431 quia
799 4360 885 4430 qui
916 4359 1129 4430 tetigerit
1154 4375 1259 4425 vos,
1291 4359 1432 4428 quasi
1458 4359 1545 4427 qui
1572 4359 1730 4428 tangit

128 4461 397 4530 pupillam
446 4454 581 4508 oculi
626 4456 752 4523 ejus.
792 4451 921 4505 Ecce
952 4468 1041 4522 ego
1074 4451 1289 4520 inferant
1329 4466 1533 4503 manum
1569 4467 1732 4503 meam

123 4570 286 4624 super
317 4567 439 4614 eos,
482 4555 529 4598 et
556 4554 698 4599 erant
727 4545 890 4613 spolia
917 4544 992 4597 his
1022 4543 1107 4609 qui
1140 4543 1408 4595 servierant
1437 4542 1538 4606 eis;
1578 4551 1623 4595 et
1647 4559 1732 4596 co-

124 4642 394 4714 gnoscetis
434 4636 555 4706 quia
580 4635 829 4688 Dominus
864 4634 1176 4701 omnipotens
1201 4634 1334 4686 misit
1355 4649 1435 4686 me
1460 4631 1639 4703 (Zach.
1672 4648 1728 4698 ιι,

124 4736 161 4792 8
188 4746 236 4790 et
266 4734 363 4805 9).
418 4729 564 4784 Ecce
603 4726 731 4782 dicit
768 4726 1025 4779 Dominus
1049 4726 1404 4794 omnipotens,
1435 4740 1467 4778 a
1509 4726 1733 4779 Domino

124 4828 523 4895 omnipotente
550 4832 608 4872 se
638 4817 879 4871 missum.
917 4816 1046 4882 Quis
1085 4814 1172 4868 hic
1202 4816 1392 4869 audeat
1433 4814 1733 4885 intelligere

126 4919 236 4975 nisi
266 4915 555 4972 Christum
581 4910 886 4978 loquentem
910 4948 927 4974 ,
974 4907 1178 4961 scilicet
1207 4907 1394 4961 ovibus
1414 4922 1531 4976 quae
1556 4908 1732 4976 peric.

124 5018 256 5063 rant
287 5005 497 5060 domus
526 4998 730 5054 Israel?
772 4997 861 5052 Ait
890 5012 1118 5066 namque
1154 4997 1204 5050 in
1243 4996 1566 5065 Evangelia,
1613 4997 1733 5050 Non

123 5118 244 5157 sum
283 5096 518 5157 missas,
561 5091 661 5145 nisi
688 5089 756 5143 ad
792 5106 903 5144 oves
939 5104 1050 5158 qum
1075 5089 1327 5160 perierunt
1353 5088 1532 5141 domus
1574 5087 1735 5141 Israel

131 5190 362 5263 (Matth.
407 5199 517 5247 xv,
557 5180 653 5249 24)
677 5198 691 5233 :
717 5196 847 5250 quas
876 5179 962 5234 hic
1002 5181 1327 5248 comparavit
1352 5177 1567 5246 pupilla:
1595 5180 1734 5232 oculi

126 5284 252 5348 Dei,
300 5285 538 5351 propter
572 5271 1078 5327 excellentissimum
1122 5269 1420 5323 dilectionis
1455 5268 1731 5333 allectum;

126 5393 197 5432 ex
222 5388 339 5445 quo
366 5379 575 5440 genere
597 5365 774 5417 ovium
797 5364 956 5417 etiam
985 5362 1085 5431 ipsi
1108 5361 1350 5430 Apostoli
1376 5360 1608 5413 fuerunt.
1628 5358 1733 5414 Sed

129 5474 260 5537 post
286 5461 528 5535 gloriam
547 5453 952 5508 resurrectionis
972 5452 1155 5521 utique
1170 5467 1300 5515 suae,
1320 5466 1436 5520 qua:
1451 5459 1733 5520 antequam

196 5620 215 5649 ι
252 5616 333 5665 sic
357 5606 503 5660 Vind.
532 5613 630 5653 Am.
668 5610 742 5651 Er.
763 5604 900 5665 juxta
924 5615 1134 5665 graecum
1168 5603 1493 5665 Septuaginta.
1519 5608 1570 5650 At
1604 5607 1734 5658 Lov.,

127 5679 246 5741 quis
267 5666 707 5741 mandavit.th
726 5679 744 5727 ;
766 5664 955 5725 emisso,
980 5664 1048 5715 eis
1076 5677 1094 5714 :
1117 5666 1252 5726 cujus
1289 5664 1394 5713 loco
1430 5666 1736 5724 manuscripti

127 5734 308 5804 tarmes
333 5734 612 5783 habenten
964 5788 1008 5798 ..
1260 5788 1286 5797 ..
1631 5786 1639 5795 .
1702 5788 1711 5795 .

195 5806 215 5834 ³
254 5806 335 5847 Er.
376 5800 434 5843 et.
456 5797 591 5853 L0v.,
623 5787 869 5853 praplteta.
898 5787 1012 5837 Edttt
1053 5799 1169 5837 vero
1210 5786 1289 5836 aln
1312 5793 1364 5837 et
1405 5793 1733 5847 manuscrtptt,

125 5855 415 5928 prophetia.

1430 428 1627 484 LIBER
1670 427 2049 484 VICESIMUS.

3319 436 3423 497 706

1845 534 1996 595 ti'eret
2014 581 2030 606 ,
2060 541 2135 594 ait
2161 541 2503 610 evangelista,
2532 542 2681 599 Iesus
2709 546 2932 599 nondum
2953 556 3062 602 erat
3088 549 3422 619 gloriﬁcatus‘

1843 632 2021 703 (Joan.
2055 648 2158 695 vn,
2203 633 2327 703 59);
2379 634 2539 688 etiam
2583 650 2744 705 super
2783 646 2966 707 gentes
3011 640 3207 695 missus
3249 651 3331 697 est
3368 646 3423 701 in

1840 724 2110 792 Apostolis
2135 724 2248 778 suis
2275 741 2287 776 :
2316 739 2381 779 ac
2418 725 2495 779 sic
2537 726 2813 795 impletum
2843 739 2924 783 est
2949 729 3089 799 quod
3128 732 3180 785 in
3211 733 3424 792 Psalmo

1840 815 2053 885 legitur,
2088 815 2253 871 Erues
2272 833 2350 870 me
2368 818 2431 870 de
2446 819 2919 875 contradictionibus
2935 821 3131 893 populi,
3155 826 3423 882 constitues

1839 922 1917 959 me
1943 907 1996 959 in
2024 917 2178 975 caput
2205 908 2429 977 gentium
2456 907 2622 976 (Psal.
2645 925 2772 973 xvn,
2802 911 2893 981 44)
2917 928 2932 966 :
2954 921 3013 966 ut
3039 913 3128 982 qui
3156 916 3421 983 spoliave-

1839 1006 1961 1049 rant
1980 996 2266 1060 Israelitas,
2287 999 2585 1067 quibusque
2608 999 2855 1055 Israelita:
2877 1004 3187 1069 servierant,
3207 1008 3422 1075 quando

1838 1096 1962 1141 sunt
1985 1088 2229 1158 gentibus
2256 1090 2471 1155 subditi,
2503 1106 2608 1145 non
2639 1093 2869 1147 vicissim
2897 1094 3085 1149 eodem
3110 1097 3273 1152 modo
3292 1113 3439 1167 spo-t

1838 1178 2131 1244 liarentur,
2182 1180 2275 1234 sed
2316 1182 2416 1250 ipsi
2461 1183 2629 1251 spolia
2669 1182 2858 1238 ﬁerent
2898 1184 3272 1242 lsraelitarum.
3304 1190 3419 1246 Hoc

1836 1270 1978 1323 enim
2004 1272 2271 1338 Apostolis
2303 1274 2637 1339 promiserat,
2670 1273 2877 1339 dicens,
2906 1276 3117 1329 Faciam
3132 1293 3218 1331 vos
3244 1281 3413 1347 pisca-

1838 1368 1969 1413 tores
2006 1360 2264 1414 hominum
2292 1361 2502 1433 (Matt/t.
2529 1379 2601 1430 tv,
2633 1364 2743 1433 19).
2773 1366 2838 1419 Ει
2862 1368 2949 1419 ιιιιί
2974 1382 3179 1432 eorum,
3212 1369 3296 1423 Ea;
3324 1371 3418 1424 hoc

1825 1452 1961 1521 jam,
1994 1453 2194 1522 inquit,
2226 1455 2451 1510 homines
2480 1458 2577 1511 eris
2603 1459 2805 1527 capiens
2836 1458 2985 1529 (Luc.
3010 1476 3061 1526 v,
3091 1461 3203 1530 IO).
3232 1461 3414 1531 Spolia

1834 1556 1961 1611 ergo
1986 1543 2213 1598 tierent'
2235 1545 2331 1599 sed
2360 1545 2412 1599 in
2444 1546 2667 1612 bonum,
2701 1556 2949 1617 tanquam
2979 1560 3163 1619 erepta
3188 1567 3311 1606 vasa
3342 1553 3418 1606 illi

1835 1634 1976 1699 forti,
2005 1637 2097 1690 sed
2128 1636 2311 1693 fortius
2331 1637 2543 1707 alligato
2573 1638 2785 1707 (Matth.
2816 1656 2907 1703 xu,
2939 1640 3057 1710 29).
3302 1630 3303 1633 ¹

1903 1727 1956 1781 5.
1988 1727 2117 1781 Item
2162 1742 2255 1796 per
2276 1728 2520 1783 eumdem
2549 1730 2862 1798 prephetam
2888 1730 3144 1785 Dominus
3167 1732 3411 1802 loquens,

1832 1816 1902 1870 Et
1925 1820 2034 1880 erit,
2059 1818 2248 1887 inquit,
2278 1820 2331 1873 in
2354 1819 2437 1872 die
2460 1820 2570 1885 illa,
2603 1836 2829 1889 quanam
2854 1822 3058 1890 au/erre
3089 1839 3257 1877 omnes
3294 1841 3417 1892 gen-

1832 1919 1903 1963 tes
1928 1926 2039 1977 qua:
2078 1912 2280 1964 veniunt
2313 1920 2491 1965 contra
2527 1911 2835 1979 Jerusalem,
2875 1923 2921 1967 et
2962 1913 3223 1981 e/fandam
3264 1931 3417 1985 super

1831 2002 2036 2055 domum
2062 2001 2251 2069 David,
2279 2013 2328 2059 et
2354 2020 2503 2073 super
2524 2004 2829 2058 habitatores
2852 2005 3140 2059 Jerusalem
3166 2006 3416 2076 Spiritum

1830 2096 2007 2165 gratia
2036 2106 2081 2149 et
2108 2097 2497 2160 misericordiae;
2525 2106 2573 2149 et
2596 2098 2838 2166 aspicient
2858 2097 2925 2151 ad
2946 2114 3042 2161 me,
3077 2114 3171 2167 pro
3200 2114 3259 2151 eo
3279 2102 3414 2167 quod

1828 2186 2230 2253 insaltaverunt;
2279 2197 2327 2241 et
2358 2190 2595 2258 plangent
2631 2206 2781 2258 super
2817 2206 2931 2243 eum
2977 2190 3235 2259 planctum
3269 2193 3413 2261 quasi

1828 2293 1980 2346 super
2005 2278 2378 2346 charissimam,
2408 2287 2453 2331 et
2480 2279 2715 2333 dolebant
2743 2278 2916 2333 dolore
2952 2281 3095 2349 quasi
3126 2296 3276 2349 super
3300 2281 3415 2334 uni-

1828 2372 2051 2440 genitum
2091 2370 2274 2442 (Zaclt.
2306 2387 2398 2435 xu,
2430 2371 2482 2434 9,
2519 2371 2631 2441 l0).
2662 2370 2927 2440 Numquid
2954 2372 3055 2426 nisi
3084 2372 3179 2426 Dei
3205 2379 3285 2454 est
3310 2387 3409 2426 au-

1828 2460 1971 2516 ferre
2012 2477 2197 2517 omnes
2222 2472 2409 2532 gentes
2437 2462 2679 2516 inimicas
2708 2471 2903 2517 sancta:
2939 2462 3171 2516 civitatis
3195 2462 3412 2517 Jerusa-

1827 2553 1954 2618 lem,
1984 2569 2102 2622 quae
2143 2556 2345 2607 veniant
2374 2564 2549 2607 contra
2579 2568 2717 2617 eam,
2758 2553 2810 2607 id
2837 2561 2937 2617 est,
2975 2553 3257 2608 contrariae
3287 2564 3411 2607 sunt

1826 2643 1898 2706 ei,
1924 2646 2029 2709 vel,
2053 2644 2188 2699 sicut
2210 2644 2299 2698 alii
2338 2654 2460 2697 sunt
2491 2643 2841 2712 interpretati,
2873 2642 3074 2695 veniunt
3098 2659 3249 2712 super
3270 2658 3405 2707 eam,

1826 2735 1879 2790 id
1910 2744 2009 2801 est,
2036 2746 2096 2790 ut
2119 2752 2237 2790 eam
2262 2736 2363 2791 sibi
2391 2737 2671 2806 subjiciunt
2708 2754 2721 2789 :
2751 2745 2842 2790 aut
2872 2752 3031 2805 super
3058 2736 3273 2791 domum
3305 2737 3409 2790 Da-

1826 2826 1913 2880 vid
1941 2826 2231 2889 effundere,
2261 2837 2315 2880 et
2343 2842 2503 2895 super
2532 2826 2861 2881 habitatores
2899 2825 3138 2894 ejusdem
3185 2827 3412 2882 civitatis

1828 2915 2081 2985 Spiritum
2109 2916 2289 2985 gratiae
2319 2926 2371 2970 et
2392 2915 2811 2970 misericordire?
2839 2916 2951 2969 Hoc
2977 2916 3160 2985 utique
3190 2916 3281 2969 Dei
3305 2924 3405 2978 est,

1828 3015 1883 3061 et
1906 3023 1970 3060 ex
2000 3022 2226 3077 persona
2256 3008 2348 3061 Dei
2389 3007 2585 3061 dicitur
2627 3022 2723 3076 per
2749 3005 3065 3075 Prophetam
3102 3024 3115 3059 :
3152 3013 3205 3060 et
3235 3015 3410 3059 tamen

1826 3097 1966 3153 hunc
1992 3099 2156 3152 Deum
2186 3098 2300 3151 hazc
2328 3108 2433 3152 tam
2473 3112 2662 3166 magna
2694 3106 2748 3151 et
2772 3106 2879 3149 tam
2907 3096 3081 3149 divina
3128 3096 3408 3150 facientem

1826 3202 1947 3242 sese
1976 3188 2220 3242 Christus
2249 3187 2498 3252 ostendit,
2529 3186 2865 3256 adjungendo
2884 3196 3043 3256 atque
3072 3185 3316 3251 dicendo,
3346 3185 3412 3237 Et

1826 3279 2069 3347 aspicient
2093 3278 2161 3331 ad
2190 3295 2287 3343 me,
2317 3295 2408 3347 pro
2424 3294 2480 3331 eo
2502 3278 2635 3347 quod
2664 3279 3065 3341 insultaverunt;
3096 3287 3141 3329 et
3172 3278 3410 3346 plangent

1825 3386 1975 3438 super
1994 3387 2105 3423 eum
2130 3369 2387 3440 planctum
2403 3370 2546 3439 quasi
2571 3387 2723 3439 super
2740 3371 3089 3423 charissimam
3108 3369 3263 3440 (sive,
3282 3371 3411 3422 dile-

1825 3460 2068 3525 ctum),et
2090 3463 2328 3514 dolebant
2350 3461 2523 3514 dolore
2549 3462 2693 3529 quasi
2706 3479 2856 3531 super
2875 3463 3203 3530 unigenitum.
3232 3461 3412 3515 Pmni-

1827 3552 1952 3605 tchit
1973 3553 2166 3620 quippe
2192 3552 2243 3605 in
2267 3553 2353 3605 die
2376 3554 2467 3605 illa
2488 3553 2721 3616 Judteos,
2745 3554 2901 3607 etiam
2925 3568 3017 3607 eos
3043 3554 3130 3622 qui
3147 3557 3412 3621 accepturi

1828 3652 1947 3696 sunt
1962 3643 2217 3711 Spiritum
2237 3644 2418 3711 gratia:
2435 3652 2488 3695 et
2504 3645 2902 3708 misericordiae,
2924 3644 3064 3713 quod
3084 3646 3132 3698 in
3157 3644 3271 3713 ejus
3288 3659 3412 3711 pas-

1828 3732 1978 3787 sione
2003 3733 2371 3786 insultaverint
2394 3731 2626 3797 Christo,
2650 3747 2769 3785 cum
2798 3733 2864 3785 ad
2901 3748 3022 3786 eum
3064 3733 3407 3801 adspexerint

1830 3822 1881 3875 in
1904 3837 1997 3876 sua
2023 3823 2301 3891 majestate
2323 3823 2647 3887 venientem,
2672 3838 2899 3891 eumque
2915 3837 3032 3876 esse
3048 3824 3411 3889 cognoverint,

1829 3929 1985 3981 quem
2030 3913 2179 3981 prius
2221 3913 2473 3966 humilem
2517 3912 2568 3965 in
2619 3913 2727 3966 suis
2752 3913 3060 3981 parentibus
3089 3914 3412 3968 illuserunt:

1830 4006 2072 4074 quamvis
2100 4014 2157 4061 et
2196 4006 2293 4073 ipsi
2327 4014 2574 4073 parentes
2600 4019 2781 4059 eorum
2813 4014 2971 4059 tante
3002 4005 3142 4057 illius
3171 4005 3416 4073 impieta-

1830 4097 1899 4149 tis
1920 4106 2165 4150 auctores
2204 4106 2541 4166 resnrgentes
2567 4096 2821 4150 videbunt
2849 4111 2991 4160 eum,
3032 4096 3127 4151 sed
3157 4096 3414 4165 puniendi

1827 4187 1956 4257 jam,
1986 4202 2090 4241 non
2119 4187 2292 4241 adhuc
2314 4187 2631 4255 corrigendi.
2669 4186 2785 4240 Non
2829 4187 3008 4254 itaque
3038 4186 3138 4240 hoc
3166 4186 3283 4239 loco
3314 4186 3417 4255 ipsi

1832 4276 2157 4346 intelligendi
2201 4287 2342 4340 sunt,
2375 4276 2463 4329 ubi
2493 4276 2690 4330 dictum
2731 4285 2834 4341 est,
2876 4274 2943 4327 Et
2974 4274 3231 4341 effundam
3271 4292 3419 4344 super

1834 4370 2038 4420 domum
2062 4366 2229 4420 David
2254 4376 2299 4420 et
2338 4385 2492 4437 super
2531 4368 2832 4421 habitatores
2857 4366 3142 4421 Ierusalem
3171 4368 3421 4438 Spiritum

1834 4461 2009 4529 gratia:
2031 4469 2075 4512 et
2095 4460 2489 4522 miscricordiw;
2510 4470 2559 4511 et
2585 4460 2831 4528 aspicient
2858 4460 2926 4511 ad
2951 4476 3048 4524 me,
3078 4475 3170 4528 pro
3197 4475 3256 4511 eo
3283 4457 3420 4527 quod

1834 4553 2203 4605 insultaverunt
2233 4569 2251 4605 :
2293 4552 2387 4604 sed
2430 4562 2603 4606 tamen
2633 4552 2700 4605 de
2731 4551 2939 4604 illorum
2985 4552 3152 4618 stirpe
3192 4550 3419 4604 venien-

1837 4653 1919 4698 tes
1945 4643 1988 4709 ³,
2018 4643 2105 4712 qui
2153 4659 2246 4711 per
2274 4642 2440 4695 Ellam
2471 4643 2561 4695 illo
2592 4650 2827 4709 tempore
2853 4648 2976 4694 sunt
3009 4640 3280 4694 credituri.
3309 4637 3416 4694 Sed

1837 4734 1973 4787 sicut
1997 4733 2223 4787 dicimus
2251 4732 2468 4797 Judaeis,
2499 4731 2609 4785 Vos
2629 4731 2898 4786 occidistis
2925 4730 3214 4795 Christum,
3233 4745 3422 4799 quam-

1837 4826 1916 4877 vis
1945 4823 2046 4877 hoc
2071 4832 2317 4891 parentes
2345 4837 2529 4875 eorum
2558 4820 2782 4875 fecerint
2812 4837 2823 4872 :
2858 4821 2935 4874 sic
2980 4828 3032 4874 et
3061 4819 3144 4872 isti
3176 4834 3234 4873 se
3272 4818 3423 4873 dole-

1839 4917 1972 4971 bunt
1999 4915 2186 4969 fecisse
2206 4912 2618 4984 quodammodo,
2650 4913 2790 4982 quod
2818 4911 3059 4966 fecerunt
3084 4910 3181 4976 illi,
3205 4924 3269 4964 ex
3292 4925 3424 4978 quo-

1838 5022 1955 5061 rum
1978 5006 2143 5072 stirpe
2166 5004 2514 5060 descendunt.
2545 5004 2796 5071 Quamvis
2823 5017 2950 5072 ergo
2978 5012 3198 5071 accepto
3219 5001 3422 5070 Spiritu

1838 5098 2023 5166 gratiae
2069 5104 2122 5150 et
2148 5094 2524 5149 misericordiae
2550 5094 2657 5162 jam
2687 5093 2870 5146 ﬁdeles
2899 5108 3004 5147 non
3035 5091 3425 5146 damnabuntur

1838 5204 1957 5245 cum
1988 5188 2162 5259 impiis
2187 5187 2495 5257 parentibus
2520 5186 2665 5249 suis;
2688 5184 2945 5238 dolebunt
2978 5191 3155 5237 tamen
3172 5191 3424 5252 tanquam

1840 5282 1938 5351 ipsi
1969 5281 2210 5345 fecerint,
2234 5279 2373 5348 quod
2409 5279 2476 5332 ab
2508 5277 2612 5331 illis
2642 5276 2837 5332 factum
2868 5284 2970 5330 est.
3004 5275 3115 5329 Non
3148 5275 3304 5343 igitur
3329 5274 3425 5327 do-

1841 5374 2022 5428 lebunt
2048 5382 2197 5426 reatu
2236 5371 2495 5433 criminis,
2534 5368 2628 5422 sed
2671 5368 2881 5436 pietatis
2911 5366 3126 5421 all‘ectu.
3165 5365 3306 5421 Sane
3336 5365 3423 5420 ubi

1840 5467 2089 5521 dixerunt
2113 5464 2452 5535 Septuaginta
2476 5463 2818 5530 interpretes,
2864 5459 2929 5512 Et
2954 5459 3199 5525 aspicient
3221 5459 3288 5511 ad
3322 5476 3422 5523 me,

1907 5662 1923 5691 ι
1960 5667 2024 5708 tta
2049 5667 2153 5707 Mss.
2180 5657 2298 5705 mliti
2333 5668 2467 5719 vero,
2505 5654 2574 5703 ait
2609 5650 2903 5719 Evangelista
2933 5656 3169 5719 Jtam‘nes2
3201 5649 3421 5719 Nondum

1841 5729 1944 5772 erat
1965 5720 2167 5782 Spiritus
2190 5720 2346 5773 datas,
2368 5708 2481 5778 quia
2502 5724 2639 5763 Jesus
2660 5708 2871 5782 nondum
2886 5718 2990 5782 erqt
3010 5708 3322 5782 gloriﬁcatus.

1906 5769 1937 5813 ’ί
1960 5769 2031 5845 sic
2054 5781 2193 5845 Vind.
2214 5788 2265 5829 et
2285 5769 2390 5827 iussi
2413 5786 2468 5824 At.
2491 5787 2594 5845 sm.
2615 5782 2689 5824 Er.
2717 5782 2769 5825 et
2790 5781 2920 5835 Lov.,
2942 5769 3074 5833 ﬁent.

1912 5845 1932 5877 ³
1955 5843 2059 5893 Sola
2083 5842 2228 5892 editio
2251 5848 2383 5903 Lov.,
2416 5842 2614 5890 venient.
