3996 6526
670 425 774 481 70?

675 552 770 605 pro
811 549 869 588 eo
906 532 1040 606 quod
1068 530 1468 592 insultaverunt;
1508 525 1584 581 sic
1614 526 2014 596 interpretatum
2057 534 2138 579 est
2188 540 2254 577 ex

682 625 927 689 Hebraeo,
952 622 1018 675 Et
1043 621 1285 691 aspicient
1309 619 1376 671 ad
1397 634 1496 683 me,
1525 632 1669 686 quem
1683 617 1997 685 conﬁxerunt
2021 614 2118 685 (a).
2141 613 2259 679 Quo

682 715 895 785 quidem
924 713 1087 767 verbo
1112 710 1411 767 evidentius
1440 708 1683 763 Christus
1712 716 1931 777 apparet
1953 705 2257 761 crucifixus.

684 808 787 863 Sed
812 808 898 861 illa
922 805 1211 871 insultatio,
1243 819 1402 873 quam
1442 802 1785 871 Septuaginta
1812 816 2011 870 ponere
2052 799 2259 854 malue-

681 910 826 965 runt,
858 900 973 969 ejus
999 899 1262 953 universm
1300 912 1405 950 non
1432 895 1597 949 defuit
1626 893 1879 963 passioni.
1908 892 2038 947 Nam
2076 899 2130 945 et
2161 890 2259 944 de-

684 1000 850 1056 tento,
872 999 927 1045 et
956 989 1192 1057 alligato,
1217 996 1271 1041 et
1289 986 1611 1056 adjudicato,
1641 994 1693 1039 et
1716 982 2002 1053 opprobrio
2030 981 2259 1052 ignomi-

682 1084 847 1136 niosa:
871 1081 1035 1135 vestis
1062 1080 1264 1143 induto,
1293 1088 1348 1132 et
1384 1077 1551 1147 spinis
1575 1087 1849 1140 coronato,
1880 1083 1934 1129 et
1960 1074 2166 1127 calamo
2206 1071 2260 1125 in

687 1174 859 1243 capite
890 1187 1163 1242 percusso,
1191 1180 1244 1226 et
1269 1170 1551 1225 irridenter
1581 1169 1699 1223 fixis
1724 1168 1945 1238 genibus
1966 1167 2184 1222 adorato
2216 1169 2259 1232 ί,

686 1272 742 1317 et
783 1277 995 1317 crucem
1041 1277 1190 1315 suam
1221 1260 1473 1329 portanti,
1507 1269 1561 1315 et
1590 1261 1639 1313 in
1687 1259 1828 1328 ligno
1863 1257 1970 1327 jam
2012 1258 2263 1327 pendenti

686 1356 869 1424 utique
913 1354 1316 1408 insultaverunt.
1360 1348 1588 1406 Proinde
1625 1349 2114 1418 interpretationem
2156 1363 2262 1402 non

686 1455 972 1515 sequentes
998 1460 1174 1509 unam,
1208 1444 1300 1497 sed
1322 1443 1921 1512 utramquejungeutes,
1949 1456 2067 1495 cum
2094 1448 2149 1494 et
2185 1442 2265 1495 in-

687 1539 1020 1602 sultaverunt,
1046 1543 1100 1589 et
1134 1536 1447 1603 conﬁxerunt
1476 1534 1721 1603 legimus,
1750 1532 1956 1601 plenius
1988 1531 2264 1586 veritatem

692 1628 979 1683 Dominicu:
1001 1628 1261 1697 passionis
1284 1628 1640 1696 agnoscimus.

758 1721 815 1774 4.
856 1719 986 1774 Cum
1012 1736 1140 1789 ergo
1167 1721 1219 1773 in
1246 1719 1568 1788 propheticis
1598 1720 1786 1772 litteris
1810 1717 1878 1772 ad
1918 1718 2264 1773 novissimum

686 1810 941 1878 judicium
972 1809 1271 1865 faciendum
1312 1810 1449 1863 Deus
1480 1809 1670 1877 legitur
1710 1823 1829 1862 esse
1858 1818 2130 1871 venturus,
2165 1807 2265 1861 etsi

690 1903 806 1970 ejus
831 1902 928 1953 alia
957 1901 1225 1955 distinctio
1248 1915 1349 1953 non
1382 1909 1637 1967 ponatur;
1663 1897 2026 1951 tantummodo
2052 1907 2269 1967 propter

691 1993 864 2062 ipsum
890 1991 1144 2061 judicium
1172 1990 1414 2044 Christus
1440 1988 1596 2043 debet
1622 1988 1841 2057 intelligi
1863 1988 2017 2056 :quia
2042 1988 2139 2041 etsi
2167 1988 2267 2039 Pa-

690 2093 811 2149 ter,
853 2083 1143 2151 judicabit,
1199 2096 1293 2149 per
1339 2080 1619 2133 adventum
1675 2078 1792 2133 Filii
1831 2078 2062 2132 hominis
2114 2076 2258 2143 judi-

689 2174 847 2229 cabit.
895 2174 1024 2227 Nam
1076 2174 1187 2239 ipse
1240 2188 1336 2241 per
1378 2187 1486 2225 sum
1532 2171 1828 2241 prtesentize
1877 2168 2266 2222 mauil‘estatio-

690 2280 815 2319 nem
859 2281 959 2317 non
998 2263 1198 2333 judicat
1238 2279 1556 2334 quemquam,
1580 2261 1666 2315 sed
1689 2277 1833 2314 omne
1846 2260 2102 2330 judicium
2136 2259 2271 2311 dedit

690 2355 830 2410 Filio
861 2356 1040 2426 (Joan.
1066 2371 1121 2419 v,
1150 2354 1241 2421 2‘2)
1284 2372 1297 2407 :
1338 2357 1427 2425 qui
1468 2354 1894 2409 manifestabitur
1928 2353 2088 2407 homo
2126 2353 2271 2422 judi-

690 2458 925 2511 caturus,
954 2446 1093 2500 sicut
1113 2445 1275 2499 homo
1294 2454 1375 2498 est
1392 2445 1676 2513 judicatus.
1696 2445 1823 2513 Quis
1846 2454 1927 2498 est
1950 2444 2089 2497 enim
2114 2444 2268 2510 alius,

689 2539 759 2595 de
801 2554 905 2609 quo
932 2540 1058 2593 item
1103 2538 1242 2592 Deus
1286 2538 1521 2606 loquitur
1550 2554 1644 2607 per
1683 2538 1869 2591 Isaiam
1912 2538 2012 2591 sub
2059 2538 2273 2590 nomine

688 2630 853 2686 .lacob
879 2638 932 2684 et
957 2630 1138 2693 Israel,
1162 2629 1227 2683 de
1246 2630 1400 2698 cujus
1426 2631 1627 2684 semine
1653 2644 1847 2699 corpus
1866 2629 2072 2699 accepit
2092 2630 2115 2683 ?
2132 2630 2271 2698 quod

690 2723 763 2776 ita
789 2722 1040 2790 scriptum
1070 2729 1153 2775 est
1180 2738 1194 2775 :
1226 2720 1385 2774 Jacob
1426 2738 1549 2790 puer
1575 2738 1734 2783 meus,
1771 2723 2045 2791 suscipiam
2076 2722 2221 2775 illum
2255 2737 2275 2775 :

693 2814 859 2869 Israel
883 2816 1067 2867 electus
1096 2830 1253 2879 meus,
1295 2814 1567 2883 assumpsit
1612 2830 1725 2867 eum
1764 2814 1934 2867 anima
1964 2830 2094 2867 mea.
2142 2812 2275 2866 Dedi

696 2906 947 2977 Spiritum
988 2923 1152 2959 meum
1188 2906 1242 2959 in
1270 2906 1438 2971 illum,
1471 2905 1724 2975 judicium
1768 2905 1992 2975 gentibus
2035 2910 2272 2977 proferet.

696 2996 821 3051 Non
864 2997 1119 3059 clamabit,
1167 3012 1321 3065 neque
1369 2994 1631 3060 cessabit,
1675 3012 1830 3065 neque
1872 2996 2107 3048 audietur
2151 2992 2275 3062 foris

695 3102 795 3141 uox
838 3089 967 3157 ejus.
998 3088 1261 3141 Calamum
1302 3096 1597 3155 quassatum
1638 3103 1736 3139 non
1765 3096 2003 3152 conteret,
2042 3095 2087 3139 et
2116 3086 2274 3139 linunt

697 3183 901 3247 fumans
928 3195 1027 3230 non
1056 3180 1375 3247 cxstinguet;
1402 3178 1491 3231 sed
1537 3178 1591 3229 in
1630 3178 1836 3230 veritate
1880 3181 2097 3247 proferet
2130 3177 2278 3245 judi-

689 3270 843 3321 cium.
872 3268 1175 3337 Refulgebit,
1209 3278 1255 3319 et
1300 3284 1402 3319 non
1440 3267 1806 3336 confringatur,
1835 3266 1992 3319 donec
2031 3275 2193 3336 ponat.
2223 3266 2277 3319 in

691 3367 823 3410 terra
838 3358 1126 3427 judicium;
1148 3367 1191 3410 et
1213 3358 1263 3408 in
1285 3356 1485 3409 nomine
1512 3358 1619 3425 ejus
1642 3365 1811 3425 gentes
1829 3356 2098 3425 sperabunt
2115 3354 2275 3426 (Isai.

697 3462 828 3510 xui,
861 3448 980 3511 1-4,
1010 3462 1110 3499 sec.
1142 3445 1331 3514 LXX).
1364 3446 1419 3498 ln
1452 3444 1666 3498 hebrreo
1692 3459 1795 3498 non
1826 3445 2015 3513 legitur
2042 3444 2203 3498 Iacob
2223 3455 2277 3500 et

690 3535 856 3591 Israel
876 3552 895 3589 :
929 3536 1021 3590 sed
1052 3535 1190 3605 quod
1218 3537 1287 3588 ibi
1320 3536 1511 3603 legitur
1534 3550 1704 3587 servus
1726 3551 1883 3600 meus,
1911 3536 2159 3589 nimirum
2177 3535 2275 3590 Se-

693 3626 962 3696 ptuaginta
995 3626 1309 3693 interpretes
1334 3626 1572 3678 volentes
1596 3624 1885 3679 admonere
1922 3635 2182 3694 quatenus
2221 3626 2273 3681 id

693 3717 1057 3784 accipiendum
1090 3717 1177 3778 sit,
1209 3716 1331 3785 quia
1364 3715 1569 3769 scilicet
1615 3726 1831 3785 pmpter
1868 3714 2091 3770 formam
2134 3719 2274 3771 servi

692 3809 893 3863 dictum
921 3817 1021 3872 est,
1052 3809 1106 3862 in
1145 3824 1248 3878 qua
1295 3822 1353 3862 se
1393 3806 1696 3861 Altissimus
1736 3807 2088 3862 humillimum
2133 3823 2275 3877 prse-

691 3901 828 3965 buit,
875 3901 1041 3971 ipsius
1084 3901 1313 3955 hominis
1356 3915 1551 3955 nomen
1592 3898 1657 3953 ad
1704 3914 1825 3953 eum
1869 3900 2273 3969 significandum

689 4002 1009 4063 posuerunt,
1041 3992 1108 4048 de
1133 3993 1285 4061 cujus
1314 4008 1510 4063 genere
1534 3992 1718 4047 eadem
1740 3992 1880 4047 servi
1900 3992 2067 4048 forma
2094 4008 2275 4048 susce-

694 4094 780 4153 pta
812 4094 910 4138 est.
956 4084 1117 4137 Datus
1154 4093 1237 4139 est
1268 4084 1319 4137 in
1346 4100 1467 4138 eum
1498 4084 1728 4153 Spiritus
1756 4094 1992 4153 sanctus,
2035 4085 2177 4155 quod
2217 4094 2273 4142 et

693 4174 957 4228 columba:
1002 4177 1200 4243 specie,
1252 4175 1543 4245 Evangelio
1588 4185 1744 4242 teste,
1793 4186 2145 4231 monstratum
2190 4186 2275 4231 est

692 4264 907 4334 (Matth.
957 4280 1042 4327 ut,
1086 4265 1195 4332 16).
1236 4264 1499 4319 .ludicium
1552 4265 1798 4335 gentibus
1846 4267 2099 4335 protulit,
2150 4268 2272 4337 quia

692 4353 1066 4424 prtenuntiavit
1107 4353 1360 4418 futurum,
1392 4354 1531 4423 quod
1560 4356 1806 4424 gentibus
1830 4365 1946 4410 erat
1984 4357 2271 4411 occultum.

692 4442 1093 4498 Mansuetudine
1114 4458 1217 4498 non
1244 4444 1510 4511 clamavit,
1540 4461 1639 4500 nec
1661 4454 1840 4500 tamen
1860 4447 1911 4500 in
1938 4448 2272 4516 praedicanda

690 4536 914 4591 veritate
940 4536 1187 4591 cessavit.
1216 4537 1321 4591 Sed
1359 4552 1465 4591 non
1494 4545 1577 4592 est
1608 4538 1787 4593 audita
1832 4538 1962 4594 foris
1986 4555 2090 4595 vox
2131 4542 2266 4611 ejus,

692 4644 794 4683 nec
819 4628 1059 4693 auditur;
1090 4628 1515 4699 quandoquidem
1555 4629 1623 4684 ab
1651 4630 1730 4685 eis
1767 4632 1856 4700 qui
1898 4630 2028 4686 foris
2056 4634 2123 4689 ab
2153 4634 2271 4704 ejus

693 4736 921 4790 corpore
966 4720 1175 4789 praecisi
1219 4728 1371 4785 sunt,
1416 4736 1522 4775 non
1574 4720 1648 4774 illi
1698 4720 1945 4777 obeditur
1977 4739 1991 4777 :
2024 4723 2272 4794 ipsosque

684 4831 810 4871 suos
846 4828 1210 4885 persecutores
1247 4816 1481 4880 Judzeos,
1509 4818 1596 4887 qui
1642 4818 1845 4874 calamo
1870 4828 2117 4889 quassato
2148 4834 2271 4887 per-

684 4910 795 4962 dita
822 4910 1141 4978 integritate,
1172 4917 1228 4964 et
1257 4909 1367 4963 lino
1395 4908 1617 4963 fumanti
1644 4910 1844 4964 amisso
1880 4910 2081 4964 lumine
2121 4924 2271 4963 com-

684 4999 856 5068 parati
880 5007 1022 5063 sunt,
1054 5014 1158 5052 non
1182 5000 1457 5067 contrivit,
1483 5014 1584 5055 nec
1608 5001 1896 5065 exstinxit;
1926 5000 2048 5069 quia
2075 5014 2270 5069 peper-

682 5092 757 5144 cit
781 5090 877 5152 eis,
911 5091 1002 5159 qui
1030 5090 1265 5144 nondum
1294 5100 1516 5146 venerat
1536 5106 1630 5146 eos
1655 5091 1917 5160 judicare,
1962 5092 2055 5146 sed
2096 5093 2163 5144 ab
2191 5092 2270 5146 eis

686 5180 913 5250 judicari
939 5182 1036 5249 (ὁ).
1067 5181 1122 5235 1η
1152 5182 1375 5236 veritate
1416 5197 1545 5237 sane
1569 5182 1824 5252 judicium
1852 5183 2089 5251 prOtulit,
2131 5198 2267 5252 pra:-

750 5314 765 5344 ι
790 5319 861 5360 Er.
883 5321 935 5362 et
954 5320 1082 5371 tov.,
1100 5319 1145 5378 et
1166 5312 1423 5378 irridenter
1444 5313 1585 5378 flexis
1606 5313 1801 5378 genibus
1822 5316 2038 5365 adorato.
2064 5323 2119 5365 At
2133 5317 2266 5366 Vind.

686 5382 787 5422 Am.
813 5381 865 5421 et
884 5382 1008 5432 Mss.,
1034 5382 1078 5424 et
1102 5374 1362 5425 irridenter
1383 5373 1499 5439 [itis
1520 5373 1717 5438 genibus
1739 5377 1954 5427 adorato.

750 5454 825 5574 ἔτι)
858 5457 929 5503 Sic
944 5452 1155 5517 Vulgata.

775 5514 823 5569 b)
858 5523 922 5562 De
946 5516 1019 5564 his
1035 5519 1155 5564 omni

775 5514 823 5569 b)
858 5523 922 5562 De
946 5516 1019 5564 bis
1034 5514 1255 5564 omnibus
1280 5519 1485 5579 egregie
1529 5518 1645 5578 agit,
1666 5518 1901 5579 eumdem
1932 5518 2067 5569 lsaite
2111 5518 2268 5569 locum

689 5576 1043 5644 Interpretaus,
1081 5576 1481 5640 llierouyniusiin
1505 5576 1710 5642 Epistula
1749 5582 1863 5642 liii,
1908 5581 1970 5630 ad
2000 5582 2263 5644 Algasiam,

690 5637 961 5698 quaestione
985 5637 1030 5685 2.
1050 5637 1298 5693 Coounus.

1717 414 1806 472 DE
1846 412 2161 471 CIVITATE
2200 413 2333 478 DEI,
2374 412 2431 468 S.
2472 412 2836 470 AUGUSTINI
3752 428 3814 487 πη

2364 525 2545 580 dicens
2572 527 2648 580 eis
2678 526 2888 596 quando
2911 526 3157 595 puniendi
3182 539 3382 597 essent,
3406 531 3450 587 sl
3474 531 3522 588 in
3555 548 3636 590 sua
3658 542 3818 607 maligni.

2365 623 2467 668 tate
2498 616 2862 685 persisterent.
2889 617 3115 673 Refulsit
3131 620 3183 673 in
3206 630 3383 675 monte
3404 622 3550 678 facies
3568 627 3663 695 ejus
3682 629 3818 697 (Haut.

2364 722 2497 771 xvu,
2534 709 2583 771 1,
2610 707 2689 776 2),
2723 710 2772 761 in
2818 708 2947 764 orbe
2976 709 3109 764 fama
3138 711 3253 781 ejus
3282 729 3295 766 :
3325 727 3419 767 nec
3455 714 3727 786 confractus,
3756 725 3821 778 site

2362 800 2621 853 contritus
2647 810 2747 860 est.
2768 802 2887 870 quia
2914 817 3084 872 neque
3104 804 3154 856 in
3184 818 3264 869 se,
3294 820 3460 875 neque
3486 807 3531 860 in
3552 809 3737 865 Ecclesia
3753 830 3821 877 sua,

2365 898 2421 942 ut
2449 906 2565 944 esse
2589 890 2901 957 desisteret,
2928 895 3355 961 persecutoribus
3382 900 3548 952 cessit.
3579 900 3634 954 Et
3655 903 3743 957 ideo
3763 923 3822 959 tm

2366 990 2449 1032 est
2493 981 2707 1045 factum,
2744 998 2840 1037 nec
2880 983 2987 1047 fiet,
3021 986 3160 1054 quod
3196 987 3394 1041 inimici
3424 990 3529 1057 ejus
3549 992 3821 1053 dixerunle

2364 1069 2563 1133 dicunt,
2585 1071 2798 1136 Quando
2817 1074 3052 1126 morietur
3072 1084 3119 1127 ct
3141 1077 3316 1143 peribit
3337 1094 3505 1131 nomen
3522 1082 3614 1150 ejus
3632 1081 3760 1151 (Ρωι.
3773 1102 3820 1143 ιι,

2365 1162 2459 1239 6)?
2493 1163 2659 1216 Donec
2685 1175 2837 1235 ponat
2858 1166 2909 1218 in
2936 1174 3067 1218 terra
3081 1167 3355 1236 judicium.
3392 1170 3518 1225 Ecce
3543 1174 3824 1229 manifestatum

2366 1262 2449 1307 est
2490 1254 2630 1323 quod
2675 1254 3040 1309 absconditum
3071 1259 3455 1326 quaerebamus.
3501 1260 3597 1314 Hoc
3642 1265 3746 1317 enim
3781 1278 3825 1319 est

2367 1345 2711 1399 novissimum
2739 1346 3019 1413 judicium,
3053 1349 3193 1417 quod
3226 1360 3391 1418 ponet
3417 1351 3467 1403 in
3496 1362 3636 1416 terra,
3667 1370 3752 1407 cum
3774 1372 3825 1409 re-

2368 1436 2508 1488 nerit
2544 1437 2655 1503 ipse
2693 1435 2760 1490 de
2802 1438 2959 1492 cmlo.
3003 1437 3077 1491 De
3102 1453 3209 1507 quo
3246 1439 3356 1507 jam
3386 1439 3603 1495 videmus
3627 1443 3824 1511 impletum,

2367 1527 2509 1595 quod
2554 1527 2641 1580 hic
2672 1528 2912 1583 ultimum
2963 1530 3193 1599 positum
3244 1542 3327 1587 est
3362 1549 3375 1585 :
3423 1532 3485 1585 Et
3513 1534 3560 1586 in
3587 1537 3739 1587 nomine
3766 1540 3826 1604 q‘u

2368 1625 2539 1687 gentes
2559 1618 2849 1686 sperabunt.
2876 1620 2979 1674 Per
3019 1625 3117 1675 hoc
3144 1630 3291 1676 certe
3324 1623 3460 1692 quod
3502 1628 3653 1693 negari
3679 1641 3751 1679 non
3773 1643 3827 1695 pa-

2371 1719 2491 1773 tcst,
2521 1711 2677 1764 etiam
2705 1711 2831 1765 illud
2858 1712 3103 1767 credatur
3128 1715 3273 1784 quod
3320 1716 3630 1785 impudenter
3666 1730 3823 1786 negatur

2369 1800 2498 1868 Quis
2518 1803 2658 1855 enim
2686 1810 2947 1872 speraret,
2977 1804 3115 1873 quod
3145 1807 3307 1859 etiam
3338 1808 3388 1859 hi
3434 1808 3516 1876 qui
3554 1810 3828 1863 noluntadhut

2370 1893 2589 1948 credere
2619 1894 2670 1947 in
2712 1894 3001 1960 Christum,
3044 1896 3153 1965 jam
3186 1896 3461 1952 nobiscum
3490 1901 3660 1961 vident,
3690 1912 3728 1954 et
3754 1919 3829 1969 que-

2374 1982 2511 2035 niam
2552 1998 2745 2052 negare
2775 1998 2877 2037 non
2912 1995 3152 2054 possunt,
3180 1986 3431 2041 dentibus
3464 1990 3563 2041 suis
3586 1990 3776 2049 frendent,
3800 2004 3829 2043 et
3910 2038 3911 2043 η

2373 2073 2689 2127 tabescunt?
2717 2073 2867 2139 Quis,
2908 2075 3140 2144 inquam,
3169 2088 3414 2146 speraret
3450 2090 3616 2148 gentes
3646 2082 3687 2134 in
3709 2082 3829 2133 Clitisti
3910 2056 3911 2069 χ

2375 2165 2590 2219 nomine
2617 2176 2939 2234 speraturas,
2958 2169 3169 2238 quando
3201 2171 3499 2236 tenebatur,
3525 2173 3745 2241 ligabatur,
3766 2190 3828 2223 ce—

2373 2256 2618 2323 debatur,
2650 2257 2986 2321 illudebatur,
3030 2261 3471 2329 cruciligebatur;
3500 2264 3678 2332 quando
3713 2274 3749 2317 et
3776 2266 3828 2330 ipsi

2374 2345 2616 2415 discipuli
2656 2362 2807 2417 spem
2835 2349 3192 2419 perdiderant,
3227 2368 3389 2422 quam
3432 2354 3480 2406 in
3507 2354 3586 2407 illo
3613 2354 3829 2420 haberejnm

2375 2447 2650 2505 cmperant
2664 2439 2687 2490 ?
2703 2438 2851 2506 Quod
2881 2448 3007 2496 tunc
3021 2443 3104 2494 vix
3122 2458 3265 2497 unus
3289 2444 3424 2498 latro
3443 2447 3644 2512 speravit
3668 2447 3706 2498 in
3725 2461 3829 2505 erue,

2376 2544 2515 2583 nunc
2547 2540 2764 2598 sperant
2787 2538 2973 2600 gentes
3012 2531 3167 2601 longe
3195 2533 3414 2603 lateque
3438 2535 3646 2597 dillusze;
3672 2545 3775 2588 etne
3804 2538 3829 2585 in

2377 2630 2632 2673 :eternum
2680 2622 2992 2687 moriantur,
3042 2623 3151 2691 ipsa
3203 2622 3259 2677 in
3299 2639 3402 2694 qua
3448 2624 3529 2680 ille
3564 2634 3745 2678 mortuus
3773 2636 3830 2681 est.

2378 2726 2535 2765 cruce
2561 2712 2857 2781 signantur.

2450 2805 2505 2858 5.
2545 2804 2729 2858 Nullus
2757 2807 2914 2876 igitur
2938 2807 3023 2861 vel
3071 2815 3233 2877 negat
3264 2810 3347 2863 vel
3393 2808 3597 2873 dubitat,
3635 2824 3708 2879 per
3724 2807 3830 2860 lesum

2384 2895 2655 2950 Christum
2685 2899 2792 2951 tale
2810 2899 2962 2965 quale
2994 2898 3109 2951 istis
3134 2901 3307 2953 sacris
3325 2900 3533 2954 Litteris
3553 2900 3830 2969 prteuunljattr.

2379 2984 2612 3039 futurum
2658 3001 2779 3041 esse
2824 2988 3166 3042 novissimum
3192 2990 3477 3058 judicium,
3506 2992 3591 3044 nisi
3628 2987 3831 3059 quieisdeu

2379 3076 2616 3143 Litteris,
2647 3078 2826 3131 nescio
2853 3093 2952 3147 qua
2981 3079 3319 3133 incredibili‘
3367 3083 3667 3134 animositate
3696 3094 3757 3130 seu
3773 3093 3831 3126 re

2380 3170 2555 3231 citate,
2592 3184 2697 3222 non
2724 3168 2913 3234 credit,
2938 3184 3055 3238 qua:
3090 3170 3201 3238 jam
3236 3173 3512 3225 veritatem
3537 3186 3658 3224 suam
3687 3168 3762 3220 orbi
3780 3166 3833 3215 dr-

2379 3272 2742 3315 monstravere
2765 3268 3048 3314 terrarum.
3080 3262 3135 3314 ln
3164 3262 3259 3316 illo
3291 3268 3469 3333 itaque
3496 3262 3661 3329 judicio
3681 3260 3739 3311 vel
3752 3260 3831 3309 circa

2380 3352 2505 3405 illud
2526 3350 2780 3419 judicium
2805 3353 2901 3405 has
2928 3368 3015 3405 res
3033 3352 3322 3407 didicimus
3348 3369 3466 3408 esse
3494 3362 3719 3413 venturas,
3734 3349 3832 3402 [lam

2380 3444 2689 3509 Thesbiten,
2719 3444 2875 3499 fidem
2906 3444 3239 3509 Iudaeorum,
3274 3448 3636 3501 Antichristum
3674 3456 3831 3512 persecu-

2381 3546 2575 3602 turum,
2624 3537 2894 3592 Christum
2919 3538 3314 3607 judicaturum,
3365 3549 3663 3594 mortuorum
3684 3546 3834 3589 resum-

2378 3631 2632 3693 ctionem,
2657 3630 2919 3684 bonorum
2940 3631 3315 3702 malorumque
3333 3624 3833 3702 diremptionem,mnndi

2381 3720 2854 3790 conflagrationem
2881 3763 2896 3789 ,
2947 3721 3301 3793 ejusdemque
3354 3722 3721 3779 renovationem.
3762 3714 3833 3779 Ουε

2378 3812 2555 3865 omnia
2586 3811 2799 3879 quidem
2826 3820 3050 3865 ventura
3077 3826 3198 3867 esse
3218 3813 3545 3867 credendum
3573 3820 3641 3866 est
3660 3829 3670 3863 :
3688 3806 3751 3861 sed
3770 3802 3834 3870 ‘ll‘i'

2382 3901 2484 3957 bus
2511 3902 2705 3969 modis,
2732 3910 2788 3956 et
2814 3916 2920 3971 quo
2945 3902 3135 3957 ordine
3183 3904 3425 3970 veniant,
3456 3903 3605 3973 magis
3631 3910 3723 3954 tunc
3742 3896 3834 3947 dnct-

2379 3994 2456 4050 bit
2479 4011 2657 4051 rerum
2688 3996 3041 4067 experientia,
3072 4010 3233 4065 quam
3281 4012 3425 4051 nunc
3452 3996 3513 4050 ad
3538 3985 3834 4063 perfecturum-

2378 4086 2582 4140 minum
2612 4084 2958 4155 intelligentia
2992 4086 3129 4139 valet
3170 4091 3456 4157 consequi.
3498 4083 3834 4141 Existimoumtl

2382 4192 2449 4232 eo
2470 4191 2576 4247 quo
2602 4192 2633 4230 a
2660 4192 2744 4231 me
2768 4186 3187 4232 commemorata
3215 4187 3345 4232 sunt
3364 4177 3544 4231 ordine
3565 4188 3665 4229 esse
3683 4176 3835 4222 reatum.

2450 4268 2502 4323 6.
2546 4269 2663 4323 Duo
2691 4268 2844 4323 nobis
2874 4268 2939 4322 ad
2970 4268 3069 4322 hoc
3095 4284 3231 4338 opus
3260 4271 3579 4339 pertinentes
3604 4262 3743 4333 reliqui
3766 4265 3835 4311 sunt

2378 4360 2519 4427 libri,
2554 4371 2614 4415 ut
2652 4360 2939 4429 adjuvante
2980 4361 3207 4415 Domino
3250 4363 3511 4431 promissa
3546 4357 3835 4425 comptam:

2376 4468 2600 4523 quorum
2632 4468 2769 4506 unus
2794 4454 2897 4507 erit
2943 4452 3010 4507 de
3058 4452 3328 4507 malorum
3376 4452 3646 4523 supplicio,
3681 4446 3771 4500 alius
3800 4441 3835 4488 de

2377 4543 2628 4598 felicitate
2670 4543 2982 4613 justorum:
3025 4543 3075 4597 in
3116 4544 3314 4612 quibus
3356 4545 3596 4606 maxime,
3637 4541 3735 4593 sicut
3756 4534 3835 4585 Deus

2375 4633 2673 4695 donaverit,
2702 4642 3014 4703 argumenta
3050 4632 3375 4687 refellentur
3417 4634 3745 4694 humana,quzr-
3764 4633 3837 4672 (Ὀπ-

2377 4736 2457 4779 tra
2486 4725 2741 4796 prmdicta
2771 4740 2835 4780 ac
2865 4726 3124 4794 promissa
3154 4725 3337 4779 divina
3364 4728 3617 4795 sapienter
3639 4720 3712 4775 sibi
3729 4708 3835 4768 miseri

2376 4816 2568 4872 rodere
2592 4819 2611 4848 ²
2643 4817 2909 4883 videntur,
2937 4826 2991 4871 et
3016 4817 3243 4871 salubris
3289 4818 3415 4873 fidei
3460 4817 3729 4871 nutrimenta
3754 4804 3834 4855 te?!"

2376 4907 2508 4961 falsa
2557 4916 2609 4961 et
2657 4906 2878 4961 ridenda
2926 4917 3299 4962 contemnunt.
3344 4909 3443 4974 Qui
3491 4921 3607 4961 vero
3634 4896 3834 4970 secundum

2377 4999 2543 5053 Deum
2575 5000 2807 5069 sapiunt,
2836 5000 3071 5053 omnium
3093 5015 3212 5069 qure
3240 5000 3566 5055 incredibilia
3586 4987 3836 5050 videnturha-

2375 5092 2638 5154 miuibus,
2676 5102 2729 5145 et
2774 5101 2949 5145 tamen
2996 5090 3285 5161 Scripturis
3321 5092 3544 5154 sanctis,
3582 5097 3753 5157 quarum
3774 5091 3833 5144 l9“

2374 5182 2569 5235 veritas
2602 5181 2782 5234 multis
2810 5182 2981 5234 modis
3010 5189 3211 5234 asserta
3242 5190 3348 5245 est,
3390 5181 3710 5235 continentur.
3733 5166 3833 5222 mali'

2375 5286 2519 5323 mum
2547 5280 2912 5339 argumentum
2961 5280 3142 5325 tenent
3188 5286 3439 5325 veracem
3480 5270 3565 5323 Dei
3603 5266 3834 5327 omnipolfﬂ'

2374 5361 2518 5421 tiam,
2540 5376 2694 5428 quem
2720 5370 2920 5415 certum
2949 5362 3143 5415 habent
3173 5363 3320 5415 nullo
3349 5361 3505 5415 modo
3532 5362 3578 5414 in
3602 5359 3667 5412 eis
3687 5350 3835 5422 pol"isse

2373 5451 2611 5517 mentiri,
2639 5462 2691 5506 et
2717 5467 2873 5521 posse
2894 5452 3070 5507 facere
3098 5453 3237 5523 quod
3262 5455 3587 5524 impossibile
3609 5458 3676 5505 est
3699 5438 3833 5498 ialiilcb.

2438 5584 2455 5613 ί
2490 5588 2556 5630 tta
2571 5588 2676 5630 Mss.
2703 5583 2821 5632 Editi
2847 5596 2980 5636 vero.
3001 5582 3269 5633 incredula.

2439 5646 2459 5675 ²
2494 5645 2630 5706 Editi,
2654 5646 2905 5695 veteribus
2934 5645 3068 5695 libris
3091 5647 3463 5707 dissentientes,
3480 5644 3677 5696 reddere.
