3996 6524
217 414 323 470 709
1208 424 1243 433 ’

1347 418 1551 477 LIBER
1589 422 1957 481 VIGESlMUS
1994 424 2265 483 PRIMUS.

3383 446 3489 504 7l0

216 544 3439 598 ..____________.__________________

800 624 1273 736 LIBER
1353 626 1513 731 V1
1520 628 2009 737 GESIM
2023 632 2137 736 Π
2128 634 2210 740 S
2273 638 2906 756 PRIMUS.

286 815 352 857 De
397 808 493 856 ﬁne
512 806 677 856 debito
711 806 918 855 civitatis
940 803 1133 865 diaboli,
1157 805 1389 867 supplicio
1409 806 1594 857 scilicet
1610 807 2280 922 dauggatorumlsempiterno,
2304 818 2467 882 deque
2489 822 2708 875 humanis
2730 838 2895 881 contra

1745 884 1927 922 ﬂumen
1953 886 2013 922 IS.

1744 884 2013 931 gumentis.

2918 830 3033 883 illud
3056 836 3417 890 iucredulorum

1628 1023 2049 1069 -οθ-θ-δως-εο-ο-

215 1138 440 1194 CAPUT
492 1135 775 1192 PRIMUM.
817 1134 991 1189 -De
1035 1134 1213 1189 ordine
1266 1135 1659 1204 disputationis,
1707 1154 1807 1207 qua

292 1231 432 1299 prius
461 1228 810 1282 disserendum
838 1236 911 1281 est
958 1226 1019 1279 de
1040 1236 1278 1297 perpetuo
1307 1225 1558 1295 supplicio
1587 1227 1798 1280 damna-

290 1330 456 1373 torum
482 1335 595 1372 cum
638 1317 859 1383 diabolo,
888 1333 1043 1388 quam
1069 1317 1133 1371 de
1161 1328 1347 1370 wterna
1377 1317 1623 1387 felicitate
1648 1334 1798 1371 sanc-

290 1420 476 1463 torum.

289 1521 424 1576 Cum
450 1536 547 1591 per
574 1520 755 1576 Jesum
785 1518 1052 1576 Christum
1098 1519 1378 1573 Dominum
1425 1530 1687 1584 nostrum,
1714 1519 1802 1590 ju-

222 1612 399 1668 dicem
424 1613 669 1667 vivorum
701 1620 859 1681 atque
902 1620 1233 1665 mortuorum
1259 1652 1273 1675 ,
1325 1610 1391 1664 ad
1424 1610 1631 1665 debitos
1670 1610 1801 1665 ﬁnes

227 1708 402 1762 amba:
428 1707 765 1776 pervenerint
790 1706 1052 1768 civitates,
1083 1719 1306 1774 quarum
1336 1720 1437 1757 una
1481 1712 1562 1757 est
1592 1704 1703 1765 Dei,
1734 1704 1803 1756 al-

219 1807 333 1851 tera
356 1797 575 1863 diaboli,
599 1796 896 1867 cujusmodi
922 1796 1238 1865 supplicium
1260 1796 1327 1847 sit
1346 1795 1577 1848 futurum
1605 1794 1800 1847 dia‘mli

216 1898 273 1941 et
296 1888 536 1941 omnium
578 1888 645 1941 ad
673 1902 795 1941 eum
822 1886 1220 1956 pertinentium,
1250 1885 1301 1937 in
1331 1884 1428 1937 hoc
1463 1884 1599 1937 libro
1627 1884 1800 1949 nobis,

215 1988 476 2049 quantum
505 1994 605 2048 ope
635 1978 813 2033 divina
842 1976 1156 2041 valebimus,
1193 1976 1500 2045 diligentius
1520 1974 1802 2043 disputan-

216 2070 347 2123 dum
380 2078 477 2123 est.
504 2069 625 2124 Ideo
652 2079 829 2123 autem
864 2069 1003 2121 hunc
1034 2078 1212 2121 tenere
1248 2066 1488 2119 ordinem
1523 2066 1705 2130 malui,
1749 2073 1808 2119 ut

214 2172 407 2231 postea
450 2162 708 2217 disseram
758 2162 825 2217 de
872 2161 1125 2216 felicitate
1162 2170 1465 2214 sanctorum
1491 2200 1506 2225 ,
1555 2160 1806 2229 quoniam

214 2263 508 2324 utrumque
534 2269 653 2309 cum
676 2254 989 2323 corporibus
1013 2254 1149 2317 erit;
1179 2262 1231 2307 et
1262 2252 1625 2306 incredibilius
1655 2249 1805 2306 vide-

214 2356 307 2399 tur
333 2360 455 2400 esse
487 2346 539 2399 in
571 2346 784 2400 mternis
809 2359 1034 2414 corpora
1064 2344 1257 2398 durare
1280 2342 1620 2409 cruciatibus,
1648 2356 1806 2411 quam

216 2440 339 2493 sine
370 2438 554 2494 dolore
579 2440 688 2493 ullo
718 2440 770 2493 in
798 2449 997 2492 aeterna
1024 2436 1349 2491 beatitudine
1374 2450 1704 2506 permanere.
1733 2436 1808 2489 Ac

216 2544 318 2598 per
350 2528 451 2581 hoc
493 2545 612 2582 cum
640 2529 781 2582 illam
810 2542 1022 2597 poenam
1057 2542 1159 2580 non
1206 2525 1401 2580 debere
1426 2540 1544 2579 esse
1574 2524 1807 2578 incredi-

216 2619 387 2676 bilem
430 2621 866 2675 dcmonstravero
896 2662 911 2685 ,
965 2619 1237 2689 adjuvabit
1288 2634 1375 2673 me
1409 2619 1715 2688 plurimum,
1751 2627 1809 2671 ut

216 2714 392 2767 multo
421 2714 626 2769 facilius
647 2715 790 2768 omni
814 2728 1001 2767 carens
1024 2713 1265 2766 molestia
1296 2712 1666 2765 immortalitas
1690 2727 1809 2766 cor-

214 2819 415 2872 porum
444 2805 496 2857 in
527 2806 723 2859 sanctis
748 2804 922 2858 futura
951 2804 1215 2859 credatur.
1260 2804 1366 2858 Nec
1393 2820 1420 2857 a
1445 2804 1639 2859 divinis
1677 2806 1808 2857 ordo

216 2896 325 2948 iste
349 2894 607 2949 abhorret
630 2895 874 2965 eloquiis,
899 2895 1282 2965 ubialiquando
1308 2896 1519 2966 quidem
1550 2896 1807 2951 bonorum

213 2984 497 3038 beatitudo
534 2986 677 3054 prius
704 2987 939 3054 ponitur,
971 2996 1030 3041 ut
1057 2996 1139 3041 est
1189 2987 1338 3051 illud,
1389 2988 1485 3051 Qui
1527 2986 1656 3040 bona
1686 2990 1808 3057 [ece-

210 3084 359 3138 runt,
386 3076 439 3127 in
477 3078 886 3130 resurrectionem
914 3079 1026 3131 vitta
1046 3093 1067 3141 ;
1087 3079 1171 3147 qui
1200 3088 1365 3129 autem
1394 3078 1531 3130 mala
1560 3087 1762 3147 egerunt
1788 3116 1807 3145 ,

210 3170 267 3221 in
300 3169 715 3221 resurrectionem
744 3170 928 3241 judicii
954 3170 1131 3235 (Joan.
1168 3186 1219 3234 v,
1246 3169 1335 3236 :29)
1366 3188 1377 3221 :
1402 3169 1497 3224 sed
1525 3170 1809 3238 aliquando

208 3268 265 3314 ct
296 3258 588 3327 posterius,
606 3270 667 3313 ut
692 3270 789 3325 est,
818 3260 984 3314 Mittet
1006 3259 1170 3314 Filius
1189 3262 1404 3313 hominis
1433 3262 1647 3330 Angelos
1670 3277 1806 3327 suos,

208 3365 259 3406 et
290 3352 537 3421 colligent
558 3355 621 3406 de
640 3369 797 3422 regno
824 3355 931 3422 ejus
954 3354 1121 3406 omnia
1150 3354 1408 3417 scandala,
1441 3362 1487 3404 et
1535 3354 1729 3405 mittent
1757 3354 1809 3406 in

206 3444 479 3497 caminum
501 3443 631 3513 ignis
651 3444 873 3496 ardentis
897 3445 937 3505 ¹,
968 3444 1075 3496 illic
1117 3446 1212 3497 erit
1237 3445 1385 3513 ﬂetus
1407 3453 1452 3495 et
1479 3444 1665 3496 stridor
1685 3443 1808 3497 den-

205 3538 343 3590 tium
368 3551 387 3598 ;
418 3544 537 3587 tunc
551 3534 680 3604 justi
715 3534 980 3606 fulgebunt
1009 3534 1135 3587 sicut
1166 3536 1244 3587 sol
1265 3536 1315 3586 in
1354 3550 1508 3603 regno
1543 3532 1712 3585 Patris
1731 3535 1808 3586 sui

204 3627 439 3697 (Matth.
464 3643 578 3687 xm,
616 3625 837 3696 «Hc-55);
872 3635 924 3679 et
974 3625 1121 3687 illud,
1156 3625 1245 3678 Sic
1274 3626 1413 3677 ibunt
1437 3626 1517 3677 isti
1544 3626 1564 3654 '
1589 3626 1642 3677 in
1682 3642 1808 3693 snp-

201 3722 436 3791 pticium
461 3729 735 3781 (eternum;
768 3720 897 3789 justi
923 3727 1088 3770 autem
1113 3758 1127 3783 ,
1152 3718 1204 3768 in
1230 3718 1380 3769 vitam
1402 3726 1645 3769 wternam
1675 3714 1694 3786 (
1718 3713 1803 3769 Μ.

198 3828 338 3874 xxv,
369 3807 495 3870 46).
520 3808 591 3862 Et
619 3809 671 3862 in
716 3807 1017 3879 Proplietis,
1046 3807 1186 3877 quod
1218 3820 1641 3860 commemorare
1687 3805 1808 3859 lon-

201 3922 337 3977 gum
372 3913 480 3968 est,
512 3917 654 3959 nunc
679 3902 795 3964 ille,
829 3917 976 3957 nunc
1014 3902 1113 3956 iste
1141 3900 1292 3965 ordo,
1313 3901 1356 3955 si
1387 3901 1505 3969 quis
1532 3900 1805 3987 inspiciat,

204 4001 510 4056 invenitur.
542 3998 645 4053 Sed
673 4011 772 4067 ego
803 3997 963 4051 istum
1001 4009 1105 4065 qua
1157 4007 1317 4048 causa
1345 3992 1599 4062 elegerim
1628 4033 1644 4058 ,
1676 3990 1807 4045 dixi.

204 4111 450 4168 CAPUT
476 4108 539 4162 ll.
569 4138 642 4149 —
667 4108 745 4161 An
772 4107 962 4177 possint
1004 4121 1220 4175 corpora
1243 4104 1297 4157 in
1336 4104 1535 4157 ustione
1555 4103 1687 4173 ignis
1706 4118 1811 4157 esse

891 4206 1147 4267 perpetua.

281 4313 430 4385 Quid
459 4312 617 4381 igitur
632 4309 931 4374 ostendam,
957 4308 1100 4362 unde
1126 4306 1512 4361 convincuntur
1529 4302 1808 4370 increduli,

207 4426 382 4481 posse
412 4408 645 4460 humana
676 4418 900 4473 corpora
944 4401 1175 4455 animata
1201 4407 1361 4469 atque
1389 4396 1624 4451 viventia
1653 4436 1670 4459 ,
1701 4410 1809 4448 non

202 4504 393 4558 solum
424 4511 696 4566 nunquam
750 4504 921 4549 morte
969 4492 1233 4557 dissolvi,
1266 4489 1357 4545 sed
1397 4490 1449 4543 in
1490 4498 1811 4544 aeternorum

201 4607 435 4666 quoque
458 4588 656 4658 ignium
682 4586 875 4641 durare
897 4581 1210 4639 tormentis?
1234 4581 1432 4636 Nolunt
1456 4580 1596 4635 enim
1622 4578 1720 4632 hoc
1747 4577 1811 4631 ad

200 4680 623 4754 Omnipotentis
678 4692 777 4732 nos
826 4678 1029 4732 referre
1083 4675 1418 4753 potentiam,
1473 4670 1568 4725 sed
1636 4670 1815 4739 aliquo

201 4773 485 4843 exemplo
514 4767 823 4840 persuaderi
848 4766 950 4820 sibi
977 4764 1235 4835 ﬂagitant.
1266 4762 1470 4830 Quibus
1503 4761 1552 4814 si
1591 4774 1816 4829 respon-

202 4872 510 4929 debimus,
535 4875 656 4917 esse
701 4858 951 4912 animalia
983 4854 1222 4925 profecto
1249 4850 1640 4920 corruptibilis,
1686 4848 1815 4918 quia

202 4958 497 5020 mortalia,
527 4968 645 5024 qua:
675 4958 851 5005 tamen
879 4948 933 5003 in
958 4945 1150 5001 mediis
1179 4944 1391 5014 ignibus
1422 4940 1603 4994 vivant
1631 4954 1645 4990 :
1679 4952 1817 4991 non-

204 5055 431 5111 nullum
462 5046 622 5101 etiam
650 5056 819 5113 genus
863 5039 1123 5093 vermium
1152 5036 1204 5090 in
1235 5047 1493 5103 aquarum
1521 5028 1816 5084 calidarum

203 5138 554 5209 scaturigine
582 5133 826 5205 reperiri,
855 5145 1077 5202 quarum
1122 5127 1391 5181 fervorem
1416 5138 1574 5178 nemo
1600 5121 1817 5191 impune

202 5238 560 5295 contreetat;
609 5227 730 5283 illos
758 5233 935 5279 autem
965 5236 1070 5276 non
1118 5219 1292 5273 solum
1340 5215 1458 5270 sine
1485 5213 1588 5267 ulla
1616 5212 1699 5265 sui
1728 5209 1818 5264 la:-

202 5332 375 5386 sione
409 5318 489 5376 ibi
511 5332 629 5373 esse
648 5358 664 5383 ,
692 5316 787 5370 sed
829 5323 979 5368 extra
1004 5326 1124 5366 esse
1156 5323 1261 5362 non
1288 5320 1445 5376 posse
1471 5322 1484 5358 :
1512 5313 1603 5356 aut
1632 5300 1821 5354 nolunt

203 5422 475 5480 credere,
508 5411 551 5466 si
573 5409 855 5465 ostendere
877 5421 985 5460 non
1010 5405 1281 5467 valemus;
1312 5407 1405 5453 aut
1425 5399 1470 5452 si
1492 5396 1815 5451 valuerimus

205 5520 330 5573 sive
349 5506 532 5566 oculis
557 5503 925 5559 demonstrare
952 5514 1040 5553 res
1066 5498 1227 5567 ipsas,
1257 5494 1370 5548 sive
1396 5507 1491 5562 per
1510 5499 1675 5546 testes
1696 5486 1815 5543 ido-

206 5624 351 5667 neos
380 5602 639 5665 edocere,
669 5612 773 5652 non
801 5596 928 5650 satis
952 5593 1056 5648 hoc
1082 5606 1203 5647 esse
1223 5588 1290 5644 ad
1306 5585 1609 5657 exemplum
1630 5581 1729 5647 rei,
1752 5579 1821 5635 de

208 5720 319 5778 qua
355 5696 594 5769 qinestio
621 5701 725 5757 est,
754 5689 942 5746 eadem
974 5684 1284 5741 inﬁdelitate
1303 5677 1671 5737 contendent:
1697 5672 1820 5746 quia

278 5807 764 5872 asimqardentmlg
848 5864 859 5872 ,
915 5864 943 5872 ,,
1030 5862 1075 5872 ,.
1118 5861 1130 5871 .
1192 5859 1224 5872 ..

278 5882 301 5913 θ
330 5884 403 5926 ιω
572 5877 627 5919 At
651 5869 788 5929 editi,
812 5864 886 5919 sic
907 5864 1040 5917 ibunt
1057 5864 1241 5924 injusti.

1915 1142 2028 1195 luce
2055 1145 2299 1201 animalia
2320 1165 2418 1205 nec
2443 1167 2655 1224 semper
2675 1155 2876 1223 vivunt,
2905 1172 2959 1216 et
2988 1164 3037 1219 in
3057 1166 3161 1223 illis
3186 1168 3487 1230 fervoribus

1907 1238 2023 1301 sine
2047 1238 2320 1297 doloribus
2348 1244 2548 1312 vivunt,
2580 1262 2689 1303 sua:
2715 1250 2909 1321 quippe
2936 1266 3139 1314 natura:
3166 1266 3491 1320 convenien-

1906 1328 2046 1383 tibus
2067 1342 2376 1402 vegetantur
2402 1337 2524 1404 illis,
2554 1354 2659 1395 non
2676 1344 2980 1400 cruciantur
2998 1349 3277 1408 elementis
3299 1372 3313 1419 ;
3337 1359 3490 1425 quasi

1908 1434 2014 1472 non
2047 1421 2409 1481 incredibilius
2436 1429 2506 1482 sit
2547 1434 2783 1502 vegetari
2810 1475 2824 1499 ,
2849 1451 3007 1505 quam
3035 1444 3260 1498 cruciari
3292 1421 3486 1503 talibus

1908 1512 2083 1567 rebus.
2115 1515 2353 1573 Mirabile
2379 1528 2463 1576 est
2486 1523 2659 1591 enim,
2688 1524 2872 1583 dolere
2901 1529 2952 1583 in
2975 1530 3200 1600 ignibus,
3232 1546 3285 1590 et
3312 1546 3490 1596 tamen

1907 1604 2087 1660 vivere
2120 1624 2133 1661 :
2161 1608 2254 1662 sed
2280 1610 2596 1681 mirabilius,
2618 1616 2801 1673 vivere
2830 1619 2883 1673 in
2910 1621 3138 1691 ignibus,
3163 1641 3261 1682 nec
3282 1627 3488 1687 dolere.

1908 1694 1964 1749 Si
1995 1706 2169 1752 autem
2201 1699 2303 1756 hoc
2329 1704 2584 1771 creditur,
2609 1720 2704 1762 cur
2728 1725 2834 1765 non
2857 1722 2911 1767 et
2940 1714 3112 1771 illud?

1907 1809 2131 1869 CAPUT
2159 1814 2247 1870 Ill.
2268 1848 2341 1858 —
2362 1819 2442 1874 An
2484 1838 2789 1894 consequens
2831 1828 2897 1881 sit
2946 1839 2998 1882 ut
3024 1846 3321 1902 corporeum
3346 1836 3491 1892 dolo-

2274 1928 2378 1964 rem
2407 1926 2643 1984 sequatur
2670 1920 2838 1973 carnis
2868 1921 3114 1976 interitus.

1984 2021 2033 2072 1.
2066 2021 2170 2074 Sed
2223 2024 2423 2079 nullum
2474 2038 2576 2093 est,
2603 2030 2865 2099 inquiunt,
2916 2050 3110 2104 corpus
3133 2039 3273 2107 quod
3304 2040 3491 2097 dolere

1909 2112 2107 2177 possit,
2140 2128 2239 2169 nec
2260 2118 2427 2184 possit
2448 2120 2603 2173 mori.
2631 2121 2694 2175 Et
2719 2123 2820 2177 lioc
2841 2125 2979 2180 unde
3004 2129 3244 2183 scimus?
3269 2130 3401 2186 Nam
3423 2132 3492 2188 de

1910 2204 2225 2271 corporibus
2254 2208 2373 2275 quis
2397 2219 2575 2264 certus
2610 2222 2693 2267 est
2729 2213 3030 2272 daemonum
3052 2258 3068 2283 ,
3098 2229 3273 2275 utrum
3321 2223 3375 2276 in
3404 2225 3485 2277 eis

1911 2295 2144 2363 doleant,
2175 2300 2386 2368 quando
2412 2318 2472 2358 se
2502 2303 2666 2375 afﬂigi
2714 2311 2921 2377 magnis
2947 2315 3272 2368 cruciatibus
3313 2316 3487 2370 conﬁ-

1913 2395 2089 2442 tentur
2113 2394 2129 2457 (
2156 2409 2184 2442 a
2205 2391 2223 2462 )
2248 2394 2269 2445 ἲ
2300 2393 2450 2459 Quod
2489 2396 2532 2449 si
2562 2400 2918 2468 respondetur
2939 2443 2953 2465 ,
2983 2410 3256 2459 terrenum
3290 2421 3488 2476 corpus

1911 2479 2137 2535 solidum
2170 2483 2373 2538 scilicet
2391 2497 2549 2557 atque
2569 2493 2912 2559 conspicuum
2944 2494 3142 2548 nullum
3172 2511 3309 2563 esse,
3330 2507 3497 2568 atque

1912 2577 1970 2623 ut
1999 2586 2104 2624 uno
2146 2574 2322 2641 potius
2346 2578 2561 2634 nomine
2587 2580 2640 2634 id
2665 2582 2927 2651 explicem
2951 2626 2966 2651 ,
2995 2586 3192 2642 nullam
3223 2602 3342 2644 esse
3364 2604 3490 2644 car-

1914 2675 2033 2751 nem
2060 2678 2179 2732 qua:
2207 2665 2386 2722 dolere
2414 2670 2617 2738 possit,
2650 2675 2891 2743 morique
2945 2692 3047 2730 non
3106 2680 3275 2748 possit
3317 2698 3330 2734 :
3362 2682 3493 2751 quid

1912 2749 2055 2807 aliud
2079 2753 2292 2823 dicitur,
2316 2758 2421 2813 nisi
2441 2760 2581 2829 quod
2602 2776 2764 2817 sensu
2786 2767 3025 2834 corporis
3046 2767 3290 2824 homines
3310 2779 3363 2825 et
3380 2749 3494 2826 tex-

1910 2846 2169 2914 perientia
2208 2850 2586 2921 collegerunt?
2613 2854 2823 2910 Nullam
2856 2874 3085 2928 namque
3123 2877 3339 2917 carnem
3386 2864 3491 2920 nisi

1913 2941 2198 2992 mortalem
2226 2942 2441 2995 sciunt:
2473 2954 2526 2998 et
2558 2945 2674 3002 hinc
2722 2957 2805 3002 est
2850 2965 3034 3004 eorum
3084 2961 3190 3006 tota
3244 2955 3402 3022 ratio,
3434 2964 3493 3011 ut

1913 3028 2052 3095 quod
2074 3031 2278 3098 experti
2306 3046 2412 3085 non
2437 3042 2600 3102 sunt,
2629 3050 2959 3107 nequaquam
3001 3054 3119 3095 esse
3168 3055 3322 3111 posse
3349 3043 3492 3098 arbi-

1915 3128 2137 3176 trentur.
2169 3122 2300 3177 Nam
2324 3124 2475 3194 cujus
2494 3127 2715 3183 rationis
2734 3139 2817 3183 est
2843 3130 3079 3186 dolorem
3105 3131 3281 3188 facere
3302 3136 3494 3190 mortis

1913 3225 2299 3286 argumentum,
2322 3233 2443 3274 cum
2468 3221 2591 3276 vita:
2620 3223 2796 3292 potius
2815 3225 2883 3278 sit
2898 3223 3192 3281 indicium?
3218 3227 3330 3282 Etsi
3348 3230 3492 3283 enim

1917 3309 2205 3375 quiet-imus
2230 3351 2243 3373 ,
2279 3319 2453 3364 utrum
2483 3328 2697 3382 semper
2741 3317 2904 3383 possit
2934 3318 3112 3371 vivere
3138 3337 3150 3371 :
3180 3330 3383 3372 certum
3413 3330 3494 3371 ta-

1914 3414 2034 3451 men
2062 3409 2145 3452 est
2164 3401 2341 3455 vivere
2364 3418 2521 3458 omne
2549 3404 2693 3474 quod
2719 3404 2881 3469 dolet,
2913 3406 3258 3478 doloremque
3278 3425 3493 3465 omnem

1912 3492 2012 3543 nisi
2042 3493 2092 3544 in
2124 3508 2182 3547 re
2217 3494 2428 3550 vivente
2447 3511 2569 3551 esse
2593 3513 2699 3551 non
2725 3513 2903 3566 posse.
2932 3499 3164 3555 Necesse
3184 3510 3266 3555 est
3292 3512 3497 3572 ergout

1911 3583 2059 3635 vivat
2085 3583 2294 3652 dolens,
2327 3601 2433 3640 non
2463 3598 2545 3642 est
2574 3604 2795 3643 necesse
2818 3598 2876 3643 ut
2917 3592 3126 3645 occidat
3153 3592 3307 3646 dolor
3332 3612 3344 3645 :
3369 3595 3492 3661 quia

1912 3689 2010 3725 nec
2030 3689 2253 3741 corpora
2286 3678 2381 3729 ista
2412 3679 2661 3732 mortalia
2685 3718 2699 3742 ,
2728 3688 2784 3733 et
2807 3680 2989 3748 utique
3009 3684 3289 3747 moritura,
3315 3686 3491 3738 omnis

1911 3761 2065 3817 dolor
2091 3764 2318 3829 occidit;
2350 3774 2404 3818 et
2432 3774 2488 3819 ut
2513 3768 2667 3821 dolor
2692 3770 2881 3837 aliquis
2909 3774 3077 3840 possit
3096 3775 3364 3842 occidere,
3396 3776 3489 3834 illa

1912 3866 2070 3906 causa
2097 3861 2196 3917 est,
2216 3855 2466 3924 quoniam
2488 3858 2566 3911 sic
2588 3869 2670 3912 est
2689 3860 2864 3913 anima
2883 3876 3122 3918 connexa
3152 3865 3275 3919 huic
3293 3881 3491 3937 corpo-

1910 3950 1978 4015 ri,
2010 3958 2068 4002 ut
2097 3949 2317 4003 summis
2346 3950 2621 4006 doloribus
2662 3952 2838 4020 cedat,
2869 3964 3029 4024 atque
3055 3956 3295 4012 discedat
3320 3976 3332 4011 :
3358 3974 3495 4028 quo-

1914 4042 2054 4095 niam
2077 4052 2129 4096 et
2152 4043 2262 4111 ipsa
2290 4058 2550 4114 compago
2574 4045 2935 4101 membrorum
2956 4056 3115 4118 atque
3139 4050 3375 4103 vitalium
3413 4050 3495 4105 sic

1912 4134 2121 4188 inﬁrma
2151 4143 2233 4190 est
2257 4175 2272 4199 ,
2319 4145 2375 4190 ut
2401 4150 2518 4191 eam
2544 4138 2652 4193 vim
2681 4154 2799 4210 qua:
2827 4155 3077 4211 magnum
3105 4142 3188 4197 vel
3226 4157 3493 4198 summum

1913 4225 2154 4281 dolorem
2182 4224 2329 4293 facit,
2359 4243 2466 4283 non
2492 4230 2671 4284 valeat
2691 4230 2980 4286 sustinere.
3008 4230 3161 4289 Tunc
3185 4243 3361 4288 autem
3404 4235 3494 4289 tali

1913 4318 2125 4387 corpori
2154 4319 2329 4373 anima
2357 4328 2413 4374 et
2436 4336 2501 4375 eo
2552 4322 2887 4377 connectitur
2910 4323 3092 4390 modo,
3115 4332 3176 4379 ut
3216 4324 3342 4379 illud
3374 4327 3496 4379 vin-

1914 4412 2093 4465 culum
2138 4413 2275 4466 sicut
2299 4414 2441 4467 nulla
2468 4416 2726 4485 temporis
2772 4416 3102 4487 longitudine
3129 4418 3371 4485 solvitur,
3423 4419 3497 4474 ita

1915 4504 2062 4559 nullo
2111 4504 2301 4560 dolore
2341 4514 2640 4575 rumpatur.
2673 4507 2904 4564 Proinde
2949 4510 3158 4564 etiamsi
3202 4525 3330 4565 caro
3356 4524 3499 4565 nunc

1916 4595 2040 4650 talis
2081 4595 2226 4649 nulla
2256 4604 2359 4663 est,
2396 4611 2515 4665 qua:
2558 4611 2774 4651 sensum
2815 4598 3015 4655 doloris
3056 4600 3262 4670 perpeti
3292 4598 3498 4668 possit,

1916 4698 2250 4758 mortemque
2275 4706 2379 4742 non
2410 4690 2573 4757 possit
2604 4706 2618 4741 :
2661 4689 2762 4742 erit
2792 4697 2967 4743 tamen
3008 4698 3137 4744 tunc
3165 4684 3284 4743 talis
3321 4702 3451 4744 caro
3477 4729 3496 4758 ,

1917 4781 2088 4851 qualis
2116 4796 2256 4835 nunc
2282 4797 2388 4835 non
2417 4792 2499 4835 est
2524 4797 2537 4843 ;
2570 4782 2709 4835 sicut
2736 4780 2855 4834 talis
2884 4781 2986 4834 erit
3015 4789 3070 4836 et
3106 4795 3255 4835 mors
3279 4822 3294 4847 ,
3325 4774 3505 4850 qualis
3577 4829 3591 4843 ,

1918 4888 2060 4927 nunc
2080 4887 2186 4926 non
2214 4882 2315 4926 est.
2346 4872 2460 4926 Non
2490 4873 2632 4927 enim
2662 4871 2805 4926 nulla
2826 4912 2841 4937 ,
2874 4871 2969 4926 sed
2998 4872 3323 4940 sempiterna
3353 4885 3502 4925 mors

1919 4968 2053 5037 erit,
2070 4966 2282 5035 quando
2312 4981 2412 5021 nec
2438 4967 2618 5020 vivere
2638 4966 2811 5019 anima
2850 4965 3049 5035 poterit
3069 4965 3234 5019 Deum
3275 4979 3383 5018 non
3406 4962 3505 5018 ha-

1921 5059 2115 5125 bendo,
2131 5074 2230 5114 nec
2243 5059 2515 5114 doloribus
2538 5057 2780 5128 corporis
2802 5071 2986 5112 carere
3005 5055 3303 5111 moriendo.
3323 5055 3503 5111 Prima

1924 5167 2066 5207 mors
2114 5153 2347 5207 animam
2393 5151 2665 5207 nolentem
2710 5149 2863 5218 pellit
2903 5164 2935 5204 e
2986 5164 3233 5218 corpore,
3260 5146 3498 5203 secunda

1920 5258 2066 5301 mors
2091 5243 2325 5299 animam
2367 5242 2638 5299 nolentem
2680 5248 2828 5296 tenet
2871 5240 2927 5296 in
2965 5239 3315 5311 corpore:ab
3357 5248 3504 5294 utra-

1987 5405 2059 5467 (a)
2090 5411 2187 5453 Hoc
2207 5407 2396 5467 constat
2439 5413 2503 5449 ex
2549 5399 2861 5467 Hieronymo,
2886 5400 3050 5467 contra
3072 5392 3379 5467 Vigilantiam
3400 5400 3509 5467 ,Met

1922 5468 1971 5517 in
1991 5454 2241 5528 Epitaphio
2263 5463 2444 5528 rauim;
2473 5475 2536 5510 ex
2579 5454 2763 5509 Joanne
2786 5454 3150 5528 Cbrysostomo;
3162 5455 3375 5528 nomilia‘
3404 5454 3468 5528 (26
3488 5492 3505 5516 ,

1924 5516 1981 5579 ad
2000 5516 2223 5590 populum
2268 5516 2655 5590 Antiochocum;
2701 5516 2964 5590 Cypriane,
3017 5516 3378 5590 Epistolagad
3411 5524 3511 5566 Do-

1925 5579 2124 5649 naiuiii;
2146 5584 2351 5651 Epistola
2374 5586 2454 5647 76,
2468 5584 2535 5651 ad
2570 5579 2830 5651 Magnum,
2853 5579 2988 5651 libris
3106 5579 3509 5651 Qemetri‘anumn,

1925 5639 2003 5704 ct”
2019 5652 2083 5701 de
2108 5639 2346 5699 idolorum
2367 5639 2602 5696 vanitate.
2627 5639 2913 5701 faciamus,
2936 5641 3290 5691 institutionem
3312 5639 3435 5690 libro
3458 5640 3509 5696 2.

1925 5731 2029 5776 cap.
2059 5713 2119 5763 16
2144 5727 2155 5761 :
2200 5730 2223 5758 ii
2245 5710 2457 5776 Maximis
2468 5722 2603 5768 saepe.
2614 5708 2877 5776 ululatibus
2921 5708 3062 5776 editis
3085 5705 3337 5776 verberari
3362 5716 3434 5776 se‘
3459 5711 3512 5751 et

1935 5797 1959 5827 ι
1980 5766 2174 5835 ardere,
2200 5782 2252 5827 et
2288 5774 2387 5836 jam
2425 5766 2623 5836 jamque
2648 5773 2790 5824 exire
2834 5768 3130 5834 proclamant
3152 5766 3458 5827 (daemones).
3478 5776 3507 5809 ι
