4004 6516
503 448 598 502 7H

503 573 610 626 que
644 559 659 588 ι
689 564 858 608 morte
889 549 1238 606 communiter
1289 545 1339 598 id
1390 541 1633 608 habetur,
1692 549 1747 592 ut
1785 536 1924 607 quod
1955 549 2059 589 non

503 649 616 700 vult
643 647 835 708 anima,
860 643 925 697 de
953 656 1048 695 suo
1080 651 1299 707 corpore
1329 637 1571 704 patiatur.

575 737 632 788 2.
657 733 946 787 Attendunt
973 740 1146 784 autem
1177 727 1260 782 isti
1284 724 1694 780 contradictores
1720 720 1913 774 nullam
1944 731 2061 771 esse

507 840 649 880 nunc
676 838 908 886 carnem,
941 836 1056 888 qua:
1084 819 1321 872 dolorem
1361 816 1464 883 pati
1491 811 1708 882 possit,
1734 818 2059 875 mortemque

508 931 613 968 non
639 913 807 982 possit
831 929 843 973 ;
873 921 927 965 et
954 925 1057 963 non
1082 907 1361 962 attendunt
1380 919 1500 958 esse
1528 913 1700 955 tamen
1731 899 1924 968 aliquid
1956 897 2060 950 tale

503 1005 646 1074 quod
689 1018 912 1072 corpore
939 1001 1105 1069 majus
1140 999 1226 1052 sit.
1275 997 1391 1065 lpsc
1423 995 1612 1064 quippe
1639 994 1844 1046 animus
1872 1031 1886 1055 ,
1913 989 2060 1056 cujus

505 1094 791 1162 praesentia
833 1107 1023 1158 corpus
1062 1090 1190 1141 vivit
1236 1095 1289 1140 et
1324 1087 1541 1154 regitur,
1569 1092 1621 1137 et
1670 1082 1903 1134 dolorem
1952 1078 2057 1147 pati

507 1194 700 1253 potest,
741 1191 793 1236 et
837 1183 969 1236 mori
1025 1197 1126 1233 non
1161 1188 1351 1248 potest.
1386 1177 1520 1230 Ecce
1558 1177 1764 1228 inventa
1808 1190 1893 1226 res
1934 1180 2013 1225 est
2043 1212 2056 1235 ,

505 1289 624 1341 quw
649 1289 769 1326 cum
793 1285 1007 1324 sensum
1036 1269 1232 1322 doloris
1253 1268 1460 1331 habeat,
1486 1265 1793 1318 immortalis
1818 1273 1917 1315 est.
1952 1261 2061 1314 lloc

505 1364 664 1433 igitur
710 1366 812 1416 erit
848 1373 970 1416 tunc
1023 1362 1179 1415 etiam
1222 1361 1273 1413 in
1318 1358 1621 1427 corporibus
1658 1357 2057 1419 damnatorum,

511 1454 653 1522 quod
684 1468 825 1507 nunc
852 1468 968 1506 esse
991 1452 1183 1505 scimus
1213 1450 1263 1503 in
1293 1450 1480 1501 animis
1507 1448 1762 1500 omnium.
1803 1443 1857 1500 Si
1885 1455 2058 1497 autem

507 1544 908 1598 consideremus
933 1542 1250 1611 diligentius,
1273 1539 1423 1594 dolor
1459 1539 1545 1608 qui
1569 1537 1763 1592 dicitur
1780 1536 2017 1605 corporis
2043 1576 2058 1600 ,

504 1636 675 1704 magis
704 1634 770 1687 ad
795 1636 1022 1687 animam
1064 1634 1307 1701 pertinet.
1339 1632 1540 1685 Aninne
1580 1631 1719 1683 enim
1742 1638 1822 1683 est
1847 1629 2055 1692 dolere,

505 1741 612 1779 non
636 1727 894 1794 corporis,
929 1725 1083 1778 etiam
1114 1723 1321 1792 quando
1343 1722 1392 1776 ei
1415 1722 1624 1776 dolendi
1649 1736 1806 1775 causa
1834 1720 2009 1774 existit
2031 1733 2061 1773 a

507 1831 756 1885 corpore,
786 1832 906 1871 cum
939 1817 988 1869 in
1019 1830 1085 1869 eo
1114 1817 1227 1868 loco
1253 1814 1414 1877 dolet,
1451 1814 1538 1867 ubi
1589 1813 1797 1866 laeditur
1841 1825 2056 1878 corpus.

506 1910 654 1962 Sicut
708 1923 832 1977 ergo
873 1907 1096 1962 dicimus
1139 1921 1360 1974 corpora
1411 1902 1716 1970 sentientia,
1759 1911 1814 1956 et
1840 1913 2060 1970 corpora

505 2001 732 2054 viventia
753 2041 769 2066 ,
799 2013 919 2054 cum
962 1999 1029 2053 ab
1066 1998 1238 2052 anima
1265 1999 1334 2052 sit
1357 1997 1565 2066 corpori
1588 1997 1611 2028 ⁸
1641 2009 1829 2049 sensus
1849 2002 1901 2048 et
1917 1995 2019 2046 vita
2042 2009 2057 2056 ;

503 2091 577 2144 ita
607 2100 660 2145 et
703 2105 922 2157 corpora
968 2089 1192 2144 dicimus
1219 2089 1448 2143 dolentia
1473 2127 1489 2154 ,
1521 2103 1640 2142 cum
1677 2086 1827 2142 dolor
1852 2083 2060 2152 corpori

502 2182 602 2234 nisi
631 2182 697 2234 ab
724 2180 896 2234 anima
923 2194 1041 2234 csse
1089 2195 1192 2233 non
1249 2179 1435 2246 possit.
1482 2177 1634 2232 Dolet
1685 2177 1860 2245 itaque
1885 2175 2060 2229 anima

500 2285 620 2324 cum
651 2285 873 2338 corpore
896 2271 946 2322 in
970 2285 1033 2324 eo
1061 2269 1175 2322 loco
1201 2268 1337 2338 ejus,
1364 2266 1455 2320 ubi
1486 2265 1686 2336 aliquid
1712 2265 1966 2334 contingit
2004 2273 2061 2319 ut

499 2360 697 2413 doleat.
734 2360 883 2412 Dolet
907 2366 959 2413 et
1003 2359 1146 2423 sola,
1189 2359 1429 2427 quamvis
1455 2357 1525 2413 sit
1545 2357 1597 2411 in
1627 2373 1851 2426 corpore
1875 2399 1888 2420 ,
1937 2371 2060 2411 cum

498 2450 674 2518 aliqua
704 2465 862 2504 causa
891 2450 1051 2504 etiam
1097 2449 1346 2504 invisibili
1381 2451 1549 2504 tristis
1577 2459 1659 2504 est
1685 2451 1792 2518 ipsa
1836 2464 2058 2517 corpore

494 2541 928 2596 incolumi.Dolct
949 2543 1106 2595 etiam
1139 2543 1310 2595 nonin
1337 2557 1562 2610 corpore
1585 2542 1865 2596 constituta
1895 2558 1907 2592 :
1936 2556 2056 2594 nam

493 2633 675 2701 utique
701 2632 912 2686 dolebat
930 2633 1076 2686 dives
1097 2633 1184 2685 ille
1208 2633 1343 2701 apud
1367 2633 1582 2698 inferos,
1601 2632 1810 2701 quando
1827 2631 2054 2696 dicebat,

494 2721 699 2777 Crucior
716 2724 765 2775 in
783 2723 877 2774 hac
891 2724 1097 2791 ﬂamma
1115 2722 1262 2790 (Luc.
1285 2739 1393 2788 xvi,
1411 2723 1527 2793 2-4).
1544 2724 1748 2791 Corpus
1768 2731 1942 2775 autem
1961 2736 2058 2775 nec

494 2814 734 2867 exanime
751 2814 911 2874 dolet,
936 2830 1032 2868 nec
1048 2816 1333 2868 animatum
1352 2816 1465 2869 sine
1490 2817 1661 2868 anima
1689 2814 1914 2868 dolet.Si
1932 2829 2057 2883 ergo

491 2919 522 2958 a
551 2905 734 2958 dolore
758 2917 1123 2974 argumentum
1147 2917 1289 2960 recte
1315 2915 1613 2960 sumeretur
1631 2905 1696 2960 ad
1719 2915 1938 2960 mortem
1959 2944 1975 2970 ,
1999 2913 2057 2958 ut

491 2992 612 3047 ideo
640 3009 782 3048 mors
812 2995 976 3063 possit
1001 2994 1262 3061 accidere,
1289 2995 1405 3063 quia
1431 2996 1599 3064 potuit
1619 2995 1860 3049 accidere
1883 3003 1938 3050 et
1961 2993 2060 3048 do-

490 3087 592 3149 lor,
626 3089 790 3156 magis
814 3088 878 3142 ad
906 3089 1136 3143 animam
1164 3091 1449 3157 pertineret
1485 3088 1640 3150 mori,
1663 3089 1727 3141 ad
1758 3102 1913 3156 quam
1945 3103 2055 3139 ma-

489 3179 568 3247 gis
597 3182 822 3248 pertinet
860 3190 914 3236 et
954 3181 1153 3236 dolere.
1184 3184 1314 3235 Cum
1346 3197 1476 3235 vero
1513 3183 1601 3235 illa
1629 3198 1745 3250 qure
1772 3181 1936 3248 magis
1962 3179 2056 3231 do-

489 3268 599 3322 lere
622 3279 814 3338 potest,
847 3288 950 3326 non
981 3274 1146 3340 possit
1175 3274 1330 3335 mori,
1353 3273 1479 3341 quid
1508 3272 1760 3325 momenti
1783 3273 1934 3324 all‘ert
1962 3286 2057 3325 cur

424 3387 430 3398 ι
491 3359 582 3412 illa
619 3375 864 3428 corpora,
909 3366 1158 3430 quoniam
1185 3363 1358 3416 futura
1389 3373 1515 3417 sunt
1541 3363 1593 3415 in
1620 3363 1910 3427 doloribus,
1936 3361 2053 3415 ideo

488 3451 650 3504 etiam
695 3452 950 3506 moritura
995 3467 1113 3506 esse
1155 3452 1473 3507 credamus?
1499 3453 1756 3508 Dixerunt
1795 3453 2004 3522 quidem
2031 3450 2055 3484 ³

489 3541 787 3605 Platonici,
856 3559 921 3598 ex
969 3545 1194 3597 terrenis
1249 3544 1562 3612 corporibus
1619 3543 2052 3606 moribundisqne

487 3625 739 3679 membris
763 3641 880 3680 esse
907 3628 1095 3680 anima:
1121 3636 1174 3680 et
1199 3637 1455 3694 metuere,
1487 3636 1541 3681 et
1568 3642 1781 3695 cupere,
1810 3637 1863 3681 et
1900 3627 2052 3682 dole-

485 3729 563 3780 re,
592 3724 750 3783 atque
769 3717 997 3786 gaudere
1023 3714 1117 3788 (a).
1155 3717 1305 3772 Unde
1345 3718 1612 3787 Virgilius,
1652 3717 1805 3784 Hinc,
1861 3718 2047 3787 inquit,

484 3803 560 3874 (id
601 3813 722 3870 est,
763 3823 826 3860 ex
857 3807 1185 3861 moribundis
1232 3809 1424 3863 terreni
1473 3809 1711 3877 corporis
1755 3809 2049 3877 membris)

484 3907 707 3951 metuunt
735 3901 1059 3970 cupiuntque,
1089 3900 1258 3954 dolent
1286 3902 1599 3972 gaudentque
1624 3900 1858 3970 (zEneid.
1877 3901 1964 3954 lib.
1984 3902 2046 3965 6,

485 4006 615 4045 vers.
649 3993 795 4062 755).
822 3993 925 4047 Sed
949 3994 1277 4048 convicimus
1321 4009 1414 4048 eos
1437 3994 1487 4047 in
1521 4006 1709 4064 quarto
1738 3995 1946 4048 declino
1973 3985 2048 4064 (ὁ)

485 4081 641 4150 hujus
663 4084 836 4150 operis
865 4085 1020 4148 libro,
1047 4084 1242 4138 habere
1267 4085 1470 4139 animas
1497 4084 1785 4140 secundum
1813 4086 1956 4154 ipsos
1984 4085 2051 4140 ab

489 4173 633 4223 omni
660 4173 820 4225 etiam
858 4173 1099 4241 corporis
1126 4174 1242 4227 labe
1278 4182 1546 4244 purgatas,
1576 4175 1748 4228 diram
1789 4175 2049 4243 cupidita-

486 4268 615 4323 tem,
656 4275 757 4328 qua
806 4275 992 4313 rursus
1023 4263 1281 4330 incipiunt
1309 4264 1362 4316 in
1413 4279 1637 4333 corpora
1684 4265 1817 4319 velle
1855 4267 2046 4319 reverti

485 4347 648 4416 (Ibid.
702 4365 829 4402 vers.
859 4350 983 4413 720,
1016 4351 1163 4420 721).
1197 4351 1296 4406 Ubi
1334 4361 1510 4407 autem
1545 4363 1718 4422 potest
1746 4369 1865 4409 esse
1907 4357 2052 4424 cupi-

490 4438 647 4504 ditas,
692 4440 928 4507 profecto
949 4440 1107 4493 etiam
1147 4440 1300 4493 dolor
1336 4451 1526 4508 potest.
1557 4441 1830 4496 Frustrata
1860 4443 2052 4512 quippe

468 4513 744 4599 cupiditas
796 4531 906 4586 sive
955 4547 1060 4585 non
1093 4533 1449 4601 perveniendo
1487 4550 1591 4603 quo
1623 4535 1907 4599 tendebat,
1941 4537 2050 4588 sive

483 4617 775 4676 amittendo
802 4639 906 4692 quo
935 4634 1272 4692 pervenerat,
1303 4626 1527 4696 vertitur
1552 4626 1603 4680 in
1627 4625 1884 4682 dolorem.
1911 4626 2050 4696 Qua-

481 4722 700 4781 propter
728 4714 770 4766 si
799 4715 996 4778 anima,
1030 4731 1148 4783 qua:
1177 4717 1256 4770 vel
1306 4717 1417 4771 sola
1456 4694 1541 4772 vel
1589 4719 1818 4772 maxime
1865 4719 2008 4772 dolet
2031 4760 2047 4781 ,

409 4794 420 4806 ’
481 4803 639 4857 habet
677 4813 850 4859 tamen
905 4805 1188 4875 quamdam
1220 4822 1314 4876 pro
1356 4823 1453 4863 suo
1495 4809 1655 4864 modo
1685 4810 2050 4863 immortalita-

544 5005 565 5070 ξ
579 5005 662 5070 uie
680 5003 802 5065 apud
819 5010 937 5070 t.o__v._
952 5002 1224 5058 addendum
1249 5016 1340 5070 est,
1359 5013 1532 5057 tanien.

695 5073 799 5138 uss.
823 5065 942 5138 bidui
965 5078 1127 5116 autem
1150 5072 1239 5118 huc
1271 5065 1563 5132 ct’proximo
1579 5068 1704 5131 loco,
1730 5085 1815 5134 pro
1838 5079 2040 5138 corpori,

461 5114 556 5165 hab
581 5129 668 5180 'nt,
689 5127 919 5184 corporis.

541 5192 560 5258 ξ
594 5192 706 5258 t-zdtti
733 5190 1072 5258 manuscriptis
1090 5192 1462 5258 dissentientes,
1486 5195 1685 5252 habent,
1711 5195 1924 5258 quidam.

543 5249 715 5319 (τηθίς
743 5249 1021 5319 aristoteles
1062 5254 1113 5319 in
1149 5253 1268 5300 libro
1287 5253 1351 5300 de
1387 5249 1548 5304 Anima
1590 5249 1740 5317 primo
1783 5268 1928 5318 negat
1952 5261 2051 5305 ani-

481 5321 603 5380 main
631 5312 782 5366 irasci,
809 5312 1023 5380 gaudere
1048 5347 1061 5370 ,
1081 5316 1275 5380 timere,
1323 5329 1413 5364 non
1439 5312 1740 5380 secus'quam
1763 5312 1940 5368 texére
1972 5323 2052 5369 vel

483 5369 715 5440 sutilisare
743 5386 752 5417 :
780 5375 1021 5440 quoniam,
1051 5369 1116 5423 rut
1161 5369 1384 5440 lnecagit
1422 5392 1508 5438 per
1553 5369 1742 5440 corpus,
1789 5382 1853 5428 ita
1879 5392 1930 5428 et
1954 5381 2012 5427 illi
2033 5412 2051 5431 .

483 5431 618 5501 Quod
637 5431 672 5476 si
704 5433 792 5501 hoc
814 5433 876 5481 de
904 5440 977 5501 ira
1003 5444 1053 5483 et
1085 5437 1257 5501 gaudio
1280 5431 1586 5501 adtiirit'utmus
1605 5477 1617 5493 .
1640 5431 1858 5501 profecto
1883 5451 1932 5489 et
1963 5442 2048 5489 do-

485 5487 560 5563 lor
581 5493 807 5563 unanima
826 5496 996 5543 eadem
1013 5487 1202 5563 ratione
1224 5499 1527 5563 excludetur,
1549 5487 1699 5563 quem
1722 5487 1770 5550 et
1791 5487 2053 5552 (includunt

488 5552 754 5622 Aristotelis
797 5556 1108 5622 interpretes,
1156 5558 1426 5608 Alexander
1450 5552 1829 5622 Aj.lir}xlisieiisis
1855 5573 1906 5613 et
1929 5565 2051 5612 The-

486 5617 774 5682 tiiistius,_ali
797 5621 949 5664 anima
982 5619 1087 5666 sine
1110 5633 1328 5680 corpore.
1351 5630 1460 5671 Leu.
1488 5617 1640 5671 Vives.

549 5670 621 5744 ψ)
657 5679 676 5714 \
693 5675 789 5744 ind.
812 5686 983 5744 Am._0t
1004 5692 1174 5728 omnes
1197 5670 1323 5738 31st,
1347 5670 1399 5731 in
1419 5670 1716 5737 duodecim.
1765 5691 1939 5744 Lapsus
1983 5697 2054 5736 est.

489 5731 567 5810 vel
601 5737 806 5810 auctoris
824 5739 923 5810 “vel
953 5745 1270 5810 amanuensis
1294 5731 1444 5793 {nam
1486 5731 1936 5796 idwiﬁupt’latou'ieos‘
1955 5731 2055 5810 egit

490 5795 796 5856 Augustinus,
823 5795 907 5846 lib.
949 5799 1022 5854 H,
1048 5811 1180 5858 capp.
1207 5801 1253 5860 5,
1281 5807 1324 5852 5.

1545 428 1633 483 DE
1669 423 1984 481 CIVITATE
2021 419 2151 488 DEI,
2190 421 2248 480 s.
2283 425 2646 506 IAUGUSTINI

3627 429 3722 483 712

2176 543 2280 589 tem
2310 551 2455 591 suam
2478 539 2570 608 (a).
2598 553 2702 593 non
2729 537 2847 594 ideo
2877 539 3012 592 mori
3060 547 3312 608 poterunt
3355 539 3438 593 illa
3467 555 3679 608 corpora
3705 585 3721 608 ,

2169 628 2290 695 quia
2321 628 2594 683 dolebunt.
2641 631 2912 684 Postremo
2954 631 2998 684 si
3024 646 3250 700 corpora
3278 631 3476 685 faciunt
3497 670 3512 694 ,
3541 641 3598 686 ut
3619 635 3724 686 aui-

2169 731 2268 768 mae
2294 717 2526 783 doleant,
2563 737 2655 774 cur
2680 723 2756 774 eis
2777 721 3013 775 dolorem
3052 731 3296 790 possunt,
3337 732 3562 777 mortem
3607 739 3726 778 vero

2167 805 2363 860 inferre
2386 825 2486 861 non
2517 820 2736 876 possunt
2761 851 2774 874 ,
2804 811 2904 863 nisi
2953 812 3076 879 quia
3103 827 3442 879 consequens
3472 829 3576 866 non
3615 823 3724 876 est,

2169 904 2226 947 ut
2267 909 2483 951 mortem
2507 898 2692 962 faciat,
2735 900 2874 968 quod
2895 901 3133 954 dolorem
3165 901 3323 954 facit?
3352 903 3458 956 Cur
3487 918 3612 970 ergo
3649 903 3726 956 in-

2167 985 2422 1041 credibile
2471 1000 2572 1052 est,
2629 991 2694 1042 ita
2749 991 2896 1055 ignes
2974 992 3078 1042 illis
3133 992 3453 1060 corporibus
3492 993 3725 1048 dolorem

2167 1089 2326 1142 posse
2362 1077 2449 1128 inii
2470 1094 2574 1140 rre,
2607 1095 2710 1133 non
2736 1091 2979 1145 mortem,
3006 1081 3142 1133 sicut
3169 1081 3281 1149 ipsa
3307 1096 3532 1150 corpora
3554 1083 3728 1138 dolere

2166 1166 2368 1219 animas
2391 1167 2607 1233 faciunt,
2649 1185 2780 1238 quas
2815 1179 2990 1224 tamen
3041 1185 3146 1223 non
3184 1171 3307 1224 ideo
3339 1173 3474 1224 mori
3505 1174 3726 1242 cogunt?

2167 1255 2280 1309 Non
2318 1266 2398 1310 est
2444 1275 2570 1328 ergo
2612 1261 2973 1315 necessarium
3009 1260 3199 1316 futura:
3233 1266 3424 1314 mortis
3449 1278 3725 1332 argumen-

2164 1353 2273 1398 tum
2301 1346 2470 1400 dolor.

2165 1452 2389 1510 CAPUT
2428 1456 2516 1511 IV.
2555 1487 2626 1498 —
2663 1457 2741 1512 De
2809 1460 3124 1515 naturalibus
3176 1462 3442 1530 exemplis,
3523 1481 3728 1533 quorum

2233 1546 2562 1600 consideratio
2591 1549 2764 1602 doceat
2791 1566 2933 1619 posse
2963 1550 3088 1604 inter
3117 1551 3373 1606 cruciatus
3399 1553 3726 1609 vivontiacor-

2236 1652 2361 1704 pora
2386 1653 2694 1704 permanere.

2234 1750 2287 1803 1.
2327 1751 2655 1821 Quapropter
2680 1753 2744 1817 si,
2771 1753 2862 1807 ut‘
2884 1755 3215 1822 scripserunt
3240 1755 3333 1824 qui
3361 1767 3580 1813 naturas
3618 1761 3727 1814 aui-

2165 1847 2378 1900 malium
2417 1847 2675 1904 curiosius
2727 1849 3072 1921 indagarunt,
3125 1852 3461 1907 salamandra
3505 1853 3559 1906 in
3601 1852 3728 1922 igni-

2163 1939 2260 1993 bus
2284 1940 2519 2004 vivit;ct
2569 1942 2778 2010 quidam
2827 1944 3087 1998 notissimi
3126 1944 3321 1998 Siciliae
3357 1955 3600 2010 montes,
3645 1943 3728 2012 qui

2164 2037 2308 2084 tanta
2350 2030 2692 2087 diuturnitate
2753 2035 3007 2102 temporis
3054 2043 3212 2103 atque
3263 2044 3529 2089 vetustate
3573 2049 3730 2102 usque

2164 2136 2305 2176 nunc
2365 2136 2428 2175 ac
2478 2123 2725 2192 deinceps
2765 2123 2993 2179 ﬂammis
3039 2133 3288 2190 :estuant,
3339 2135 3502 2194 atque
3550 2124 3727 2192 integri

2163 2222 2529 2282 perseverant,
2583 2216 2711 2269 satis
2779 2215 2956 2270 idonei
3005 2226 3168 2271 testes
3219 2226 3378 2282 sunt,
3428 2231 3536 2270 non
3580 2231 3730 2270 omne

2161 2304 2300 2373 quod
2345 2304 2496 2357 ardet
2537 2305 2776 2369 absumi;
2817 2314 2872 2360 et
2919 2307 3090 2360 anima
3138 2307 3371 2371 indicat,
3427 2322 3532 2360 non
3581 2321 3729 2360 omne

2159 2396 2300 2466 quod
2357 2397 2534 2451 dolere
2579 2406 2784 2466 potest,
2826 2413 2982 2466 posse
3033 2399 3190 2452 etiam
3233 2397 3371 2452 mori
3407 2416 3421 2453 :
3469 2397 3595 2467 quid
3640 2397 3727 2450 ad.

2160 2485 2264 2540 huc
2307 2501 2336 2540 a
2363 2489 2514 2542 nobis
2561 2504 2738 2542 rerum
2783 2499 3072 2558 poscuntur
3099 2489 3339 2557 exempla
3363 2530 3378 2551 ,
3429 2489 3620 2557 quibus
3643 2488 3729 2540 do-

2160 2592 2403 2640 ceamus,
2432 2593 2536 2631 non
2585 2594 2703 2633 esse
2751 2579 3080 2645 incredibile,
3109 2589 3166 2632 ut
3216 2579 3496 2634 hominum
3517 2593 3726 2647 corpora

2160 2669 2484 2734 sempiterno
2509 2667 2765 2736 supplicio
2794 2669 3128 2738 punitorum,
3161 2669 3289 2722 etin
3341 2671 3469 2738 igne
3509 2669 3727 2723 animam

2159 2773 2264 2811 non
2295 2759 2570 2824 amittant,
2625 2769 2679 2814 et
2723 2761 2838 2815 sine
2874 2760 3193 2816 detrimento
3231 2761 3494 2824 ardeant,
3523 2769 3578 2816 et
3621 2761 3729 2815 sine

2159 2850 2371 2903 interitu
2417 2851 2667 2906 doleant?
2714 2852 2938 2935 Habebit
2981 2856 3121 2908 enim
3167 2863 3295 2909 tunc
3337 2856 3534 2910 istam’
3565 2857 3727 2910 carnis

2157 2941 2447 2996 substantia
2475 2944 2780 3013 qualitatem
2804 2945 2872 2998 ab
2897 2946 2984 2999 illo
3015 2946 3234 3000 inditam
3256 2987 3271 3012 ,
3298 2948 3393 3014 qui
3441 2958 3547 3002 tam
3577 2949 3727 3002 miras

2158 3043 2212 3086 et
2242 3033 2410 3086 varias
2438 3042 2517 3088 tot
2546 3035 2704 3090 rebus
2756 3036 2977 3102 indidit,
3007 3052 3140 3106 quas
3190 3037 3474 3101 videmus,
3507 3049 3566 3092 ut
3611 3053 3725 3102 eas,

2157 3123 2279 3192 quia
2309 3123 2487 3177 multa:
2513 3134 2670 3186 sunt,
2700 3141 2803 3179 non
2828 3125 3104 3179 miremur.
3137 3126 3268 3193 Quis
3289 3127 3439 3181 enim
3472 3127 3570 3181 nisi
3597 3126 3725 3180 Deus

2155 3223 2364 3268 creator
2389 3215 2620 3269 onmium
2645 3214 2788 3268 dedit
2837 3217 2980 3270 carni
3005 3218 3227 3286 pavonis
3247 3218 3448 3271 mortui
3475 3233 3542 3271 ne
3563 3228 3726 3286 putre-

2157 3305 2366 3360 sceret?
2387 3305 2538 3372 Quod
2566 3322 2684 3360 cum
2707 3306 2937 3362 auditum
2959 3308 3267 3362 incredibile
3288 3309 3583 3370 videretur,
3610 3323 3726 3363 eve-

2154 3397 2229 3450 nit
2256 3404 2313 3450 ut
2336 3396 2472 3464 apud
2492 3395 2859 3466 Carthaginem
2882 3398 3033 3451 nobis
3057 3407 3206 3452 cocta
3227 3409 3595 3468 apponeretur
3622 3398 3726 3451 luce

2152 3485 2293 3541 avis:
2321 3485 2387 3540 de
2410 3484 2559 3554 cujus
2586 3496 2795 3554 pectore
2820 3487 3120 3557 pulparum,
3142 3499 3404 3558 quantum
3432 3490 3603 3543 visum
3631 3498 3725 3550 est,

2151 3577 2456 3647 decerptum
2483 3579 2679 3632 servari
2703 3578 2990 3647 jussimus:
3022 3579 3162 3648 quod
3187 3590 3310 3650 post
3356 3582 3570 3636 dierum
3614 3589 3725 3634 tan-

2152 3676 2262 3724 tum
2292 3669 2516 3737 Spatium
2537 3709 2550 3732 ,
2578 3679 2772 3738 quanto
2796 3669 2897 3723 alia
2923 3685 3049 3723 caro
3080 3686 3434 3740 qumcumquc
3457 3683 3606 3726 cocta
3634 3686 3724 3738 pu-

2152 3765 2437 3823 trcsceret,
2487 3759 2746 3826 prolatum
2781 3769 2936 3828 atque
2983 3759 3247 3828 oblatum,
3295 3762 3433 3816 nihil
3498 3774 3723 3817 nostrum

2152 3849 2371 3905 olfendit
2394 3849 2666 3904 olfactum.
2685 3851 3227 3921 Itemquerepositum
3243 3865 3366 3922 post
3377 3855 3495 3909 dies
3511 3856 3724 3924 amplius

2152 3957 2306 4013 quam
2329 3942 2539 4012 triginta
2558 3981 2573 4006 ,
2597 3943 2733 3996 idem
2757 3943 2894 4012 quod
2917 3953 3030 3998 erat
3050 3945 3320 4000 inventum
3353 3955 3471 4001 est:
3492 3946 3725 4014 idemque

2151 4043 2272 4104 post
2301 4049 2493 4088 annum
2516 4075 2532 4100 ,
2560 4035 2657 4087 nisi
2705 4034 2842 4103 quod
2869 4036 3194 4104 aliquantum
3233 4039 3591 4107 corpulentia:
3630 4039 3724 4092 sic-

2151 4125 2309 4180 ci0ris
2332 4136 2386 4180 et
2413 4127 2781 4180 eoulractioris
2811 4125 2929 4181 fuit.
2957 4128 3086 4194 Quis
3117 4130 3282 4198 palea:
3310 4130 3470 4186 dedit
3497 4132 3579 4186 vel
3627 4139 3722 4184 tam

2151 4216 2390 4287 frigidam
2417 4218 2552 4279 vim,
2578 4227 2634 4270 ut
2659 4219 2875 4272 obrutas
2906 4221 3052 4272 nives
3077 4229 3288 4286 servet;
3315 4222 3407 4276 vel
3467 4233 3573 4277 tam
3627 4220 3724 4275 fcr-

2150 4309 2324 4363 vidam
2347 4351 2362 4374 ,
2392 4319 2447 4363 ut
2466 4324 2620 4378 poma
2648 4311 2922 4363 immatura
2950 4311 3213 4370 maturet?

2220 4398 2272 4452 2.
2318 4401 2392 4453 De
2422 4399 2536 4468 ipso
2564 4400 2682 4468 igne
2706 4403 2837 4453 mira
2863 4401 2982 4469 quis
3037 4403 3298 4468 explicet,
3351 4419 3462 4472 quo
3513 4420 3723 4473 qumque

2150 4493 2336 4547 adusta
2367 4493 2822 4562 nigrescunt,cum
2849 4496 2958 4563 ipse
2976 4499 3044 4549 sit
3068 4497 3295 4562 lucidus;
3314 4507 3370 4552 et
3394 4514 3534 4567 pene
3559 4497 3722 4550 omnia

2151 4598 2270 4652 qua:
2296 4582 2460 4637 ambit
2484 4593 2534 4636 et
2553 4583 2750 4648 lambit,
2783 4586 2962 4640 colore
2992 4587 3408 4655 pulcherrimus’
3439 4590 3719 4650 decolorat,

2151 4680 2308 4740 atque
2336 4687 2401 4726 ex
2429 4687 2591 4740 pruna
2618 4672 2809 4743 fulgida
2839 4677 3122 4730 carbonem
3153 4680 3496 4733 teterrimum
3522 4676 3722 4734 reddit?

2150 4761 2334 4831 Neque
2359 4762 2409 4815 id
2431 4764 2576 4832 quasi
2600 4766 2912 4833 regulariter
2938 4767 3211 4822 definitum
3245 4778 3363 4823 est:
3400 4787 3526 4824 nam
3554 4787 3582 4824 c
3607 4785 3722 4823 cou-

2149 4857 2313 4910 trario
2338 4855 2540 4924 lapides
2578 4856 2696 4924 igne
2745 4857 3002 4912 candente
3039 4863 3306 4928 percocti,
3356 4872 3413 4916 et
3465 4863 3562 4931 ipsi
3604 4861 3723 4914 Πηηῑ

2149 4945 2390 5012 candidi,
2417 4955 2470 5001 et
2495 4948 2731 5016 quamvis
2763 4948 2846 5000 ille
2873 4951 3038 5018 magis
3086 4953 3308 5016 rubeat,
3344 4954 3423 5007 illi
3453 4952 3719 5012 albiecnt‘,

2149 5040 2392 5108 congruit
2413 5050 2587 5094 tamen
2617 5038 2722 5094 luci
2767 5042 2904 5108 quod
2953 5042 3127 5096 allium
3165 5054 3279 5110 est,
3332 5047 3482 5101 sicut
3526 5049 3720 5116 nigrum

2149 5129 2403 5186 tenebris.
2431 5128 2562 5185 Cum
2592 5129 2767 5202 itaque
2795 5133 2929 5202 ignis
2952 5134 3004 5187 in
3034 5133 3189 5204 lignis
3237 5137 3463 5205 ardeat,
3494 5149 3552 5192 ut
3604 5137 3720 5205 lapi-

2215 5326 2232 5356 ¹
2267 5324 2401 5372 Vind.
2430 5333 2524 5372 Am.
2551 5331 2623 5371 ΕΓ.
2651 5333 2703 5372 et
2728 5334 2851 5380 Mss,
2877 5325 3014 5376 sicut.

2215 5389 2234 5416 ι
2267 5389 2352 5433 sic.
2381 5393 2485 5432 Mss.
2514 5387 2628 5434 Filiti
2655 5402 2785 5443 vero,
2814 5387 2919 5435 ista.

2213 5448 2235 5479 ³
2264 5447 2366 5495 Sola
2391 5448 2535 5494 editio
2557 5455 2682 5503 Lov.,
2709 5449 3041 5508 pulcherrimo.

2214 5511 2234 5539 ⁸
2267 5516 2330 5555 Ita
2358 5517 2460 5556 Mss.
2485 5517 2538 5557 At
2562 5511 2694 5566 editi,
2719 5510 2792 5558 illi
2831 5511 2992 5559 albida
3015 5512 3168 5560 colore
3191 5514 3444 5565 nitescunt.

2215 5570 2284 5630 (a)
2318 5577 2414 5617 Non
2437 5572 2562 5618 enim
2585 5572 2646 5618 ita
2666 5572 2943 5620 immortalis
2968 5582 3060 5628 est,
3082 5583 3135 5621 ut.
3154 5584 3396 5624 teternuni
3421 5588 3567 5628 anim
3593 5582 3717 5625 vixe-

2152 5633 2347 5697 rit._nee
2371 5639 2426 5681 ut
2450 5633 2690 5689 exstingui
2715 5633 2843 5697 nulla
2867 5636 2910 5680 vi
2933 5645 3083 5697 quirat
3109 5649 3119 5681 :
3148 5636 3234 5697 sed
3276 5641 3412 5697 quod
3437 5643 3622 5689 condita
3647 5653 3718 5686 se-

2154 5694 2249 5741 mel
2273 5705 2411 5741 anco
2459 5705 2696 5753 nunquam
2720 5695 2783 5742 ita
2822 5695 3019 5755 peribit,
3063 5703 3117 5744 ut
3151 5696 3198 5742 in
3231 5694 3439 5748 nihilum
3468 5709 3626 5751 abeat.
3657 5713 3718 5746 ta-

2153 5764 2290 5823 metsi
2317 5767 2516 5806 mortem
2543 5766 2633 5820 pati
2659 5765 2820 5823 possit,
2853 5780 2992 5825 quant
3029 5768 3289 5816 secundum
3311 5768 3524 5814 aluimus
3555 5763 3722 5824 SUI’l’ll'

2155 5826 2214 5861 cn
2238 5829 2284 5862 in
2307 5829 2595 5875 perpetuum
2619 5825 2847 5874 duraturi.
2876 5835 2982 5875 Leo.
3010 5837 3163 5876 Vives.
