3996 6520
201 385 303 445 713

201 502 297 556 des
320 504 532 569 coquat,
565 493 861 553 contrarios
888 490 1175 553 habetnon
1197 489 1251 545 in
1278 490 1563 546 contrariis
1604 488 1764 546 rebus

198 591 438 647 effectus.
463 588 575 643 Etsi
598 587 739 642 enim
766 584 968 655 lapides
993 592 1050 639 et
1076 582 1214 651 ligna
1230 580 1439 636 diversa
1462 588 1621 648 sunt;
1640 595 1768 635 con-

203 684 363 737 traria
393 692 568 736 tamen
601 693 705 734 non
734 685 890 741 sunt,
918 676 1056 734 sicut
1078 674 1255 728 album
1280 682 1336 729 et
1362 672 1571 741 nigrum
1591 713 1607 739 ,
1637 687 1771 740 quo-

203 789 321 827 rum
351 772 401 826 in
429 770 687 839 lapidibus
708 783 870 822 unum
899 766 1051 832 facit,
1070 764 1293 819 alterum
1320 764 1372 819 in
1391 763 1574 833 lignis,
1596 762 1773 816 clarus

204 865 327 921 illos
352 862 683 925 clariﬁcans,
716 859 832 913 haec
851 857 1167 923 obfuscans;
1203 871 1322 910 cum
1347 856 1401 909 in
1426 855 1530 910 illis
1574 854 1771 908 deﬁce-

206 963 328 1019 ret,
358 954 459 1009 nisi
486 953 538 1007 in
562 952 676 1006 istis
701 950 922 1005 viveret.
953 947 1092 1015 Quid
1134 948 1185 1001 in
1210 946 1527 1001 carbonibus
1549 985 1565 1010 ,
1595 959 1772 999 nonne

206 1044 444 1100 miranda
492 1052 575 1098 est
602 1044 618 1074 ⁸
649 1050 703 1097 et
745 1049 887 1095 tanta
912 1038 1224 1102 inﬁrmitas,
1271 1046 1330 1092 ut
1371 1035 1480 1091 ictu
1502 1036 1773 1091 levissimo

208 1136 535 1206 frangantur,
565 1147 751 1203 pressu
801 1130 1054 1185 facillimo
1105 1134 1482 1190 conterantur;
1527 1133 1580 1181 et
1631 1134 1775 1179 tanta

211 1229 459 1293 ﬁrmitas,
486 1232 544 1279 ut
573 1224 716 1279 nullo
744 1222 969 1276 humore
996 1226 1419 1287 corrumpantur,
1450 1216 1593 1270 nulla
1622 1224 1777 1270 (etate

213 1318 511 1381 vincantur,
542 1328 711 1384 usque
733 1312 868 1367 adeo
890 1317 1050 1365 uteos
1069 1308 1404 1363 substernere
1428 1308 1659 1373 soleant,
1687 1306 1776 1375 qui

212 1409 409 1463 limites
432 1407 625 1476 ﬁgunt,
655 1404 722 1459 ad
747 1400 1166 1458 convincendum
1194 1397 1778 1467 litigatorem,quisquis

211 1506 333 1569 post
357 1496 679 1568 quantalibet
698 1505 935 1562 tempora
957 1490 1241 1554 exstiterit,
1262 1488 1528 1557 ﬁxumque
1550 1487 1777 1557 lapidem

212 1588 435 1643 limitem
480 1603 587 1641 non
630 1600 749 1640 esse
793 1580 1177 1639 contenderit?
1224 1579 1355 1646 Quis
1396 1593 1489 1633 eos
1532 1577 1588 1632 in
1640 1587 1778 1633 terra

212 1678 430 1733 humida
455 1676 681 1731 infossos
705 1716 719 1739 .
749 1676 839 1731 ubi
863 1675 999 1744 ligna
1020 1677 1389 1743 putrescerent
1404 1711 1419 1736 ,
1445 1678 1552 1723 tam
1576 1668 1665 1723 diu
1686 1669 1781 1723 du-

214 1783 339 1823 rare
362 1766 822 1836 incorruptibiliter
842 1778 999 1835 posse
1017 1804 1033 1832 ,
1061 1762 1161 1817 nisi
1188 1775 1369 1817 rerum
1392 1759 1482 1815 ille
1501 1769 1780 1831 corruptor

214 1858 353 1928 ignis
373 1856 548 1912 effecit
578 1855 651 1927 (a)
674 1855 697 1909 Ἰ

286 1950 342 2005 5.
381 1947 689 2003 lntueamur
707 1945 866 2003 etiam
891 1945 1199 2000 miraculum
1225 1941 1387 1999 calcis
1404 1982 1419 2008 ,
1451 1948 1675 2011 excepto
1693 1955 1780 2008 eo,

213 2040 284 2096 de
311 2055 418 2113 quo
432 2040 543 2109 jam
580 2037 709 2093 satis
732 2036 981 2102 diximus,
1011 2034 1153 2105 quod
1195 2034 1314 2104 igne
1356 2030 1656 2098 candicat”,
1677 2044 1783 2100 quo

213 2133 321 2187 alia
370 2140 506 2187 tetra
551 2128 862 2195 redduntur,
915 2128 1075 2183 etiam
1126 2124 1485 2181 occultissime
1546 2124 1615 2180 ab
1664 2123 1786 2193 igne

214 2226 398 2295 ignem
419 2222 684 2291 concipit,
710 2234 936 2289 cumque
959 2218 1069 2288 jam
1107 2216 1261 2287 gleba
1310 2214 1644 2284 tangentibus
1688 2212 1785 2269 fri-

214 2315 341 2386 gida
371 2322 475 2367 tam
497 2311 722 2366 latenter
744 2318 950 2376 servat,
980 2317 1034 2364 ut
1059 2306 1193 2363 nulli
1219 2314 1402 2362 nostro
1427 2304 1608 2361 sensui
1632 2317 1782 2376 pror-

215 2420 311 2463 sus
338 2410 611 2475 appareat,
640 2399 734 2458 sed
758 2408 1058 2471 compertus
1080 2399 1461 2467 experimento,
1481 2396 1639 2450 etiam
1660 2395 1788 2449 dum

217 2511 330 2553 non
354 2501 608 2565 apparet,
654 2492 850 2546 sciatur
894 2490 1068 2545 inesse
1116 2487 1341 2558 sopitus.
1386 2487 1608 2555 Propter
1650 2484 1788 2555 quod

216 2603 341 2645 eam
370 2587 544 2640 vivam
571 2582 769 2638 calcem
790 2582 1076 2651 loquimur,
1105 2579 1251 2634 velut
1290 2578 1403 2647 ipse
1445 2576 1583 2646 ignis
1622 2575 1790 2630 latens

213 2680 400 2735 anima
419 2678 486 2733 sit
505 2674 783 2731 invisibilis
804 2673 1025 2728 visibilis
1042 2670 1301 2740 corporis.
1324 2668 1443 2724 Jam
1463 2683 1590 2723 vero
1634 2682 1790 2737 quam

217 2771 421 2826 mirum
460 2776 540 2823 est
564 2766 705 2837 quod
734 2780 853 2819 cum
888 2762 1254 2833 exstinguitur,
1282 2768 1410 2815 tunc
1456 2758 1792 2815 accenditur?

219 2861 293 2917 Ut
321 2860 466 2915 enim
495 2857 703 2911 occulto
723 2857 843 2933 igne
866 2862 1073 2921 careat,
1096 2851 1254 2922 aqua'
1283 2850 1594 2915 infunditur,
1622 2864 1794 2919 aqua-

217 2969 288 3008 ve
310 2949 680 3023 perfunditur;
706 2955 905 3004 etcum
930 2954 1052 3001 ante
1078 2946 1146 3001 sit
1202 2942 1390 3014 frigida
1408 2983 1425 3012 ,
1447 2942 1571 2997 inde
1621 2940 1795 2996 ferve-

215 3044 358 3107 scit,
385 3040 525 3097 unde
553 3039 809 3095 ferventia
859 3025 1065 3093 cuncta”
1090 3036 1394 3106 frigescunt.
1423 3032 1579 3088 Velut
1622 3030 1797 3100 exspi-

219 3143 383 3191 rante
424 3146 551 3203 ergo
597 3132 684 3186 illa
710 3129 860 3201 gleba
906 3127 1183 3183 discedens
1230 3126 1385 3196 ignis,
1427 3120 1543 3195 qui’
1567 3123 1794 3190 latebat,

215 3234 479 3299 apparet,
534 3238 597 3278 ac
619 3222 813 3278 deinde
846 3229 1096 3290 tanquam
1119 3227 1290 3273 morte
1309 3216 1331 3248 ⁸
1356 3216 1434 3271 sic
1469 3215 1656 3285 frigida
1680 3223 1795 3281 est,

215 3328 279 3374 ut
306 3314 516 3385 adjecta
543 3313 681 3368 unda
709 3328 815 3367 non
842 3312 911 3366 sit
934 3325 1116 3365 arsura
1136 3350 1151 3374 ,
1177 3316 1235 3363 et
1258 3320 1417 3378 quam
1462 3306 1662 3362 calcem
1706 3321 1799 3361 voc

214 3410 480 3465 cabamus
512 3404 683 3458 vivam
703 3442 718 3468 ,
749 3416 997 3457 vocemus
1027 3401 1363 3456 exstinctam.
1394 3398 1530 3464 Quid
1554 3406 1637 3453 est
1661 3396 1800 3466 quod

214 3499 349 3554 huic
376 3494 632 3550 miraculo
656 3491 776 3546 addi
801 3506 957 3561 posse
980 3489 1254 3544 videatur?
1273 3496 1327 3543 et
1361 3498 1536 3542 tamen
1570 3487 1798 3541 additur.

213 3589 359 3645 Nam
389 3587 435 3641 si
460 3600 567 3639 non
589 3582 841 3638 adhibeas
862 3595 1052 3651 aquam
1070 3620 1086 3646 ,
1112 3578 1204 3633 sed
1230 3578 1433 3643 oleum,
1457 3576 1599 3647 quod
1630 3576 1799 3644 magis

211 3681 403 3736 fomes
423 3684 506 3731 est
528 3675 695 3745 ignis,
718 3673 862 3727 nulla
917 3670 1031 3740 ejus
1058 3666 1360 3739 perfusione
1404 3667 1487 3722 vel
1541 3664 1804 3720 inlusione

207 3766 481 3827 fervescit
501 3765 597 3837 (ὁ).
613 3763 723 3819 Hoc
749 3761 1058 3818 miraculum
1086 3760 1131 3815 si
1153 3758 1220 3813 de
1243 3758 1419 3827 aliquo
1433 3756 1612 3811 Indico
1633 3754 1805 3826 lapide

212 3864 549 3934 legeremus,
570 3858 681 3912 sive
708 3855 1031 3917 audiremus,
1050 3852 1170 3906 etin
1197 3856 1436 3904 nostrum
1463 3847 1802 3917 experimen-

216 3964 340 4010 tum
390 3950 572 4006 venire
627 3962 733 4002 non
787 3954 997 4016 posset,
1053 3939 1292 4011 profecto
1335 3946 1425 3992 aut
1466 3937 1804 3992 mendacium

218 4055 543 4120 putaremus
563 4080 579 4107 ,
610 4048 701 4093 aut
729 4046 873 4092 certe
920 4034 1190 4104 granditer
1216 4030 1549 4085 miraremur.
1573 4028 1806 4095 Quarum

218 4153 359 4195 vero
385 4149 565 4190 rerum
582 4141 704 4187 ante
723 4130 907 4185 oculos
924 4135 1133 4181 nostros
1149 4124 1449 4195 quotidiana
1490 4123 1808 4178 documenta

215 4234 535 4290 versantur,
566 4238 671 4276 non
696 4235 892 4291 genere
913 4220 1087 4273 minus
1113 4216 1373 4283 mirabili,
1401 4214 1492 4269 sed
1523 4214 1635 4284 ipsa
1676 4214 1808 4268 assi-

217 4322 438 4377 duitate
461 4314 759 4377 vilescunt,
785 4312 856 4365 ita
892 4319 950 4365 ut
988 4325 1051 4364 ex
1080 4308 1192 4378 ipsa
1229 4306 1377 4361 lndia
1398 4346 1411 4370 ,
1441 4320 1558 4375 qua:
1603 4313 1809 4360 remota

216 4420 309 4467 est
341 4421 472 4478 pars
498 4404 685 4460 orbisa
713 4400 865 4456 nobis
889 4442 904 4469 ,
928 4399 1242 4454 desierimus
1285 4396 1539 4451 nonnulla
1592 4396 1809 4463 mirari,

216 4517 348 4574 quae
365 4497 439 4552 ad
460 4511 558 4550 nos
588 4502 871 4565 potuerunt
892 4490 1127 4545 miranda
1153 4489 1392 4560 perduci.

295 4593 356 4646 4.
404 4586 754 4643 Adamantem
797 4582 1024 4652 lapidem
1067 4581 1219 4634 multi
1260 4579 1401 4650 apud
1444 4593 1542 4633 nos
1584 4577 1809 4642 habent,

216 4696 277 4739 et
306 4679 553 4737 maxime
579 4675 822 4730 auriﬁces
846 4674 1286 4742 insignitoresque
1311 4686 1637 4741 gemmarum
1656 4713 1672 4737 ,
1724 4670 1812 4739 qui

218 4775 369 4844 lapis
414 4783 517 4823 nec
552 4768 726 4832 ferro,
766 4779 864 4818 nec
896 4764 1005 4833 igni
1050 4762 1142 4834 (c),
1173 4777 1270 4816 nec
1299 4762 1401 4815 alia
1444 4763 1493 4814 vi
1520 4761 1623 4814 ulla
1645 4800 1660 4825 ,
1693 4776 1814 4830 per-

219 4867 458 4922 hibetur
486 4868 678 4931 prreter
706 4858 726 4889 ⁸
754 4856 961 4910 hircino
990 4854 1247 4923 sanguine
1274 4852 1410 4907 vinci
1442 4852 1541 4922 (ά).
1574 4852 1678 4907 Sed
1723 4852 1812 4921 qui

291 5041 309 5071 ι
351 5036 499 5095 editi,
545 5044 696 5083 nonne
732 5025 958 5080 miranda
1004 5038 1082 5076 res
1119 5029 1206 5076 est.
1255 5023 1414 5081 Abest,
1462 5033 1556 5081 res,
1598 5033 1623 5069 a
1647 5034 1813 5070 manu-

218 5099 448 5164 σαὶριβ-
625 5163 630 5164 ν
655 5161 684 5164 _

290 5148 432 5209 Fsic
452 5164 557 5207 Mss.
586 5163 641 5204 At
655 5153 790 5213 Editi,
810 5148 1083 5201 candescat.

291 5226 315 5258 ³
351 5219 495 5281 Apud
509 5226 638 5281 I.ov.,
656 5226 812 5277 aqum.

286 5287 314 5318 δ
350 5272 435 5330 Er.
462 5272 846 5340 Lugd.'et_'ven.,
882 5277 1105 5340 tmtquam
1126 5274 1326 5318 mortua.
1423 5272 1477 5313 Μ.

291 5350 316 5381 ⁸
353 5345 437 5392 sic
460 5338 563 5388 Mss.
591 5338 707 5386 Edili
730 5348 865 5394 vero,
890 5339 1227 5396 prazterquam.

294 5426 376 5490 (a)
417 5422 620 5490 Samius,
639 5419 797 5490 nthi
818 5414 1167 5490 ﬁliustprimus
1200 5403 1818 5490 mnsmuiggrbgnesnfu‘n:

222 5469 489 5541 (lenientis
510 5469 678 5543 tem'pli
706 5477 922 5543 Ephesia
947 5469 1124 5523 'Iiiauze
1166 5471 1351 5533 subjici.
1398 5469 1511 5517 vide
1554 5469 1819 5529 Diogenem

224 5538 510 5603 Laeuium,
534 5538 629 5590 lib."
645 5542 692 5601 2,
715 5538 867 5603 (10;.
888 5544 1121 5603 L_A_ncmtn.

320 5595 379 5665 ιὶῇ
414 5595 1209 5665 Corif.l‘linii:i_n,lih.33,cap.§0.
1304 5653 1332 5665 η
1468 5659 1478 5665 _
1628 5654 1637 5664 ν

320 5611 352 5660 b
414 5610 547 5654 conf.
568 5610 785 5659 Plinium,
801 5610 885 5646 un.
908 5610 988 5657 oo,
1011 5610 1113 5658 cap.
1132 5610 1209 5644 ou.
1553 5653 1562 5662 .

295 5610 378 5733 £0;
422 5666 620 5714 Adamas
642 5662 824 5733 positus
844 5661 895 5707 in
917 5660 1107 5707 vasculo
1130 5653 1361 5719 liquandis
1384 5652 1592 5704 metallis
1626 5650 1817 5712 idoneo,

228 5739 282 5787 in
304 5725 505 5782 i’u'mum
525 5725 1039 5787 evanescitauggrmn.

302 5792 392 5859 (ά)
428 5787 565 5836 Conl'.
590 5787 728 5845 Plin.,
764 5784 845 5832 lib.
870 5783 950 5841 57,
967 5796 1071 5843 cap.
1099 5782 1171 5830 l5.

463 5868 737 5927 PATROL.
777 5860 930 5922 XL].

1302 372 1505 429 LIBER
1541 370 1901 433 VIGESIMUS
1936 375 2204 436 PRIMUS.

3341 388 3443 447 7M

1875 510 1997 551 eum
2018 494 2213 551 habent
2230 503 2387 566 atque
2410 504 2688 564 noverunt,
2707 498 2960 569 numquid
2986 498 3054 554 ita
3082 500 3364 569 mirantur,
3382 516 3444 561 ut

1874 584 1930 639 hi
1947 585 2136 655 quibus
2154 586 2376 654 primum
2404 588 2633 656 potentia
2650 588 2762 657 ejus
2782 590 3108 645 ostenditur?
3125 591 3329 659 Quibus
3342 609 3442 649 au-

1875 684 1984 731 tem
2014 691 2119 731 non
2138 676 2451 743 ostenditur,
2478 677 2697 733 fortasse
2722 694 2820 733 nec
2843 679 3101 747 credunt;
3129 691 3221 737 aut
3244 683 3290 737 si
3316 699 3436 740 cre-

1875 765 2038 833 dunt,
2066 766 2336 835 inexperta
2357 766 2646 831 mirantur;
2673 776 2728 822 et
2773 769 2820 823 si
2849 771 3129 840 contigerit
3168 774 3399 843 experiri
3421 813 3439 839 ,

1876 858 2047 912 adhuc
2069 856 2283 927 quidem
2304 857 2559 912 mirantur
2586 859 2797 913 insolita
2817 899 2831 924 ,
2854 860 2946 915 sed
2968 862 3247 917 assiduitas
3274 878 3441 934 expe-

1876 947 2048 1003 riendi
2069 948 2318 1017 paulatim
2338 948 2601 1003 subtrahit
2620 948 2984 1006 admirationis
3012 953 3432 1010 incitamentum.

1876 1038 2169 1110 Magnetem
2197 1039 2425 1109 lapidem
2460 1041 2705 1095 novimus
2734 1044 3027 1099 mirabilem
3059 1044 3184 1100 ferri
3213 1061 3331 1102 esse
3357 1063 3437 1102 ra-

1878 1138 2083 1199 ptorem
2103 1149 2116 1185 :
2132 1131 2271 1201 quod
2296 1134 2646 1202 cumprimum
2669 1134 2802 1199 vidi,
2820 1135 3162 1192 vehementer
3181 1139 3439 1195 inhorrui.

1874 1216 2081 1292 Quippe
2105 1224 2386 1278 cernebam
2411 1239 2440 1277 a
2463 1223 2637 1293 lapide
2663 1224 2888 1279 ferreum
2947 1228 3193 1281 annulum
3233 1240 3443 1297 raptum

1877 1324 2035 1385 atque
2062 1329 2375 1386 suSpensum
2399 1332 2414 1379 ;
2442 1315 2633 1371 deinde
2655 1323 2898 1386 tanquam
2926 1316 3065 1371 ferro
3093 1318 3233 1387 quod
3255 1335 3439 1389 rapuec

1880 1415 1994 1473 rat,
2052 1408 2156 1461 vim
2211 1407 2445 1461 dedisset
2492 1422 2678 1472 suam,
2712 1422 3151 1478 communemque
3192 1409 3442 1477 fecisset,

1880 1498 2018 1552 idem
2046 1497 2270 1553 annulus
2289 1497 2535 1553 admotus
2562 1506 2643 1553 est
2666 1498 2854 1564 alteri,
2884 1512 3110 1567 eumque
3135 1500 3444 1568 suspendit,

1881 1608 2040 1669 atque
2092 1609 2147 1653 ut
2197 1599 2290 1654 ille
2335 1599 2482 1669 prior
2507 1600 2689 1670 lapidi,
2719 1602 2796 1655 sic
2830 1602 2963 1657 alter
3012 1601 3242 1657 annulus
3283 1603 3448 1672 priori

1882 1691 2076 1744 annulo
2123 1690 2467 1746 cohaerebat:
2518 1692 2744 1746 accessit
2785 1692 2973 1747 eodem
3005 1692 3179 1748 ‘modo
3228 1695 3443 1759 tertius,

1881 1781 2103 1836 accessit
2129 1790 2185 1837 et
2202 1790 2453 1850 quartus,
2476 1781 2693 1851 jamque
2739 1783 2840 1838 sibi
2869 1799 2965 1852 per
3008 1793 3186 1838 mutua
3238 1785 3448 1841 circulis

1882 1870 2067 1934 nexis,
2095 1883 2201 1925 non
2224 1869 2614 1940 implicatorum
2641 1872 2979 1939 intrinsecus,
3007 1874 3102 1929 sed
3122 1875 3449 1930 extrinsecus

1882 1958 2262 2014 adhaerentium
2286 1999 2303 2026 ,
2334 1961 2484 2029 quasi
2508 1969 2696 2015 catena
2747 1962 3075 2031 pependerat
3109 1965 3449 2019 annulorum.

1883 2048 2011 2116 Quis
2038 2049 2193 2103 istam
2216 2049 2322 2104 vim
2350 2048 2539 2118 lapidis
2560 2064 2664 2104 non
2686 2059 2957 2120 stuperet,
2987 2066 3105 2121 qua:
3124 2053 3200 2108 illi
3224 2069 3329 2109 non
3358 2070 3451 2110 so-

1886 2138 1993 2194 lum
2023 2140 2225 2204 inerat,
2254 2155 2438 2196 verum
2459 2142 2621 2196 etiam
2646 2156 2742 2211 per
2767 2151 2845 2196 tot
2876 2157 3132 2212 suspensa
3161 2145 3450 2215 transibat,

1885 2240 1939 2286 et
1964 2231 2310 2287 invisibilibus
2332 2246 2396 2287 ea
2420 2233 2644 2287 vinculis
2670 2233 3003 2305 subligabat?
3028 2236 3134 2292 Sed
3160 2240 3329 2294 multo
3369 2250 3457 2295 est

1886 2322 2207 2389 mirabilius,
2234 2323 2374 2394 quod
2402 2338 2431 2378 a
2455 2324 2621 2381 fratre
2646 2334 2700 2380 et
2752 2327 3069 2396 coepiscopo
3088 2342 3208 2383 meo
3250 2328 3454 2384 Severo

1889 2412 2192 2471 Milevitano
2216 2415 2285 2471 de
2314 2417 2418 2471 isto
2448 2415 2622 2485 lapide
2648 2417 2904 2485 comperi.
2932 2417 3002 2472 Se
3022 2417 3193 2487 ipsum
3222 2433 3452 2490 namque

1890 2506 2090 2561 vidisse
2116 2508 2382 2573 narravit,
2418 2507 2863 2577 quemadmodum
2886 2508 3233 2563 Bathanarius
3283 2523 3455 2579 quon-

1891 2595 2013 2651 dam
2058 2596 2250 2652 Comes
2300 2596 2524 2661 Africaa,
2578 2611 2699 2652 cum
2724 2598 2863 2668 apud
2915 2613 3037 2653 eum
3085 2599 3457 2654 convivaretur

1892 2686 2218 2755 EpiscOpus,
2251 2686 2497 2742 eumdem
2529 2687 2807 2755 protulerit
2834 2687 3060 2758 lapidem
3082 2730 3097 2755 ,
3142 2696 3198 2743 et
3225 2690 3461 2744 tenuerit

1895 2777 1995 2832 sub
2017 2786 2277 2848 argento,
2319 2777 2626 2849 ferrumque
2671 2793 2831 2848 super
2871 2788 3146 2850 argentum
3190 2782 3455 2851 posuerit;

1894 2868 2087 2924 deinde
2135 2869 2272 2924 sicut
2298 2870 2485 2926 subter
2530 2871 2776 2925 movebat
2802 2885 3047 2937 manum,
3098 2886 3203 2942 qua
3232 2872 3461 2942 lapidem

1898 2961 2131 3027 tenebat,
2152 2961 2221 3015 ita
2246 2961 2446 3017 ferrum
2468 2961 2696 3032 desuper
2721 2964 3049 3026 movebatur,
3071 2972 3228 3034 atque
3245 2974 3464 3034 argento

1898 3052 2073 3108 medio
2110 3051 2346 3123 nihilque
2391 3053 2661 3123 patiente,
2708 3054 3127 3109 concitatissimo
3177 3069 3335 3109 cursu
3400 3069 3467 3109 ac

1900 3158 2116 3198 recursu
2143 3143 2276 3198 infra
2301 3143 2435 3213 lapis
2458 3143 2525 3198 ab
2550 3143 2765 3199 homine
2784 3184 2800 3209 ,
2831 3159 2989 3214 supra
3010 3144 3209 3199 ferrum
3226 3144 3468 3213 rapieba-

1901 3242 1987 3287 tur
2013 3248 2045 3287 a
2067 3233 2261 3303 lapide.
2288 3234 2405 3288 Dixi
2428 3233 2569 3303 quod
2598 3234 2713 3304 ipse
2754 3235 3045 3304 conspexi,
3070 3234 3179 3291 dixi
3226 3234 3365 3303 quod
3400 3234 3469 3288 ab

1902 3323 1994 3378 illo
2013 3323 2225 3391 audivi,
2247 3324 2332 3378 cui
2363 3333 2613 3394 tanquam
2645 3324 2760 3394 ipse
2804 3325 3027 3380 viderim
3069 3324 3289 3380 credidi.
3333 3324 3471 3392 Quid

1903 3416 2063 3470 etiam
2088 3416 2156 3471 de
2180 3417 2280 3470 isto
2310 3424 2555 3485 magnete
2577 3416 2799 3486 legerim
2851 3415 3045 3470 dicam.
3076 3414 3297 3482 Quando
3322 3417 3471 3484 juxta

1903 3520 2025 3560 eum
2074 3506 2286 3575 ponitur
2334 3506 2570 3572 adamas,
2600 3522 2705 3561 non
2732 3507 2870 3576 rapit
2903 3505 3143 3572 ferrum;
3173 3514 3227 3561 et
3267 3504 3315 3560 si
3366 3504 3473 3574 jam

1905 3607 2185 3667 rapuerat,
2215 3606 2274 3652 ut
2296 3598 2345 3652 ei
2388 3599 2926 3667 appropinquaverit,
2975 3613 3100 3653 mox
3147 3597 3367 3652 remittit
3396 3596 3471 3667 (a)

1908 3690 2052 3743 India
2072 3689 2233 3743 mittit
2256 3688 2352 3743 bos
2376 3688 2607 3757 lapides:
2633 3689 2726 3743 sed
2755 3689 2800 3742 si
2826 3703 2920 3744 eos
2950 3702 3049 3741 nos
3087 3687 3328 3756 cognitos
3361 3686 3475 3757 jam

1907 3780 2211 3838 desistimus
2235 3781 2491 3835 admirari
2517 3820 2531 3845 ,
2555 3790 2754 3851 quanto
2782 3781 2951 3850 magis
2977 3782 3055 3835 illi
3079 3795 3108 3834 a
3155 3780 3347 3850 quibus
3379 3794 3470 3833 ve-

1908 3862 2093 3937 niunt,
2120 3873 2163 3927 si
2189 3886 2283 3926 eos
2310 3872 2587 3927 facillimos
2635 3872 2866 3937 habent,
2896 3873 2974 3927 sic
3018 3871 3239 3926 forsitan
3277 3869 3478 3924 habent

1909 3973 1966 4018 ut
1994 3978 2090 4017 nos
2109 3963 2311 4018 calcem
2331 4002 2347 4029 ,
2374 3977 2531 4032 quam
2562 3963 2698 4017 miro
2723 3963 2883 4018 modo
2907 3977 3043 4033 aqua
3066 3962 3475 4025 fervescentem,

1909 4070 2011 4124 qua
2038 4053 2174 4109 solet
2202 4054 2338 4123 ignis
2367 4054 2649 4124 exstingui,
2675 4062 2730 4108 et
2757 4053 2876 4109 oleo
2916 4069 3024 4108 non
3071 4053 3476 4117 ferveseentem,

1911 4160 2015 4214 quo
2038 4145 2173 4199 solet
2201 4145 2337 4213 ignis
2367 4144 2582 4200 accendi
2608 4185 2625 4211 ,
2652 4144 2774 4215 quia
2804 4143 2856 4198 in
2889 4153 3133 4215 promptu
3174 4141 3326 4197 nobis
3352 4150 3435 4197 est
3460 4181 3478 4207 ,

1912 4250 2019 4289 non
2047 4234 2337 4288 miramur?

1913 4322 2135 4380 CAPUT
2165 4323 2230 4379 γ.
2258 4350 2331 4363 -ι
2355 4324 2556 4389 Quanta
2579 4325 2676 4378 sint
2704 4341 2917 4395 quorum
2936 4326 3064 4378 ratio
3092 4331 3299 4393 nequeat
3326 4339 3484 4392 agno-

1984 4418 2054 4470 sci
2085 4417 2122 4480 ¹,
2152 4426 2201 4469 et
2225 4424 2390 4469 tamen
2417 4417 2592 4470 eadem
2611 4432 2727 4470 vera
2755 4432 2859 4469 esse
2882 4432 2981 4470 non
3009 4416 3075 4469 sit
3103 4415 3409 4484 ambiguum.

1985 4509 2036 4561 l.
2059 4506 2429 4560 Verumtamen
2456 4505 2698 4560 homines
2719 4504 2976 4569 inﬁdeles,
3003 4505 3093 4573 qui
3122 4506 3141 4534 ²
3165 4518 3284 4557 cum
3307 4504 3483 4556 divina

1914 4599 1997 4652 vel
2040 4598 2303 4667 praeterita
2343 4596 2427 4650 vel
2456 4594 2633 4649 futura
2674 4594 2926 4647 miracula
2958 4592 3335 4661 praedicamus,
3367 4607 3484 4661 qua:

1917 4689 2021 4743 illis
2052 4686 2370 4758 experienda
2411 4700 2517 4739 non
2550 4684 2786 4739 valemus
2820 4682 3097 4737 ostendere
3126 4722 3140 4743 ,
3170 4681 3425 4734 rationem
3455 4695 3485 4733 a

1918 4781 2068 4836 nobis
2094 4794 2274 4834 earum
2302 4776 2541 4847 ﬂagitant
2567 4791 2765 4839 rerum;
2785 4789 2940 4844 quam
2960 4773 3206 4842 quoniam
3233 4788 3335 4824 non
3363 4786 3488 4839 pos-

1918 4885 2101 4927 sumus
2122 4868 2344 4923 reddere
2366 4866 2651 4939 (excedunt
2669 4866 2809 4918 enim
2830 4865 2966 4918 vires
2987 4865 3179 4915 mentis
3198 4861 3487 4928 humanm),

1919 4961 2221 5016 existimant
2250 4957 2381 5011 falsa
2404 4970 2523 5011 esse
2543 4970 2660 5025 qua:
2682 4954 2905 5007 dicrmus
2925 4969 2939 5018 ;
2963 4952 3060 5020 ipsi
3085 4950 3152 5005 de
3180 4958 3255 5004 tot
3275 4949 3492 5002 mirabi-

1920 5052 2056 5105 libus
2086 5050 2263 5113 rebus,
2288 5063 2419 5118 quas
2443 5048 2528 5101 vel
2553 5046 2730 5100 videre
2757 5057 3040 5115 possumus
3060 5082 3074 5107 ,
3097 5042 3181 5097 vel
3208 5040 3450 5094 videmus
3474 5080 3490 5106 ,

1921 5143 2115 5197 debent
2162 5141 2385 5196 reddere
2425 5139 2703 5193 rationem.
2735 5135 2887 5203 Quod
2933 5135 2978 5190 si
3024 5134 3139 5189 ﬁeri
3182 5134 3250 5188 ab
3277 5132 3491 5186 homine

1922 5252 2029 5290 non
2072 5248 2227 5305 posse
2266 5230 2615 5302 perviderint,
2653 5227 2922 5283 fatendum
2962 5236 3043 5281 est
3076 5226 3154 5280 eis
3178 5265 3194 5291 ,
3225 5238 3332 5278 non
3373 5222 3491 5276 ideo

1922 5327 2118 5396 aliquid
2143 5338 2247 5379 non
2274 5322 2435 5378 fuisse
2459 5363 2475 5387 ,
2501 5320 2585 5375 vel
2607 5318 2843 5373 futurum
2870 5332 2979 5370 non
3019 5330 3138 5371 esse
3156 5356 3171 5379 ,
3195 5314 3316 5383 quia
3345 5313 3485 5367 ratio

1990 5526 2006 5556 ³
2041 5522 2223 5572 mulus
2237 5522 2405 5582 capitis
2419 5519 2571 5581 quinti
2588 5517 2782 5566 vitiatus
2798 5527 2850 5563 1n
2869 5519 2982 5563 ante
3002 5511 3160 5582 editis
3176 5524 3253 5582 εις.
3270 5509 3494 5582 habebat:

1926 5591 2107 5647 quanta
2128 5583 2228 5647 sint,
2256 5580 2363 5643 qua:
2383 5580 2477 5630 non
2508 5586 2637 5629 recte
2677 5582 2850 5640 queant
2885 5580 3093 5637 agnosci.
3136 5580 3397 5635 castigatur
3437 5582 3500 5619 ex

1925 5645 2160 5698 manuscri
2167 5645 2276 5706 ptis.

1990 5710 2013 5739 ε
2044 5713 2111 5754 na
2131 5700 2238 5753 n'ss.
2265 5710 2320 5751 Αι
2342 5703 2487 5759 editi,
2511 5700 2696 5764 quibus.

1996 5767 2067 5838 ῳ)
2101 5767 2290 5823 Plinius.
2315 5764 2397 5816 nn.
2422 5765 2500 5825 sv,
2519 5762 2625 5828 cap.
2649 5762 2720 5812 ιδ.

2744 5842 3230 5921 (Viam—troia.)
