3996 6542
529 420 629 475 715

530 532 651 585 inde
690 544 797 582 non
844 532 1020 596 potest
1058 514 1682 588 reddi;quandoquidem
1722 519 1847 568 sunt
1890 510 1991 565 ista
2029 509 2096 564 de

528 622 719 691 quibus
739 614 983 670 similiter
1006 626 1110 667 non
1139 615 1332 680 potest.
1356 605 1470 661 Non
1490 606 1664 673 itaque
1688 616 1849 674 pergo
1870 614 1965 670 per
1984 599 2098 668 plu-

530 712 662 766 rima
687 723 804 779 qua:
832 704 1076 760 mandata
1096 708 1219 757 sunt
1232 698 1441 762 litteris,
1464 711 1569 751 non
1588 704 1733 765 gesta
1753 702 1911 763 atque
1927 700 2100 744 trans-

528 814 645 857 acta
668 841 681 865 ,
708 798 803 854 sed
832 799 883 852 in
912 794 1045 851 locis
1070 793 1364 863 quibusque
1391 787 1694 850 manentia;
1723 800 1829 855 quo
1869 785 1913 837 si
1949 781 2097 851 quis-

531 908 687 963 quam
710 892 787 945 ire
807 887 1033 943 voluerit
1051 896 1104 940 et
1129 882 1391 954 potuerit,
1419 888 1595 933 utrum
1621 891 1745 931 vera
1770 875 1896 938 sint,
1919 873 2100 941 explo-

532 986 669 1039 t‘abit
694 1024 710 1049 ,
742 980 837 1036 sed
876 993 1041 1050 pauca
1070 986 1452 1031 commemoro.
1481 968 1879 1039 Agrigentinum
1908 964 2099 1019 Sicilire

532 1078 698 1131 salem
730 1073 1010 1143 perhibent
1041 1088 1053 1122 :
1082 1083 1201 1123 cum
1236 1065 1391 1120 fuerit
1422 1062 1665 1117 admotus
1689 1059 1793 1129 igni
1818 1100 1832 1124 ,
1864 1057 2008 1112 velut
2046 1056 2100 1109 in

532 1186 667 1238 aqua
716 1166 1000 1223 ﬁuescere;
1026 1175 1144 1215 cum
1190 1172 1318 1211 vero
1368 1154 1468 1224 ipsi
1506 1166 1655 1222 aqum
1678 1191 1693 1217 ,
1725 1149 1868 1204 velut
1900 1148 1951 1202 in
1982 1147 2123 1230 igne_

532 1259 792 1327 crepitare
813 1254 909 1326 (α).
930 1250 1080 1321 Apud
1102 1249 1448 1305 Garamantas
1470 1242 1752 1314 quemdam
1778 1241 1975 1293 fontem
1996 1248 2103 1292 tam

535 1348 785 1418 frigidum
810 1344 1017 1407 diebus,
1048 1350 1105 1393 ut
1126 1354 1229 1393 non
1256 1336 1485 1399 bibatur;
1517 1344 1621 1387 tam
1651 1330 1910 1386 fervidum
1973 1341 2108 1383 noc—

536 1442 677 1493 tibus
701 1478 717 1504 ,
744 1444 807 1492 ut
831 1450 935 1490 non
964 1442 1207 1501 tangatur
1232 1426 1325 1500 (b).
1353 1426 1410 1480 ln
1435 1425 1596 1494 Epiro
1616 1423 1779 1476 alium
1803 1420 2022 1482 fontem,
2051 1419 2105 1472 in

536 1545 643 1598 quo
669 1528 831 1591 faces,
849 1531 906 1578 ut
930 1524 983 1576 in
1008 1519 1236 1582 creteris,
1254 1517 1657 1584 exstinguuntur
1680 1525 1957 1575 aeceusze;
1989 1507 2104 1570 sed,

538 1634 644 1672 non
666 1626 723 1671 ut
740 1618 791 1669 in
810 1613 1039 1671 caeteris,
1054 1608 1413 1665 accenduntur
1432 1604 1704 1660 exstincta:
1726 1601 1821 1673 (c).
1846 1601 2109 1655 Asbeston

537 1706 780 1762 Arcadiae
800 1703 1029 1773 lapidem
1056 1708 1337 1769 propterea
1364 1696 1442 1750 sic
1465 1693 1667 1758 vocari,
1689 1689 1829 1761 quod
1855 1702 2111 1743 accensus

538 1799 705 1854 semel
727 1798 837 1865 jam
866 1811 972 1849 non
1002 1793 1166 1865 possit
1186 1788 1446 1859 exstingui
1471 1786 1570 1858 (ά).
1589 1785 1815 1854 Lignum
1839 1782 2112 1851 cujusdam

540 1892 672 1943 ticus
695 1886 978 1957 Egyptim,
1009 1898 1113 1937 non
1144 1890 1201 1935 ut
1238 1880 1377 1950 ligna
1407 1886 1598 1932 cmtera
1632 1880 1685 1928 in
1718 1873 1869 1942 aquis
1892 1882 2073 1926 natare
2097 1910 2111 1934 ,

539 1981 634 2036 sed
695 1978 898 2048 mergi;
942 1985 998 2030 et
1040 1974 1182 2044 quod
1226 1981 1310 2027 est
1350 1967 1681 2032 mirabilius,
1721 1980 1844 2020 cum
1901 1964 1957 2018 iu
2009 1964 2115 2016 imo

540 2074 842 2145 aliquandiu
885 2069 1081 2132 fuerit,
1108 2065 1231 2121 inde
1267 2064 1333 2119 ad
1379 2075 1529 2131 aqua:
1558 2058 1889 2128 superﬁciem
1932 2070 2117 2111 rursus

540 2177 812 2233 emergere
834 2202 849 2228 ,
881 2158 1091 2229 quando
1117 2154 1466 2211 madefactum
1496 2149 1678 2206 debuit
1716 2147 1954 2203 humoris
1983 2162 2116 2216 pon-

539 2258 669 2311 dcre
694 2251 1010 2324 praegravari
1046 2248 1135 2321 (ε).
1166 2248 1328 2301 Poma
1356 2245 1409 2298 in
1439 2253 1579 2299 terra
1605 2240 1955 2298 Sodomorum
1976 2238 2118 2309 gigni

540 2348 773 2419 quidem,
792 2356 847 2401 et
870 2344 936 2399 ad
958 2340 1275 2397 maturitatis
1303 2338 1489 2393 faciem
1511 2335 1808 2406 pervenire;
1824 2332 1918 2388 sed
1939 2345 2120 2386 morsu

541 2452 794 2509 pressuve
836 2442 1071 2499 tentata,
1104 2433 1157 2487 in
1205 2430 1407 2486 fumum
1443 2444 1508 2483 ac
1541 2425 1773 2482 favillam
1817 2425 1963 2479 corio
2001 2422 2120 2477 fati-

540 2538 723 2583 scente
738 2541 1023 2583 vanescere
1042 2522 1128 2596 (Γ).
1143 2524 1376 2595 Pyritem
1398 2518 1629 2590 lapidem
1643 2517 1910 2572 Persicum
1934 2524 2120 2569 tenen-

541 2623 610 2676 tis
635 2634 846 2675 manum
875 2659 889 2682 ,
916 2618 961 2671 si
986 2614 1353 2671 vehementius
1380 2620 1684 2684 prematur,
1715 2607 1966 2673 adurere,
1997 2620 2122 2675 pro-

542 2726 660 2785 pter
688 2712 829 2782 quod
858 2712 924 2765 ab
961 2710 1082 2780 igne
1108 2721 1305 2762 nomen
1336 2704 1540 2774 accepit
1569 2702 1667 2776 (g).
1698 2701 1757 2755 ln
1783 2698 1967 2756 eadem
1997 2698 2124 2753 Per-

542 2809 656 2863 side
682 2807 823 2878 gigni
853 2807 1012 2861 etiam
1042 2803 1271 2872 lapidem
1300 2801 1611 2865 Selenitem,
1640 2796 1790 2866 cujus
1815 2793 2123 2849 interiorem

542 2900 833 2955 candorem
872 2912 993 2952 cum
1031 2896 1155 2951 luna
1198 2908 1439 2949 crescere
1474 2900 1633 2960 atque
1672 2887 1901 2944 deﬁcere
1934 2885 2037 2955 (It).
2066 2882 2123 2937 In

543 2987 877 3060 Cappadocia
900 2988 1061 3042 etiam
1092 2993 1250 3039 vento
1269 2998 1433 3053 equas
1460 2980 1743 3049 concipere
1762 3019 1776 3043 ,
1797 2977 2125 3045 eosdemque

543 3083 683 3136 fetus
725 3094 832 3134 non
876 3077 1104 3147 amplius
1138 3074 1371 3130 triennio
1398 3073 1579 3127 vivere
1603 3070 1686 3143 (ξ).
1718 3069 1887 3140 Tylon
1918 3069 1935 3098 ί
1966 3065 2126 3120 Indiae

548 3172 777 3227 insulam
804 3184 871 3225 eo
894 3168 1130 3239 prteferri
1157 3166 1365 3223 creteris
1386 3162 1576 3229 terris,
1605 3160 1750 3232 quod
1774 3160 1947 3214 omnis
1969 3157 2127 3211 arbor

543 3279 662 3334 quae
691 3264 744 3317 in
773 3277 837 3318 ea
863 3261 1127 3333 gignitur,
1156 3272 1426 3329 nunquam
1462 3254 1691 3311 nudatur
1712 3250 1941 3321 tegmine
1975 3247 2127 3303 folio-

544 3373 661 3411 rum
684 3355 784 3425 (It).

616 3446 675 3503 2.
716 3447 790 3501 De
817 3445 902 3498 his
932 3452 1091 3512 atque
1118 3441 1238 3495 aliis
1258 3436 1730 3493 innumerabilibus
1756 3431 2084 3488 mirabilibus
2108 3472 2122 3497 ,

545 3554 664 3607 quae
692 3537 910 3591 historia
938 3550 1045 3589 non
1068 3533 1328 3587 factorum
1358 3520 1415 3585 et
1440 3537 1825 3583 transactorum
1848 3565 1863 3591 ,
1887 3524 1980 3579 sed
2010 3538 2125 3577 ma-

546 3628 784 3683 nentium
823 3626 1063 3680 locorum
1094 3631 1277 3689 tenet,
1307 3620 1436 3676 mihi
1474 3627 1650 3674 autem
1686 3616 1831 3671 aliud
1858 3615 2034 3686 agenti
2063 3629 2126 3668 ea

549 3717 795 3789 persequi
822 3717 979 3771 nimis
1004 3716 1219 3785 longum
1248 3721 1350 3779 est,
1377 3710 1603 3766 reddant
1621 3709 1903 3773 rationem,
1931 3705 1977 3760 si
2006 3718 2130 3774 pos-

546 3821 691 3875 sunt,
714 3809 952 3865 infideles
977 3808 1087 3874 isti,
1111 3806 1201 3877 qui
1223 3805 1411 3860 nolunt
1434 3801 1627 3857 divinis
1648 3798 1864 3855 Litteris
1885 3797 2127 3859 credere;

549 3904 672 3974 quid
696 3904 834 3957 aliud
856 3916 1013 3972 quam
1030 3915 1133 3954 non
1150 3906 1397 3970 putantes
1417 3909 1508 3949 eas
1526 3908 1646 3949 esse
1661 3892 1883 3956 divinas,
1905 3904 1969 3944 eo
1985 3888 2127 3958 quod

548 4008 634 4048 res
673 3993 905 4047 habeant
949 3988 1321 4052 incredibiles,
1363 3986 1517 4041 sicuti
1549 3984 1650 4037 hoc
1688 3990 1772 4037 est
1813 3980 1952 4034 unde
1989 3993 2131 4033 nunc

552 4085 781 4153 agimus.
812 4081 926 4135 Non
966 4080 1107 4135 enim
1134 4078 1399 4143 admittit,
1422 4075 1697 4144 inquiunt,
1720 4071 1829 4125 ulla
1865 4069 2004 4124 ratio
2026 4109 2041 4133 ,
2073 4077 2131 4121 ut

548 4188 673 4227 earo
700 4172 898 4234 ardeat,
926 4186 1026 4225 nec
1049 4170 1377 4232 absumatur;
1406 4166 1599 4227 doleat,
1633 4177 1805 4231 neque
1830 4161 2125 4214 moriatur:

548 4262 955 4317 ratiocinatores
977 4260 1222 4313 videlicet
1250 4257 1461 4327 magni,
1490 4255 1579 4324 qui
1605 4253 1670 4308 de
1699 4251 1947 4323 omnibus
1971 4250 2129 4305 rebus

548 4365 681 4421 quas
698 4365 817 4404 esse
841 4349 1107 4403 mirabiles
1122 4356 1351 4411 constat,
1376 4344 1582 4414 possint
1597 4342 1823 4397 reddere
1843 4341 2125 4394 rationem.

550 4440 791 4495 Reddant
818 4454 945 4508 ergo
973 4438 1042 4492 de
1074 4437 1158 4491 his
1196 4435 1298 4506 (ι),
1322 4449 1440 4503 qua:
1475 4447 1641 4502 pauca
1680 4430 1980 4501 posuimus,
2011 4444 2129 4498 qua

548 4534 731 4604 procul
758 4531 919 4587 dubio
946 4531 991 4584 si
1021 4545 1139 4584 esse
1166 4527 1469 4591 nescirent,
1501 4533 1556 4578 et
1584 4538 1646 4577 ea
1683 4523 1857 4576 futura
1886 4537 2008 4576 esse
2045 4521 2126 4575 di-

547 4616 811 4688 c'ercmus,
832 4623 998 4676 multo
1026 4623 1201 4676 minus
1221 4618 1518 4682 crederent,
1543 4630 1700 4685 quam
1727 4612 1867 4683 quod
1892 4626 2034 4666 nunc
2051 4611 2132 4666 di-

548 4718 789 4771 centibus
801 4716 953 4770 nobis
969 4715 1152 4768 nolunt
1165 4711 1382 4767 credere
1397 4706 1679 4779 aliquando
1695 4703 2131 4770 venturum.Quis

548 4811 690 4863 enim
714 4824 893 4862 eorum
922 4807 1075 4861 nobis
1102 4804 1346 4859 crederet
1369 4843 1382 4865 ,
1408 4803 1486 4868 si,
1509 4796 1954 4870 quemadmodum
1993 4796 2127 4850 diei-

550 4917 667 4956 mus
696 4900 867 4954 futura
893 4899 1164 4953 hominum
1190 4896 1307 4948 viva
1328 4906 1575 4961 corpora,
1602 4904 1720 4959 qua:
1742 4902 1953 4956 semper
1975 4901 2129 4940 arsu-

612 5060 627 5127 ξ
664 5055 917 5127 insana
934 5050 1294 5127 .Thr'en;

631 5119 681 5176 (ι)
716 5113 907 5176 Plinius,
933 5114 1019 5163 lib.
1048 5114 1128 5173 ‘51,
1148 5113 1313 5175 cap.7.

634 5176 682 5238 ὁ)
716 5179 781 5227 td.
817 5177 902 5227 lib.
924 5177 973 5238 ὅ,
998 5188 1104 5238 cap.
1128 5176 1177 5238 5.

632 5235 680 5298 οἱ
713 5239 779 5288 td.
816 5238 901 5298 lib.
927 5237 974 5291 2,
995 5235 1102 5298 cap.
1122 5235 1230 5298 £03,
1255 5247 1319 5283 ex
1344 5240 1516 5294 Pompo

673 5303 691 5365 )
728 5301 793 5365 Id.
813 5297 904 5365 in).
932 5299 1017 5365 ξι,
1041 5296 1249 5365 cap._10.

634 5359 683 5420 e)’
718 5363 787 5411 ld.
813 5360 898 5409 lib.
924 5360 1001 5420 15,
1026 5371 1131 5420 cap.
1157 5359 1207 5420 Ἰ.

1252 5416 1385 5485 Βειιρ
1426 5415 1553 5475 Jud.,
1577 5427 1681 5477 cap.
1706 5413 1769 5475 8;
1792 5412 1995 5485 Solinus,
2020 5422 2124 5472 cap.

554 5478 643 5540 Ei;
664 5478 872 5542 ‘I‘acitu's,
896 5478 983 5531 lib.
998 5482 1031 5531 5
1062 5482 1201 5537 Hist.,
1220 5493 1323 5541 cap.
1348 5480 1397 5527 7.

614 5544 688 5600 (ο)
714 5543 905 5600 Plinius,
931 5542 1015 5592 lib.
1033 5543 1230 5600 36,cap.
1260 5541 1337 5600 i9,
1357 5548 1397 5589 el

1519 5232 1597 5279 uio
1613 5230 1751 5289 Mela,
1771 5230 1858 5282 lib.
1881 5230 1929 5291 ἓ,
1954 5240 2058 5289 cap.
2076 5226 2124 5275 5.

618 5603 689 5669 (μμ)
713 5603 884 5673 munt».
908 5606 986 5661 37,
1013 5616 1118 5709 car.
1143 5603 1218 5652 10.
1540 5662 1548 5671 ,
1760 5660 1769 5669 ⁸

618 5662 905 5781 ξέ)53ἶῖἓξῗε,
930 5678 1035 5772 (iani).
1058 5665 1138 5772 1
1176 5664 1293 5712 vide
1307 5660 1704 5774 filiamlplllilllt'ﬂ,
1738 5657 1821 5707 hb.
1847 5657 1895 5729 8_,
1916 5654 2123 5766 cartha:

863 5736 921 5781 ts,
996 5739 1031 5773 ).
1086 5758 1133 5781 -,
1167 5738 1272 5781 cap.
1372 5761 1382 5771 .
1408 5730 1471 5781 “ty
1492 5735 1546 5773 os
1568 5736 1643 5771 ins
1695 5734 1722 5770 a
1748 5728 1824 5770 est
1845 5732 1979 5771 smus
2048 5730 2101 5767 er

614 5721 693 5809 εις)
729 5721 921 5783 Plinius,
946 5721 1031 5773 lib.
1058 5724 1133 5782 12,
1167 5738 1272 5787 cap.
1307 5726 1382 5774 11.
1408 5722 1546 5785 "nios
1568 5721 1722 5771 insula
1748 5728 1824 5770 est
1845 5723 1979 5771 sinus
2014 5725 2127 5767 Per-

556 5797 674 5905 υἷϊ)
706 5841 929 5904 ειὼτιιιάἱ,
948 5842 1193 5894 rationem.

636 5537 639 5540 ’
714 5537 905 5602 Plinius,
931 5542 1015 5592 lib.
1033 5543 1182 5601 36,ca
1219 5577 1230 5589 .
1260 5537 1337 5600 f9,
1357 5548 1408 5589 et
1420 5537 1507 5587 lib.
1524 5539 1604 5597 37,
1627 5549 1734 5600 cap.
1762 5537 1838 5586 Η.

636 5546 777 5663 ἕξω,
802 5603 986 5661 nus-1,
1013 5616 1118 5663 cap.
1143 5556 1218 5652 id).
1520 5660 1545 5663 ,ν
1592 5661 1599 5663 _

1570 400 1658 455 DE
1696 396 2009 454 CIVITATE
2050 394 2182 463 DEI,
2222 394 2279 462 S,
2319 395 2680 453 AUGUSTlNl

3681 398 3780 453 716

2207 524 2266 563 ra
2294 518 2451 580 atque
2477 508 2723 576 dolitura,
2744 522 2843 564 nec
2861 516 3037 566 tamen
3055 507 3344 580 aliquando
3368 507 3630 565 moritura
3649 510 3777 575 sint,

2200 599 2271 653 ita
2300 598 2596 655 diceremus
2620 599 2675 653 in
2701 597 2877 654 futuro
2901 603 3099 655 saeculo
3123 600 3358 655 futurum
3383 600 3550 655 salem
3572 642 3588 665 ,
3618 616 3775 670 quem

2198 687 2398 744 faceret
2422 690 2555 759 ignis
2579 690 2726 744 velut
2749 689 2801 743 in
2831 704 2964 759 aqua
2990 689 3249 745 ﬂuescere
3268 732 3284 757 ,
3313 690 3670 760 eumdemque
3695 689 3777 743 fa-

2199 789 2345 833 ceret
2385 794 2519 849 aqua
2571 779 2717 834 velut
2767 780 2819 833 in
2867 780 2987 850 igne
3023 782 3315 850 crepitare;
3372 791 3469 836 aut
3537 779 3777 835 futurum

2202 870 2421 938 fontem,
2451 869 2602 939 cujus
2639 884 2769 940 aqua
2814 870 2868 924 in
2916 868 3191 940 refrigerio
3232 870 3403 925 noctis
3435 870 3514 925 sic
3563 871 3772 938 ardeat,

2202 971 2259 1016 ut
2283 976 2389 1016 non
2419 962 2585 1033 possit
2622 962 2793 1033 tangi;
2822 962 2877 1016 in
2902 962 3116 1017 aestibus
3140 976 3269 1017 vero
3297 962 3401 1018 diei
3440 962 3519 1017 sic
3561 963 3737 1032 algeat
3758 1005 3773 1028 ,

2206 1061 2261 1106 ut
2286 1052 2393 1107 bibi
2423 1066 2526 1107 non
2547 1053 2745 1122 possit;
2773 1060 2863 1107 aut
2887 1051 3116 1107 futurum
3145 1051 3397 1123 lapidem,
3427 1054 3508 1108 vel
3534 1067 3659 1108 eum
3687 1054 3777 1123 qui

2204 1157 2302 1197 suo
2328 1144 2506 1199 calore
2534 1159 2747 1198 manum
2785 1144 3196 1215 constringentis
3224 1144 3506 1210 adureret,
3540 1145 3624 1201 vel
3653 1160 3775 1200 eum

2206 1235 2295 1305 qui
2325 1234 2688 1306 undecumque
2715 1251 2966 1291 accensus
2986 1237 3247 1307 exstingui
3268 1238 3484 1292 omnino
3512 1252 3619 1293 non
3652 1253 3780 1307 pos-

2207 1334 2304 1391 set,
2334 1335 2387 1380 et
2410 1334 2601 1382 caetera
2629 1342 2746 1398 qua:
2771 1326 3138 1397 praetermissis
3166 1328 3285 1382 aliis
3311 1328 3602 1383 innumeris
3627 1343 3779 1383 com-

2209 1417 2551 1471 memoranda
2595 1416 2805 1472 interim
2842 1416 3143 1473 duxiiﬂatc
3183 1434 3311 1488 ergo
3337 1420 3390 1473 in
3426 1420 3517 1474 illo
3539 1419 3778 1482 saculo,

2209 1507 2349 1577 quod
2375 1507 2607 1563 futurum
2631 1516 2733 1574 est,
2764 1509 2809 1563 si
2837 1508 3133 1565 diceremus
3159 1510 3331 1565 futura
3355 1551 3371 1577 ,
3403 1510 3666 1580 nobisque
3696 1510 3778 1563 in-

2210 1596 2411 1651 creduli
2453 1596 2866 1666 responderent,
2897 1597 2954 1653 Si
2980 1598 3142 1653 vultis
3183 1608 3240 1654 ut
3278 1614 3341 1653 ea
3365 1598 3648 1654 credamus
3672 1640 3687 1662 ,
3718 1598 3779 1654 de

2211 1687 2429 1757 singulis
2467 1686 2671 1742 reddite
2710 1688 2968 1743 rationem
3001 1705 3015 1742 :
3045 1703 3142 1743 nos
3172 1703 3275 1743 non
3301 1703 3459 1759 posse
3496 1688 3780 1742 conﬁtere-

2214 1792 2352 1841 mur,
2381 1792 2444 1832 eo
2467 1777 2606 1847 quod
2636 1777 2751 1831 istis
2779 1787 2833 1832 et
2856 1778 3113 1833 similibus
3135 1778 3229 1831 Dei
3254 1778 3401 1832 miris
3421 1777 3677 1846 cperibus
3703 1778 3781 1831 in-

2216 1868 2364 1922 ﬁmia
2390 1870 2689 1924 mortalium
2714 1870 3042 1925 ratiocinatio
3063 1871 3395 1934 vinceretur;
3424 1868 3580 1923 ﬁxam
3605 1878 3780 1923 tamen

2216 1959 2354 2027 apud
2383 1973 2481 2014 nos
2524 1974 2642 2015 esse
2682 1960 2972 2025 rationem,
3003 1975 3107 2015 non
3144 1961 3260 2015 sine
3297 1960 3505 2013 ratione
3528 1958 3782 2029 Omnipo-

2218 2056 2414 2104 tentem
2440 2048 2642 2116 facere,
2666 2050 2807 2105 unde
2830 2051 3034 2105 animus
3062 2050 3323 2105 humanus
3352 2050 3597 2105 inﬁrmus
3624 2053 3781 2106 ratio

2219 2154 2340 2195 nem
2382 2155 2491 2195 non
2518 2150 2693 2211 potest
2731 2143 2990 2197 reddere:
3017 2150 3071 2197 et
3104 2142 3155 2195 in
3179 2142 3362 2196 multis
3386 2142 3602 2212 quidem
3630 2144 3784 2200 rebus

2219 2231 2476 2286 incertum
2503 2232 2657 2287 nobis
2681 2248 2799 2288 esse
2822 2233 2948 2304 quid
2974 2234 3126 2299 velit;
3156 2232 3287 2288 illud
3308 2242 3482 2288 tamen
3512 2248 3636 2290 esse
3676 2250 3787 2291 cer-

2222 2323 2502 2387 tissimum,
2529 2323 2658 2377 nihil
2686 2338 2868 2379 eorum
2893 2324 2969 2377 illi
2994 2339 3114 2379 esse
3138 2324 3461 2393 impossibile
3482 2366 3500 2391 ,
3523 2340 3791 2395 quaecum-

2222 2429 2324 2484 que
2368 2414 2634 2470 voluerit:
2663 2414 2817 2486 eique
2857 2430 2955 2470 nos
2995 2414 3214 2471 credere
3253 2416 3562 2485 pratdieenti
3586 2458 3602 2485 ,
3634 2432 3789 2488 quem

2223 2519 2395 2575 neque
2451 2506 2828 2576 impotentem,
2879 2522 3049 2576 neque
3104 2507 3447 2562 mentientem
3509 2523 3791 2579 possumus

2223 2596 2462 2653 credere.
2502 2596 2566 2651 Hi
2606 2606 2782 2652 tamen
2826 2597 2945 2652 ﬁdei
2989 2596 3433 2666 reprehensores,
3487 2608 3794 2652 exactores-

2224 2705 2328 2759 que
2376 2688 2627 2754 rationis,
2657 2688 2782 2759 quid
2830 2690 2897 2743 ab
2947 2689 3042 2742 ista
3079 2687 3442 2758 respondent,
3495 2688 3567 2743 de
3606 2690 3795 2759 quibus

2225 2782 2359 2835 ratio
2399 2779 2549 2835 reddi
2588 2780 2657 2834 ab
2693 2779 2906 2835 homine
2942 2795 3048 2833 non
3084 2787 3367 2849 potest,et
3418 2790 3594 2835 tamen
3641 2793 3796 2848 sunt,

2227 2878 2279 2924 et
2319 2870 2419 2939 ipsi
2463 2870 2656 2924 rationi
2685 2879 2885 2925 natura:
2914 2870 3154 2924 videntur
3183 2885 3303 2926 esse
3334 2872 3650 2925 contraria?
3677 2873 3797 2939 Qu:

2225 2962 2271 3017 si
2300 2961 2469 3015 futura
2493 2976 2612 3017 esse
2638 2961 2969 3035 diceremus,
2998 2962 3239 3017 similiter
3263 2978 3295 3017 a
3333 2963 3521 3031 nobis,
3546 2962 3689 3018 sicut
3721 2979 3797 3019 eo-

2226 3067 2344 3106 rum
2387 3067 2506 3121 quae
2549 3050 2724 3106 futura
2765 3066 2887 3107 esse
2923 3051 3180 3119 dicimus,
3212 3052 3280 3106 ab
3317 3052 3627 3108 inﬁdelibus
3671 3056 3797 3108 ratio

2226 3128 2553 3216 posceretur.
2585 3146 2663 3200 Ac
2693 3160 2788 3215 per
2812 3147 2913 3200 hoc
2935 3187 2949 3212 ,
2978 3160 3096 3199 cum
3134 3146 3186 3199 in
3217 3146 3409 3201 talibus
3433 3148 3690 3217 operibus
3711 3148 3797 3203 Dei

2228 3238 2439 3294 deﬁciat
2474 3238 2610 3292 ratio
2637 3236 2813 3292 cordis
2853 3248 2907 3292 et
2946 3239 3206 3293 sermonis
3242 3237 3501 3306 humani,
3525 3240 3666 3294 sicut
3708 3242 3797 3293 ista

2230 3346 2334 3385 non
2357 3331 2477 3385 ideo
2503 3346 2606 3384 non
2636 3338 2794 3398 sunt,
2818 3331 2895 3385 sic
2917 3344 3023 3387 non
3050 3330 3168 3385 ideo
3188 3331 3346 3386 etiam
3369 3331 3456 3386 illa
3478 3348 3585 3387 non
3613 3342 3797 3395 emat,

2228 3423 2477 3560 quatiam
2518 3422 2653 3477 ratio
2695 3421 2760 3477 de
2813 3422 3049 3492 utrisque
3091 3422 3161 3477 ab
3206 3422 3424 3479 homine
3476 3439 3586 3477 non
3634 3434 3800 3494 potest

2230 3522 2289 3560 re
2366 3523 2402 3559 ι.

2230 3522 2402 3561 1⁵8001.

2230 3615 2454 3672 CAPUT
2474 3615 2560 3669 Vl.
2583 3644 2655 3656 —
2676 3615 2823 3684 Quod
2846 3631 2945 3668 non
2962 3615 3131 3668 omnia
3144 3615 3388 3668 miracula
3408 3616 3668 3668 naturalia
3688 3616 3801 3675 sint,

2301 3709 2387 3762 sed
2411 3710 2647 3780 pleraque
2673 3708 2893 3760 humano
2920 3705 3120 3777 ingenio
3141 3705 3446 3774 modiﬁcata,
3469 3706 3710 3775 pleraque
3726 3722 3802 3757 au-

2302 3809 2399 3851 tem
2428 3798 2715 3851 dwmonum
2741 3805 2846 3850 arte
2872 3797 3170 3866 composita.

2304 3914 2356 3968 l.
2395 3912 2494 3967 Hic
2538 3913 2671 3967 forte
2713 3910 3099 3982 respondeant,
3124 3910 3351 3965 Prorsus
3376 3925 3477 3965 nec
3507 3910 3610 3965 ista
3650 3920 3802 3975 sunt,

2232 4021 2331 4063 nec
2354 4007 2455 4060 ista
2481 4004 2767 4070 credimus,
2802 4002 2930 4057 falsa
2952 4003 3019 4058 de
3047 4002 3129 4057 his
3156 4002 3320 4066 dicta,
3351 4004 3480 4057 falsa
3512 4006 3802 4073 conscripta

2231 4105 2465 4164 sunt;et
2500 4096 2751 4167 adjiciant
2791 4093 3165 4150 ratiocinantes
3187 4136 3201 4159 ,
3234 4103 3394 4165 atque
3440 4095 3718 4159 dicentes,
3750 4097 3803 4150 Si

2230 4189 2353 4245 talia
2382 4188 2643 4244 credenda
2676 4197 2830 4254 sunt,
2871 4185 3073 4242 credite
3114 4195 3167 4241 et
3194 4200 3290 4240 vos
3319 4185 3457 4255 quod
3502 4187 3555 4240 in
3595 4187 3805 4241 easdem

2231 4280 2434 4335 litteras
2459 4289 2537 4334 est
2563 4279 2786 4333 relatum
2806 4320 2821 4346 ,
2849 4276 3011 4332 fuisse
3034 4276 3117 4331 vel
3146 4290 3267 4331 esse
3292 4275 3559 4346 quoddam
3589 4277 3805 4331 Veneris

2230 4372 2429 4438 fanum,
2457 4380 2612 4439 atque
2641 4369 2712 4425 ibi
2740 4368 3138 4432 candelabrum,
3160 4376 3216 4421 et
3239 4367 3290 4420 in
3321 4381 3385 4421 eo
3410 4364 3688 4421 lucernam
3710 4368 3805 4420 sub

2231 4462 2354 4517 divo
2376 4462 2452 4515 sic
2470 4460 2766 4527 ardentem,
2794 4466 2851 4512 ut
2868 4472 2985 4511 eam
3016 4456 3161 4510 nulla
3185 4463 3493 4526 tempestas,
3511 4456 3687 4510 nullus
3712 4458 3805 4509 im-

2232 4554 2328 4607 ber
2354 4551 2733 4620 exstingueret,
2766 4547 2907 4602 unde
2935 4546 3073 4601 sicut
3098 4547 3186 4602 ille
3211 4546 3347 4615 lapis
3372 4588 3387 4613 ,
3419 4546 3491 4600 ita
3519 4546 3621 4599 ista
3652 4553 3804 4613 λῦχτος

2230 4648 2466 4707 ἄσϐεστος,
2486 4640 2537 4693 id
2558 4648 2660 4706 est,
2684 4639 2903 4692 lucerna
2924 4636 3388 4705 inexstinguibilis,
3412 4636 3683 4689 nominata
3704 4648 3800 4690 est.

2231 4732 2379 4799 Quod
2412 4741 2690 4800 propterea
2716 4736 2963 4799 poterunt
2998 4725 3176 4782 dicere
3203 4766 3219 4793 ,
3247 4734 3305 4780 ut
3332 4726 3687 4796 respondendi
3710 4742 3804 4781 ne.

2230 4826 2313 4881 bis
2353 4823 2621 4894 angustias
2664 4822 2907 4893 ingeram
2938 4838 2952 4875 :
2981 4820 3101 4890 quia
3132 4819 3176 4873 si
3218 4818 3510 4873 dixerimus
3546 4835 3657 4872 non
3692 4832 3803 4871 esse

2232 4915 2553 4971 credendum
2579 4955 2593 4979 ,
2626 4914 2824 4984 scripta
2850 4913 2938 4968 illa
2964 4911 3340 4967 miraculorum
3380 4910 3803 4971 inﬁrmabimus;

2231 5008 2276 5061 si
2305 5016 2483 5062 autem
2514 5006 2836 5061 credendum
2862 5018 2980 5059 esse
3008 5003 3450 5067 concesserimus,
3480 5001 3807 5057 conﬁrmabr

2178 5136 2185 5144 ι
2231 5114 2350 5153 nius
2376 5098 2587 5152 numina
2615 5111 2956 5167 paganorum.
2979 5095 3084 5149 Sed
3106 5110 3204 5149 nos
3228 5135 3241 5157 ,
3273 5096 3407 5149 sicut
3427 5094 3537 5163 jam
3578 5096 3634 5148 iu
3677 5095 3808 5148 libro

2229 5190 2659 5261 duodevigesimo
2675 5188 2828 5258 hujus
2843 5188 3017 5257 operis
3027 5186 3135 5241 dixi
3156 5186 3411 5257 (capJS),
3430 5199 3539 5239 non
3554 5184 3807 5240 habemus

2231 5298 2452 5339 necesse
2475 5282 2653 5338 omnia
2668 5280 2886 5336 credere
2907 5294 3026 5348 quze
3045 5278 3286 5332 continet
3312 5278 3531 5331 historia
3551 5278 3805 5347 gentium,

2231 5390 2350 5429 cum
2370 5383 2443 5427 “et
2474 5371 2574 5442 ipsi
2611 5372 2750 5425 inter
2788 5384 2848 5425 se
2881 5368 3155 5431 historici,
3181 5368 3320 5421 sicut
3339 5368 3412 5420 ait
3435 5366 3641 5431 Varro,
3665 5368 3807 5437 quasi

2231 5466 2349 5520 data
2410 5478 2571 5532 opera
2614 5470 2669 5516 et
2710 5460 2859 5531 quasi
2910 5475 2976 5513 ex
3042 5457 3303 5513 industria
3350 5473 3447 5528 per
3502 5460 3671 5513 multa
3705 5458 3809 5512 dis-

2230 5555 2500 5618 sentiant;
2528 5552 2623 5607 sed
2646 5566 2707 5605 ea
2727 5592 2740 5617 ,
2774 5551 2817 5604 si
2847 5549 3089 5604 volumus
3106 5590 3121 5614 ,
3147 5548 3418 5605 credimus
3444 5566 3562 5620 quae
3589 5566 3691 5605 non
3718 5550 3809 5602 ad-

2232 5655 2509 5701 versantur
2542 5642 2690 5696 libris
2715 5682 2729 5707 ,
2753 5640 2943 5710 quibus
2973 5654 3078 5693 non
3103 5639 3415 5694 dubitamus
3445 5651 3693 5710 oportere
3716 5654 3811 5693 nos

2233 5733 2469 5791 credere.
2502 5733 2576 5786 De
2616 5731 2700 5784 his
2737 5739 2911 5784 autem
2950 5730 3330 5783 miraculorum
3374 5730 3545 5795 locis,
3574 5730 3729 5784 nobis
3754 5730 3814 5783 ad

2239 5843 2302 5884 ea
2337 5840 2455 5897 qua:
2500 5823 2674 5880 futura
2701 5822 3019 5893 persuadere
3046 5820 3340 5878 incredulis
3383 5823 3668 5893 volumus,
3694 5823 3816 5878 satis
