  <div class='ocr_page' id='page_1' title='image "/cluster/home/n/w/nwhite01/storage/ocr_20150623/40-41/uc1.31175026811482/1062.png"; bbox 0 0 3996 6526; ppageno 0'>
   <div class='ocr_carea' id='block_1_1' title="bbox 201 437 303 493">
    <p class='ocr_par' dir='ltr' id='par_1_1' title="bbox 201 437 303 493">
     <span class='ocr_line' id='line_1_1' title="bbox 201 437 303 493; baseline -0.049 1"><span class='ocrx_word' id='word_1_1' title='bbox 201 437 303 493; x_wconf 78' lang='lat' dir='ltr'><strong>&#39;ll&#39;l</strong></span> 
     </span>
    </p>
   </div>
   <div class='ocr_carea' id='block_1_2' title="bbox 199 531 1771 611">
    <p class='ocr_par' dir='ltr' id='par_1_2' title="bbox 199 531 1771 611">
     <span class='ocr_line' id='line_1_2' title="bbox 199 531 1771 611; baseline -0.012 -8"><span class='ocrx_word' id='word_1_2' title='bbox 199 548 285 603; x_wconf 85' lang='lat' dir='ltr'><strong>illa</strong></span> <span class='ocrx_word' id='word_1_3' title='bbox 319 544 626 611; x_wconf 90' lang='lat' dir='ltr'><strong>sufﬁciunt,</strong></span> <span class='ocrx_word' id='word_1_4' title='bbox 654 554 773 611; x_wconf 68' lang='lat' dir='ltr'><strong>qua:</strong></span> <span class='ocrx_word' id='word_1_5' title='bbox 798 553 895 595; x_wconf 90' lang='lat' dir='ltr'><strong>nos</strong></span> <span class='ocrx_word' id='word_1_6' title='bbox 928 550 1167 607; x_wconf 88' lang='lat' dir='ltr'><strong>quosque</strong></span> <span class='ocrx_word' id='word_1_7' title='bbox 1194 548 1477 606; x_wconf 85' lang='lat' dir='ltr'><strong>possumus</strong></span> <span class='ocrx_word' id='word_1_8' title='bbox 1502 531 1771 603; x_wconf 84' lang='lat' dir='ltr'><strong>experiri,</strong></span> 
     </span>
    </p>
   </div>
   <div class='ocr_carea' id='block_1_3' title="bbox 200 624 1775 694">
    <p class='ocr_par' dir='ltr' id='par_1_3' title="bbox 200 624 1775 694">
     <span class='ocr_line' id='line_1_3' title="bbox 200 624 1775 694; baseline -0.01 0"><span class='ocrx_word' id='word_1_9' title='bbox 200 649 254 694; x_wconf 92' lang='lat' dir='ltr'><strong>et</strong></span> <span class='ocrx_word' id='word_1_10' title='bbox 281 653 464 693; x_wconf 91' lang='lat' dir='ltr'><strong>eorum</strong></span> <span class='ocrx_word' id='word_1_11' title='bbox 490 642 654 691; x_wconf 92' lang='lat' dir='ltr'><strong>testes</strong></span> <span class='ocrx_word' id='word_1_12' title='bbox 684 633 901 687; x_wconf 91' lang='lat' dir='ltr'><strong>idoneos</strong></span> <span class='ocrx_word' id='word_1_13' title='bbox 930 646 1033 684; x_wconf 92' lang='lat' dir='ltr'><strong>non</strong></span> <span class='ocrx_word' id='word_1_14' title='bbox 1058 627 1275 683; x_wconf 91' lang='lat' dir='ltr'><strong>difﬁcile</strong></span> <span class='ocrx_word' id='word_1_15' title='bbox 1300 634 1383 680; x_wconf 83' lang='lat' dir='ltr'><strong>est</strong></span> <span class='ocrx_word' id='word_1_16' title='bbox 1412 625 1673 680; x_wconf 90' lang='lat' dir='ltr'><strong>invenire.</strong></span> <span class='ocrx_word' id='word_1_17' title='bbox 1702 624 1775 678; x_wconf 91' lang='lat' dir='ltr'><strong>De</strong></span> 
     </span>
    </p>
   </div>
   <div class='ocr_carea' id='block_1_4' title="bbox 200 717 1774 788">
    <p class='ocr_par' dir='ltr' id='par_1_4' title="bbox 200 717 1774 788">
     <span class='ocr_line' id='line_1_4' title="bbox 200 717 1774 788; baseline -0.01 -4"><span class='ocrx_word' id='word_1_18' title='bbox 200 731 305 785; x_wconf 85' lang='lat' dir='ltr'><strong>isto</strong></span> <span class='ocrx_word' id='word_1_19' title='bbox 346 739 523 782; x_wconf 89' lang='lat' dir='ltr'><strong>autem</strong></span> <span class='ocrx_word' id='word_1_20' title='bbox 568 725 694 779; x_wconf 88' lang='lat' dir='ltr'><strong>fano</strong></span> <span class='ocrx_word' id='word_1_21' title='bbox 716 723 939 778; x_wconf 78' lang='lat' dir='ltr'><strong>Veneris</strong></span> <span class='ocrx_word' id='word_1_22' title='bbox 969 729 1025 776; x_wconf 91' lang='lat' dir='ltr'><strong>et</strong></span> <span class='ocrx_word' id='word_1_23' title='bbox 1059 721 1275 775; x_wconf 88' lang='lat' dir='ltr'><strong>lucerna</strong></span> <span class='ocrx_word' id='word_1_24' title='bbox 1315 717 1728 788; x_wconf 80' lang='lat' dir='ltr'><strong>inexstinguibili</strong></span> <span class='ocrx_word' id='word_1_25' title='bbox 1760 758 1774 782; x_wconf 95' lang='lat'><strong>,</strong></span> 
     </span>
    </p>
   </div>
   <div class='ocr_carea' id='block_1_5' title="bbox 204 812 1778 881">
    <p class='ocr_par' dir='ltr' id='par_1_5' title="bbox 204 812 1778 881">
     <span class='ocr_line' id='line_1_5' title="bbox 204 812 1778 881; baseline -0.009 -7"><span class='ocrx_word' id='word_1_26' title='bbox 204 836 309 875; x_wconf 87' lang='lat' dir='ltr'><strong>non</strong></span> <span class='ocrx_word' id='word_1_27' title='bbox 348 821 521 873; x_wconf 89' lang='lat' dir='ltr'><strong>solum</strong></span> <span class='ocrx_word' id='word_1_28' title='bbox 568 818 623 871; x_wconf 89' lang='lat' dir='ltr'><strong>in</strong></span> <span class='ocrx_word' id='word_1_29' title='bbox 672 816 844 870; x_wconf 89' lang='lat' dir='ltr'><strong>nullas</strong></span> <span class='ocrx_word' id='word_1_30' title='bbox 883 820 1217 868; x_wconf 89' lang='lat' dir='ltr'><strong>coarctamur</strong></span> <span class='ocrx_word' id='word_1_31' title='bbox 1260 812 1529 881; x_wconf 79' lang='lat' dir='ltr'><strong>angustias</strong></span> <span class='ocrx_word' id='word_1_32' title='bbox 1554 850 1568 873; x_wconf 92' lang='lat'><strong>,</strong></span> <span class='ocrx_word' id='word_1_33' title='bbox 1594 823 1778 864; x_wconf 86' lang='lat' dir='ltr'><strong>verum</strong></span> 
     </span>
    </p>
   </div>
   <div class='ocr_carea' id='block_1_6' title="bbox 204 900 1781 973">
    <p class='ocr_par' dir='ltr' id='par_1_6' title="bbox 204 900 1781 973">
     <span class='ocr_line' id='line_1_6' title="bbox 204 900 1781 973; baseline -0.009 -6"><span class='ocrx_word' id='word_1_34' title='bbox 204 912 364 967; x_wconf 87' lang='lat' dir='ltr'><strong>etiam</strong></span> <span class='ocrx_word' id='word_1_35' title='bbox 412 908 705 964; x_wconf 89' lang='lat' dir='ltr'><strong>latitudinis</strong></span> <span class='ocrx_word' id='word_1_36' title='bbox 751 906 905 961; x_wconf 88' lang='lat' dir='ltr'><strong>nobis</strong></span> <span class='ocrx_word' id='word_1_37' title='bbox 957 918 1175 972; x_wconf 88' lang='lat' dir='ltr'><strong>campus</strong></span> <span class='ocrx_word' id='word_1_38' title='bbox 1213 904 1468 973; x_wconf 86' lang='lat' dir='ltr'><strong>aperitur.</strong></span> <span class='ocrx_word' id='word_1_39' title='bbox 1522 900 1781 954; x_wconf 89' lang='lat' dir='ltr'><strong>Addimus</strong></span> 
     </span>
    </p>
   </div>
   <div class='ocr_carea' id='block_1_7' title="bbox 204 991 1783 1065">
    <p class='ocr_par' dir='ltr' id='par_1_7' title="bbox 204 991 1783 1065">
     <span class='ocr_line' id='line_1_7' title="bbox 204 991 1783 1065; baseline -0.008 -7"><span class='ocrx_word' id='word_1_40' title='bbox 204 1004 345 1058; x_wconf 92' lang='lat' dir='ltr'><strong>enim</strong></span> <span class='ocrx_word' id='word_1_41' title='bbox 368 1001 434 1055; x_wconf 92' lang='lat' dir='ltr'><strong>ad</strong></span> <span class='ocrx_word' id='word_1_42' title='bbox 462 1002 614 1055; x_wconf 88' lang='lat' dir='ltr'><strong>istam</strong></span> <span class='ocrx_word' id='word_1_43' title='bbox 636 999 904 1054; x_wconf 78' lang='lat' dir='ltr'><strong>lucernam</strong></span> <span class='ocrx_word' id='word_1_44' title='bbox 926 995 1428 1065; x_wconf 83' lang='lat' dir='ltr'><strong>inexstinguibilem,</strong></span> <span class='ocrx_word' id='word_1_45' title='bbox 1456 1001 1510 1047; x_wconf 90' lang='lat' dir='ltr'><strong>et</strong></span> <span class='ocrx_word' id='word_1_46' title='bbox 1529 991 1783 1046; x_wconf 84' lang='lat' dir='ltr'><strong>humana-</strong></span> 
     </span>
    </p>
   </div>
   <div class='ocr_carea' id='block_1_8' title="bbox 208 1083 1785 1159">
    <p class='ocr_par' dir='ltr' id='par_1_8' title="bbox 208 1083 1785 1159">
     <span class='ocr_line' id='line_1_8' title="bbox 208 1083 1785 1159; baseline -0.008 -12"><span class='ocrx_word' id='word_1_47' title='bbox 208 1109 324 1147; x_wconf 89' lang='lat' dir='ltr'><strong>rum</strong></span> <span class='ocrx_word' id='word_1_48' title='bbox 354 1102 409 1147; x_wconf 90' lang='lat' dir='ltr'><strong>et</strong></span> <span class='ocrx_word' id='word_1_49' title='bbox 446 1091 767 1159; x_wconf 90' lang='lat' dir='ltr'><strong>magicarum</strong></span> <span class='ocrx_word' id='word_1_50' title='bbox 790 1130 806 1156; x_wconf 92' lang='lat'><strong>,</strong></span> <span class='ocrx_word' id='word_1_51' title='bbox 839 1087 890 1142; x_wconf 92' lang='lat' dir='ltr'><strong>id</strong></span> <span class='ocrx_word' id='word_1_52' title='bbox 933 1095 1015 1141; x_wconf 90' lang='lat' dir='ltr'><strong>est</strong></span> <span class='ocrx_word' id='word_1_53' title='bbox 1055 1100 1148 1155; x_wconf 88' lang='lat' dir='ltr'><strong>per</strong></span> <span class='ocrx_word' id='word_1_54' title='bbox 1186 1086 1429 1139; x_wconf 85' lang='lat' dir='ltr'><strong>homines</strong></span> <span class='ocrx_word' id='word_1_55' title='bbox 1471 1083 1785 1138; x_wconf 79' lang='lat' dir='ltr'><strong>dzemonica-</strong></span> 
     </span>
    </p>
   </div>
   <div class='ocr_carea' id='block_1_9' title="bbox 209 1176 1785 1253">
    <p class='ocr_par' dir='ltr' id='par_1_9' title="bbox 209 1176 1785 1253">
     <span class='ocr_line' id='line_1_9' title="bbox 209 1176 1785 1253; baseline -0.007 -15"><span class='ocrx_word' id='word_1_56' title='bbox 209 1201 327 1239; x_wconf 89' lang='lat' dir='ltr'><strong>rum</strong></span> <span class='ocrx_word' id='word_1_57' title='bbox 370 1184 386 1215; x_wconf 73' lang='grc' dir='ltr'>ί</span> <span class='ocrx_word' id='word_1_58' title='bbox 426 1184 655 1247; x_wconf 81' lang='lat' dir='ltr'><strong>artium,</strong></span> <span class='ocrx_word' id='word_1_59' title='bbox 683 1189 737 1237; x_wconf 91' lang='lat' dir='ltr'><strong>et</strong></span> <span class='ocrx_word' id='word_1_60' title='bbox 772 1182 1008 1253; x_wconf 87' lang='lat' dir='ltr'><strong>ipsorum</strong></span> <span class='ocrx_word' id='word_1_61' title='bbox 1052 1194 1147 1247; x_wconf 91' lang='lat' dir='ltr'><strong>per</strong></span> <span class='ocrx_word' id='word_1_62' title='bbox 1194 1194 1253 1232; x_wconf 91' lang='lat' dir='ltr'><strong>se</strong></span> <span class='ocrx_word' id='word_1_63' title='bbox 1298 1177 1442 1247; x_wconf 88' lang='lat' dir='ltr'><strong>ipsos</strong></span> <span class='ocrx_word' id='word_1_64' title='bbox 1484 1176 1785 1230; x_wconf 64' lang='lat' dir='ltr'><strong>daemonum</strong></span> 
     </span>
    </p>
   </div>
   <div class='ocr_carea' id='block_1_10' title="bbox 212 1266 1787 1343">
    <p class='ocr_par' dir='ltr' id='par_1_10' title="bbox 212 1266 1787 1343">
     <span class='ocr_line' id='line_1_10' title="bbox 212 1266 1787 1343; baseline -0.007 -12"><span class='ocrx_word' id='word_1_65' title='bbox 212 1278 376 1331; x_wconf 86' lang='lat' dir='ltr'><strong>multa</strong></span> <span class='ocrx_word' id='word_1_66' title='bbox 422 1274 674 1329; x_wconf 90' lang='lat' dir='ltr'><strong>miracula</strong></span> <span class='ocrx_word' id='word_1_67' title='bbox 709 1288 867 1343; x_wconf 83' lang='lat' dir='ltr'><strong>:quae</strong></span> <span class='ocrx_word' id='word_1_68' title='bbox 907 1271 951 1325; x_wconf 92' lang='lat' dir='ltr'><strong>si</strong></span> <span class='ocrx_word' id='word_1_69' title='bbox 988 1284 1185 1340; x_wconf 84' lang='lat' dir='ltr'><strong>negare</strong></span> <span class='ocrx_word' id='word_1_70' title='bbox 1215 1268 1543 1323; x_wconf 90' lang='lat' dir='ltr'><strong>voluerimus</strong></span> <span class='ocrx_word' id='word_1_71' title='bbox 1572 1310 1587 1333; x_wconf 95' lang='lat'><strong>,</strong></span> <span class='ocrx_word' id='word_1_72' title='bbox 1615 1266 1787 1321; x_wconf 89' lang='lat' dir='ltr'><strong>eidem</strong></span> 
     </span>
    </p>
   </div>
   <div class='ocr_carea' id='block_1_11' title="bbox 214 1359 1789 1440">
    <p class='ocr_par' dir='ltr' id='par_1_11' title="bbox 214 1359 1789 1440">
     <span class='ocr_line' id='line_1_11' title="bbox 214 1359 1789 1440; baseline -0.007 -16"><span class='ocrx_word' id='word_1_73' title='bbox 214 1370 312 1440; x_wconf 90' lang='lat' dir='ltr'><strong>ipsi</strong></span> <span class='ocrx_word' id='word_1_74' title='bbox 340 1370 423 1428; x_wconf 86' lang='lat' dir='ltr'><strong>cui</strong></span> <span class='ocrx_word' id='word_1_75' title='bbox 450 1367 717 1423; x_wconf 87' lang='lat' dir='ltr'><strong>credimus</strong></span> <span class='ocrx_word' id='word_1_76' title='bbox 741 1379 1015 1419; x_wconf 88' lang='lat' dir='ltr'><strong>sacrarum</strong></span> <span class='ocrx_word' id='word_1_77' title='bbox 1041 1362 1362 1417; x_wconf 81' lang='lat' dir='ltr'><strong>Litterarum</strong></span> <span class='ocrx_word' id='word_1_78' title='bbox 1392 1359 1789 1415; x_wconf 84' lang='lat' dir='ltr'><strong>adversabimur</strong></span> 
     </span>
    </p>
   </div>
   <div class='ocr_carea' id='block_1_12' title="bbox 215 1440 1791 1528">
    <p class='ocr_par' dir='ltr' id='par_1_12' title="bbox 215 1440 1791 1528">
     <span class='ocr_line' id='line_1_12' title="bbox 215 1440 1791 1528; baseline -0.005 -13"><span class='ocrx_word' id='word_1_79' title='bbox 215 1462 441 1517; x_wconf 74' lang='lat' dir='ltr'><strong>veritati.</strong></span> <span class='ocrx_word' id='word_1_80' title='bbox 475 1461 579 1514; x_wconf 89' lang='lat' dir='ltr'><strong>Aut</strong></span> <span class='ocrx_word' id='word_1_81' title='bbox 606 1474 732 1528; x_wconf 83' lang='lat' dir='ltr'><strong>ergo</strong></span> <span class='ocrx_word' id='word_1_82' title='bbox 760 1459 813 1512; x_wconf 91' lang='lat' dir='ltr'><strong>in</strong></span> <span class='ocrx_word' id='word_1_83' title='bbox 843 1458 1058 1512; x_wconf 88' lang='lat' dir='ltr'><strong>lucerna</strong></span> <span class='ocrx_word' id='word_1_84' title='bbox 1090 1456 1176 1510; x_wconf 91' lang='lat' dir='ltr'><strong>illa</strong></span> <span class='ocrx_word' id='word_1_85' title='bbox 1203 1440 1569 1509; x_wconf 83' lang='lat' dir='ltr'><strong>mechanicum</strong></span> <span class='ocrx_word' id='word_1_86' title='bbox 1595 1454 1791 1523; x_wconf 90' lang='lat' dir='ltr'><strong>aliquid</strong></span> 
     </span>
    </p>
   </div>
   <div class='ocr_carea' id='block_1_13' title="bbox 216 1550 1793 1625">
    <p class='ocr_par' dir='ltr' id='par_1_13' title="bbox 216 1550 1793 1625">
     <span class='ocr_line' id='line_1_13' title="bbox 216 1550 1793 1625; baseline -0.008 -14"><span class='ocrx_word' id='word_1_87' title='bbox 216 1558 283 1611; x_wconf 91' lang='lat' dir='ltr'><strong>dc</strong></span> <span class='ocrx_word' id='word_1_88' title='bbox 323 1555 494 1625; x_wconf 82' lang='lat' dir='ltr'><strong>lapide</strong></span> <span class='ocrx_word' id='word_1_89' title='bbox 530 1554 742 1608; x_wconf 88' lang='lat' dir='ltr'><strong>asbesto</strong></span> <span class='ocrx_word' id='word_1_90' title='bbox 780 1568 867 1606; x_wconf 90' lang='lat' dir='ltr'><strong>ars</strong></span> <span class='ocrx_word' id='word_1_91' title='bbox 913 1551 1139 1605; x_wconf 86' lang='lat' dir='ltr'><strong>humana</strong></span> <span class='ocrx_word' id='word_1_92' title='bbox 1182 1550 1366 1603; x_wconf 81' lang='lat' dir='ltr'><strong>molita</strong></span> <span class='ocrx_word' id='word_1_93' title='bbox 1406 1559 1527 1614; x_wconf 90' lang='lat' dir='ltr'><strong>est,</strong></span> <span class='ocrx_word' id='word_1_94' title='bbox 1551 1557 1643 1602; x_wconf 89' lang='lat' dir='ltr'><strong>aut</strong></span> <span class='ocrx_word' id='word_1_95' title='bbox 1679 1556 1793 1601; x_wconf 91' lang='lat' dir='ltr'><strong>arte</strong></span> 
     </span>
    </p>
   </div>
   <div class='ocr_carea' id='block_1_14' title="bbox 221 1637 1793 1717">
    <p class='ocr_par' dir='ltr' id='par_1_14' title="bbox 221 1637 1793 1717">
     <span class='ocr_line' id='line_1_14' title="bbox 221 1637 1793 1717; baseline -0.006 -16"><span class='ocrx_word' id='word_1_96' title='bbox 221 1649 419 1717; x_wconf 86' lang='lat' dir='ltr'><strong>magica</strong></span> <span class='ocrx_word' id='word_1_97' title='bbox 448 1646 643 1700; x_wconf 88' lang='lat' dir='ltr'><strong>factum</strong></span> <span class='ocrx_word' id='word_1_98' title='bbox 671 1653 788 1709; x_wconf 90' lang='lat' dir='ltr'><strong>est,</strong></span> <span class='ocrx_word' id='word_1_99' title='bbox 820 1642 960 1712; x_wconf 90' lang='lat' dir='ltr'><strong>quod</strong></span> <span class='ocrx_word' id='word_1_100' title='bbox 994 1642 1237 1695; x_wconf 89' lang='lat' dir='ltr'><strong>homines</strong></span> <span class='ocrx_word' id='word_1_101' title='bbox 1266 1640 1358 1693; x_wconf 91' lang='lat' dir='ltr'><strong>illo</strong></span> <span class='ocrx_word' id='word_1_102' title='bbox 1384 1640 1702 1693; x_wconf 86' lang='lat' dir='ltr'><strong>mirarentur</strong></span> <span class='ocrx_word' id='word_1_103' title='bbox 1741 1637 1793 1691; x_wconf 91' lang='lat' dir='ltr'><strong>in</strong></span> 
     </span>
    </p>
   </div>
   <div class='ocr_carea' id='block_1_15' title="bbox 222 1727 1795 1807">
    <p class='ocr_par' dir='ltr' id='par_1_15' title="bbox 222 1727 1795 1807">
     <span class='ocr_line' id='line_1_15' title="bbox 222 1727 1795 1807; baseline -0.008 -14"><span class='ocrx_word' id='word_1_104' title='bbox 222 1738 572 1807; x_wconf 90' lang='lat' dir='ltr'><strong>templo,aut</strong></span> <span class='ocrx_word' id='word_1_105' title='bbox 615 1735 822 1789; x_wconf 69' lang='lat' dir='ltr'><strong>daemon</strong></span> <span class='ocrx_word' id='word_1_106' title='bbox 868 1732 1127 1802; x_wconf 82' lang='lat' dir='ltr'><strong>quiSpiam</strong></span> <span class='ocrx_word' id='word_1_107' title='bbox 1172 1730 1272 1785; x_wconf 91' lang='lat' dir='ltr'><strong>sub</strong></span> <span class='ocrx_word' id='word_1_108' title='bbox 1316 1730 1531 1783; x_wconf 88' lang='lat' dir='ltr'><strong>nomine</strong></span> <span class='ocrx_word' id='word_1_109' title='bbox 1574 1727 1795 1782; x_wconf 79' lang='lat' dir='ltr'><strong>Veneris</strong></span> 
     </span>
    </p>
   </div>
   <div class='ocr_carea' id='block_1_16' title="bbox 222 1821 1797 1897">
    <p class='ocr_par' dir='ltr' id='par_1_16' title="bbox 222 1821 1797 1897">
     <span class='ocr_line' id='line_1_16' title="bbox 222 1821 1797 1897; baseline -0.008 -11"><span class='ocrx_word' id='word_1_110' title='bbox 222 1840 367 1886; x_wconf 88' lang='lat' dir='ltr'><strong>tanta</strong></span> <span class='ocrx_word' id='word_1_111' title='bbox 390 1846 447 1885; x_wconf 92' lang='lat' dir='ltr'><strong>se</strong></span> <span class='ocrx_word' id='word_1_112' title='bbox 468 1829 701 1884; x_wconf 88' lang='lat' dir='ltr'><strong>efﬁcacia</strong></span> <span class='ocrx_word' id='word_1_113' title='bbox 729 1826 1086 1897; x_wconf 69' lang='lat' dir='ltr'><strong>praesentavit,</strong></span> <span class='ocrx_word' id='word_1_114' title='bbox 1118 1833 1174 1877; x_wconf 92' lang='lat' dir='ltr'><strong>ut</strong></span> <span class='ocrx_word' id='word_1_115' title='bbox 1200 1822 1302 1878; x_wconf 87' lang='lat' dir='ltr'><strong>hoc</strong></span> <span class='ocrx_word' id='word_1_116' title='bbox 1325 1823 1394 1877; x_wconf 88' lang='lat' dir='ltr'><strong>ibi</strong></span> <span class='ocrx_word' id='word_1_117' title='bbox 1422 1821 1717 1892; x_wconf 82' lang='lat' dir='ltr'><strong>prodigium</strong></span> <span class='ocrx_word' id='word_1_118' title='bbox 1745 1829 1797 1875; x_wconf 93' lang='lat' dir='ltr'><strong>et</strong></span> 
     </span>
    </p>
   </div>
   <div class='ocr_carea' id='block_1_17' title="bbox 223 1912 1797 1991">
    <p class='ocr_par' dir='ltr' id='par_1_17' title="bbox 223 1912 1797 1991">
     <span class='ocr_line' id='line_1_17' title="bbox 223 1912 1797 1991; baseline -0.006 -16"><span class='ocrx_word' id='word_1_119' title='bbox 223 1929 504 1991; x_wconf 88' lang='lat' dir='ltr'><strong>appareret</strong></span> <span class='ocrx_word' id='word_1_120' title='bbox 533 1918 853 1981; x_wconf 88' lang='lat' dir='ltr'><strong>hominibus,</strong></span> <span class='ocrx_word' id='word_1_121' title='bbox 885 1926 938 1971; x_wconf 90' lang='lat' dir='ltr'><strong>et</strong></span> <span class='ocrx_word' id='word_1_122' title='bbox 963 1916 1160 1970; x_wconf 88' lang='lat' dir='ltr'><strong>diutius</strong></span> <span class='ocrx_word' id='word_1_123' title='bbox 1188 1924 1527 1983; x_wconf 89' lang='lat' dir='ltr'><strong>permaneret</strong></span> <span class='ocrx_word' id='word_1_124' title='bbox 1555 1912 1651 1981; x_wconf 89' lang='lat' dir='ltr'><strong>(a).</strong></span> <span class='ocrx_word' id='word_1_125' title='bbox 1683 1912 1797 1966; x_wconf 90' lang='lat' dir='ltr'><strong>llli-</strong></span> 
     </span>
    </p>
   </div>
   <div class='ocr_carea' id='block_1_18' title="bbox 225 2005 1802 2074">
    <p class='ocr_par' dir='ltr' id='par_1_18' title="bbox 225 2005 1802 2074">
     <span class='ocr_line' id='line_1_18' title="bbox 225 2005 1802 2074; baseline -0.006 -7"><span class='ocrx_word' id='word_1_126' title='bbox 225 2015 435 2068; x_wconf 80' lang='lat' dir='ltr'><strong>ciuntur</strong></span> <span class='ocrx_word' id='word_1_127' title='bbox 468 2020 644 2066; x_wconf 88' lang='lat' dir='ltr'><strong>autem</strong></span> <span class='ocrx_word' id='word_1_128' title='bbox 689 2009 960 2064; x_wconf 68' lang='lat' dir='ltr'><strong>dazmones</strong></span> <span class='ocrx_word' id='word_1_129' title='bbox 996 2006 1060 2060; x_wconf 89' lang='lat' dir='ltr'><strong>ad</strong></span> <span class='ocrx_word' id='word_1_130' title='bbox 1091 2005 1490 2059; x_wconf 81' lang='lat' dir='ltr'><strong>inhabitandum</strong></span> <span class='ocrx_word' id='word_1_131' title='bbox 1533 2019 1629 2074; x_wconf 91' lang='lat' dir='ltr'><strong>per</strong></span> <span class='ocrx_word' id='word_1_132' title='bbox 1662 2018 1802 2057; x_wconf 88' lang='lat' dir='ltr'><strong>crea-</strong></span> 
     </span>
    </p>
   </div>
   <div class='ocr_carea' id='block_1_19' title="bbox 226 2095 1805 2174">
    <p class='ocr_par' dir='ltr' id='par_1_19' title="bbox 226 2095 1805 2174">
     <span class='ocr_line' id='line_1_19' title="bbox 226 2095 1805 2174; baseline -0.006 -15"><span class='ocrx_word' id='word_1_133' title='bbox 226 2117 370 2159; x_wconf 90' lang='lat' dir='ltr'><strong>turas</strong></span> <span class='ocrx_word' id='word_1_134' title='bbox 396 2146 411 2171; x_wconf 96' lang='lat'><strong>,</strong></span> <span class='ocrx_word' id='word_1_135' title='bbox 439 2119 570 2174; x_wconf 89' lang='lat' dir='ltr'><strong>quas</strong></span> <span class='ocrx_word' id='word_1_136' title='bbox 596 2118 700 2157; x_wconf 92' lang='lat' dir='ltr'><strong>non</strong></span> <span class='ocrx_word' id='word_1_137' title='bbox 732 2101 831 2170; x_wconf 86' lang='lat' dir='ltr'><strong>ipsi</strong></span> <span class='ocrx_word' id='word_1_138' title='bbox 858 2141 869 2164; x_wconf 85' lang='lat'><strong>,</strong></span> <span class='ocrx_word' id='word_1_139' title='bbox 894 2099 989 2155; x_wconf 92' lang='lat' dir='ltr'><strong>sed</strong></span> <span class='ocrx_word' id='word_1_140' title='bbox 1018 2099 1158 2153; x_wconf 86' lang='lat' dir='ltr'><strong>Deus</strong></span> <span class='ocrx_word' id='word_1_141' title='bbox 1192 2096 1464 2162; x_wconf 89' lang='lat' dir='ltr'><strong>condidit,</strong></span> <span class='ocrx_word' id='word_1_142' title='bbox 1486 2095 1805 2151; x_wconf 87' lang='lat' dir='ltr'><strong>delectabili-</strong></span> 
     </span>
    </p>
   </div>
   <div class='ocr_carea' id='block_1_20' title="bbox 227 2189 1799 2266">
    <p class='ocr_par' dir='ltr' id='par_1_20' title="bbox 227 2189 1799 2266">
     <span class='ocr_line' id='line_1_20' title="bbox 227 2189 1799 2266; baseline -0.005 -16"><span class='ocrx_word' id='word_1_143' title='bbox 227 2198 326 2251; x_wconf 88' lang='lat' dir='ltr'><strong>bus</strong></span> <span class='ocrx_word' id='word_1_144' title='bbox 349 2210 442 2266; x_wconf 90' lang='lat' dir='ltr'><strong>pro</strong></span> <span class='ocrx_word' id='word_1_145' title='bbox 463 2212 556 2250; x_wconf 92' lang='lat' dir='ltr'><strong>sua</strong></span> <span class='ocrx_word' id='word_1_146' title='bbox 578 2196 884 2250; x_wconf 84' lang='lat' dir='ltr'><strong>diversitate</strong></span> <span class='ocrx_word' id='word_1_147' title='bbox 906 2192 1151 2256; x_wconf 84' lang='lat' dir='ltr'><strong>diversis,</strong></span> <span class='ocrx_word' id='word_1_148' title='bbox 1176 2205 1280 2244; x_wconf 92' lang='lat' dir='ltr'><strong>non</strong></span> <span class='ocrx_word' id='word_1_149' title='bbox 1303 2200 1359 2243; x_wconf 93' lang='lat' dir='ltr'><strong>ut</strong></span> <span class='ocrx_word' id='word_1_150' title='bbox 1380 2190 1626 2244; x_wconf 87' lang='lat' dir='ltr'><strong>animalia</strong></span> <span class='ocrx_word' id='word_1_151' title='bbox 1648 2189 1799 2253; x_wconf 86' lang='lat' dir='ltr'><strong>cibis,</strong></span> 
     </span>
    </p>
   </div>
   <div class='ocr_carea' id='block_1_21' title="bbox 228 2281 1805 2359">
    <p class='ocr_par' dir='ltr' id='par_1_21' title="bbox 228 2281 1805 2359">
     <span class='ocr_line' id='line_1_21' title="bbox 228 2281 1805 2359; baseline -0.006 -16"><span class='ocrx_word' id='word_1_152' title='bbox 228 2290 318 2344; x_wconf 90' lang='lat' dir='ltr'><strong>sed</strong></span> <span class='ocrx_word' id='word_1_153' title='bbox 342 2298 397 2343; x_wconf 94' lang='lat' dir='ltr'><strong>ut</strong></span> <span class='ocrx_word' id='word_1_154' title='bbox 419 2289 637 2359; x_wconf 87' lang='lat' dir='ltr'><strong>spiritus</strong></span> <span class='ocrx_word' id='word_1_155' title='bbox 658 2287 821 2357; x_wconf 84' lang='lat' dir='ltr'><strong>signis</strong></span> <span class='ocrx_word' id='word_1_156' title='bbox 845 2328 858 2350; x_wconf 93' lang='lat'><strong>,</strong></span> <span class='ocrx_word' id='word_1_157' title='bbox 891 2299 1009 2354; x_wconf 64' lang='lat' dir='ltr'><strong>qua)</strong></span> <span class='ocrx_word' id='word_1_158' title='bbox 1037 2283 1290 2352; x_wconf 85' lang='lat' dir='ltr'><strong>cujusque</strong></span> <span class='ocrx_word' id='word_1_159' title='bbox 1322 2281 1658 2335; x_wconf 88' lang='lat' dir='ltr'><strong>delectationi</strong></span> <span class='ocrx_word' id='word_1_160' title='bbox 1685 2296 1805 2333; x_wconf 90' lang='lat' dir='ltr'><strong>con-</strong></span> 
     </span>
    </p>
   </div>
   <div class='ocr_carea' id='block_1_22' title="bbox 228 2371 1808 2451">
    <p class='ocr_par' dir='ltr' id='par_1_22' title="bbox 228 2371 1808 2451">
     <span class='ocr_line' id='line_1_22' title="bbox 228 2371 1808 2451; baseline -0.006 -17"><span class='ocrx_word' id='word_1_161' title='bbox 228 2389 418 2451; x_wconf 88' lang='lat' dir='ltr'><strong>gruunt</strong></span> <span class='ocrx_word' id='word_1_162' title='bbox 440 2419 455 2445; x_wconf 92' lang='lat'><strong>,</strong></span> <span class='ocrx_word' id='word_1_163' title='bbox 480 2394 578 2449; x_wconf 90' lang='lat' dir='ltr'><strong>per</strong></span> <span class='ocrx_word' id='word_1_164' title='bbox 608 2381 755 2433; x_wconf 86' lang='lat' dir='ltr'><strong>varia</strong></span> <span class='ocrx_word' id='word_1_165' title='bbox 785 2391 980 2448; x_wconf 85' lang='lat' dir='ltr'><strong>genera</strong></span> <span class='ocrx_word' id='word_1_166' title='bbox 1015 2374 1247 2443; x_wconf 86' lang='lat' dir='ltr'><strong>lapidum</strong></span> <span class='ocrx_word' id='word_1_167' title='bbox 1274 2415 1286 2437; x_wconf 93' lang='lat'><strong>,</strong></span> <span class='ocrx_word' id='word_1_168' title='bbox 1311 2372 1623 2438; x_wconf 82' lang='lat' dir='ltr'><strong>herbarum,</strong></span> <span class='ocrx_word' id='word_1_169' title='bbox 1648 2371 1808 2441; x_wconf 81' lang='lat' dir='ltr'><strong>ligno-</strong></span> 
     </span>
    </p>
   </div>
   <div class='ocr_carea' id='block_1_23' title="bbox 230 2463 1805 2536">
    <p class='ocr_par' dir='ltr' id='par_1_23' title="bbox 230 2463 1805 2536">
     <span class='ocr_line' id='line_1_23' title="bbox 230 2463 1805 2536; baseline -0.006 -10"><span class='ocrx_word' id='word_1_170' title='bbox 230 2488 348 2526; x_wconf 88' lang='lat' dir='ltr'><strong>rum</strong></span> <span class='ocrx_word' id='word_1_171' title='bbox 377 2513 392 2536; x_wconf 92' lang='lat'><strong>,</strong></span> <span class='ocrx_word' id='word_1_172' title='bbox 420 2471 728 2525; x_wconf 88' lang='lat' dir='ltr'><strong>animalium</strong></span> <span class='ocrx_word' id='word_1_173' title='bbox 759 2512 773 2535; x_wconf 94' lang='lat'><strong>,</strong></span> <span class='ocrx_word' id='word_1_174' title='bbox 798 2469 1091 2523; x_wconf 85' lang='lat' dir='ltr'><strong>carminum</strong></span> <span class='ocrx_word' id='word_1_175' title='bbox 1119 2508 1133 2531; x_wconf 94' lang='lat'><strong>,</strong></span> <span class='ocrx_word' id='word_1_176' title='bbox 1175 2465 1371 2518; x_wconf 88' lang='lat' dir='ltr'><strong>rituum</strong></span> <span class='ocrx_word' id='word_1_177' title='bbox 1398 2464 1493 2531; x_wconf 90' lang='lat' dir='ltr'><strong>(b).</strong></span> <span class='ocrx_word' id='word_1_178' title='bbox 1521 2463 1589 2518; x_wconf 92' lang='lat' dir='ltr'><strong>Ut</strong></span> <span class='ocrx_word' id='word_1_179' title='bbox 1630 2471 1805 2517; x_wconf 90' lang='lat' dir='ltr'><strong>autem</strong></span> 
     </span>
    </p>
   </div>
   <div class='ocr_carea' id='block_1_24' title="bbox 230 2554 1806 2626">
    <p class='ocr_par' dir='ltr' id='par_1_24' title="bbox 230 2554 1806 2626">
     <span class='ocr_line' id='line_1_24' title="bbox 230 2554 1806 2626; baseline -0.008 -9"><span class='ocrx_word' id='word_1_180' title='bbox 230 2564 512 2618; x_wconf 87' lang='lat' dir='ltr'><strong>illiciantur</strong></span> <span class='ocrx_word' id='word_1_181' title='bbox 551 2562 619 2615; x_wconf 89' lang='lat' dir='ltr'><strong>ab</strong></span> <span class='ocrx_word' id='word_1_182' title='bbox 670 2560 968 2615; x_wconf 87' lang='lat' dir='ltr'><strong>hominibus</strong></span> <span class='ocrx_word' id='word_1_183' title='bbox 994 2600 1007 2623; x_wconf 95' lang='lat'><strong>,</strong></span> <span class='ocrx_word' id='word_1_184' title='bbox 1032 2558 1177 2626; x_wconf 82' lang='lat' dir='ltr'><strong>prius</strong></span> <span class='ocrx_word' id='word_1_185' title='bbox 1225 2570 1317 2610; x_wconf 87' lang='lat' dir='ltr'><strong>eos</strong></span> <span class='ocrx_word' id='word_1_186' title='bbox 1358 2554 1456 2624; x_wconf 71' lang='lat' dir='ltr'><strong>ipsi</strong></span> <span class='ocrx_word' id='word_1_187' title='bbox 1485 2554 1806 2609; x_wconf 88' lang='lat' dir='ltr'><strong>astutissima</strong></span> 
     </span>
    </p>
   </div>
   <div class='ocr_carea' id='block_1_25' title="bbox 228 2645 1808 2717">
    <p class='ocr_par' dir='ltr' id='par_1_25' title="bbox 228 2645 1808 2717">
     <span class='ocr_line' id='line_1_25' title="bbox 228 2645 1808 2717; baseline -0.004 -10"><span class='ocrx_word' id='word_1_188' title='bbox 228 2654 518 2708; x_wconf 84' lang='lat' dir='ltr'><strong>calliditate</strong></span> <span class='ocrx_word' id='word_1_189' title='bbox 550 2651 842 2717; x_wconf 88' lang='lat' dir='ltr'><strong>seducunt,</strong></span> <span class='ocrx_word' id='word_1_190' title='bbox 865 2650 949 2704; x_wconf 86' lang='lat' dir='ltr'><strong>vel</strong></span> <span class='ocrx_word' id='word_1_191' title='bbox 996 2648 1303 2717; x_wconf 87' lang='lat' dir='ltr'><strong>inspirando</strong></span> <span class='ocrx_word' id='word_1_192' title='bbox 1340 2662 1523 2702; x_wconf 90' lang='lat' dir='ltr'><strong>eorum</strong></span> <span class='ocrx_word' id='word_1_193' title='bbox 1557 2645 1808 2701; x_wconf 85' lang='lat' dir='ltr'><strong>cordibus</strong></span> 
     </span>
    </p>
   </div>
   <div class='ocr_carea' id='block_1_26' title="bbox 226 2739 1810 2811">
    <p class='ocr_par' dir='ltr' id='par_1_26' title="bbox 226 2739 1810 2811">
     <span class='ocr_line' id='line_1_26' title="bbox 226 2739 1810 2811; baseline -0.006 -11"><span class='ocrx_word' id='word_1_194' title='bbox 226 2749 373 2803; x_wconf 82' lang='lat' dir='ltr'><strong>virus</strong></span> <span class='ocrx_word' id='word_1_195' title='bbox 410 2747 674 2802; x_wconf 88' lang='lat' dir='ltr'><strong>occultum</strong></span> <span class='ocrx_word' id='word_1_196' title='bbox 699 2786 715 2811; x_wconf 92' lang='lat'><strong>,</strong></span> <span class='ocrx_word' id='word_1_197' title='bbox 744 2745 827 2800; x_wconf 91' lang='lat' dir='ltr'><strong>vel</strong></span> <span class='ocrx_word' id='word_1_198' title='bbox 873 2745 1031 2799; x_wconf 90' lang='lat' dir='ltr'><strong>etiam</strong></span> <span class='ocrx_word' id='word_1_199' title='bbox 1073 2740 1345 2795; x_wconf 77' lang='lat' dir='ltr'><strong>fallacibus</strong></span> <span class='ocrx_word' id='word_1_200' title='bbox 1384 2739 1631 2793; x_wconf 89' lang='lat' dir='ltr'><strong>amicitiis</strong></span> <span class='ocrx_word' id='word_1_201' title='bbox 1656 2754 1810 2808; x_wconf 84' lang='lat' dir='ltr'><strong>appa-</strong></span> 
     </span>
    </p>
   </div>
   <div class='ocr_carea' id='block_1_27' title="bbox 228 2830 1812 2906">
    <p class='ocr_par' dir='ltr' id='par_1_27' title="bbox 228 2830 1812 2906">
     <span class='ocr_line' id='line_1_27' title="bbox 228 2830 1812 2906; baseline -0.007 -14"><span class='ocrx_word' id='word_1_202' title='bbox 228 2837 398 2892; x_wconf 89' lang='lat' dir='ltr'><strong>rendo</strong></span> <span class='ocrx_word' id='word_1_203' title='bbox 421 2880 435 2905; x_wconf 98' lang='lat'><strong>,</strong></span> <span class='ocrx_word' id='word_1_204' title='bbox 464 2852 756 2906; x_wconf 89' lang='lat' dir='ltr'><strong>eorumque</strong></span> <span class='ocrx_word' id='word_1_205' title='bbox 786 2850 979 2905; x_wconf 84' lang='lat' dir='ltr'><strong>paucos</strong></span> <span class='ocrx_word' id='word_1_206' title='bbox 1001 2832 1290 2902; x_wconf 88' lang='lat' dir='ltr'><strong>discipulos</strong></span> <span class='ocrx_word' id='word_1_207' title='bbox 1312 2845 1438 2885; x_wconf 91' lang='lat' dir='ltr'><strong>suos</strong></span> <span class='ocrx_word' id='word_1_208' title='bbox 1461 2830 1679 2893; x_wconf 88' lang='lat' dir='ltr'><strong>faciunt,</strong></span> <span class='ocrx_word' id='word_1_209' title='bbox 1704 2830 1812 2898; x_wconf 87' lang='lat' dir='ltr'><strong>plu-</strong></span> 
     </span>
    </p>
   </div>
   <div class='ocr_carea' id='block_1_28' title="bbox 230 2921 1811 2997">
    <p class='ocr_par' dir='ltr' id='par_1_28' title="bbox 230 2921 1811 2997">
     <span class='ocr_line' id='line_1_28' title="bbox 230 2921 1811 2997; baseline -0.005 -15"><span class='ocrx_word' id='word_1_210' title='bbox 230 2929 591 2997; x_wconf 88' lang='lat' dir='ltr'><strong>rimorumque</strong></span> <span class='ocrx_word' id='word_1_211' title='bbox 611 2928 873 2982; x_wconf 88' lang='lat' dir='ltr'><strong>doctores.</strong></span> <span class='ocrx_word' id='word_1_212' title='bbox 892 2925 1072 2994; x_wconf 88' lang='lat' dir='ltr'><strong>Neque</strong></span> <span class='ocrx_word' id='word_1_213' title='bbox 1093 2924 1232 2977; x_wconf 91' lang='lat' dir='ltr'><strong>enim</strong></span> <span class='ocrx_word' id='word_1_214' title='bbox 1253 2923 1440 2991; x_wconf 90' lang='lat' dir='ltr'><strong>potuit,</strong></span> <span class='ocrx_word' id='word_1_215' title='bbox 1464 2921 1563 2976; x_wconf 92' lang='lat' dir='ltr'><strong>nisi</strong></span> <span class='ocrx_word' id='word_1_216' title='bbox 1587 2922 1811 2991; x_wconf 88' lang='lat' dir='ltr'><strong>primum</strong></span> 
     </span>
    </p>
   </div>
   <div class='ocr_carea' id='block_1_29' title="bbox 229 3012 1807 3087">
    <p class='ocr_par' dir='ltr' id='par_1_29' title="bbox 229 3012 1807 3087">
     <span class='ocr_line' id='line_1_29' title="bbox 229 3012 1807 3087; baseline -0.005 -15"><span class='ocrx_word' id='word_1_217' title='bbox 229 3020 362 3087; x_wconf 85' lang='lat' dir='ltr'><strong>ipsis</strong></span> <span class='ocrx_word' id='word_1_218' title='bbox 381 3018 695 3072; x_wconf 90' lang='lat' dir='ltr'><strong>docentibus</strong></span> <span class='ocrx_word' id='word_1_219' title='bbox 713 3059 727 3083; x_wconf 94' lang='lat'><strong>,</strong></span> <span class='ocrx_word' id='word_1_220' title='bbox 756 3017 886 3070; x_wconf 85' lang='lat' dir='ltr'><strong>disci</strong></span> <span class='ocrx_word' id='word_1_221' title='bbox 913 3014 1037 3083; x_wconf 92' lang='lat' dir='ltr'><strong>quid</strong></span> <span class='ocrx_word' id='word_1_222' title='bbox 1063 3014 1287 3083; x_wconf 90' lang='lat' dir='ltr'><strong>quisque</strong></span> <span class='ocrx_word' id='word_1_223' title='bbox 1319 3012 1526 3065; x_wconf 90' lang='lat' dir='ltr'><strong>illorum</strong></span> <span class='ocrx_word' id='word_1_224' title='bbox 1560 3020 1807 3081; x_wconf 88' lang='lat' dir='ltr'><strong>appetat,</strong></span> 
     </span>
    </p>
   </div>
   <div class='ocr_carea' id='block_1_30' title="bbox 228 3102 1807 3177">
    <p class='ocr_par' dir='ltr' id='par_1_30' title="bbox 228 3102 1807 3177">
     <span class='ocr_line' id='line_1_30' title="bbox 228 3102 1807 3177; baseline -0.004 -16"><span class='ocrx_word' id='word_1_225' title='bbox 228 3108 355 3177; x_wconf 84' lang='lat' dir='ltr'><strong>quid</strong></span> <span class='ocrx_word' id='word_1_226' title='bbox 381 3108 666 3161; x_wconf 80' lang='lat' dir='ltr'><strong>exliorreat</strong></span> <span class='ocrx_word' id='word_1_227' title='bbox 689 3147 704 3166; x_wconf 85' lang='lat'><strong>.</strong></span> <span class='ocrx_word' id='word_1_228' title='bbox 731 3122 835 3176; x_wconf 90' lang='lat' dir='ltr'><strong>quo</strong></span> <span class='ocrx_word' id='word_1_229' title='bbox 864 3105 1116 3159; x_wconf 80' lang='lat' dir='ltr'><strong>invitetur</strong></span> <span class='ocrx_word' id='word_1_230' title='bbox 1141 3102 1356 3155; x_wconf 89' lang='lat' dir='ltr'><strong>nomine</strong></span> <span class='ocrx_word' id='word_1_231' title='bbox 1380 3140 1395 3165; x_wconf 90' lang='lat'><strong>,</strong></span> <span class='ocrx_word' id='word_1_232' title='bbox 1422 3114 1526 3169; x_wconf 93' lang='lat' dir='ltr'><strong>quo</strong></span> <span class='ocrx_word' id='word_1_233' title='bbox 1545 3111 1762 3169; x_wconf 81' lang='lat' dir='ltr'><strong>cogatur</strong></span> <span class='ocrx_word' id='word_1_234' title='bbox 1796 3120 1807 3154; x_wconf 91' lang='lat'><strong>:</strong></span> 
     </span>
    </p>
   </div>
   <div class='ocr_carea' id='block_1_31' title="bbox 229 3192 1814 3268">
    <p class='ocr_par' dir='ltr' id='par_1_31' title="bbox 229 3192 1814 3268">
     <span class='ocr_line' id='line_1_31' title="bbox 229 3192 1814 3268; baseline -0.005 -15"><span class='ocrx_word' id='word_1_235' title='bbox 229 3200 372 3253; x_wconf 90' lang='lat' dir='ltr'><strong>unde</strong></span> <span class='ocrx_word' id='word_1_236' title='bbox 400 3199 615 3268; x_wconf 78' lang='lat' dir='ltr'><strong>magicce</strong></span> <span class='ocrx_word' id='word_1_237' title='bbox 636 3208 776 3251; x_wconf 85' lang='lat' dir='ltr'><strong>artes</strong></span> <span class='ocrx_word' id='word_1_238' title='bbox 793 3209 1079 3264; x_wconf 87' lang='lat' dir='ltr'><strong>earumque</strong></span> <span class='ocrx_word' id='word_1_239' title='bbox 1098 3193 1328 3247; x_wconf 89' lang='lat' dir='ltr'><strong>artiﬁces</strong></span> <span class='ocrx_word' id='word_1_240' title='bbox 1352 3192 1684 3246; x_wconf 83' lang='lat' dir='ltr'><strong>exstiterunt.</strong></span> <span class='ocrx_word' id='word_1_241' title='bbox 1706 3192 1814 3245; x_wconf 80' lang='lat' dir='ltr'><strong>Illa-</strong></span> 
     </span>
    </p>
   </div>
   <div class='ocr_carea' id='block_1_32' title="bbox 233 3281 1811 3359">
    <p class='ocr_par' dir='ltr' id='par_1_32' title="bbox 233 3281 1811 3359">
     <span class='ocr_line' id='line_1_32' title="bbox 233 3281 1811 3359; baseline -0.004 -17"><span class='ocrx_word' id='word_1_242' title='bbox 233 3290 378 3343; x_wconf 80' lang='lat' dir='ltr'><strong>xime</strong></span> <span class='ocrx_word' id='word_1_243' title='bbox 391 3297 565 3342; x_wconf 89' lang='lat' dir='ltr'><strong>autem</strong></span> <span class='ocrx_word' id='word_1_244' title='bbox 578 3287 851 3359; x_wconf 89' lang='lat' dir='ltr'><strong>possident</strong></span> <span class='ocrx_word' id='word_1_245' title='bbox 863 3286 1022 3340; x_wconf 90' lang='lat' dir='ltr'><strong>corda</strong></span> <span class='ocrx_word' id='word_1_246' title='bbox 1040 3284 1466 3351; x_wconf 88' lang='lat' dir='ltr'><strong>mortalium,qua</strong></span> <span class='ocrx_word' id='word_1_247' title='bbox 1482 3281 1811 3350; x_wconf 87' lang='lat' dir='ltr'><strong>potissimum</strong></span> 
     </span>
    </p>
   </div>
   <div class='ocr_carea' id='block_1_33' title="bbox 234 3372 1815 3449">
    <p class='ocr_par' dir='ltr' id='par_1_33' title="bbox 234 3372 1815 3449">
     <span class='ocr_line' id='line_1_33' title="bbox 234 3372 1815 3449; baseline -0.004 -16"><span class='ocrx_word' id='word_1_248' title='bbox 234 3379 570 3449; x_wconf 86' lang='lat' dir='ltr'><strong>possessione</strong></span> <span class='ocrx_word' id='word_1_249' title='bbox 584 3379 896 3446; x_wconf 81' lang='lat' dir='ltr'><strong>gloriantur,</strong></span> <span class='ocrx_word' id='word_1_250' title='bbox 911 3391 1031 3431; x_wconf 89' lang='lat' dir='ltr'><strong>cum</strong></span> <span class='ocrx_word' id='word_1_251' title='bbox 1054 3390 1110 3430; x_wconf 88' lang='lat' dir='ltr'><strong>se</strong></span> <span class='ocrx_word' id='word_1_252' title='bbox 1124 3373 1563 3443; x_wconf 80' lang='lat' dir='ltr'><strong>transﬁgurantin</strong></span> <span class='ocrx_word' id='word_1_253' title='bbox 1584 3372 1815 3444; x_wconf 79' lang='lat' dir='ltr'><strong>Angelos</strong></span> 
     </span>
    </p>
   </div>
   <div class='ocr_carea' id='block_1_34' title="bbox 232 3464 1815 3541">
    <p class='ocr_par' dir='ltr' id='par_1_34' title="bbox 232 3464 1815 3541">
     <span class='ocr_line' id='line_1_34' title="bbox 232 3464 1815 3541; baseline -0.007 -15"><span class='ocrx_word' id='word_1_254' title='bbox 232 3473 368 3526; x_wconf 91' lang='lat' dir='ltr'><strong>lucis</strong></span> <span class='ocrx_word' id='word_1_255' title='bbox 390 3469 455 3541; x_wconf 92' lang='lat' dir='ltr'><strong>(ll</strong></span> <span class='ocrx_word' id='word_1_256' title='bbox 470 3469 587 3525; x_wconf 84' lang='lat' dir='ltr'><strong>Cor.</strong></span> <span class='ocrx_word' id='word_1_257' title='bbox 605 3469 939 3539; x_wconf 75' lang='lat' dir='ltr'><strong>xi,M).Sunt</strong></span> <span class='ocrx_word' id='word_1_258' title='bbox 955 3480 1083 3535; x_wconf 82' lang='lat' dir='ltr'><strong>ergo</strong></span> <span class='ocrx_word' id='word_1_259' title='bbox 1100 3465 1233 3519; x_wconf 90' lang='lat' dir='ltr'><strong>facta</strong></span> <span class='ocrx_word' id='word_1_260' title='bbox 1250 3478 1432 3519; x_wconf 91' lang='lat' dir='ltr'><strong>eorum</strong></span> <span class='ocrx_word' id='word_1_261' title='bbox 1449 3464 1815 3531; x_wconf 66' lang='lat' dir='ltr'><strong>plurima,quaa</strong></span> 
     </span>
    </p>
   </div>
   <div class='ocr_carea' id='block_1_35' title="bbox 235 3554 1816 3631">
    <p class='ocr_par' dir='ltr' id='par_1_35' title="bbox 235 3554 1816 3631">
     <span class='ocr_line' id='line_1_35' title="bbox 235 3554 1816 3631; baseline -0.006 -17"><span class='ocrx_word' id='word_1_262' title='bbox 235 3572 436 3631; x_wconf 87' lang='lat' dir='ltr'><strong>quanto</strong></span> <span class='ocrx_word' id='word_1_263' title='bbox 480 3561 648 3629; x_wconf 84' lang='lat' dir='ltr'><strong>magis</strong></span> <span class='ocrx_word' id='word_1_264' title='bbox 704 3556 967 3612; x_wconf 89' lang='lat' dir='ltr'><strong>mirabilia</strong></span> <span class='ocrx_word' id='word_1_265' title='bbox 1009 3555 1365 3617; x_wconf 89' lang='lat' dir='ltr'><strong>conﬁtemur,</strong></span> <span class='ocrx_word' id='word_1_266' title='bbox 1420 3560 1565 3606; x_wconf 87' lang='lat' dir='ltr'><strong>tanto</strong></span> <span class='ocrx_word' id='word_1_267' title='bbox 1611 3554 1816 3606; x_wconf 89' lang='lat' dir='ltr'><strong>cautius</strong></span> 
     </span>
    </p>
   </div>
   <div class='ocr_carea' id='block_1_36' title="bbox 238 3641 1818 3712">
    <p class='ocr_par' dir='ltr' id='par_1_36' title="bbox 238 3641 1818 3712">
     <span class='ocr_line' id='line_1_36' title="bbox 238 3641 1818 3712; baseline -0.009 -3"><span class='ocrx_word' id='word_1_268' title='bbox 238 3657 407 3709; x_wconf 88' lang='lat' dir='ltr'><strong>vitare</strong></span> <span class='ocrx_word' id='word_1_269' title='bbox 426 3655 700 3709; x_wconf 88' lang='lat' dir='ltr'><strong>debemus.</strong></span> <span class='ocrx_word' id='word_1_270' title='bbox 728 3650 833 3706; x_wconf 89' lang='lat' dir='ltr'><strong>Sed</strong></span> <span class='ocrx_word' id='word_1_271' title='bbox 856 3648 922 3703; x_wconf 88' lang='lat' dir='ltr'><strong>ad</strong></span> <span class='ocrx_word' id='word_1_272' title='bbox 947 3648 1051 3702; x_wconf 87' lang='lat' dir='ltr'><strong>hoc</strong></span> <span class='ocrx_word' id='word_1_273' title='bbox 1071 3646 1213 3701; x_wconf 89' lang='lat' dir='ltr'><strong>unde</strong></span> <span class='ocrx_word' id='word_1_274' title='bbox 1240 3659 1378 3698; x_wconf 92' lang='lat' dir='ltr'><strong>nunc</strong></span> <span class='ocrx_word' id='word_1_275' title='bbox 1404 3644 1609 3712; x_wconf 87' lang='lat' dir='ltr'><strong>agimus</strong></span> <span class='ocrx_word' id='word_1_276' title='bbox 1625 3681 1642 3709; x_wconf 93' lang='lat'><strong>,</strong></span> <span class='ocrx_word' id='word_1_277' title='bbox 1665 3641 1818 3695; x_wconf 89' lang='lat' dir='ltr'><strong>nobis</strong></span> 
     </span>
    </p>
   </div>
   <div class='ocr_carea' id='block_1_37' title="bbox 240 3733 1818 3815">
    <p class='ocr_par' dir='ltr' id='par_1_37' title="bbox 240 3733 1818 3815">
     <span class='ocr_line' id='line_1_37' title="bbox 240 3733 1818 3815; baseline -0.009 -14"><span class='ocrx_word' id='word_1_278' title='bbox 240 3749 400 3801; x_wconf 90' lang='lat' dir='ltr'><strong>etiam</strong></span> <span class='ocrx_word' id='word_1_279' title='bbox 429 3746 541 3815; x_wconf 90' lang='lat' dir='ltr'><strong>ipsa</strong></span> <span class='ocrx_word' id='word_1_280' title='bbox 569 3743 869 3814; x_wconf 88' lang='lat' dir='ltr'><strong>proﬁciunt.</strong></span> <span class='ocrx_word' id='word_1_281' title='bbox 898 3740 953 3795; x_wconf 89' lang='lat' dir='ltr'><strong>Si</strong></span> <span class='ocrx_word' id='word_1_282' title='bbox 974 3738 1114 3793; x_wconf 88' lang='lat' dir='ltr'><strong>enim</strong></span> <span class='ocrx_word' id='word_1_283' title='bbox 1134 3736 1250 3791; x_wconf 65' lang='lat' dir='ltr'><strong>hcce</strong></span> <span class='ocrx_word' id='word_1_284' title='bbox 1266 3733 1522 3790; x_wconf 92' lang='lat' dir='ltr'><strong>immundi</strong></span> <span class='ocrx_word' id='word_1_285' title='bbox 1547 3733 1818 3787; x_wconf 65' lang='lat' dir='ltr'><strong>daemones</strong></span> 
     </span>
    </p>
   </div>
   <div class='ocr_carea' id='block_1_38' title="bbox 240 3822 1816 3907">
    <p class='ocr_par' dir='ltr' id='par_1_38' title="bbox 240 3822 1816 3907">
     <span class='ocr_line' id='line_1_38' title="bbox 240 3822 1816 3907; baseline -0.011 -14"><span class='ocrx_word' id='word_1_286' title='bbox 240 3846 508 3907; x_wconf 88' lang='lat' dir='ltr'><strong>possunt,</strong></span> <span class='ocrx_word' id='word_1_287' title='bbox 562 3842 759 3904; x_wconf 88' lang='lat' dir='ltr'><strong>quanto</strong></span> <span class='ocrx_word' id='word_1_288' title='bbox 810 3831 1140 3903; x_wconf 88' lang='lat' dir='ltr'><strong>potentiores</strong></span> <span class='ocrx_word' id='word_1_289' title='bbox 1192 3836 1318 3881; x_wconf 88' lang='lat' dir='ltr'><strong>sunt</strong></span> <span class='ocrx_word' id='word_1_290' title='bbox 1363 3825 1533 3879; x_wconf 84' lang='lat' dir='ltr'><strong>sancti</strong></span> <span class='ocrx_word' id='word_1_291' title='bbox 1581 3822 1771 3893; x_wconf 85' lang='lat' dir='ltr'><strong>Angeli</strong></span> <span class='ocrx_word' id='word_1_292' title='bbox 1800 3864 1816 3889; x_wconf 95' lang='lat'><strong>,</strong></span> 
     </span>
    </p>
   </div>
   <div class='ocr_carea' id='block_1_39' title="bbox 243 3916 1818 3997">
    <p class='ocr_par' dir='ltr' id='par_1_39' title="bbox 243 3916 1818 3997">
     <span class='ocr_line' id='line_1_39' title="bbox 243 3916 1818 3997; baseline -0.01 -15"><span class='ocrx_word' id='word_1_293' title='bbox 243 3937 439 3997; x_wconf 88' lang='lat' dir='ltr'><strong>quanto</strong></span> <span class='ocrx_word' id='word_1_294' title='bbox 465 3927 732 3996; x_wconf 90' lang='lat' dir='ltr'><strong>potentior</strong></span> <span class='ocrx_word' id='word_1_295' title='bbox 760 3930 845 3978; x_wconf 87' lang='lat' dir='ltr'><strong>est</strong></span> <span class='ocrx_word' id='word_1_296' title='bbox 868 3922 951 3975; x_wconf 90' lang='lat' dir='ltr'><strong>his</strong></span> <span class='ocrx_word' id='word_1_297' title='bbox 975 3919 1221 3974; x_wconf 80' lang='lat' dir='ltr'><strong>erunibus</strong></span> <span class='ocrx_word' id='word_1_298' title='bbox 1252 3918 1409 3982; x_wconf 86' lang='lat' dir='ltr'><strong>Deus,</strong></span> <span class='ocrx_word' id='word_1_299' title='bbox 1442 3916 1529 3984; x_wconf 88' lang='lat' dir='ltr'><strong>qui</strong></span> <span class='ocrx_word' id='word_1_300' title='bbox 1554 3924 1818 3969; x_wconf 88' lang='lat' dir='ltr'><strong>tantorum</strong></span> 
     </span>
    </p>
   </div>
   <div class='ocr_carea' id='block_1_40' title="bbox 243 4005 1820 4077">
    <p class='ocr_par' dir='ltr' id='par_1_40' title="bbox 243 4005 1820 4077">
     <span class='ocr_line' id='line_1_40' title="bbox 243 4005 1820 4077; baseline -0.01 -4"><span class='ocrx_word' id='word_1_301' title='bbox 243 4020 624 4073; x_wconf 89' lang='lat' dir='ltr'><strong>miraculorum</strong></span> <span class='ocrx_word' id='word_1_302' title='bbox 676 4014 954 4069; x_wconf 80' lang='lat' dir='ltr'><strong>effectores</strong></span> <span class='ocrx_word' id='word_1_303' title='bbox 1004 4011 1167 4065; x_wconf 89' lang='lat' dir='ltr'><strong>etiam</strong></span> <span class='ocrx_word' id='word_1_304' title='bbox 1207 4010 1352 4077; x_wconf 88' lang='lat' dir='ltr'><strong>ipsos</strong></span> <span class='ocrx_word' id='word_1_305' title='bbox 1391 4006 1624 4076; x_wconf 84' lang='lat' dir='ltr'><strong>Angelos</strong></span> <span class='ocrx_word' id='word_1_306' title='bbox 1662 4005 1820 4059; x_wconf 83' lang='lat' dir='ltr'><strong>fecit?</strong></span> 
     </span>
    </p>
   </div>
   <div class='ocr_carea' id='block_1_41' title="bbox 316 4098 1819 4175">
    <p class='ocr_par' dir='ltr' id='par_1_41' title="bbox 316 4098 1819 4175">
     <span class='ocr_line' id='line_1_41' title="bbox 316 4098 1819 4175; baseline -0.01 -12"><span class='ocrx_word' id='word_1_307' title='bbox 316 4112 371 4162; x_wconf 71' lang='lat'><strong>‘2.</strong></span> <span class='ocrx_word' id='word_1_308' title='bbox 400 4108 753 4175; x_wconf 87' lang='lat' dir='ltr'><strong>Quamobrem</strong></span> <span class='ocrx_word' id='word_1_309' title='bbox 778 4106 823 4158; x_wconf 88' lang='lat' dir='ltr'><strong>si</strong></span> <span class='ocrx_word' id='word_1_310' title='bbox 853 4112 931 4156; x_wconf 91' lang='lat' dir='ltr'><strong>tot</strong></span> <span class='ocrx_word' id='word_1_311' title='bbox 953 4112 1007 4156; x_wconf 92' lang='lat' dir='ltr'><strong>et</strong></span> <span class='ocrx_word' id='word_1_312' title='bbox 1032 4108 1174 4154; x_wconf 88' lang='lat' dir='ltr'><strong>tanta</strong></span> <span class='ocrx_word' id='word_1_313' title='bbox 1201 4098 1419 4152; x_wconf 87' lang='lat' dir='ltr'><strong>miriﬁca</strong></span> <span class='ocrx_word' id='word_1_314' title='bbox 1440 4100 1484 4163; x_wconf 80' lang='grc'>³,</span> <span class='ocrx_word' id='word_1_315' title='bbox 1514 4111 1633 4167; x_wconf 81' lang='lat' dir='ltr'><strong>qua:</strong></span> <span class='ocrx_word' id='word_1_316' title='bbox 1658 4119 1819 4164; x_wconf 81' lang='grc' dir='ltr'><strong>μηχα-</strong></span> 
     </span>
    </p>
   </div>
   <div class='ocr_carea' id='block_1_42' title="bbox 245 4187 1819 4267">
    <p class='ocr_par' dir='ltr' id='par_1_42' title="bbox 245 4187 1819 4267">
     <span class='ocr_line' id='line_1_42' title="bbox 245 4187 1819 4267; baseline -0.01 -12"><span class='ocrx_word' id='word_1_317' title='bbox 245 4215 437 4267; x_wconf 70' lang='grc' dir='ltr'>νήματα</span> <span class='ocrx_word' id='word_1_318' title='bbox 457 4198 742 4267; x_wconf 89' lang='lat' dir='ltr'><strong>appellant,</strong></span> <span class='ocrx_word' id='word_1_319' title='bbox 772 4195 861 4249; x_wconf 93' lang='lat' dir='ltr'><strong>Dei</strong></span> <span class='ocrx_word' id='word_1_320' title='bbox 890 4202 1132 4247; x_wconf 88' lang='lat' dir='ltr'><strong>creatura</strong></span> <span class='ocrx_word' id='word_1_321' title='bbox 1160 4189 1430 4245; x_wconf 88' lang='lat' dir='ltr'><strong>utentibus</strong></span> <span class='ocrx_word' id='word_1_322' title='bbox 1459 4187 1703 4242; x_wconf 88' lang='lat' dir='ltr'><strong>humanis</strong></span> <span class='ocrx_word' id='word_1_323' title='bbox 1730 4204 1819 4241; x_wconf 60' lang='lat' dir='ltr'><strong>aro</strong></span> 
     </span>
    </p>
   </div>
   <div class='ocr_carea' id='block_1_43' title="bbox 246 4280 1818 4356">
    <p class='ocr_par' dir='ltr' id='par_1_43' title="bbox 246 4280 1818 4356">
     <span class='ocr_line' id='line_1_43' title="bbox 246 4280 1818 4356; baseline -0.008 -10"><span class='ocrx_word' id='word_1_324' title='bbox 246 4294 389 4346; x_wconf 90' lang='lat' dir='ltr'><strong>tibus</strong></span> <span class='ocrx_word' id='word_1_325' title='bbox 413 4292 563 4356; x_wconf 85' lang='lat' dir='ltr'><strong>fiunt,</strong></span> <span class='ocrx_word' id='word_1_326' title='bbox 596 4299 653 4343; x_wconf 93' lang='lat' dir='ltr'><strong>ut</strong></span> <span class='ocrx_word' id='word_1_327' title='bbox 690 4302 751 4342; x_wconf 88' lang='lat' dir='ltr'><strong>ea</strong></span> <span class='ocrx_word' id='word_1_328' title='bbox 785 4287 874 4356; x_wconf 89' lang='lat' dir='ltr'><strong>qui</strong></span> <span class='ocrx_word' id='word_1_329' title='bbox 905 4286 1149 4340; x_wconf 86' lang='lat' dir='ltr'><strong>nesciunt</strong></span> <span class='ocrx_word' id='word_1_330' title='bbox 1174 4283 1457 4353; x_wconf 85' lang='lat' dir='ltr'><strong>epinentur</strong></span> <span class='ocrx_word' id='word_1_331' title='bbox 1475 4296 1595 4336; x_wconf 86' lang='lat' dir='ltr'><strong>esse</strong></span> <span class='ocrx_word' id='word_1_332' title='bbox 1612 4280 1818 4345; x_wconf 88' lang='lat' dir='ltr'><strong>divina;</strong></span> 
     </span>
    </p>
   </div>
   <div class='ocr_carea' id='block_1_44' title="bbox 248 4372 1821 4446">
    <p class='ocr_par' dir='ltr' id='par_1_44' title="bbox 248 4372 1821 4446">
     <span class='ocr_line' id='line_1_44' title="bbox 248 4372 1821 4446; baseline -0.009 -9"><span class='ocrx_word' id='word_1_333' title='bbox 248 4381 389 4437; x_wconf 90' lang='lat' dir='ltr'><strong>unde</strong></span> <span class='ocrx_word' id='word_1_334' title='bbox 417 4382 610 4435; x_wconf 90' lang='lat' dir='ltr'><strong>factum</strong></span> <span class='ocrx_word' id='word_1_335' title='bbox 639 4388 741 4442; x_wconf 90' lang='lat' dir='ltr'><strong>est,</strong></span> <span class='ocrx_word' id='word_1_336' title='bbox 770 4387 825 4432; x_wconf 93' lang='lat' dir='ltr'><strong>ut</strong></span> <span class='ocrx_word' id='word_1_337' title='bbox 852 4378 905 4430; x_wconf 92' lang='lat' dir='ltr'><strong>in</strong></span> <span class='ocrx_word' id='word_1_338' title='bbox 934 4375 1161 4446; x_wconf 90' lang='lat' dir='ltr'><strong>quodam</strong></span> <span class='ocrx_word' id='word_1_339' title='bbox 1194 4374 1392 4442; x_wconf 90' lang='lat' dir='ltr'><strong>templo</strong></span> <span class='ocrx_word' id='word_1_340' title='bbox 1415 4372 1678 4441; x_wconf 91' lang='lat' dir='ltr'><strong>lapidibus</strong></span> <span class='ocrx_word' id='word_1_341' title='bbox 1706 4387 1821 4425; x_wconf 90' lang='lat' dir='ltr'><strong>ma-</strong></span> 
     </span>
    </p>
   </div>
   <div class='ocr_carea' id='block_1_45' title="bbox 246 4463 1825 4545">
    <p class='ocr_par' dir='ltr' id='par_1_45' title="bbox 246 4463 1825 4545">
     <span class='ocr_line' id='line_1_45' title="bbox 246 4463 1825 4545; baseline -0.006 -18"><span class='ocrx_word' id='word_1_342' title='bbox 246 4474 494 4545; x_wconf 86' lang='lat' dir='ltr'><strong>gnetibus</strong></span> <span class='ocrx_word' id='word_1_343' title='bbox 519 4473 571 4526; x_wconf 90' lang='lat' dir='ltr'><strong>in</strong></span> <span class='ocrx_word' id='word_1_344' title='bbox 600 4472 715 4525; x_wconf 89' lang='lat' dir='ltr'><strong>solo</strong></span> <span class='ocrx_word' id='word_1_345' title='bbox 752 4479 807 4524; x_wconf 91' lang='lat' dir='ltr'><strong>et</strong></span> <span class='ocrx_word' id='word_1_346' title='bbox 839 4482 1047 4523; x_wconf 87' lang='lat' dir='ltr'><strong>camera</strong></span> <span class='ocrx_word' id='word_1_347' title='bbox 1083 4467 1423 4535; x_wconf 88' lang='lat' dir='ltr'><strong>proportione</strong></span> <span class='ocrx_word' id='word_1_348' title='bbox 1451 4463 1825 4532; x_wconf 82' lang='lat' dir='ltr'><strong>magnitudinis</strong></span> 
     </span>
    </p>
   </div>
   <div class='ocr_carea' id='block_1_46' title="bbox 250 4555 1827 4636">
    <p class='ocr_par' dir='ltr' id='par_1_46' title="bbox 250 4555 1827 4636">
     <span class='ocr_line' id='line_1_46' title="bbox 250 4555 1827 4636; baseline -0.007 -17"><span class='ocrx_word' id='word_1_349' title='bbox 250 4566 457 4636; x_wconf 86' lang='lat' dir='ltr'><strong>positis,</strong></span> <span class='ocrx_word' id='word_1_350' title='bbox 490 4564 827 4618; x_wconf 84' lang='lat' dir='ltr'><strong>simulacrum</strong></span> <span class='ocrx_word' id='word_1_351' title='bbox 857 4561 1085 4615; x_wconf 88' lang='lat' dir='ltr'><strong>ferreum</strong></span> <span class='ocrx_word' id='word_1_352' title='bbox 1116 4560 1255 4613; x_wconf 87' lang='lat' dir='ltr'><strong>aeris</strong></span> <span class='ocrx_word' id='word_1_353' title='bbox 1296 4558 1437 4611; x_wconf 90' lang='lat' dir='ltr'><strong>illius</strong></span> <span class='ocrx_word' id='word_1_354' title='bbox 1476 4556 1652 4610; x_wconf 91' lang='lat' dir='ltr'><strong>medio</strong></span> <span class='ocrx_word' id='word_1_355' title='bbox 1689 4555 1827 4609; x_wconf 89' lang='lat' dir='ltr'><strong>inter</strong></span> 
     </span>
    </p>
   </div>
   <div class='ocr_carea' id='block_1_47' title="bbox 252 4648 1829 4724">
    <p class='ocr_par' dir='ltr' id='par_1_47' title="bbox 252 4648 1829 4724">
     <span class='ocr_line' id='line_1_47' title="bbox 252 4648 1829 4724; baseline -0.006 -13"><span class='ocrx_word' id='word_1_356' title='bbox 252 4668 537 4724; x_wconf 88' lang='lat' dir='ltr'><strong>utrumque</strong></span> <span class='ocrx_word' id='word_1_357' title='bbox 562 4653 815 4723; x_wconf 88' lang='lat' dir='ltr'><strong>lapidem,</strong></span> <span class='ocrx_word' id='word_1_358' title='bbox 843 4650 1204 4721; x_wconf 85' lang='lat' dir='ltr'><strong>ignorantibus</strong></span> <span class='ocrx_word' id='word_1_359' title='bbox 1223 4648 1348 4718; x_wconf 92' lang='lat' dir='ltr'><strong>quid</strong></span> <span class='ocrx_word' id='word_1_360' title='bbox 1368 4662 1577 4701; x_wconf 90' lang='lat' dir='ltr'><strong>sursum</strong></span> <span class='ocrx_word' id='word_1_361' title='bbox 1607 4656 1745 4701; x_wconf 90' lang='lat' dir='ltr'><strong>esset</strong></span> <span class='ocrx_word' id='word_1_362' title='bbox 1766 4660 1829 4701; x_wconf 88' lang='lat' dir='ltr'><strong>ac</strong></span> 
     </span>
    </p>
   </div>
   <div class='ocr_carea' id='block_1_48' title="bbox 251 4740 1828 4818">
    <p class='ocr_par' dir='ltr' id='par_1_48' title="bbox 251 4740 1828 4818">
     <span class='ocr_line' id='line_1_48' title="bbox 251 4740 1828 4818; baseline -0.008 -12"><span class='ocrx_word' id='word_1_363' title='bbox 251 4753 525 4813; x_wconf 89' lang='lat' dir='ltr'><strong>deorsum,</strong></span> <span class='ocrx_word' id='word_1_364' title='bbox 547 4748 697 4818; x_wconf 89' lang='lat' dir='ltr'><strong>quasi</strong></span> <span class='ocrx_word' id='word_1_365' title='bbox 721 4746 950 4800; x_wconf 89' lang='lat' dir='ltr'><strong>numinis</strong></span> <span class='ocrx_word' id='word_1_366' title='bbox 974 4753 1234 4814; x_wconf 87' lang='lat' dir='ltr'><strong>potestate</strong></span> <span class='ocrx_word' id='word_1_367' title='bbox 1263 4743 1516 4811; x_wconf 89' lang='lat' dir='ltr'><strong>penderet</strong></span> <span class='ocrx_word' id='word_1_368' title='bbox 1546 4740 1648 4813; x_wconf 90' lang='lat' dir='ltr'><strong>(c);</strong></span> <span class='ocrx_word' id='word_1_369' title='bbox 1675 4741 1828 4810; x_wconf 88' lang='lat' dir='ltr'><strong>quale</strong></span> 
     </span>
    </p>
   </div>
   <div class='ocr_carea' id='block_1_49' title="bbox 320 4874 1796 4938">
    <p class='ocr_par' dir='ltr' id='par_1_49' title="bbox 320 4874 1796 4938">
     <span class='ocr_line' id='line_1_49' title="bbox 320 4874 1796 4938; baseline -0.009 0"><span class='ocrx_word' id='word_1_370' title='bbox 320 4892 338 4923; x_wconf 73' lang='grc'>³</span> <span class='ocrx_word' id='word_1_371' title='bbox 372 4891 445 4938; x_wconf 86' lang='lat' dir='ltr'><strong>sic</strong></span> <span class='ocrx_word' id='word_1_372' title='bbox 465 4886 597 4936; x_wconf 81' lang='lat' dir='ltr'><strong>Vind.</strong></span> <span class='ocrx_word' id='word_1_373' title='bbox 623 4894 720 4935; x_wconf 80' lang='lat' dir='ltr'><strong>Am.</strong></span> <span class='ocrx_word' id='word_1_374' title='bbox 745 4891 797 4933; x_wconf 92' lang='lat' dir='ltr'><strong>et</strong></span> <span class='ocrx_word' id='word_1_375' title='bbox 815 4892 920 4931; x_wconf 81' lang='lat' dir='ltr'><strong>MSS.</strong></span> <span class='ocrx_word' id='word_1_376' title='bbox 946 4888 999 4930; x_wconf 80' lang='lat' dir='ltr'><strong>Al.</strong></span> <span class='ocrx_word' id='word_1_377' title='bbox 1031 4887 1104 4929; x_wconf 82' lang='lat' dir='ltr'><strong>Er.</strong></span> <span class='ocrx_word' id='word_1_378' title='bbox 1147 4886 1198 4929; x_wconf 88' lang='lat' dir='ltr'><strong>et</strong></span> <span class='ocrx_word' id='word_1_379' title='bbox 1230 4886 1339 4928; x_wconf 71' lang='lat' dir='ltr'><strong>Iov.</strong></span> <span class='ocrx_word' id='word_1_380' title='bbox 1377 4874 1796 4927; x_wconf 72' lang='lat' dir='ltr'><strong>damoniacarum.</strong></span> 
     </span>
    </p>
   </div>
   <div class='ocr_carea' id='block_1_50' title="bbox 319 4941 1829 5022">
    <p class='ocr_par' dir='ltr' id='par_1_50' title="bbox 319 4941 1829 5022">
     <span class='ocr_line' id='line_1_50' title="bbox 319 4941 1829 5022; baseline -0.01 -22"><span class='ocrx_word' id='word_1_381' title='bbox 319 4954 345 5022; x_wconf 70' lang='lat'><strong>’_</strong></span> <span class='ocrx_word' id='word_1_382' title='bbox 379 4951 493 5022; x_wconf 48' lang='lat' dir='ltr'><strong>editi</strong></span> <span class='ocrx_word' id='word_1_383' title='bbox 518 4984 533 5009; x_wconf 89' lang='lat'><strong>,</strong></span> <span class='ocrx_word' id='word_1_384' title='bbox 574 4954 762 5010; x_wconf 85' lang='lat' dir='ltr'><strong>tamque</strong></span> <span class='ocrx_word' id='word_1_385' title='bbox 798 4941 1021 5006; x_wconf 80' lang='lat' dir='ltr'><strong>miriﬁca.</strong></span> <span class='ocrx_word' id='word_1_386' title='bbox 1086 4942 1259 5002; x_wconf 85' lang='lat' dir='ltr'><strong>Abest,</strong></span> <span class='ocrx_word' id='word_1_387' title='bbox 1319 4946 1542 5001; x_wconf 83' lang='lat' dir='ltr'><strong>tamque,</strong></span> <span class='ocrx_word' id='word_1_388' title='bbox 1588 4951 1617 4987; x_wconf 88' lang='lat' dir='ltr'><strong>a</strong></span> <span class='ocrx_word' id='word_1_389' title='bbox 1660 4950 1829 4986; x_wconf 89' lang='lat' dir='ltr'><strong>mauu-</strong></span> 
     </span>
    </p>
   </div>
   <div class='ocr_carea' id='block_1_51' title="bbox 249 5013 462 5066">
    <p class='ocr_par' dir='ltr' id='par_1_51' title="bbox 249 5013 462 5066">
     <span class='ocr_line' id='line_1_51' title="bbox 249 5013 462 5066; baseline -0.023 -4"><span class='ocrx_word' id='word_1_390' title='bbox 249 5013 462 5066; x_wconf 81' lang='lat' dir='ltr'><strong>scriptis.</strong></span> 
     </span>
    </p>
   </div>
   <div class='ocr_carea' id='block_1_52' title="bbox 322 5027 1830 5137">
    <p class='ocr_par' dir='ltr' id='par_1_52' title="bbox 322 5027 1830 5137">
     <span class='ocr_line' id='line_1_52' title="bbox 322 5027 1830 5137; baseline -0.011 -15"><span class='ocrx_word' id='word_1_391' title='bbox 322 5027 609 5137; x_wconf 47' lang='lat' dir='ltr'><strong>?!iilis‘rutum</strong></span> <span class='ocrx_word' id='word_1_392' title='bbox 633 5074 709 5119; x_wconf 89' lang='lat' dir='ltr'><strong>est</strong></span> <span class='ocrx_word' id='word_1_393' title='bbox 742 5065 1020 5137; x_wconf 78' lang='lat' dir='ltr'><strong>sepulcrum</strong></span> <span class='ocrx_word' id='word_1_394' title='bbox 1054 5063 1286 5137; x_wconf 78' lang='lat' dir='ltr'><strong>memoria</strong></span> <span class='ocrx_word' id='word_1_395' title='bbox 1318 5070 1521 5137; x_wconf 76' lang='lat' dir='ltr'><strong>patrum,</strong></span> <span class='ocrx_word' id='word_1_396' title='bbox 1561 5059 1610 5107; x_wconf 92' lang='lat' dir='ltr'><strong>in</strong></span> <span class='ocrx_word' id='word_1_397' title='bbox 1633 5072 1731 5137; x_wconf 61' lang='lat' dir='ltr'><strong>quc</strong></span> <span class='ocrx_word' id='word_1_398' title='bbox 1755 5072 1830 5107; x_wconf 88' lang='lat' dir='ltr'><strong>ar-</strong></span> 
     </span>
    </p>
   </div>
   <div class='ocr_carea' id='block_1_53' title="bbox 255 5081 1829 5189">
    <p class='ocr_par' dir='ltr' id='par_1_53' title="bbox 255 5081 1829 5189">
     <span class='ocr_line' id='line_1_53' title="bbox 322 5081 1829 5177; baseline -0.009 -56"><span class='ocrx_word' id='word_1_399' title='bbox 322 5081 394 5137; x_wconf 81' lang='grc' dir='ltr'><strong>(α)</strong></span> <span class='ocrx_word' id='word_1_400' title='bbox 418 5081 609 5120; x_wconf 68' lang='lat' dir='ltr'><strong>Brutum</strong></span> <span class='ocrx_word' id='word_1_401' title='bbox 633 5081 709 5119; x_wconf 70' lang='grc' dir='ltr'><strong>εει</strong></span> <span class='ocrx_word' id='word_1_402' title='bbox 742 5081 1020 5177; x_wconf 56' lang='lat' dir='ltr'><strong>seglulcrum</strong></span> <span class='ocrx_word' id='word_1_403' title='bbox 1054 5081 1286 5114; x_wconf 81' lang='lat' dir='ltr'><strong>memoria</strong></span> <span class='ocrx_word' id='word_1_404' title='bbox 1319 5081 1521 5123; x_wconf 76' lang='lat' dir='ltr'><strong>patrum,</strong></span> <span class='ocrx_word' id='word_1_405' title='bbox 1562 5081 1610 5107; x_wconf 93' lang='grc' dir='ltr'><strong>ιιι</strong></span> <span class='ocrx_word' id='word_1_406' title='bbox 1633 5081 1731 5121; x_wconf 77' lang='lat' dir='ltr'><strong>quo</strong></span> <span class='ocrx_word' id='word_1_407' title='bbox 1755 5081 1829 5107; x_wconf 78' lang='lat' dir='ltr'><strong>ar-</strong></span> 
     </span>
     <span class='ocr_line' id='line_1_54' title="bbox 255 5122 1829 5189; baseline -0.011 -5"><span class='ocrx_word' id='word_1_408' title='bbox 255 5137 405 5184; x_wconf 86' lang='lat' dir='ltr'><strong>debat</strong></span> <span class='ocrx_word' id='word_1_409' title='bbox 441 5132 672 5189; x_wconf 86' lang='lat' dir='ltr'><strong>lucerna,</strong></span> <span class='ocrx_word' id='word_1_410' title='bbox 709 5142 798 5178; x_wconf 89' lang='lat' dir='ltr'><strong>con</strong></span> <span class='ocrx_word' id='word_1_411' title='bbox 833 5131 898 5177; x_wconf 87' lang='lat' dir='ltr'><strong>&#39;ta</strong></span> <span class='ocrx_word' id='word_1_412' title='bbox 920 5127 1003 5181; x_wconf 87' lang='lat' dir='ltr'><strong>ibi,</strong></span> <span class='ocrx_word' id='word_1_413' title='bbox 1031 5133 1086 5174; x_wconf 87' lang='lat' dir='ltr'><strong>ut</strong></span> <span class='ocrx_word' id='word_1_414' title='bbox 1110 5139 1172 5189; x_wconf 85' lang='lat' dir='ltr'><strong>ex</strong></span> <span class='ocrx_word' id='word_1_415' title='bbox 1195 5124 1509 5184; x_wconf 90' lang='lat' dir='ltr'><strong>inscriptione</strong></span> <span class='ocrx_word' id='word_1_416' title='bbox 1523 5122 1793 5189; x_wconf 87' lang='lat' dir='ltr'><strong>apparebat</strong></span> <span class='ocrx_word' id='word_1_417' title='bbox 1814 5156 1829 5178; x_wconf 94' lang='lat'><strong>,</strong></span> 
     </span>
    </p>
   </div>
   <div class='ocr_carea' id='block_1_54' title="bbox 257 5187 1831 5258">
    <p class='ocr_par' dir='ltr' id='par_1_54' title="bbox 257 5187 1831 5258">
     <span class='ocr_line' id='line_1_55' title="bbox 257 5187 1831 5258; baseline -0.01 -13"><span class='ocrx_word' id='word_1_418' title='bbox 257 5210 405 5258; x_wconf 84' lang='lat' dir='ltr'><strong>supra</strong></span> <span class='ocrx_word' id='word_1_419' title='bbox 421 5187 727 5258; x_wconf 77' lang='lat' dir='ltr'><strong>millesimum</strong></span> <span class='ocrx_word' id='word_1_420' title='bbox 752 5197 802 5239; x_wconf 82' lang='lat' dir='ltr'><strong>et</strong></span> <span class='ocrx_word' id='word_1_421' title='bbox 823 5188 1290 5258; x_wconf 43' lang='lat' dir='ltr'><strong>quingentesimum.</strong></span> <span class='ocrx_word' id='word_1_422' title='bbox 1308 5196 1510 5258; x_wconf 76' lang='lat' dir='ltr'><strong>annum;</strong></span> <span class='ocrx_word' id='word_1_423' title='bbox 1537 5194 1695 5258; x_wconf 72' lang='lat' dir='ltr'><strong>eaque</strong></span> <span class='ocrx_word' id='word_1_424' title='bbox 1733 5187 1831 5230; x_wconf 88' lang='lat' dir='ltr'><strong>tota</strong></span> 
     </span>
    </p>
   </div>
   <div class='ocr_carea' id='block_1_55' title="bbox 261 5243 1833 5317">
    <p class='ocr_par' dir='ltr' id='par_1_55' title="bbox 261 5243 1833 5317">
     <span class='ocr_line' id='line_1_56' title="bbox 261 5243 1833 5317; baseline -0.011 -10"><span class='ocrx_word' id='word_1_425' title='bbox 261 5243 530 5317; x_wconf 57' lang='lat' dir='ltr'><strong>ei&#39;templo,</strong></span> <span class='ocrx_word' id='word_1_426' title='bbox 568 5243 624 5317; x_wconf 85' lang='lat' dir='ltr'><strong>ut</strong></span> <span class='ocrx_word' id='word_1_427' title='bbox 659 5243 966 5317; x_wconf 48' lang='lat' dir='ltr'><strong>contrectari</strong></span> <span class='ocrx_word' id='word_1_428' title='bbox 981 5255 1138 5317; x_wconf 81' lang='lat' dir='ltr'><strong>ccepta</strong></span> <span class='ocrx_word' id='word_1_429' title='bbox 1161 5253 1255 5304; x_wconf 83' lang='lat' dir='ltr'><strong>est,</strong></span> <span class='ocrx_word' id='word_1_430' title='bbox 1278 5246 1407 5317; x_wconf 70' lang='lat' dir='ltr'><strong>inter</strong></span> <span class='ocrx_word' id='word_1_431' title='bbox 1416 5243 1635 5317; x_wconf 69' lang='lat' dir='ltr'><strong>adiunctas</strong></span> <span class='ocrx_word' id='word_1_432' title='bbox 1662 5254 1833 5290; x_wconf 89' lang='lat' dir='ltr'><strong>manus</strong></span> 
     </span>
    </p>
   </div>
   <div class='ocr_carea' id='block_1_56' title="bbox 258 5312 1572 5369">
    <p class='ocr_par' dir='ltr' id='par_1_56' title="bbox 258 5312 1572 5369">
     <span class='ocr_line' id='line_1_57' title="bbox 258 5312 1572 5369; baseline -0.011 -3"><span class='ocrx_word' id='word_1_433' title='bbox 258 5318 399 5367; x_wconf 84' lang='lat' dir='ltr'><strong>friata</strong></span> <span class='ocrx_word' id='word_1_434' title='bbox 421 5312 470 5364; x_wconf 69' lang='lat' dir='ltr'><strong>in</strong></span> <span class='ocrx_word' id='word_1_435' title='bbox 494 5315 827 5363; x_wconf 85' lang='lat' dir='ltr'><strong>tenuissimum</strong></span> <span class='ocrx_word' id='word_1_436' title='bbox 848 5312 964 5358; x_wconf 89' lang='lat' dir='ltr'><strong>abiit</strong></span> <span class='ocrx_word' id='word_1_437' title='bbox 987 5312 1256 5369; x_wconf 79' lang='lat' dir='ltr'><strong>pulverem.</strong></span> <span class='ocrx_word' id='word_1_438' title='bbox 1282 5312 1572 5369; x_wconf 60' lang='lat' dir='ltr'><strong>[.UD._\‘IV1tS.</strong></span> 
     </span>
    </p>
   </div>
   <div class='ocr_carea' id='block_1_57' title="bbox 328 5363 1832 5439">
    <p class='ocr_par' dir='ltr' id='par_1_57' title="bbox 328 5363 1832 5439">
     <span class='ocr_line' id='line_1_58' title="bbox 328 5363 1832 5439; baseline -0.009 -14"><span class='ocrx_word' id='word_1_439' title='bbox 328 5363 398 5439; x_wconf 58' lang='grc' dir='ltr'><strong>ζῶ</strong></span> <span class='ocrx_word' id='word_1_440' title='bbox 423 5363 633 5430; x_wconf 75' lang='lat' dir='ltr'><strong>Psellus,</strong></span> <span class='ocrx_word' id='word_1_441' title='bbox 662 5376 737 5439; x_wconf 69' lang='lat' dir='ltr'><strong>de</strong></span> <span class='ocrx_word' id='word_1_442' title='bbox 760 5363 1079 5439; x_wconf 68' lang='lat' dir='ltr'><strong>Daznionilius,</strong></span> <span class='ocrx_word' id='word_1_443' title='bbox 1104 5383 1206 5439; x_wconf 75' lang='lat' dir='ltr'><strong>cap.</strong></span> <span class='ocrx_word' id='word_1_444' title='bbox 1252 5367 1366 5439; x_wconf 80' lang='lat' dir='ltr'><strong>ul_t.,</strong></span> <span class='ocrx_word' id='word_1_445' title='bbox 1404 5364 1495 5439; x_wconf 66' lang='lat' dir='ltr'><strong>hoc</strong></span> <span class='ocrx_word' id='word_1_446' title='bbox 1510 5363 1832 5439; x_wconf 10' lang='lat' dir='ltr'><strong>ipsumraitse</strong></span> 
     </span>
    </p>
   </div>
   <div class='ocr_carea' id='block_1_58' title="bbox 260 5425 1836 5497">
    <p class='ocr_par' dir='ltr' id='par_1_58' title="bbox 260 5425 1836 5497">
     <span class='ocr_line' id='line_1_59' title="bbox 260 5425 1836 5497; baseline -0.011 -9"><span class='ocrx_word' id='word_1_447' title='bbox 260 5425 485 5488; x_wconf 71' lang='lat' dir='ltr'><strong>didicisse</strong></span> <span class='ocrx_word' id='word_1_448' title='bbox 501 5450 529 5483; x_wconf 92' lang='lat' dir='ltr'><strong>a</strong></span> <span class='ocrx_word' id='word_1_449' title='bbox 550 5425 757 5497; x_wconf 79' lang='lat' dir='ltr'><strong>quodam</strong></span> <span class='ocrx_word' id='word_1_450' title='bbox 777 5433 979 5495; x_wconf 82' lang='lat' dir='ltr'><strong>Ephesio</strong></span> <span class='ocrx_word' id='word_1_451' title='bbox 994 5425 1075 5493; x_wconf 88' lang='lat' dir='ltr'><strong>qui</strong></span> <span class='ocrx_word' id='word_1_452' title='bbox 1099 5425 1394 5478; x_wconf 66' lang='lat' dir='ltr'><strong>daemonibus</strong></span> <span class='ocrx_word' id='word_1_453' title='bbox 1413 5425 1707 5497; x_wconf 74' lang='lat' dir='ltr'><strong>familiariter</strong></span> <span class='ocrx_word' id='word_1_454' title='bbox 1717 5433 1836 5497; x_wconf 44' lang='lat' dir='ltr'><strong>‘ute:</strong></span> 
     </span>
    </p>
   </div>
   <div class='ocr_carea' id='block_1_59' title="bbox 264 5483 1834 5559">
    <p class='ocr_par' dir='ltr' id='par_1_59' title="bbox 264 5483 1834 5559">
     <span class='ocr_line' id='line_1_60' title="bbox 264 5483 1834 5559; baseline -0.011 -9"><span class='ocrx_word' id='word_1_455' title='bbox 264 5483 831 5559; x_wconf 35' lang='lat' dir='ltr'><strong>batiirfnulltim—nempé</strong></span> <span class='ocrx_word' id='word_1_456' title='bbox 856 5505 969 5559; x_wconf 83' lang='lat' dir='ltr'><strong>esse</strong></span> <span class='ocrx_word' id='word_1_457' title='bbox 1006 5483 1164 5551; x_wconf 76' lang='lat' dir='ltr'><strong>genus</strong></span> <span class='ocrx_word' id='word_1_458' title='bbox 1198 5502 1380 5548; x_wconf 86' lang='lat' dir='ltr'><strong>rerum,</strong></span> <span class='ocrx_word' id='word_1_459' title='bbox 1404 5500 1500 5550; x_wconf 92' lang='lat' dir='ltr'><strong>quo</strong></span> <span class='ocrx_word' id='word_1_460' title='bbox 1533 5486 1657 5535; x_wconf 86' lang='lat' dir='ltr'><strong>certi</strong></span> <span class='ocrx_word' id='word_1_461' title='bbox 1687 5483 1834 5547; x_wconf 87' lang='lat' dir='ltr'><strong>aliqui</strong></span> 
     </span>
    </p>
   </div>
   <div class='ocr_carea' id='block_1_60' title="bbox 266 5556 1272 5615">
    <p class='ocr_par' dir='ltr' id='par_1_60' title="bbox 266 5556 1272 5615">
     <span class='ocr_line' id='line_1_61' title="bbox 266 5556 1272 5615; baseline -0.012 -5"><span class='ocrx_word' id='word_1_462' title='bbox 266 5556 516 5610; x_wconf 70' lang='lat' dir='ltr'><strong>daamdnes</strong></span> <span class='ocrx_word' id='word_1_463' title='bbox 545 5558 668 5605; x_wconf 89' lang='lat' dir='ltr'><strong>allici</strong></span> <span class='ocrx_word' id='word_1_464' title='bbox 692 5556 787 5603; x_wconf 88' lang='lat' dir='ltr'><strong>non</strong></span> <span class='ocrx_word' id='word_1_465' title='bbox 809 5556 1006 5615; x_wconf 82' lang='lat' dir='ltr'><strong>possint.</strong></span> <span class='ocrx_word' id='word_1_466' title='bbox 1025 5561 1272 5615; x_wconf 62' lang='lat' dir='ltr'><strong>CQQUA-IUS.</strong></span> 
     </span>
    </p>
   </div>
   <div class='ocr_carea' id='block_1_61' title="bbox 332 5606 1833 5683">
    <p class='ocr_par' dir='ltr' id='par_1_61' title="bbox 332 5606 1833 5683">
     <span class='ocr_line' id='line_1_62' title="bbox 332 5606 1833 5683; baseline -0.011 -12"><span class='ocrx_word' id='word_1_467' title='bbox 332 5606 485 5683; x_wconf 51' lang='lat' dir='ltr'><strong>(aid</strong></span> <span class='ocrx_word' id='word_1_468' title='bbox 502 5606 662 5668; x_wconf 84' lang='lat' dir='ltr'><strong>refert</strong></span> <span class='ocrx_word' id='word_1_469' title='bbox 699 5606 923 5674; x_wconf 72' lang='lat' dir='ltr'><strong>numinis,</strong></span> <span class='ocrx_word' id='word_1_470' title='bbox 946 5614 1031 5683; x_wconf 81' lang='lat' dir='ltr'><strong>lib.</strong></span> <span class='ocrx_word' id='word_1_471' title='bbox 1057 5612 1218 5683; x_wconf 43' lang='lat' dir='ltr'><strong>suist.</strong></span> <span class='ocrx_word' id='word_1_472' title='bbox 1241 5608 1451 5683; x_wconf 76' lang='lat' dir='ltr'><strong>ecclcs.,_</strong></span> <span class='ocrx_word' id='word_1_473' title='bbox 1475 5606 1681 5683; x_wconf 57' lang='lat' dir='ltr'><strong>cap._g.3,</strong></span> <span class='ocrx_word' id='word_1_474' title='bbox 1705 5606 1833 5683; x_wconf 64' lang='lat' dir='ltr'><strong>inter;</strong></span> 
     </span>
    </p>
   </div>
   <div class='ocr_carea' id='block_1_62' title="bbox 268 5666 1835 5779">
    <p class='ocr_par' dir='ltr' id='par_1_62' title="bbox 268 5666 1835 5779">
     <span class='ocr_line' id='line_1_63' title="bbox 268 5666 1835 5779; baseline -0.011 -48"><span class='ocrx_word' id='word_1_475' title='bbox 268 5666 485 5731; x_wconf 55' lang='lat' dir='ltr'><strong>fraudes—</strong></span> <span class='ocrx_word' id='word_1_476' title='bbox 510 5666 619 5743; x_wconf 64' lang='lat' dir='ltr'><strong>qum</strong></span> <span class='ocrx_word' id='word_1_477' title='bbox 661 5685 873 5740; x_wconf 71' lang='lat' dir='ltr'><strong>reperta:</strong></span> <span class='ocrx_word' id='word_1_478' title='bbox 910 5666 1039 5723; x_wconf 54' lang='lat' dir='ltr'><strong>&#39;sunt</strong></span> <span class='ocrx_word' id='word_1_479' title='bbox 1090 5676 1139 5721; x_wconf 90' lang='lat' dir='ltr'><strong>in</strong></span> <span class='ocrx_word' id='word_1_480' title='bbox 1192 5672 1373 5779; x_wconf 67' lang='lat' dir='ltr'><strong>templo</strong></span> <span class='ocrx_word' id='word_1_481' title='bbox 1428 5666 1666 5730; x_wconf 72' lang='lat' dir='ltr'><strong>Serapidis</strong></span> <span class='ocrx_word' id='word_1_482' title='bbox 1708 5666 1835 5739; x_wconf 83' lang='lat' dir='ltr'><strong>apud</strong></span> 
     </span>
     <span class='ocr_line' id='line_1_64' title="bbox 276 5729 1835 5779; baseline -0.002 0"><span class='ocrx_word' id='word_1_483' title='bbox 276 5743 630 5779; x_wconf 65' lang='lat' dir='ltr'><strong>Alnvnmlrinlnf</strong></span> <span class='ocrx_word' id='word_1_484' title='bbox 665 5759 685 5779; x_wconf 73' lang='grc' dir='ltr'>οι</span> <span class='ocrx_word' id='word_1_485' title='bbox 705 5747 825 5779; x_wconf 70' lang='grc' dir='ltr'>ιτπιι-</span> <span class='ocrx_word' id='word_1_486' title='bbox 848 5754 871 5779; x_wconf 64' lang='grc' dir='ltr'><strong>ν</strong></span> <span class='ocrx_word' id='word_1_487' title='bbox 900 5737 1070 5779; x_wconf 82' lang='lat' dir='ltr'><strong>innuit.</strong></span> <span class='ocrx_word' id='word_1_488' title='bbox 1102 5752 1121 5779; x_wconf 69' lang='lat' dir='ltr'><strong>tt</strong></span> <span class='ocrx_word' id='word_1_489' title='bbox 1146 5733 1271 5779; x_wconf 87' lang='lat' dir='ltr'><strong>aliud</strong></span> <span class='ocrx_word' id='word_1_490' title='bbox 1310 5733 1471 5779; x_wconf 87' lang='lat' dir='ltr'><strong>raudis</strong></span> <span class='ocrx_word' id='word_1_491' title='bbox 1492 5742 1650 5779; x_wconf 69' lang='lat' dir='ltr'><strong>genus</strong></span> <span class='ocrx_word' id='word_1_492' title='bbox 1671 5729 1835 5779; x_wconf 74' lang='lat' dir='ltr'><strong>huius-</strong></span> 
     </span>
    </p>
   </div>
   <div class='ocr_carea' id='block_1_63' title="bbox 270 5729 1836 5798">
    <p class='ocr_par' dir='ltr' id='par_1_63' title="bbox 270 5729 1836 5798">
     <span class='ocr_line' id='line_1_65' title="bbox 270 5729 1836 5798; baseline -0.01 -8"><span class='ocrx_word' id='word_1_493' title='bbox 270 5729 599 5791; x_wconf 54' lang='lat' dir='ltr'><strong>itlexaiidriam</strong></span> <span class='ocrx_word' id='word_1_494' title='bbox 620 5755 631 5787; x_wconf 90' lang='lat'>:</span> <span class='ocrx_word' id='word_1_495' title='bbox 665 5759 687 5784; x_wconf 76' lang='lat' dir='ltr'><strong>tt</strong></span> <span class='ocrx_word' id='word_1_496' title='bbox 705 5729 826 5793; x_wconf 64' lang='lat' dir='ltr'><strong>E&#39;rat,</strong></span> <span class='ocrx_word' id='word_1_497' title='bbox 848 5754 871 5781; x_wconf 69' lang='grc' dir='ltr'><strong>ι</strong></span> <span class='ocrx_word' id='word_1_498' title='bbox 900 5737 1071 5798; x_wconf 85' lang='lat' dir='ltr'><strong>inquit,</strong></span> <span class='ocrx_word' id='word_1_499' title='bbox 1102 5752 1121 5779; x_wconf 70' lang='grc' dir='ltr'>«ι</span> <span class='ocrx_word' id='word_1_500' title='bbox 1146 5733 1271 5798; x_wconf 85' lang='lat' dir='ltr'><strong>aliud</strong></span> <span class='ocrx_word' id='word_1_501' title='bbox 1295 5729 1650 5798; x_wconf 22' lang='lat' dir='ltr'><strong>fraudis‘genus</strong></span> <span class='ocrx_word' id='word_1_502' title='bbox 1671 5729 1836 5798; x_wconf 78' lang='lat' dir='ltr'><strong>hujus-</strong></span> 
     </span>
    </p>
   </div>
   <div class='ocr_carea' id='block_1_64' title="bbox 280 5790 1836 5861">
    <p class='ocr_par' dir='ltr' id='par_1_64' title="bbox 280 5790 1836 5861">
     <span class='ocr_line' id='line_1_66' title="bbox 280 5790 1836 5861; baseline -0.008 -11"><span class='ocrx_word' id='word_1_503' title='bbox 280 5822 301 5849; x_wconf 76' lang='grc' dir='ltr'><strong>ι</strong></span> <span class='ocrx_word' id='word_1_504' title='bbox 326 5804 449 5851; x_wconf 84' lang='lat' dir='ltr'><strong>modi</strong></span> <span class='ocrx_word' id='word_1_505' title='bbox 476 5817 488 5851; x_wconf 90' lang='lat'>:</span> <span class='ocrx_word' id='word_1_506' title='bbox 516 5812 683 5851; x_wconf 87' lang='lat' dir='ltr'><strong>natura</strong></span> <span class='ocrx_word' id='word_1_507' title='bbox 706 5790 872 5861; x_wconf 84' lang='lat' dir='ltr'><strong>lapidis</strong></span> <span class='ocrx_word' id='word_1_508' title='bbox 906 5790 1147 5861; x_wconf 72' lang='lat' dir='ltr'><strong>magnetis</strong></span> <span class='ocrx_word' id='word_1_509' title='bbox 1162 5797 1304 5861; x_wconf 77' lang='lat' dir='ltr'><strong>hujus</strong></span> <span class='ocrx_word' id='word_1_510' title='bbox 1327 5790 1513 5861; x_wconf 73' lang='lat' dir='ltr'><strong>virtutis</strong></span> <span class='ocrx_word' id='word_1_511' title='bbox 1537 5804 1651 5861; x_wconf 66' lang='lat' dir='ltr'><strong>esse</strong></span> <span class='ocrx_word' id='word_1_512' title='bbox 1675 5790 1836 5861; x_wconf 59' lang='lat' dir='ltr'><strong>perm:-</strong></span> 
     </span>
    </p>
   </div>
   <div class='ocr_carea' id='block_1_65' title="bbox 271 5850 1831 5927">
    <p class='ocr_par' dir='ltr' id='par_1_65' title="bbox 271 5850 1831 5927">
     <span class='ocr_line' id='line_1_67' title="bbox 271 5850 1831 5927; baseline -0.012 -11"><span class='ocrx_word' id='word_1_513' title='bbox 271 5850 436 5927; x_wconf 74' lang='lat' dir='ltr'><strong>betur,</strong></span> <span class='ocrx_word' id='word_1_514' title='bbox 462 5850 515 5913; x_wconf 83' lang='lat' dir='ltr'><strong>ut</strong></span> <span class='ocrx_word' id='word_1_515' title='bbox 537 5865 595 5914; x_wconf 87' lang='lat' dir='ltr'><strong>ad</strong></span> <span class='ocrx_word' id='word_1_516' title='bbox 627 5878 680 5912; x_wconf 86' lang='lat' dir='ltr'><strong>se</strong></span> <span class='ocrx_word' id='word_1_517' title='bbox 705 5850 855 5925; x_wconf 74' lang='lat' dir='ltr'><strong>rapiat</strong></span> <span class='ocrx_word' id='word_1_518' title='bbox 879 5866 930 5909; x_wconf 89' lang='lat' dir='ltr'><strong>et</strong></span> <span class='ocrx_word' id='word_1_519' title='bbox 961 5850 1163 5909; x_wconf 59' lang='lat' dir='ltr'><strong>attrahat</strong></span> <span class='ocrx_word' id='word_1_520' title='bbox 1182 5850 1362 5906; x_wconf 65' lang='lat' dir='ltr'><strong>lc&#39;rrtu&#39;n</strong></span> <span class='ocrx_word' id='word_1_521' title='bbox 1390 5870 1401 5904; x_wconf 89' lang='lat'><em>:</em></span> <span class='ocrx_word' id='word_1_522' title='bbox 1428 5856 1617 5918; x_wconf 77' lang='lat' dir='ltr'><strong>signum</strong></span> <span class='ocrx_word' id='word_1_523' title='bbox 1640 5850 1754 5900; x_wconf 74' lang='lat' dir='ltr'><strong>sulis</strong></span> <span class='ocrx_word' id='word_1_524' title='bbox 1772 5852 1831 5897; x_wconf 79' lang='lat' dir='ltr'><strong>ad</strong></span> 
     </span>
    </p>
   </div>
   <div class='ocr_carea' id='block_1_66' title="bbox 1363 414 2276 475">
    <p class='ocr_par' dir='ltr' id='par_1_66' title="bbox 1363 414 2276 475">
     <span class='ocr_line' id='line_1_68' title="bbox 1363 414 2276 475; baseline -0.005 -1"><span class='ocrx_word' id='word_1_525' title='bbox 1363 418 1567 475; x_wconf 78' lang='lat' dir='ltr'><strong>LIBER</strong></span> <span class='ocrx_word' id='word_1_526' title='bbox 1602 414 1969 474; x_wconf 74' lang='lat' dir='ltr'><strong>VlGESlMUS</strong></span> <span class='ocrx_word' id='word_1_527' title='bbox 2006 415 2276 473; x_wconf 80' lang='lat' dir='ltr'><strong>PRIMUS.</strong></span> 
     </span>
    </p>
   </div>
   <div class='ocr_carea' id='block_1_67' title="bbox 3340 410 3444 468">
    <p class='ocr_par' dir='ltr' id='par_1_67' title="bbox 3340 410 3444 468">
     <span class='ocr_line' id='line_1_69' title="bbox 3340 410 3444 468; baseline -0.01 0"><span class='ocrx_word' id='word_1_528' title='bbox 3340 410 3444 468; x_wconf 82' lang='grc'><strong>’118</strong></span> 
     </span>
    </p>
   </div>
   <div class='ocr_carea' id='block_1_68' title="bbox 1880 528 3445 603">
    <p class='ocr_par' dir='ltr' id='par_1_68' title="bbox 1880 528 3445 603">
     <span class='ocr_line' id='line_1_70' title="bbox 1880 528 3445 603; baseline -0.003 -16"><span class='ocrx_word' id='word_1_529' title='bbox 1880 532 2078 603; x_wconf 88' lang='lat' dir='ltr'><strong>aliquid</strong></span> <span class='ocrx_word' id='word_1_530' title='bbox 2109 534 2264 589; x_wconf 90' lang='lat' dir='ltr'><strong>etiam</strong></span> <span class='ocrx_word' id='word_1_531' title='bbox 2292 533 2345 586; x_wconf 92' lang='lat' dir='ltr'><strong>in</strong></span> <span class='ocrx_word' id='word_1_532' title='bbox 2373 532 2459 586; x_wconf 89' lang='lat' dir='ltr'><strong>illa</strong></span> <span class='ocrx_word' id='word_1_533' title='bbox 2485 533 2698 587; x_wconf 89' lang='lat' dir='ltr'><strong>lucerna</strong></span> <span class='ocrx_word' id='word_1_534' title='bbox 2731 530 2946 586; x_wconf 84' lang='lat' dir='ltr'><strong>Veneris</strong></span> <span class='ocrx_word' id='word_1_535' title='bbox 2982 529 3051 585; x_wconf 90' lang='lat' dir='ltr'><strong>de</strong></span> <span class='ocrx_word' id='word_1_536' title='bbox 3087 528 3261 600; x_wconf 86' lang='lat' dir='ltr'><strong>lapide</strong></span> <span class='ocrx_word' id='word_1_537' title='bbox 3288 528 3445 584; x_wconf 86' lang='lat' dir='ltr'><strong>ashe-</strong></span> 
     </span>
    </p>
   </div>
   <div class='ocr_carea' id='block_1_69' title="bbox 1880 623 3446 695">
    <p class='ocr_par' dir='ltr' id='par_1_69' title="bbox 1880 623 3446 695">
     <span class='ocr_line' id='line_1_71' title="bbox 1880 623 3446 695; baseline -0.004 -14"><span class='ocrx_word' id='word_1_538' title='bbox 1880 635 1963 681; x_wconf 89' lang='lat' dir='ltr'><strong>sto</strong></span> <span class='ocrx_word' id='word_1_539' title='bbox 1993 626 2058 681; x_wconf 92' lang='lat' dir='ltr'><strong>ab</strong></span> <span class='ocrx_word' id='word_1_540' title='bbox 2084 626 2285 681; x_wconf 87' lang='lat' dir='ltr'><strong>artiﬁce</strong></span> <span class='ocrx_word' id='word_1_541' title='bbox 2312 626 2423 680; x_wconf 85' lang='lat' dir='ltr'><strong>fieri</strong></span> <span class='ocrx_word' id='word_1_542' title='bbox 2464 626 2697 695; x_wconf 88' lang='lat' dir='ltr'><strong>potuisse</strong></span> <span class='ocrx_word' id='word_1_543' title='bbox 2727 625 2835 695; x_wconf 93' lang='lat' dir='ltr'><strong>jam</strong></span> <span class='ocrx_word' id='word_1_544' title='bbox 2873 624 3102 678; x_wconf 82' lang='lat' dir='ltr'><strong>diximus</strong></span> <span class='ocrx_word' id='word_1_545' title='bbox 3133 641 3149 677; x_wconf 94' lang='lat'><strong>:</strong></span> <span class='ocrx_word' id='word_1_546' title='bbox 3176 623 3222 678; x_wconf 90' lang='lat' dir='ltr'><strong>si</strong></span> <span class='ocrx_word' id='word_1_547' title='bbox 3261 637 3446 691; x_wconf 82' lang='lat' dir='ltr'><strong>mago-</strong></span> 
     </span>
    </p>
   </div>
   <div class='ocr_carea' id='block_1_70' title="bbox 1883 716 3447 788">
    <p class='ocr_par' dir='ltr' id='par_1_70' title="bbox 1883 716 3447 788">
     <span class='ocr_line' id='line_1_72' title="bbox 1883 716 3447 788; baseline -0.001 -17"><span class='ocrx_word' id='word_1_548' title='bbox 1883 733 2000 772; x_wconf 90' lang='lat' dir='ltr'><strong>rum</strong></span> <span class='ocrx_word' id='word_1_549' title='bbox 2026 732 2209 787; x_wconf 86' lang='lat' dir='ltr'><strong>opera,</strong></span> <span class='ocrx_word' id='word_1_550' title='bbox 2236 732 2369 787; x_wconf 90' lang='lat' dir='ltr'><strong>quos</strong></span> <span class='ocrx_word' id='word_1_551' title='bbox 2394 727 2570 772; x_wconf 88' lang='lat' dir='ltr'><strong>nostra</strong></span> <span class='ocrx_word' id='word_1_552' title='bbox 2595 716 2866 788; x_wconf 86' lang='lat' dir='ltr'><strong>Scriptura</strong></span> <span class='ocrx_word' id='word_1_553' title='bbox 2892 717 3159 771; x_wconf 85' lang='lat' dir='ltr'><strong>veneﬁcos</strong></span> <span class='ocrx_word' id='word_1_554' title='bbox 3182 724 3237 771; x_wconf 92' lang='lat' dir='ltr'><strong>et</strong></span> <span class='ocrx_word' id='word_1_555' title='bbox 3262 717 3447 771; x_wconf 79' lang='lat' dir='ltr'><strong>incan-</strong></span> 
     </span>
    </p>
   </div>
   <div class='ocr_carea' id='block_1_71' title="bbox 1886 808 3448 879">
    <p class='ocr_par' dir='ltr' id='par_1_71' title="bbox 1886 808 3448 879">
     <span class='ocr_line' id='line_1_73' title="bbox 1886 808 3448 879; baseline -0.002 -16"><span class='ocrx_word' id='word_1_556' title='bbox 1886 819 2085 864; x_wconf 90' lang='lat' dir='ltr'><strong>tatores</strong></span> <span class='ocrx_word' id='word_1_557' title='bbox 2098 817 2271 874; x_wconf 90' lang='lat' dir='ltr'><strong>vocat,</strong></span> <span class='ocrx_word' id='word_1_558' title='bbox 2291 810 2341 863; x_wconf 92' lang='lat' dir='ltr'><strong>in</strong></span> <span class='ocrx_word' id='word_1_559' title='bbox 2366 816 2565 863; x_wconf 91' lang='lat' dir='ltr'><strong>tantum</strong></span> <span class='ocrx_word' id='word_1_560' title='bbox 2584 809 2851 864; x_wconf 65' lang='lat' dir='ltr'><strong>daemones</strong></span> <span class='ocrx_word' id='word_1_561' title='bbox 2870 808 3122 864; x_wconf 79' lang='lat' dir='ltr'><strong>extollere</strong></span> <span class='ocrx_word' id='word_1_562' title='bbox 3142 817 3448 879; x_wconf 90' lang='lat' dir='ltr'><strong>potuerunt,</strong></span> 
     </span>
    </p>
   </div>
   <div class='ocr_carea' id='block_1_72' title="bbox 1884 898 3451 972">
    <p class='ocr_par' dir='ltr' id='par_1_72' title="bbox 1884 898 3451 972">
     <span class='ocr_line' id='line_1_74' title="bbox 1884 898 3451 972; baseline -0.004 -16"><span class='ocrx_word' id='word_1_563' title='bbox 1884 912 1942 956; x_wconf 93' lang='lat' dir='ltr'><strong>ut</strong></span> <span class='ocrx_word' id='word_1_564' title='bbox 1982 914 2276 972; x_wconf 76' lang='lat' dir='ltr'><strong>congruere</strong></span> <span class='ocrx_word' id='word_1_565' title='bbox 2322 901 2591 955; x_wconf 90' lang='lat' dir='ltr'><strong>hominum</strong></span> <span class='ocrx_word' id='word_1_566' title='bbox 2634 900 2874 955; x_wconf 90' lang='lat' dir='ltr'><strong>sensibus</strong></span> <span class='ocrx_word' id='word_1_567' title='bbox 2918 899 3017 955; x_wconf 90' lang='lat' dir='ltr'><strong>sibi</strong></span> <span class='ocrx_word' id='word_1_568' title='bbox 3061 898 3252 954; x_wconf 91' lang='lat' dir='ltr'><strong>nobilis</strong></span> <span class='ocrx_word' id='word_1_569' title='bbox 3299 906 3451 968; x_wconf 86' lang='lat' dir='ltr'><strong>poeta</strong></span> 
     </span>
    </p>
   </div>
   <div class='ocr_carea' id='block_1_73' title="bbox 1886 990 3451 1062">
    <p class='ocr_par' dir='ltr' id='par_1_73' title="bbox 1886 990 3451 1062">
     <span class='ocr_line' id='line_1_75' title="bbox 1886 990 3451 1062; baseline -0.002 -17"><span class='ocrx_word' id='word_1_570' title='bbox 1886 991 2177 1060; x_wconf 90' lang='lat' dir='ltr'><strong>videretur,</strong></span> <span class='ocrx_word' id='word_1_571' title='bbox 2206 991 2275 1047; x_wconf 89' lang='lat' dir='ltr'><strong>de</strong></span> <span class='ocrx_word' id='word_1_572' title='bbox 2306 992 2531 1062; x_wconf 89' lang='lat' dir='ltr'><strong>quadam</strong></span> <span class='ocrx_word' id='word_1_573' title='bbox 2569 992 2780 1059; x_wconf 86' lang='lat' dir='ltr'><strong>femina,</strong></span> <span class='ocrx_word' id='word_1_574' title='bbox 2813 1007 2929 1061; x_wconf 79' lang='lat' dir='ltr'><strong>qua:</strong></span> <span class='ocrx_word' id='word_1_575' title='bbox 2955 990 3041 1045; x_wconf 90' lang='lat' dir='ltr'><strong>tali</strong></span> <span class='ocrx_word' id='word_1_576' title='bbox 3066 997 3181 1045; x_wconf 87' lang='lat' dir='ltr'><strong>arte</strong></span> <span class='ocrx_word' id='word_1_577' title='bbox 3210 990 3451 1059; x_wconf 88' lang='lat' dir='ltr'><strong>polleret,</strong></span> 
     </span>
    </p>
   </div>
   <div class='ocr_carea' id='block_1_74' title="bbox 1886 1084 2111 1141">
    <p class='ocr_par' dir='ltr' id='par_1_74' title="bbox 1886 1084 2111 1141">
     <span class='ocr_line' id='line_1_76' title="bbox 1886 1084 2111 1141; baseline 0 -2"><span class='ocrx_word' id='word_1_578' title='bbox 1886 1084 2069 1141; x_wconf 88' lang='lat' dir='ltr'><strong>dicens</strong></span> <span class='ocrx_word' id='word_1_579' title='bbox 2096 1102 2111 1139; x_wconf 90' lang='lat'><strong>:</strong></span> 
     </span>
    </p>
   </div>
   <div class='ocr_carea' id='block_1_75' title="bbox 1951 1198 3151 1263">
    <p class='ocr_par' dir='ltr' id='par_1_75' title="bbox 1951 1198 3151 1263">
     <span class='ocr_line' id='line_1_77' title="bbox 1951 1198 3151 1263; baseline -0.003 -10"><span class='ocrx_word' id='word_1_580' title='bbox 1951 1211 2062 1253; x_wconf 59' lang='lat' dir='ltr'><strong>uae</strong></span> <span class='ocrx_word' id='word_1_581' title='bbox 2081 1216 2137 1253; x_wconf 90' lang='lat' dir='ltr'><strong>se</strong></span> <span class='ocrx_word' id='word_1_582' title='bbox 2160 1202 2451 1253; x_wconf 71' lang='lat' dir='ltr'><strong>minibus</strong></span> <span class='ocrx_word' id='word_1_583' title='bbox 2470 1201 2700 1263; x_wconf 88' lang='lat' dir='ltr'><strong>promittit</strong></span> <span class='ocrx_word' id='word_1_584' title='bbox 2722 1198 2915 1263; x_wconf 85' lang='lat' dir='ltr'><strong>solvere</strong></span> <span class='ocrx_word' id='word_1_585' title='bbox 2938 1205 3151 1258; x_wconf 84' lang='lat' dir='ltr'><strong>mentes,</strong></span> 
     </span>
    </p>
   </div>
   <div class='ocr_carea' id='block_1_76' title="bbox 1903 1262 3097 1323">
    <p class='ocr_par' dir='ltr' id='par_1_76' title="bbox 1903 1262 3097 1323">
     <span class='ocr_line' id='line_1_78' title="bbox 1903 1262 3097 1323; baseline -0.007 -7"><span class='ocrx_word' id='word_1_586' title='bbox 1903 1305 1905 1307; x_wconf 80' lang='lat'><strong>.</strong></span> <span class='ocrx_word' id='word_1_587' title='bbox 1950 1274 2074 1323; x_wconf 88' lang='lat' dir='ltr'><strong>Quas</strong></span> <span class='ocrx_word' id='word_1_588' title='bbox 2098 1264 2234 1323; x_wconf 84' lang='lat' dir='ltr'><strong>velit,</strong></span> <span class='ocrx_word' id='word_1_589' title='bbox 2260 1272 2334 1313; x_wconf 86' lang='lat' dir='ltr'><strong>ast</strong></span> <span class='ocrx_word' id='word_1_590' title='bbox 2365 1262 2634 1313; x_wconf 42' lang='lat' dir='ltr'><strong>aliis&#39;duras</strong></span> <span class='ocrx_word' id='word_1_591' title='bbox 2657 1262 2917 1323; x_wconf 81' lang='lat' dir='ltr'><strong>immittere</strong></span> <span class='ocrx_word' id='word_1_592' title='bbox 2932 1273 3097 1316; x_wconf 84' lang='lat' dir='ltr'><strong>curas;</strong></span> 
     </span>
    </p>
   </div>
   <div class='ocr_carea' id='block_1_77' title="bbox 1951 1322 3189 1388">
    <p class='ocr_par' dir='ltr' id='par_1_77' title="bbox 1951 1322 3189 1388">
     <span class='ocr_line' id='line_1_79' title="bbox 1951 1322 3189 1388; baseline -0.003 -12"><span class='ocrx_word' id='word_1_593' title='bbox 1951 1322 2132 1377; x_wconf 80' lang='lat' dir='ltr'><strong>sistere</strong></span> <span class='ocrx_word' id='word_1_594' title='bbox 2154 1322 2325 1388; x_wconf 87' lang='lat' dir='ltr'><strong>aquam</strong></span> <span class='ocrx_word' id='word_1_595' title='bbox 2347 1326 2525 1384; x_wconf 85' lang='lat' dir='ltr'><strong>ﬂuviis,</strong></span> <span class='ocrx_word' id='word_1_596' title='bbox 2551 1331 2603 1373; x_wconf 91' lang='lat' dir='ltr'><strong>et</strong></span> <span class='ocrx_word' id='word_1_597' title='bbox 2624 1330 2822 1388; x_wconf 79' lang='lat' dir='ltr'><strong>vertere</strong></span> <span class='ocrx_word' id='word_1_598' title='bbox 2845 1322 3017 1388; x_wconf 71' lang='lat' dir='ltr'><strong>sidera</strong></span> <span class='ocrx_word' id='word_1_599' title='bbox 3028 1328 3189 1382; x_wconf 87' lang='lat' dir='ltr'><strong>retro;</strong></span> 
     </span>
    </p>
   </div>
   <div class='ocr_carea' id='block_1_78' title="bbox 1950 1384 3049 1449">
    <p class='ocr_par' dir='ltr' id='par_1_78' title="bbox 1950 1384 3049 1449">
     <span class='ocr_line' id='line_1_80' title="bbox 1950 1384 3049 1449; baseline -0.006 -12"><span class='ocrx_word' id='word_1_600' title='bbox 1950 1384 2306 1449; x_wconf 74' lang='lat' dir='ltr'><strong>Nocturnosque</strong></span> <span class='ocrx_word' id='word_1_601' title='bbox 2327 1389 2425 1437; x_wconf 88' lang='lat' dir='ltr'><strong>ciet</strong></span> <span class='ocrx_word' id='word_1_602' title='bbox 2436 1398 2631 1449; x_wconf 81' lang='lat' dir='ltr'><strong>manes:</strong></span> <span class='ocrx_word' id='word_1_603' title='bbox 2652 1385 2840 1449; x_wconf 77' lang='lat' dir='ltr'><strong>mugire</strong></span> <span class='ocrx_word' id='word_1_604' title='bbox 2862 1384 3049 1449; x_wconf 84' lang='lat' dir='ltr'><strong>videbis</strong></span> 
     </span>
    </p>
   </div>
   <div class='ocr_carea' id='block_1_79' title="bbox 1951 1444 3333 1513">
    <p class='ocr_par' dir='ltr' id='par_1_79' title="bbox 1951 1444 3333 1513">
     <span class='ocr_line' id='line_1_81' title="bbox 1951 1444 3333 1513; baseline -0.007 -13"><span class='ocrx_word' id='word_1_605' title='bbox 1951 1451 2045 1500; x_wconf 85' lang='lat' dir='ltr'><strong>Sub</strong></span> <span class='ocrx_word' id='word_1_606' title='bbox 2066 1444 2279 1513; x_wconf 77' lang='lat' dir='ltr'><strong>pedibus</strong></span> <span class='ocrx_word' id='word_1_607' title='bbox 2296 1455 2490 1513; x_wconf 75' lang='lat' dir='ltr'><strong>terram,</strong></span> <span class='ocrx_word' id='word_1_608' title='bbox 2504 1455 2555 1513; x_wconf 78' lang='lat' dir='ltr'><strong>et</strong></span> <span class='ocrx_word' id='word_1_609' title='bbox 2574 1446 2879 1513; x_wconf 74' lang='lat' dir='ltr'><strong>descendere</strong></span> <span class='ocrx_word' id='word_1_610' title='bbox 2901 1444 3148 1513; x_wconf 66' lang='lat' dir='ltr'><strong>montibus</strong></span> <span class='ocrx_word' id='word_1_611' title='bbox 3160 1454 3333 1513; x_wconf 75' lang='lat' dir='ltr'><strong>ornos:</strong></span> 
     </span>
    </p>
   </div>
   <div class='ocr_carea' id='block_1_80' title="bbox 2187 1504 3219 1572">
    <p class='ocr_par' dir='ltr' id='par_1_80' title="bbox 2187 1504 3219 1572">
     <span class='ocr_line' id='line_1_82' title="bbox 2187 1504 3219 1572; baseline -0.004 -15"><span class='ocrx_word' id='word_1_612' title='bbox 2187 1507 2391 1572; x_wconf 81' lang='lat' dir='ltr'><strong>(Virgil.</strong></span> <span class='ocrx_word' id='word_1_613' title='bbox 2417 1504 2600 1561; x_wconf 66' lang='grc' dir='ltr'><strong>Δὶὴεἰά.</strong></span> <span class='ocrx_word' id='word_1_614' title='bbox 2627 1507 2709 1557; x_wconf 86' lang='lat' dir='ltr'><strong>lib.</strong></span> <span class='ocrx_word' id='word_1_615' title='bbox 2734 1506 2782 1568; x_wconf 76' lang='grc'><strong>4,</strong></span> <span class='ocrx_word' id='word_1_616' title='bbox 2807 1519 2928 1556; x_wconf 76' lang='lat' dir='ltr'><strong>vers.</strong></span> <span class='ocrx_word' id='word_1_617' title='bbox 2946 1505 3175 1555; x_wconf 68' lang='lat'><strong>487-491.</strong></span> <span class='ocrx_word' id='word_1_618' title='bbox 3196 1504 3219 1568; x_wconf 89' lang='lat'>)</span> 
     </span>
    </p>
   </div>
   <div class='ocr_carea' id='block_1_81' title="bbox 1896 1604 3465 1686">
    <p class='ocr_par' dir='ltr' id='par_1_81' title="bbox 1896 1604 3465 1686">
     <span class='ocr_line' id='line_1_83' title="bbox 1896 1604 3465 1686; baseline -0.004 -20"><span class='ocrx_word' id='word_1_619' title='bbox 1896 1623 2092 1686; x_wconf 80' lang='lat' dir='ltr'><strong>quanto</strong></span> <span class='ocrx_word' id='word_1_620' title='bbox 2131 1616 2300 1685; x_wconf 80' lang='lat' dir='ltr'><strong>magis</strong></span> <span class='ocrx_word' id='word_1_621' title='bbox 2340 1614 2478 1670; x_wconf 89' lang='lat' dir='ltr'><strong>Deus</strong></span> <span class='ocrx_word' id='word_1_622' title='bbox 2516 1623 2702 1681; x_wconf 86' lang='lat' dir='ltr'><strong>potens</strong></span> <span class='ocrx_word' id='word_1_623' title='bbox 2728 1620 2808 1665; x_wconf 90' lang='lat' dir='ltr'><strong>est</strong></span> <span class='ocrx_word' id='word_1_624' title='bbox 2834 1611 3006 1665; x_wconf 87' lang='lat' dir='ltr'><strong>facere</strong></span> <span class='ocrx_word' id='word_1_625' title='bbox 3025 1623 3143 1678; x_wconf 72' lang='lat' dir='ltr'><strong>quae</strong></span> <span class='ocrx_word' id='word_1_626' title='bbox 3169 1604 3465 1662; x_wconf 86' lang='lat' dir='ltr'><strong>inﬁdelibus</strong></span> 
     </span>
    </p>
   </div>
   <div class='ocr_carea' id='block_1_82' title="bbox 1898 1699 3468 1772">
    <p class='ocr_par' dir='ltr' id='par_1_82' title="bbox 1898 1699 3468 1772">
     <span class='ocr_line' id='line_1_84' title="bbox 1898 1699 3468 1772; baseline -0.008 -10"><span class='ocrx_word' id='word_1_627' title='bbox 1898 1717 2020 1762; x_wconf 90' lang='lat' dir='ltr'><strong>sunt</strong></span> <span class='ocrx_word' id='word_1_628' title='bbox 2046 1704 2371 1762; x_wconf 89' lang='lat' dir='ltr'><strong>incredibilia</strong></span> <span class='ocrx_word' id='word_1_629' title='bbox 2393 1748 2407 1771; x_wconf 92' lang='lat'><strong>,</strong></span> <span class='ocrx_word' id='word_1_630' title='bbox 2436 1706 2526 1759; x_wconf 88' lang='lat' dir='ltr'><strong>sed</strong></span> <span class='ocrx_word' id='word_1_631' title='bbox 2555 1706 2695 1759; x_wconf 91' lang='lat' dir='ltr'><strong>illius</strong></span> <span class='ocrx_word' id='word_1_632' title='bbox 2720 1703 2890 1757; x_wconf 78' lang='lat' dir='ltr'><strong>facilia</strong></span> <span class='ocrx_word' id='word_1_633' title='bbox 2922 1700 3199 1772; x_wconf 85' lang='lat' dir='ltr'><strong>potestati;</strong></span> <span class='ocrx_word' id='word_1_634' title='bbox 3227 1699 3468 1769; x_wconf 86' lang='lat' dir='ltr'><strong>quando-</strong></span> 
     </span>
    </p>
   </div>
   <div class='ocr_carea' id='block_1_83' title="bbox 1899 1790 3467 1868">
    <p class='ocr_par' dir='ltr' id='par_1_83' title="bbox 1899 1790 3467 1868">
     <span class='ocr_line' id='line_1_85' title="bbox 1899 1790 3467 1868; baseline -0.007 -16"><span class='ocrx_word' id='word_1_635' title='bbox 1899 1798 2110 1868; x_wconf 88' lang='lat' dir='ltr'><strong>quidem</strong></span> <span class='ocrx_word' id='word_1_636' title='bbox 2134 1799 2245 1867; x_wconf 90' lang='lat' dir='ltr'><strong>ipse</strong></span> <span class='ocrx_word' id='word_1_637' title='bbox 2270 1796 2500 1866; x_wconf 92' lang='lat' dir='ltr'><strong>lapidum</strong></span> <span class='ocrx_word' id='word_1_638' title='bbox 2531 1796 2859 1865; x_wconf 90' lang='lat' dir='ltr'><strong>aliarumque</strong></span> <span class='ocrx_word' id='word_1_639' title='bbox 2885 1795 2992 1848; x_wconf 90' lang='lat' dir='ltr'><strong>vim</strong></span> <span class='ocrx_word' id='word_1_640' title='bbox 3021 1807 3198 1847; x_wconf 92' lang='lat' dir='ltr'><strong>rerum</strong></span> <span class='ocrx_word' id='word_1_641' title='bbox 3220 1800 3273 1845; x_wconf 90' lang='lat' dir='ltr'><strong>et</strong></span> <span class='ocrx_word' id='word_1_642' title='bbox 3293 1790 3467 1844; x_wconf 88' lang='lat' dir='ltr'><strong>homi-</strong></span> 
     </span>
    </p>
   </div>
   <div class='ocr_carea' id='block_1_84' title="bbox 1900 1881 3470 1959">
    <p class='ocr_par' dir='ltr' id='par_1_84' title="bbox 1900 1881 3470 1959">
     <span class='ocr_line' id='line_1_86' title="bbox 1900 1881 3470 1959; baseline -0.008 -14"><span class='ocrx_word' id='word_1_643' title='bbox 1900 1907 2025 1945; x_wconf 91' lang='lat' dir='ltr'><strong>num</strong></span> <span class='ocrx_word' id='word_1_644' title='bbox 2052 1890 2258 1959; x_wconf 86' lang='lat' dir='ltr'><strong>ingenia</strong></span> <span class='ocrx_word' id='word_1_645' title='bbox 2280 1931 2292 1953; x_wconf 97' lang='lat'><strong>,</strong></span> <span class='ocrx_word' id='word_1_646' title='bbox 2321 1888 2408 1959; x_wconf 90' lang='lat' dir='ltr'><strong>qui</strong></span> <span class='ocrx_word' id='word_1_647' title='bbox 2439 1903 2499 1942; x_wconf 91' lang='lat' dir='ltr'><strong>ea</strong></span> <span class='ocrx_word' id='word_1_648' title='bbox 2526 1887 2672 1942; x_wconf 87' lang='lat' dir='ltr'><strong>miris</strong></span> <span class='ocrx_word' id='word_1_649' title='bbox 2698 1892 2919 1939; x_wconf 89' lang='lat' dir='ltr'><strong>utuntur</strong></span> <span class='ocrx_word' id='word_1_650' title='bbox 2943 1884 3115 1937; x_wconf 90' lang='lat' dir='ltr'><strong>modis</strong></span> <span class='ocrx_word' id='word_1_651' title='bbox 3133 1923 3149 1948; x_wconf 95' lang='lat'><strong>,</strong></span> <span class='ocrx_word' id='word_1_652' title='bbox 3182 1881 3470 1951; x_wconf 87' lang='lat' dir='ltr'><strong>angelicas-</strong></span> 
     </span>
    </p>
   </div>
   <div class='ocr_carea' id='block_1_85' title="bbox 1901 1972 3473 2054">
    <p class='ocr_par' dir='ltr' id='par_1_85' title="bbox 1901 1972 3473 2054">
     <span class='ocr_line' id='line_1_87' title="bbox 1901 1972 3473 2054; baseline -0.01 -15"><span class='ocrx_word' id='word_1_653' title='bbox 1901 2000 2006 2054; x_wconf 86' lang='lat' dir='ltr'><strong>que</strong></span> <span class='ocrx_word' id='word_1_654' title='bbox 2033 1990 2247 2037; x_wconf 89' lang='lat' dir='ltr'><strong>naturas</strong></span> <span class='ocrx_word' id='word_1_655' title='bbox 2268 1981 2510 2035; x_wconf 90' lang='lat' dir='ltr'><strong>omnibus</strong></span> <span class='ocrx_word' id='word_1_656' title='bbox 2528 1979 2750 2034; x_wconf 88' lang='lat' dir='ltr'><strong>terrenis</strong></span> <span class='ocrx_word' id='word_1_657' title='bbox 2772 1977 3095 2048; x_wconf 89' lang='lat' dir='ltr'><strong>potentiores</strong></span> <span class='ocrx_word' id='word_1_658' title='bbox 3118 1972 3473 2028; x_wconf 88' lang='lat' dir='ltr'><strong>animantibus</strong></span> 
     </span>
    </p>
   </div>
   <div class='ocr_carea' id='block_1_86' title="bbox 1903 2068 3467 2140">
    <p class='ocr_par' dir='ltr' id='par_1_86' title="bbox 1903 2068 3467 2140">
     <span class='ocr_line' id='line_1_88' title="bbox 1903 2068 3467 2140; baseline -0.008 -8"><span class='ocrx_word' id='word_1_659' title='bbox 1903 2076 2155 2140; x_wconf 89' lang='lat' dir='ltr'><strong>condidit,</strong></span> <span class='ocrx_word' id='word_1_660' title='bbox 2183 2076 2431 2129; x_wconf 87' lang='lat' dir='ltr'><strong>universa</strong></span> <span class='ocrx_word' id='word_1_661' title='bbox 2458 2073 2715 2128; x_wconf 88' lang='lat' dir='ltr'><strong>mirabilia</strong></span> <span class='ocrx_word' id='word_1_662' title='bbox 2742 2071 2969 2125; x_wconf 89' lang='lat' dir='ltr'><strong>mirabili</strong></span> <span class='ocrx_word' id='word_1_663' title='bbox 2990 2071 3234 2123; x_wconf 86' lang='lat' dir='ltr'><strong>vincente</strong></span> <span class='ocrx_word' id='word_1_664' title='bbox 3258 2068 3467 2129; x_wconf 87' lang='lat' dir='ltr'><strong>virtute,</strong></span> 
     </span>
    </p>
   </div>
   <div class='ocr_carea' id='block_1_87' title="bbox 1905 2161 3477 2237">
    <p class='ocr_par' dir='ltr' id='par_1_87' title="bbox 1905 2161 3477 2237">
     <span class='ocr_line' id='line_1_89' title="bbox 1905 2161 3477 2237; baseline -0.009 -12"><span class='ocrx_word' id='word_1_665' title='bbox 1905 2179 1959 2224; x_wconf 89' lang='lat' dir='ltr'><strong>et</strong></span> <span class='ocrx_word' id='word_1_666' title='bbox 2006 2168 2280 2237; x_wconf 86' lang='lat' dir='ltr'><strong>cperandi,</strong></span> <span class='ocrx_word' id='word_1_667' title='bbox 2326 2166 2565 2236; x_wconf 90' lang='lat' dir='ltr'><strong>jubendi,</strong></span> <span class='ocrx_word' id='word_1_668' title='bbox 2618 2164 2927 2233; x_wconf 91' lang='lat' dir='ltr'><strong>sinendique</strong></span> <span class='ocrx_word' id='word_1_669' title='bbox 2977 2161 3477 2229; x_wconf 86' lang='lat' dir='ltr'><strong>sapicntia,&#39;utens</strong></span> 
     </span>
    </p>
   </div>
   <div class='ocr_carea' id='block_1_88' title="bbox 1907 2251 3104 2325">
    <p class='ocr_par' dir='ltr' id='par_1_88' title="bbox 1907 2251 3104 2325">
     <span class='ocr_line' id='line_1_90' title="bbox 1907 2251 3104 2325; baseline -0.008 -10"><span class='ocrx_word' id='word_1_670' title='bbox 1907 2260 2152 2316; x_wconf 91' lang='lat' dir='ltr'><strong>omnibus</strong></span> <span class='ocrx_word' id='word_1_671' title='bbox 2181 2267 2287 2313; x_wconf 89' lang='lat' dir='ltr'><strong>tam</strong></span> <span class='ocrx_word' id='word_1_672' title='bbox 2316 2257 2643 2319; x_wconf 89' lang='lat' dir='ltr'><strong>mirabiliter,</strong></span> <span class='ocrx_word' id='word_1_673' title='bbox 2675 2270 2833 2325; x_wconf 89' lang='lat' dir='ltr'><strong>quam</strong></span> <span class='ocrx_word' id='word_1_674' title='bbox 2863 2251 3104 2308; x_wconf 88' lang='lat' dir='ltr'><strong>creavit?</strong></span> 
     </span>
    </p>
   </div>
   <div class='ocr_carea' id='block_1_89' title="bbox 1907 2360 3477 2437">
    <p class='ocr_par' dir='ltr' id='par_1_89' title="bbox 1907 2360 3477 2437">
     <span class='ocr_line' id='line_1_91' title="bbox 1907 2360 3477 2437; baseline -0.01 -10"><span class='ocrx_word' id='word_1_675' title='bbox 1907 2371 2129 2428; x_wconf 83' lang='lat' dir='ltr'><strong>CAPUT</strong></span> <span class='ocrx_word' id='word_1_676' title='bbox 2167 2370 2280 2425; x_wconf 79' lang='lat' dir='ltr'><strong>VII.</strong></span> <span class='ocrx_word' id='word_1_677' title='bbox 2300 2401 2370 2411; x_wconf 91' lang='lat'><strong><em>—</em></strong></span> <span class='ocrx_word' id='word_1_678' title='bbox 2393 2370 2541 2437; x_wconf 83' lang='lat' dir='ltr'><strong>Quod</strong></span> <span class='ocrx_word' id='word_1_679' title='bbox 2575 2369 2627 2422; x_wconf 88' lang='lat' dir='ltr'><strong>in</strong></span> <span class='ocrx_word' id='word_1_680' title='bbox 2660 2370 2803 2420; x_wconf 78' lang='lat' dir='ltr'><strong>rebus</strong></span> <span class='ocrx_word' id='word_1_681' title='bbox 2834 2364 2974 2417; x_wconf 84' lang='lat' dir='ltr'><strong>miris</strong></span> <span class='ocrx_word' id='word_1_682' title='bbox 3012 2378 3209 2417; x_wconf 81' lang='lat' dir='ltr'><strong>summa</strong></span> <span class='ocrx_word' id='word_1_683' title='bbox 3246 2360 3477 2414; x_wconf 78' lang='lat' dir='ltr'><strong>credendi</strong></span> 
     </span>
    </p>
   </div>
   <div class='ocr_carea' id='block_1_90' title="bbox 2241 2456 3123 2529">
    <p class='ocr_par' dir='ltr' id='par_1_90' title="bbox 2241 2456 3123 2529">
     <span class='ocr_line' id='line_1_92' title="bbox 2241 2456 3123 2529; baseline -0.009 -14"><span class='ocrx_word' id='word_1_684' title='bbox 2241 2463 2370 2516; x_wconf 83' lang='lat' dir='ltr'><strong>ratio</strong></span> <span class='ocrx_word' id='word_1_685' title='bbox 2390 2462 2453 2516; x_wconf 80' lang='lat' dir='ltr'><strong>sit</strong></span> <span class='ocrx_word' id='word_1_686' title='bbox 2477 2459 2831 2529; x_wconf 83' lang='lat' dir='ltr'><strong>omnipotentia</strong></span> <span class='ocrx_word' id='word_1_687' title='bbox 2855 2456 3123 2510; x_wconf 80' lang='lat' dir='ltr'><strong>Creatoris.</strong></span> 
     </span>
    </p>
   </div>
   <div class='ocr_carea' id='block_1_91' title="bbox 1981 2569 3479 2646">
    <p class='ocr_par' dir='ltr' id='par_1_91' title="bbox 1981 2569 3479 2646">
     <span class='ocr_line' id='line_1_93' title="bbox 1981 2569 3479 2646; baseline -0.01 -15"><span class='ocrx_word' id='word_1_688' title='bbox 1981 2580 2033 2631; x_wconf 77' lang='grc'><strong>1.</strong></span> <span class='ocrx_word' id='word_1_689' title='bbox 2060 2577 2168 2633; x_wconf 85' lang='lat' dir='ltr'><strong>Cur</strong></span> <span class='ocrx_word' id='word_1_690' title='bbox 2198 2577 2369 2646; x_wconf 90' lang='lat' dir='ltr'><strong>itaque</strong></span> <span class='ocrx_word' id='word_1_691' title='bbox 2397 2574 2569 2629; x_wconf 89' lang='lat' dir='ltr'><strong>facere</strong></span> <span class='ocrx_word' id='word_1_692' title='bbox 2595 2588 2698 2626; x_wconf 93' lang='lat' dir='ltr'><strong>non</strong></span> <span class='ocrx_word' id='word_1_693' title='bbox 2724 2571 2891 2641; x_wconf 90' lang='lat' dir='ltr'><strong>possit</strong></span> <span class='ocrx_word' id='word_1_694' title='bbox 2916 2569 3075 2633; x_wconf 85' lang='lat' dir='ltr'><strong>Deus,</strong></span> <span class='ocrx_word' id='word_1_695' title='bbox 3105 2575 3163 2620; x_wconf 93' lang='lat' dir='ltr'><strong>ut</strong></span> <span class='ocrx_word' id='word_1_696' title='bbox 3203 2573 3259 2619; x_wconf 87' lang='lat' dir='ltr'><strong>et</strong></span> <span class='ocrx_word' id='word_1_697' title='bbox 3294 2578 3479 2617; x_wconf 86' lang='lat' dir='ltr'><strong>resur-</strong></span> 
     </span>
    </p>
   </div>
   <div class='ocr_carea' id='block_1_92' title="bbox 1913 2655 3480 2741">
    <p class='ocr_par' dir='ltr' id='par_1_92' title="bbox 1913 2655 3480 2741">
     <span class='ocr_line' id='line_1_94' title="bbox 1913 2655 3480 2741; baseline -0.013 -16"><span class='ocrx_word' id='word_1_698' title='bbox 1913 2679 2040 2741; x_wconf 83' lang='lat' dir='ltr'><strong>gant</strong></span> <span class='ocrx_word' id='word_1_699' title='bbox 2079 2682 2300 2737; x_wconf 89' lang='lat' dir='ltr'><strong>corpora</strong></span> <span class='ocrx_word' id='word_1_700' title='bbox 2338 2674 2691 2728; x_wconf 91' lang='lat' dir='ltr'><strong>mortuorum,</strong></span> <span class='ocrx_word' id='word_1_701' title='bbox 2723 2672 2777 2717; x_wconf 93' lang='lat' dir='ltr'><strong>et</strong></span> <span class='ocrx_word' id='word_1_702' title='bbox 2804 2662 2921 2731; x_wconf 84' lang='lat' dir='ltr'><strong>igne</strong></span> <span class='ocrx_word' id='word_1_703' title='bbox 2948 2666 3148 2713; x_wconf 81' lang='lat' dir='ltr'><strong>aeterno</strong></span> <span class='ocrx_word' id='word_1_704' title='bbox 3177 2655 3480 2711; x_wconf 89' lang='lat' dir='ltr'><strong>crucientur</strong></span> 
     </span>
    </p>
   </div>
   <div class='ocr_carea' id='block_1_93' title="bbox 1912 2744 3481 2831">
    <p class='ocr_par' dir='ltr' id='par_1_93' title="bbox 1912 2744 3481 2831">
     <span class='ocr_line' id='line_1_95' title="bbox 1912 2744 3481 2831; baseline -0.012 -16"><span class='ocrx_word' id='word_1_705' title='bbox 1912 2774 2135 2831; x_wconf 91' lang='lat' dir='ltr'><strong>corpora</strong></span> <span class='ocrx_word' id='word_1_706' title='bbox 2169 2758 2557 2820; x_wconf 90' lang='lat' dir='ltr'><strong>damnatorum,</strong></span> <span class='ocrx_word' id='word_1_707' title='bbox 2592 2754 2681 2825; x_wconf 88' lang='lat' dir='ltr'><strong>qui</strong></span> <span class='ocrx_word' id='word_1_708' title='bbox 2711 2753 2832 2807; x_wconf 91' lang='lat' dir='ltr'><strong>fecit</strong></span> <span class='ocrx_word' id='word_1_709' title='bbox 2858 2749 3112 2804; x_wconf 90' lang='lat' dir='ltr'><strong>mundum</strong></span> <span class='ocrx_word' id='word_1_710' title='bbox 3149 2748 3203 2801; x_wconf 89' lang='lat' dir='ltr'><strong>in</strong></span> <span class='ocrx_word' id='word_1_711' title='bbox 3244 2745 3400 2809; x_wconf 74' lang='lat' dir='ltr'><strong>emlo,</strong></span> <span class='ocrx_word' id='word_1_712' title='bbox 3430 2744 3481 2796; x_wconf 89' lang='lat' dir='ltr'><strong>in</strong></span> 
     </span>
    </p>
   </div>
   <div class='ocr_carea' id='block_1_94' title="bbox 1912 2835 3483 2921">
    <p class='ocr_par' dir='ltr' id='par_1_94' title="bbox 1912 2835 3483 2921">
     <span class='ocr_line' id='line_1_96' title="bbox 1912 2835 3483 2921; baseline -0.014 -13"><span class='ocrx_word' id='word_1_713' title='bbox 1912 2863 2077 2921; x_wconf 90' lang='lat' dir='ltr'><strong>terra,</strong></span> <span class='ocrx_word' id='word_1_714' title='bbox 2109 2854 2162 2907; x_wconf 91' lang='lat' dir='ltr'><strong>in</strong></span> <span class='ocrx_word' id='word_1_715' title='bbox 2207 2866 2349 2916; x_wconf 91' lang='lat' dir='ltr'><strong>aere,</strong></span> <span class='ocrx_word' id='word_1_716' title='bbox 2397 2850 2450 2904; x_wconf 89' lang='lat' dir='ltr'><strong>in</strong></span> <span class='ocrx_word' id='word_1_717' title='bbox 2497 2850 2666 2918; x_wconf 88' lang='lat' dir='ltr'><strong>aquis,</strong></span> <span class='ocrx_word' id='word_1_718' title='bbox 2713 2840 3183 2899; x_wconf 84' lang='lat' dir='ltr'><strong>innumerabilibus</strong></span> <span class='ocrx_word' id='word_1_719' title='bbox 3220 2835 3483 2891; x_wconf 81' lang='lat' dir='ltr'><strong>miraculis</strong></span> 
     </span>
    </p>
   </div>
   <div class='ocr_carea' id='block_1_95' title="bbox 1915 2926 3482 3014">
    <p class='ocr_par' dir='ltr' id='par_1_95' title="bbox 1915 2926 3482 3014">
     <span class='ocr_line' id='line_1_97' title="bbox 1915 2926 3482 3014; baseline -0.015 -14"><span class='ocrx_word' id='word_1_720' title='bbox 1915 2945 2164 3014; x_wconf 91' lang='lat' dir='ltr'><strong>plenum;</strong></span> <span class='ocrx_word' id='word_1_721' title='bbox 2206 2957 2324 2997; x_wconf 91' lang='lat' dir='ltr'><strong>cum</strong></span> <span class='ocrx_word' id='word_1_722' title='bbox 2356 2941 2426 2996; x_wconf 89' lang='lat' dir='ltr'><strong>sit</strong></span> <span class='ocrx_word' id='word_1_723' title='bbox 2453 2938 2697 2994; x_wconf 90' lang='lat' dir='ltr'><strong>omnibus</strong></span> <span class='ocrx_word' id='word_1_724' title='bbox 2727 2934 2917 3005; x_wconf 90' lang='lat' dir='ltr'><strong>quibus</strong></span> <span class='ocrx_word' id='word_1_725' title='bbox 2950 2930 3136 3002; x_wconf 90' lang='lat' dir='ltr'><strong>plenus</strong></span> <span class='ocrx_word' id='word_1_726' title='bbox 3174 2936 3257 2983; x_wconf 89' lang='lat' dir='ltr'><strong>est</strong></span> <span class='ocrx_word' id='word_1_727' title='bbox 3299 2926 3482 2997; x_wconf 91' lang='lat' dir='ltr'><strong>procul</strong></span> 
     </span>
    </p>
   </div>
   <div class='ocr_carea' id='block_1_96' title="bbox 1914 3017 3480 3103">
    <p class='ocr_par' dir='ltr' id='par_1_96' title="bbox 1914 3017 3480 3103">
     <span class='ocr_line' id='line_1_98' title="bbox 1914 3017 3480 3103; baseline -0.012 -12"><span class='ocrx_word' id='word_1_728' title='bbox 1914 3035 2073 3091; x_wconf 89' lang='lat' dir='ltr'><strong>dubio</strong></span> <span class='ocrx_word' id='word_1_729' title='bbox 2098 3034 2267 3103; x_wconf 89' lang='lat' dir='ltr'><strong>majus</strong></span> <span class='ocrx_word' id='word_1_730' title='bbox 2296 3042 2350 3088; x_wconf 92' lang='lat' dir='ltr'><strong>et</strong></span> <span class='ocrx_word' id='word_1_731' title='bbox 2370 3030 2716 3088; x_wconf 78' lang='lat' dir='ltr'><strong>excellentius</strong></span> <span class='ocrx_word' id='word_1_732' title='bbox 2740 3026 2899 3083; x_wconf 89' lang='lat' dir='ltr'><strong>etiam</strong></span> <span class='ocrx_word' id='word_1_733' title='bbox 2926 3024 3037 3092; x_wconf 89' lang='lat' dir='ltr'><strong>ipse</strong></span> <span class='ocrx_word' id='word_1_734' title='bbox 3064 3019 3292 3075; x_wconf 89' lang='lat' dir='ltr'><strong>mundus</strong></span> <span class='ocrx_word' id='word_1_735' title='bbox 3318 3017 3480 3072; x_wconf 84' lang='lat' dir='ltr'><strong>mira-</strong></span> 
     </span>
    </p>
   </div>
   <div class='ocr_carea' id='block_1_97' title="bbox 1914 3110 3485 3191">
    <p class='ocr_par' dir='ltr' id='par_1_97' title="bbox 1914 3110 3485 3191">
     <span class='ocr_line' id='line_1_99' title="bbox 1914 3110 3485 3191; baseline -0.013 -9"><span class='ocrx_word' id='word_1_736' title='bbox 1914 3126 2125 3182; x_wconf 75' lang='lat' dir='ltr'><strong>culum?</strong></span> <span class='ocrx_word' id='word_1_737' title='bbox 2170 3126 2272 3185; x_wconf 82' lang='lat' dir='ltr'><strong>Sed</strong></span> <span class='ocrx_word' id='word_1_738' title='bbox 2302 3124 2386 3179; x_wconf 91' lang='lat' dir='ltr'><strong>isti</strong></span> <span class='ocrx_word' id='word_1_739' title='bbox 2411 3137 2533 3178; x_wconf 92' lang='lat' dir='ltr'><strong>cum</strong></span> <span class='ocrx_word' id='word_1_740' title='bbox 2559 3120 2747 3191; x_wconf 89' lang='lat' dir='ltr'><strong>quibus</strong></span> <span class='ocrx_word' id='word_1_741' title='bbox 2775 3117 2856 3171; x_wconf 91' lang='lat' dir='ltr'><strong>vel</strong></span> <span class='ocrx_word' id='word_1_742' title='bbox 2882 3122 3065 3169; x_wconf 91' lang='lat' dir='ltr'><strong>contra</strong></span> <span class='ocrx_word' id='word_1_743' title='bbox 3093 3127 3227 3183; x_wconf 90' lang='lat' dir='ltr'><strong>quos</strong></span> <span class='ocrx_word' id='word_1_744' title='bbox 3260 3110 3485 3179; x_wconf 81' lang='lat' dir='ltr'><strong>agimus,</strong></span> 
     </span>
    </p>
   </div>
   <div class='ocr_carea' id='block_1_98' title="bbox 1916 3201 3488 3293">
    <p class='ocr_par' dir='ltr' id='par_1_98' title="bbox 1916 3201 3488 3293">
     <span class='ocr_line' id='line_1_100' title="bbox 1916 3201 3488 3293; baseline -0.016 -17"><span class='ocrx_word' id='word_1_745' title='bbox 1916 3221 2003 3293; x_wconf 88' lang='lat' dir='ltr'><strong>qui</strong></span> <span class='ocrx_word' id='word_1_746' title='bbox 2028 3228 2082 3274; x_wconf 93' lang='lat' dir='ltr'><strong>et</strong></span> <span class='ocrx_word' id='word_1_747' title='bbox 2109 3220 2273 3273; x_wconf 89' lang='lat' dir='ltr'><strong>Deum</strong></span> <span class='ocrx_word' id='word_1_748' title='bbox 2294 3231 2413 3271; x_wconf 87' lang='lat' dir='ltr'><strong>esse</strong></span> <span class='ocrx_word' id='word_1_749' title='bbox 2432 3213 2655 3270; x_wconf 89' lang='lat' dir='ltr'><strong>credunt</strong></span> <span class='ocrx_word' id='word_1_750' title='bbox 2678 3226 2707 3265; x_wconf 88' lang='lat' dir='ltr'><strong>a</strong></span> <span class='ocrx_word' id='word_1_751' title='bbox 2735 3224 2839 3279; x_wconf 93' lang='lat' dir='ltr'><strong>quo</strong></span> <span class='ocrx_word' id='word_1_752' title='bbox 2859 3206 3030 3262; x_wconf 85' lang='lat' dir='ltr'><strong>factus</strong></span> <span class='ocrx_word' id='word_1_753' title='bbox 3054 3213 3137 3259; x_wconf 91' lang='lat' dir='ltr'><strong>est</strong></span> <span class='ocrx_word' id='word_1_754' title='bbox 3163 3201 3408 3262; x_wconf 88' lang='lat' dir='ltr'><strong>mundus,</strong></span> <span class='ocrx_word' id='word_1_755' title='bbox 3434 3207 3488 3253; x_wconf 90' lang='lat' dir='ltr'><strong>et</strong></span> 
     </span>
    </p>
   </div>
   <div class='ocr_carea' id='block_1_99' title="bbox 1916 3294 3489 3373">
    <p class='ocr_par' dir='ltr' id='par_1_99' title="bbox 1916 3294 3489 3373">
     <span class='ocr_line' id='line_1_101' title="bbox 1916 3294 3489 3373; baseline -0.015 -7"><span class='ocrx_word' id='word_1_756' title='bbox 1916 3312 2046 3366; x_wconf 87' lang='lat' dir='ltr'><strong>deos</strong></span> <span class='ocrx_word' id='word_1_757' title='bbox 2086 3308 2155 3363; x_wconf 90' lang='lat' dir='ltr'><strong>ab</strong></span> <span class='ocrx_word' id='word_1_758' title='bbox 2196 3308 2286 3361; x_wconf 92' lang='lat' dir='ltr'><strong>illo</strong></span> <span class='ocrx_word' id='word_1_759' title='bbox 2329 3305 2495 3361; x_wconf 88' lang='lat' dir='ltr'><strong>factos</strong></span> <span class='ocrx_word' id='word_1_760' title='bbox 2540 3318 2634 3373; x_wconf 91' lang='lat' dir='ltr'><strong>per</strong></span> <span class='ocrx_word' id='word_1_761' title='bbox 2677 3316 2812 3371; x_wconf 91' lang='lat' dir='ltr'><strong>quos</strong></span> <span class='ocrx_word' id='word_1_762' title='bbox 2855 3299 2923 3353; x_wconf 88' lang='lat' dir='ltr'><strong>ab</strong></span> <span class='ocrx_word' id='word_1_763' title='bbox 2964 3297 3055 3351; x_wconf 94' lang='lat' dir='ltr'><strong>illo</strong></span> <span class='ocrx_word' id='word_1_764' title='bbox 3094 3294 3489 3349; x_wconf 84' lang='lat' dir='ltr'><strong>administratur</strong></span> 
     </span>
    </p>
   </div>
   <div class='ocr_carea' id='block_1_100' title="bbox 1919 3388 3490 3469">
    <p class='ocr_par' dir='ltr' id='par_1_100' title="bbox 1919 3388 3490 3469">
     <span class='ocr_line' id='line_1_102' title="bbox 1919 3388 3490 3469; baseline -0.018 -9"><span class='ocrx_word' id='word_1_765' title='bbox 1919 3403 2148 3459; x_wconf 90' lang='lat' dir='ltr'><strong>mundus</strong></span> <span class='ocrx_word' id='word_1_766' title='bbox 2168 3445 2182 3469; x_wconf 96' lang='lat'><strong>,</strong></span> <span class='ocrx_word' id='word_1_767' title='bbox 2214 3409 2269 3456; x_wconf 92' lang='lat' dir='ltr'><strong>et</strong></span> <span class='ocrx_word' id='word_1_768' title='bbox 2294 3396 2665 3453; x_wconf 90' lang='lat' dir='ltr'><strong>miraculorum</strong></span> <span class='ocrx_word' id='word_1_769' title='bbox 2695 3391 3008 3454; x_wconf 73' lang='lat' dir='ltr'><strong>effectrices,</strong></span> <span class='ocrx_word' id='word_1_770' title='bbox 3034 3388 3144 3442; x_wconf 89' lang='lat' dir='ltr'><strong>sive</strong></span> <span class='ocrx_word' id='word_1_771' title='bbox 3169 3392 3490 3453; x_wconf 85' lang='lat' dir='ltr'><strong>spontaneo-</strong></span> 
     </span>
    </p>
   </div>
   <div class='ocr_carea' id='block_1_101' title="bbox 1920 3472 3494 3561">
    <p class='ocr_par' dir='ltr' id='par_1_101' title="bbox 1920 3472 3494 3561">
     <span class='ocr_line' id='line_1_103' title="bbox 1920 3472 3494 3561; baseline -0.015 -11"><span class='ocrx_word' id='word_1_772' title='bbox 1920 3511 2067 3561; x_wconf 88' lang='lat' dir='ltr'><strong>rum,</strong></span> <span class='ocrx_word' id='word_1_773' title='bbox 2107 3495 2220 3549; x_wconf 84' lang='lat' dir='ltr'><strong>sive</strong></span> <span class='ocrx_word' id='word_1_774' title='bbox 2258 3492 2404 3545; x_wconf 90' lang='lat' dir='ltr'><strong>cultu</strong></span> <span class='ocrx_word' id='word_1_775' title='bbox 2432 3497 2485 3545; x_wconf 90' lang='lat' dir='ltr'><strong>et</strong></span> <span class='ocrx_word' id='word_1_776' title='bbox 2511 3487 2616 3542; x_wconf 93' lang='lat' dir='ltr'><strong>ritu</strong></span> <span class='ocrx_word' id='word_1_777' title='bbox 2647 3485 2884 3555; x_wconf 90' lang='lat' dir='ltr'><strong>quolibet</strong></span> <span class='ocrx_word' id='word_1_778' title='bbox 2912 3482 3290 3550; x_wconf 85' lang='lat' dir='ltr'><strong>imperatorum</strong></span> <span class='ocrx_word' id='word_1_779' title='bbox 3311 3475 3351 3539; x_wconf 71' lang='grc' dir='ltr'><strong>ί,</strong></span> <span class='ocrx_word' id='word_1_780' title='bbox 3383 3472 3494 3526; x_wconf 85' lang='lat' dir='ltr'><strong>sive</strong></span> 
     </span>
    </p>
   </div>
   <div class='ocr_carea' id='block_1_102' title="bbox 1921 3563 3496 3653">
    <p class='ocr_par' dir='ltr' id='par_1_102' title="bbox 1921 3563 3496 3653">
     <span class='ocr_line' id='line_1_104' title="bbox 1921 3563 3496 3653; baseline -0.014 -15"><span class='ocrx_word' id='word_1_781' title='bbox 1921 3587 2081 3639; x_wconf 90' lang='lat' dir='ltr'><strong>etiam</strong></span> <span class='ocrx_word' id='word_1_782' title='bbox 2120 3583 2446 3653; x_wconf 79' lang='lat' dir='ltr'><strong>magicorum</strong></span> <span class='ocrx_word' id='word_1_783' title='bbox 2476 3577 2769 3632; x_wconf 88' lang='lat' dir='ltr'><strong>mundanas</strong></span> <span class='ocrx_word' id='word_1_784' title='bbox 2796 3574 2878 3628; x_wconf 89' lang='lat' dir='ltr'><strong>vel</strong></span> <span class='ocrx_word' id='word_1_785' title='bbox 2918 3586 3025 3626; x_wconf 91' lang='lat' dir='ltr'><strong>non</strong></span> <span class='ocrx_word' id='word_1_786' title='bbox 3065 3575 3279 3638; x_wconf 84' lang='lat' dir='ltr'><strong>negant,</strong></span> <span class='ocrx_word' id='word_1_787' title='bbox 3306 3564 3390 3619; x_wconf 88' lang='lat' dir='ltr'><strong>vel</strong></span> <span class='ocrx_word' id='word_1_788' title='bbox 3416 3563 3496 3617; x_wconf 83' lang='lat' dir='ltr'><strong>in-</strong></span> 
     </span>
    </p>
   </div>
   <div class='ocr_carea' id='block_1_103' title="bbox 1922 3654 3493 3744">
    <p class='ocr_par' dir='ltr' id='par_1_103' title="bbox 1922 3654 3493 3744">
     <span class='ocr_line' id='line_1_105' title="bbox 1922 3654 3493 3744; baseline -0.015 -15"><span class='ocrx_word' id='word_1_789' title='bbox 1922 3690 2080 3744; x_wconf 90' lang='lat' dir='ltr'><strong>super</strong></span> <span class='ocrx_word' id='word_1_790' title='bbox 2106 3683 2159 3728; x_wconf 92' lang='lat' dir='ltr'><strong>et</strong></span> <span class='ocrx_word' id='word_1_791' title='bbox 2185 3671 2471 3742; x_wconf 66' lang='lat' dir='ltr'><strong>praedicant</strong></span> <span class='ocrx_word' id='word_1_792' title='bbox 2499 3675 2815 3737; x_wconf 85' lang='lat' dir='ltr'><strong>potestates,</strong></span> <span class='ocrx_word' id='word_1_793' title='bbox 2843 3661 3052 3731; x_wconf 90' lang='lat' dir='ltr'><strong>quando</strong></span> <span class='ocrx_word' id='word_1_794' title='bbox 3079 3660 3159 3715; x_wconf 86' lang='lat' dir='ltr'><strong>eis</strong></span> <span class='ocrx_word' id='word_1_795' title='bbox 3183 3671 3360 3712; x_wconf 92' lang='lat' dir='ltr'><strong>rerum</strong></span> <span class='ocrx_word' id='word_1_796' title='bbox 3387 3654 3493 3708; x_wconf 89' lang='lat' dir='ltr'><strong>vim</strong></span> 
     </span>
    </p>
   </div>
   <div class='ocr_carea' id='block_1_104' title="bbox 1922 3745 3493 3832">
    <p class='ocr_par' dir='ltr' id='par_1_104' title="bbox 1922 3745 3493 3832">
     <span class='ocr_line' id='line_1_106' title="bbox 1922 3745 3493 3832; baseline -0.016 -11"><span class='ocrx_word' id='word_1_797' title='bbox 1922 3765 2217 3821; x_wconf 88' lang='lat' dir='ltr'><strong>mirabilem</strong></span> <span class='ocrx_word' id='word_1_798' title='bbox 2265 3760 2608 3832; x_wconf 90' lang='lat' dir='ltr'><strong>proponimus</strong></span> <span class='ocrx_word' id='word_1_799' title='bbox 2651 3756 2894 3818; x_wconf 88' lang='lat' dir='ltr'><strong>aliarum,</strong></span> <span class='ocrx_word' id='word_1_800' title='bbox 2943 3765 3061 3820; x_wconf 68' lang='lat' dir='ltr'><strong>qua:</strong></span> <span class='ocrx_word' id='word_1_801' title='bbox 3103 3763 3203 3803; x_wconf 91' lang='lat' dir='ltr'><strong>nec</strong></span> <span class='ocrx_word' id='word_1_802' title='bbox 3245 3745 3493 3800; x_wconf 85' lang='lat' dir='ltr'><strong>animalia</strong></span> 
     </span>
    </p>
   </div>
   <div class='ocr_carea' id='block_1_105' title="bbox 1923 3837 3495 3916">
    <p class='ocr_par' dir='ltr' id='par_1_105' title="bbox 1923 3837 3495 3916">
     <span class='ocr_line' id='line_1_107' title="bbox 1923 3837 3495 3916; baseline -0.017 -3"><span class='ocrx_word' id='word_1_803' title='bbox 1923 3866 2047 3913; x_wconf 91' lang='lat' dir='ltr'><strong>sunt</strong></span> <span class='ocrx_word' id='word_1_804' title='bbox 2071 3854 2366 3916; x_wconf 88' lang='lat' dir='ltr'><strong>rationalia,</strong></span> <span class='ocrx_word' id='word_1_805' title='bbox 2389 3866 2486 3906; x_wconf 92' lang='lat' dir='ltr'><strong>nec</strong></span> <span class='ocrx_word' id='word_1_806' title='bbox 2507 3849 2612 3904; x_wconf 90' lang='lat' dir='ltr'><strong>ulla</strong></span> <span class='ocrx_word' id='word_1_807' title='bbox 2639 3846 2843 3901; x_wconf 89' lang='lat' dir='ltr'><strong>ratione</strong></span> <span class='ocrx_word' id='word_1_808' title='bbox 2871 3840 3077 3912; x_wconf 60' lang='lat' dir='ltr'><strong>praediti</strong></span> <span class='ocrx_word' id='word_1_809' title='bbox 3103 3838 3339 3908; x_wconf 87' lang='lat' dir='ltr'><strong>spiritus,</strong></span> <span class='ocrx_word' id='word_1_810' title='bbox 3357 3837 3495 3889; x_wconf 82' lang='lat' dir='ltr'><strong>sicut</strong></span> 
     </span>
    </p>
   </div>
   <div class='ocr_carea' id='block_1_106' title="bbox 1924 3932 3495 4016">
    <p class='ocr_par' dir='ltr' id='par_1_106' title="bbox 1924 3932 3495 4016">
     <span class='ocr_line' id='line_1_108' title="bbox 1924 3932 3495 4016; baseline -0.017 -11"><span class='ocrx_word' id='word_1_811' title='bbox 1924 3959 2046 4006; x_wconf 91' lang='lat' dir='ltr'><strong>sunt</strong></span> <span class='ocrx_word' id='word_1_812' title='bbox 2081 3963 2165 4013; x_wconf 90' lang='lat' dir='ltr'><strong>ea,</strong></span> <span class='ocrx_word' id='word_1_813' title='bbox 2209 3959 2431 4016; x_wconf 90' lang='lat' dir='ltr'><strong>quorum</strong></span> <span class='ocrx_word' id='word_1_814' title='bbox 2470 3956 2635 4012; x_wconf 91' lang='lat' dir='ltr'><strong>pauca</strong></span> <span class='ocrx_word' id='word_1_815' title='bbox 2676 3932 3230 3995; x_wconf 90' lang='lat' dir='ltr'><strong>commemoravimus,</strong></span> <span class='ocrx_word' id='word_1_816' title='bbox 3269 3941 3495 3997; x_wconf 59' lang='lat' dir='ltr'><strong>responc</strong></span> 
     </span>
    </p>
   </div>
   <div class='ocr_carea' id='block_1_107' title="bbox 1925 4018 3497 4098">
    <p class='ocr_par' dir='ltr' id='par_1_107' title="bbox 1925 4018 3497 4098">
     <span class='ocr_line' id='line_1_109' title="bbox 1925 4018 3497 4098; baseline -0.017 0"><span class='ocrx_word' id='word_1_817' title='bbox 1925 4044 2053 4098; x_wconf 90' lang='lat' dir='ltr'><strong>dere</strong></span> <span class='ocrx_word' id='word_1_818' title='bbox 2087 4041 2320 4095; x_wconf 90' lang='lat' dir='ltr'><strong>assolent</strong></span> <span class='ocrx_word' id='word_1_819' title='bbox 2349 4055 2361 4090; x_wconf 93' lang='lat'>:</span> <span class='ocrx_word' id='word_1_820' title='bbox 2391 4037 2483 4090; x_wconf 78' lang='lat' dir='ltr'><strong>Vis</strong></span> <span class='ocrx_word' id='word_1_821' title='bbox 2507 4042 2589 4089; x_wconf 90' lang='lat' dir='ltr'><strong>est</strong></span> <span class='ocrx_word' id='word_1_822' title='bbox 2615 4033 2715 4088; x_wconf 89' lang='lat' dir='ltr'><strong>ista</strong></span> <span class='ocrx_word' id='word_1_823' title='bbox 2749 4038 2973 4094; x_wconf 57' lang='lat' dir='ltr'><strong>natura},</strong></span> <span class='ocrx_word' id='word_1_824' title='bbox 2995 4034 3182 4080; x_wconf 90' lang='lat' dir='ltr'><strong>natura</strong></span> <span class='ocrx_word' id='word_1_825' title='bbox 3208 4035 3390 4077; x_wconf 91' lang='lat' dir='ltr'><strong>eorum</strong></span> <span class='ocrx_word' id='word_1_826' title='bbox 3417 4018 3497 4072; x_wconf 86' lang='lat' dir='ltr'><strong>sic</strong></span> 
     </span>
    </p>
   </div>
   <div class='ocr_carea' id='block_1_108' title="bbox 1926 4117 3490 4200">
    <p class='ocr_par' dir='ltr' id='par_1_108' title="bbox 1926 4117 3490 4200">
     <span class='ocr_line' id='line_1_110' title="bbox 1926 4117 3490 4200; baseline -0.018 -12"><span class='ocrx_word' id='word_1_827' title='bbox 1926 4147 1985 4187; x_wconf 87' lang='lat' dir='ltr'><strong>se</strong></span> <span class='ocrx_word' id='word_1_828' title='bbox 2008 4131 2187 4199; x_wconf 86' lang='lat' dir='ltr'><strong>habet,</strong></span> <span class='ocrx_word' id='word_1_829' title='bbox 2216 4129 2545 4200; x_wconf 89' lang='lat' dir='ltr'><strong>propriarum</strong></span> <span class='ocrx_word' id='word_1_830' title='bbox 2582 4125 2697 4178; x_wconf 72' lang='lat' dir='ltr'><strong>ista:</strong></span> <span class='ocrx_word' id='word_1_831' title='bbox 2735 4128 2858 4175; x_wconf 91' lang='lat' dir='ltr'><strong>sunt</strong></span> <span class='ocrx_word' id='word_1_832' title='bbox 2890 4117 3140 4173; x_wconf 63' lang='lat' dir='ltr'><strong>efﬁcaciae</strong></span> <span class='ocrx_word' id='word_1_833' title='bbox 3163 4122 3490 4167; x_wconf 89' lang='lat' dir='ltr'><strong>naturarum.</strong></span> 
     </span>
    </p>
   </div>
   <div class='ocr_carea' id='block_1_109' title="bbox 1926 4202 3492 4291">
    <p class='ocr_par' dir='ltr' id='par_1_109' title="bbox 1926 4202 3492 4291">
     <span class='ocr_line' id='line_1_111' title="bbox 1926 4202 3492 4291; baseline -0.017 -13"><span class='ocrx_word' id='word_1_834' title='bbox 1926 4224 2057 4278; x_wconf 89' lang='lat' dir='ltr'><strong>Tota</strong></span> <span class='ocrx_word' id='word_1_835' title='bbox 2087 4223 2263 4291; x_wconf 88' lang='lat' dir='ltr'><strong>itaque</strong></span> <span class='ocrx_word' id='word_1_836' title='bbox 2290 4220 2427 4274; x_wconf 87' lang='lat' dir='ltr'><strong>ratio</strong></span> <span class='ocrx_word' id='word_1_837' title='bbox 2446 4226 2546 4281; x_wconf 86' lang='lat' dir='ltr'><strong>est,</strong></span> <span class='ocrx_word' id='word_1_838' title='bbox 2569 4230 2663 4269; x_wconf 92' lang='lat' dir='ltr'><strong>cur</strong></span> <span class='ocrx_word' id='word_1_839' title='bbox 2683 4209 3078 4282; x_wconf 82' lang='lat' dir='ltr'><strong>Agrigentinum</strong></span> <span class='ocrx_word' id='word_1_840' title='bbox 3097 4206 3262 4263; x_wconf 88' lang='lat' dir='ltr'><strong>salem</strong></span> <span class='ocrx_word' id='word_1_841' title='bbox 3283 4202 3492 4256; x_wconf 86' lang='lat' dir='ltr'><strong>ﬂamma</strong></span> 
     </span>
    </p>
   </div>
   <div class='ocr_carea' id='block_1_110' title="bbox 1927 4298 3498 4378">
    <p class='ocr_par' dir='ltr' id='par_1_110' title="bbox 1927 4298 3498 4378">
     <span class='ocr_line' id='line_1_112' title="bbox 1927 4298 3498 4378; baseline -0.016 -9"><span class='ocrx_word' id='word_1_842' title='bbox 1927 4315 2091 4369; x_wconf 87' lang='lat' dir='ltr'><strong>fluere</strong></span> <span class='ocrx_word' id='word_1_843' title='bbox 2140 4312 2318 4377; x_wconf 86' lang='lat' dir='ltr'><strong>faciat,</strong></span> <span class='ocrx_word' id='word_1_844' title='bbox 2368 4323 2502 4378; x_wconf 89' lang='lat' dir='ltr'><strong>aqua</strong></span> <span class='ocrx_word' id='word_1_845' title='bbox 2544 4301 2986 4375; x_wconf 80' lang='lat' dir='ltr'><strong>crepitare,quia</strong></span> <span class='ocrx_word' id='word_1_846' title='bbox 3032 4298 3146 4352; x_wconf 74' lang='lat' dir='ltr'><strong>haec</strong></span> <span class='ocrx_word' id='word_1_847' title='bbox 3189 4305 3272 4349; x_wconf 89' lang='lat' dir='ltr'><strong>est</strong></span> <span class='ocrx_word' id='word_1_848' title='bbox 3311 4302 3498 4347; x_wconf 87' lang='lat' dir='ltr'><strong>natura</strong></span> 
     </span>
    </p>
   </div>
   <div class='ocr_carea' id='block_1_111' title="bbox 1928 4386 3497 4474">
    <p class='ocr_par' dir='ltr' id='par_1_111' title="bbox 1928 4386 3497 4474">
     <span class='ocr_line' id='line_1_113' title="bbox 1928 4386 3497 4474; baseline -0.016 -15"><span class='ocrx_word' id='word_1_849' title='bbox 1928 4404 2064 4474; x_wconf 84' lang='lat' dir='ltr'><strong>ejus.</strong></span> <span class='ocrx_word' id='word_1_850' title='bbox 2096 4405 2163 4458; x_wconf 91' lang='lat' dir='ltr'><strong>At</strong></span> <span class='ocrx_word' id='word_1_851' title='bbox 2190 4403 2290 4455; x_wconf 92' lang='lat' dir='ltr'><strong>hoc</strong></span> <span class='ocrx_word' id='word_1_852' title='bbox 2315 4415 2432 4454; x_wconf 88' lang='lat' dir='ltr'><strong>esse</strong></span> <span class='ocrx_word' id='word_1_853' title='bbox 2462 4399 2632 4467; x_wconf 89' lang='lat' dir='ltr'><strong>potius</strong></span> <span class='ocrx_word' id='word_1_854' title='bbox 2655 4402 2840 4449; x_wconf 85' lang='lat' dir='ltr'><strong>contra</strong></span> <span class='ocrx_word' id='word_1_855' title='bbox 2865 4402 3105 4446; x_wconf 87' lang='lat' dir='ltr'><strong>naturam</strong></span> <span class='ocrx_word' id='word_1_856' title='bbox 3126 4386 3354 4451; x_wconf 89' lang='lat' dir='ltr'><strong>videtur,</strong></span> <span class='ocrx_word' id='word_1_857' title='bbox 3379 4397 3497 4452; x_wconf 79' lang='lat' dir='ltr'><strong>qua:</strong></span> 
     </span>
    </p>
   </div>
   <div class='ocr_carea' id='block_1_112' title="bbox 1930 4480 3497 4563">
    <p class='ocr_par' dir='ltr' id='par_1_112' title="bbox 1930 4480 3497 4563">
     <span class='ocr_line' id='line_1_114' title="bbox 1930 4480 3497 4563; baseline -0.017 -13"><span class='ocrx_word' id='word_1_858' title='bbox 1930 4510 2035 4550; x_wconf 87' lang='lat' dir='ltr'><strong>non</strong></span> <span class='ocrx_word' id='word_1_859' title='bbox 2066 4493 2192 4563; x_wconf 87' lang='lat' dir='ltr'><strong>igni,</strong></span> <span class='ocrx_word' id='word_1_860' title='bbox 2222 4491 2313 4546; x_wconf 84' lang='lat' dir='ltr'><strong>sed</strong></span> <span class='ocrx_word' id='word_1_861' title='bbox 2344 4505 2493 4558; x_wconf 74' lang='lat' dir='ltr'><strong>aqua:</strong></span> <span class='ocrx_word' id='word_1_862' title='bbox 2521 4486 2666 4542; x_wconf 88' lang='lat' dir='ltr'><strong>dedit</strong></span> <span class='ocrx_word' id='word_1_863' title='bbox 2701 4484 2866 4538; x_wconf 86' lang='lat' dir='ltr'><strong>salem</strong></span> <span class='ocrx_word' id='word_1_864' title='bbox 2903 4480 3137 4541; x_wconf 88' lang='lat' dir='ltr'><strong>solvere;</strong></span> <span class='ocrx_word' id='word_1_865' title='bbox 3168 4485 3370 4529; x_wconf 89' lang='lat' dir='ltr'><strong>torrere</strong></span> <span class='ocrx_word' id='word_1_866' title='bbox 3398 4487 3497 4524; x_wconf 86' lang='lat' dir='ltr'><strong>au—</strong></span> 
     </span>
    </p>
   </div>
   <div class='ocr_carea' id='block_1_113' title="bbox 1930 4558 3500 4652">
    <p class='ocr_par' dir='ltr' id='par_1_113' title="bbox 1930 4558 3500 4652">
     <span class='ocr_line' id='line_1_115' title="bbox 1930 4558 3500 4652; baseline -0.019 -12"><span class='ocrx_word' id='word_1_867' title='bbox 1930 4595 2037 4639; x_wconf 91' lang='lat' dir='ltr'><strong>tem</strong></span> <span class='ocrx_word' id='word_1_868' title='bbox 2082 4558 2208 4652; x_wconf 70' lang='lat' dir='ltr'><strong>igni,</strong></span> <span class='ocrx_word' id='word_1_869' title='bbox 2236 4596 2343 4634; x_wconf 89' lang='lat' dir='ltr'><strong>non</strong></span> <span class='ocrx_word' id='word_1_870' title='bbox 2382 4593 2551 4647; x_wconf 67' lang='lat' dir='ltr'><strong>aquae.</strong></span> <span class='ocrx_word' id='word_1_871' title='bbox 2593 4573 2699 4630; x_wconf 90' lang='lat' dir='ltr'><strong>Sed</strong></span> <span class='ocrx_word' id='word_1_872' title='bbox 2738 4573 2859 4635; x_wconf 86' lang='lat' dir='ltr'><strong>ista,</strong></span> <span class='ocrx_word' id='word_1_873' title='bbox 2889 4567 3151 4636; x_wconf 87' lang='lat' dir='ltr'><strong>inquiunt,</strong></span> <span class='ocrx_word' id='word_1_874' title='bbox 3183 4563 3308 4619; x_wconf 89' lang='lat' dir='ltr'><strong>salis</strong></span> <span class='ocrx_word' id='word_1_875' title='bbox 3344 4558 3500 4628; x_wconf 88' lang='lat' dir='ltr'><strong>hujus</strong></span> 
     </span>
    </p>
   </div>
   <div class='ocr_carea' id='block_1_114' title="bbox 1933 4652 3500 4732">
    <p class='ocr_par' dir='ltr' id='par_1_114' title="bbox 1933 4652 3500 4732">
     <span class='ocr_line' id='line_1_116' title="bbox 1933 4652 3500 4732; baseline -0.019 -2"><span class='ocrx_word' id='word_1_876' title='bbox 1933 4675 2183 4730; x_wconf 87' lang='lat' dir='ltr'><strong>naturalis</strong></span> <span class='ocrx_word' id='word_1_877' title='bbox 2210 4680 2292 4726; x_wconf 90' lang='lat' dir='ltr'><strong>est</strong></span> <span class='ocrx_word' id='word_1_878' title='bbox 2312 4671 2410 4732; x_wconf 87' lang='lat' dir='ltr'><strong>vis,</strong></span> <span class='ocrx_word' id='word_1_879' title='bbox 2435 4678 2490 4721; x_wconf 92' lang='lat' dir='ltr'><strong>ut</strong></span> <span class='ocrx_word' id='word_1_880' title='bbox 2510 4667 2592 4721; x_wconf 89' lang='lat' dir='ltr'><strong>his</strong></span> <span class='ocrx_word' id='word_1_881' title='bbox 2618 4661 2883 4718; x_wconf 90' lang='lat' dir='ltr'><strong>contraria</strong></span> <span class='ocrx_word' id='word_1_882' title='bbox 2914 4658 3160 4727; x_wconf 90' lang='lat' dir='ltr'><strong>patiatur.</strong></span> <span class='ocrx_word' id='word_1_883' title='bbox 3186 4654 3311 4707; x_wconf 77' lang='lat' dir='ltr'><strong>Haec</strong></span> <span class='ocrx_word' id='word_1_884' title='bbox 3340 4652 3500 4720; x_wconf 82' lang='lat' dir='ltr'><strong>igitur</strong></span> 
     </span>
    </p>
   </div>
   <div class='ocr_carea' id='block_1_115' title="bbox 1932 4740 3500 4821">
    <p class='ocr_par' dir='ltr' id='par_1_115' title="bbox 1932 4740 3500 4821">
     <span class='ocr_line' id='line_1_117' title="bbox 1932 4740 3500 4821; baseline -0.019 1"><span class='ocrx_word' id='word_1_885' title='bbox 1932 4768 2064 4821; x_wconf 88' lang='lat' dir='ltr'><strong>ratio</strong></span> <span class='ocrx_word' id='word_1_886' title='bbox 2095 4763 2328 4819; x_wconf 88' lang='lat' dir='ltr'><strong>redditur</strong></span> <span class='ocrx_word' id='word_1_887' title='bbox 2354 4768 2406 4814; x_wconf 89' lang='lat' dir='ltr'><strong>et</strong></span> <span class='ocrx_word' id='word_1_888' title='bbox 2443 4757 2510 4811; x_wconf 92' lang='lat' dir='ltr'><strong>de</strong></span> <span class='ocrx_word' id='word_1_889' title='bbox 2549 4756 2639 4809; x_wconf 91' lang='lat' dir='ltr'><strong>illo</strong></span> <span class='ocrx_word' id='word_1_890' title='bbox 2680 4752 2825 4806; x_wconf 87' lang='lat' dir='ltr'><strong>fonte</strong></span> <span class='ocrx_word' id='word_1_891' title='bbox 2861 4744 3251 4808; x_wconf 86' lang='lat' dir='ltr'><strong>Garamantice,</strong></span> <span class='ocrx_word' id='word_1_892' title='bbox 3282 4740 3369 4795; x_wconf 88' lang='lat' dir='ltr'><strong>ubi</strong></span> <span class='ocrx_word' id='word_1_893' title='bbox 3397 4754 3500 4793; x_wconf 90' lang='lat' dir='ltr'><strong>una</strong></span> 
     </span>
    </p>
   </div>
   <div class='ocr_carea' id='block_1_116' title="bbox 1930 4830 3501 4925">
    <p class='ocr_par' dir='ltr' id='par_1_116' title="bbox 1930 4830 3501 4925">
     <span class='ocr_line' id='line_1_118' title="bbox 1930 4830 3501 4925; baseline -0.019 -12"><span class='ocrx_word' id='word_1_894' title='bbox 1930 4873 2062 4913; x_wconf 87' lang='lat' dir='ltr'><strong>vena</strong></span> <span class='ocrx_word' id='word_1_895' title='bbox 2091 4855 2244 4925; x_wconf 88' lang='lat' dir='ltr'><strong>friget</strong></span> <span class='ocrx_word' id='word_1_896' title='bbox 2262 4852 2465 4915; x_wconf 88' lang='lat' dir='ltr'><strong>diebus,</strong></span> <span class='ocrx_word' id='word_1_897' title='bbox 2497 4845 2740 4902; x_wconf 87' lang='lat' dir='ltr'><strong>noctibus</strong></span> <span class='ocrx_word' id='word_1_898' title='bbox 2769 4841 2972 4907; x_wconf 84' lang='lat' dir='ltr'><strong>fervet,</strong></span> <span class='ocrx_word' id='word_1_899' title='bbox 3003 4837 3051 4889; x_wconf 86' lang='lat' dir='ltr'><strong>vi</strong></span> <span class='ocrx_word' id='word_1_900' title='bbox 3082 4844 3304 4903; x_wconf 87' lang='lat' dir='ltr'><strong>utraque</strong></span> <span class='ocrx_word' id='word_1_901' title='bbox 3330 4830 3501 4885; x_wconf 85' lang='lat' dir='ltr'><strong>mole-</strong></span> 
     </span>
    </p>
   </div>
   <div class='ocr_carea' id='block_1_117' title="bbox 1934 4922 3503 5015">
    <p class='ocr_par' dir='ltr' id='par_1_117' title="bbox 1934 4922 3503 5015">
     <span class='ocr_line' id='line_1_119' title="bbox 1934 4922 3503 5015; baseline -0.02 -12"><span class='ocrx_word' id='word_1_902' title='bbox 1934 4962 2013 5003; x_wconf 83' lang='lat' dir='ltr'><strong>sta</strong></span> <span class='ocrx_word' id='word_1_903' title='bbox 2035 4922 2389 5015; x_wconf 79' lang='lat' dir='ltr'><strong>tangentibus.</strong></span> <span class='ocrx_word' id='word_1_904' title='bbox 2418 4940 2542 4993; x_wconf 74' lang='lat' dir='ltr'><strong>Haec</strong></span> <span class='ocrx_word' id='word_1_905' title='bbox 2565 4946 2618 4993; x_wconf 92' lang='lat' dir='ltr'><strong>et</strong></span> <span class='ocrx_word' id='word_1_906' title='bbox 2644 4935 2710 4989; x_wconf 92' lang='lat' dir='ltr'><strong>de</strong></span> <span class='ocrx_word' id='word_1_907' title='bbox 2734 4933 2823 4987; x_wconf 92' lang='lat' dir='ltr'><strong>illo</strong></span> <span class='ocrx_word' id='word_1_908' title='bbox 2848 4931 2969 4992; x_wconf 88' lang='lat' dir='ltr'><strong>alio,</strong></span> <span class='ocrx_word' id='word_1_909' title='bbox 2997 4926 3087 4997; x_wconf 90' lang='lat' dir='ltr'><strong>qui</strong></span> <span class='ocrx_word' id='word_1_910' title='bbox 3122 4939 3240 4980; x_wconf 92' lang='lat' dir='ltr'><strong>cum</strong></span> <span class='ocrx_word' id='word_1_911' title='bbox 3279 4922 3349 4975; x_wconf 91' lang='lat' dir='ltr'><strong>sit</strong></span> <span class='ocrx_word' id='word_1_912' title='bbox 3374 4934 3503 4974; x_wconf 88' lang='lat' dir='ltr'><strong>con-</strong></span> 
     </span>
    </p>
   </div>
   <div class='ocr_carea' id='block_1_118' title="bbox 1936 5012 3502 5099">
    <p class='ocr_par' dir='ltr' id='par_1_118' title="bbox 1936 5012 3502 5099">
     <span class='ocr_line' id='line_1_120' title="bbox 1936 5012 3502 5099; baseline -0.021 -6"><span class='ocrx_word' id='word_1_913' title='bbox 1936 5012 2280 5093; x_wconf 73' lang='lat' dir='ltr'><strong>trectantibus</strong></span> <span class='ocrx_word' id='word_1_914' title='bbox 2322 5029 2579 5099; x_wconf 88' lang='lat' dir='ltr'><strong>frigidus,</strong></span> <span class='ocrx_word' id='word_1_915' title='bbox 2623 5033 2679 5079; x_wconf 89' lang='lat' dir='ltr'><strong>et</strong></span> <span class='ocrx_word' id='word_1_916' title='bbox 2719 5024 2886 5075; x_wconf 85' lang='lat' dir='ltr'><strong>facem</strong></span> <span class='ocrx_word' id='word_1_917' title='bbox 2923 5019 3060 5074; x_wconf 91' lang='lat' dir='ltr'><strong>sicut</strong></span> <span class='ocrx_word' id='word_1_918' title='bbox 3091 5014 3180 5069; x_wconf 87' lang='lat' dir='ltr'><strong>alii</strong></span> <span class='ocrx_word' id='word_1_919' title='bbox 3207 5012 3379 5066; x_wconf 89' lang='lat' dir='ltr'><strong>fontes</strong></span> <span class='ocrx_word' id='word_1_920' title='bbox 3405 5024 3502 5063; x_wconf 82' lang='lat' dir='ltr'><strong>ex-</strong></span> 
     </span>
    </p>
   </div>
   <div class='ocr_carea' id='block_1_119' title="bbox 1935 5098 3504 5198">
    <p class='ocr_par' dir='ltr' id='par_1_119' title="bbox 1935 5098 3504 5198">
     <span class='ocr_line' id='line_1_121' title="bbox 1935 5098 3504 5198; baseline -0.021 -14"><span class='ocrx_word' id='word_1_921' title='bbox 1935 5131 2166 5198; x_wconf 87' lang='lat' dir='ltr'><strong>stinguat</strong></span> <span class='ocrx_word' id='word_1_922' title='bbox 2203 5098 2499 5183; x_wconf 86' lang='lat' dir='ltr'><strong>accensam,</strong></span> <span class='ocrx_word' id='word_1_923' title='bbox 2529 5114 2852 5172; x_wconf 90' lang='lat' dir='ltr'><strong>dissimiliter</strong></span> <span class='ocrx_word' id='word_1_924' title='bbox 2887 5120 3061 5163; x_wconf 88' lang='lat' dir='ltr'><strong>tamen</strong></span> <span class='ocrx_word' id='word_1_925' title='bbox 3099 5114 3254 5172; x_wconf 86' lang='lat' dir='ltr'><strong>atque</strong></span> <span class='ocrx_word' id='word_1_926' title='bbox 3283 5098 3504 5154; x_wconf 80' lang='lat' dir='ltr'><strong>mirabi—</strong></span> 
     </span>
    </p>
   </div>
   <div class='ocr_carea' id='block_1_120' title="bbox 1936 5188 3505 5282">
    <p class='ocr_par' dir='ltr' id='par_1_120' title="bbox 1936 5188 3505 5282">
     <span class='ocr_line' id='line_1_122' title="bbox 1936 5188 3505 5282; baseline -0.021 -8"><span class='ocrx_word' id='word_1_927' title='bbox 1936 5188 2068 5273; x_wconf 56' lang='lat' dir='ltr'><strong>liter</strong></span> <span class='ocrx_word' id='word_1_928' title='bbox 2082 5217 2219 5270; x_wconf 89' lang='lat' dir='ltr'><strong>idem</strong></span> <span class='ocrx_word' id='word_1_929' title='bbox 2247 5216 2361 5282; x_wconf 89' lang='lat' dir='ltr'><strong>ipse</strong></span> <span class='ocrx_word' id='word_1_930' title='bbox 2388 5207 2628 5265; x_wconf 90' lang='lat' dir='ltr'><strong>accendit</strong></span> <span class='ocrx_word' id='word_1_931' title='bbox 2649 5204 2986 5260; x_wconf 82' lang='lat' dir='ltr'><strong>exstinctam.</strong></span> <span class='ocrx_word' id='word_1_932' title='bbox 3014 5197 3139 5251; x_wconf 83' lang='lat' dir='ltr'><strong>llaec</strong></span> <span class='ocrx_word' id='word_1_933' title='bbox 3162 5202 3217 5249; x_wconf 91' lang='lat' dir='ltr'><strong>et</strong></span> <span class='ocrx_word' id='word_1_934' title='bbox 3242 5191 3308 5247; x_wconf 91' lang='lat' dir='ltr'><strong>de</strong></span> <span class='ocrx_word' id='word_1_935' title='bbox 3330 5188 3505 5258; x_wconf 83' lang='lat' dir='ltr'><strong>lapide</strong></span> 
     </span>
    </p>
   </div>
   <div class='ocr_carea' id='block_1_121' title="bbox 2000 5352 3412 5421">
    <p class='ocr_par' dir='ltr' id='par_1_121' title="bbox 2000 5352 3412 5421">
     <span class='ocr_line' id='line_1_123' title="bbox 2000 5352 3412 5421; baseline -0.021 1"><span class='ocrx_word' id='word_1_936' title='bbox 2000 5376 2016 5405; x_wconf 78' lang='grc' dir='ltr'><strong>ι</strong></span> <span class='ocrx_word' id='word_1_937' title='bbox 2050 5373 2122 5421; x_wconf 88' lang='lat' dir='ltr'><strong>Sic</strong></span> <span class='ocrx_word' id='word_1_938' title='bbox 2144 5376 2215 5417; x_wconf 80' lang='lat' dir='ltr'><strong>Er.</strong></span> <span class='ocrx_word' id='word_1_939' title='bbox 2242 5374 2295 5417; x_wconf 88' lang='lat' dir='ltr'><strong>et</strong></span> <span class='ocrx_word' id='word_1_940' title='bbox 2320 5352 2423 5415; x_wconf 71' lang='lat' dir='ltr'><strong>uss.</strong></span> <span class='ocrx_word' id='word_1_941' title='bbox 2441 5368 2498 5411; x_wconf 78' lang='lat' dir='ltr'><strong>At.</strong></span> <span class='ocrx_word' id='word_1_942' title='bbox 2517 5358 2652 5409; x_wconf 80' lang='lat' dir='ltr'><strong>vind.</strong></span> <span class='ocrx_word' id='word_1_943' title='bbox 2677 5366 2777 5405; x_wconf 77' lang='lat' dir='ltr'><strong>Am.</strong></span> <span class='ocrx_word' id='word_1_944' title='bbox 2805 5361 2857 5405; x_wconf 91' lang='lat' dir='ltr'><strong>et</strong></span> <span class='ocrx_word' id='word_1_945' title='bbox 2877 5360 3007 5412; x_wconf 65' lang='grc' dir='ltr'>ωτι,</span> <span class='ocrx_word' id='word_1_946' title='bbox 3032 5353 3412 5414; x_wconf 74' lang='grc' dir='ltr'><strong>υηρειταιοηιηι.</strong></span> 
     </span>
    </p>
   </div>
   <div class='ocr_carea' id='block_1_122' title="bbox 1945 5444 3510 5535">
    <p class='ocr_par' dir='ltr' id='par_1_122' title="bbox 1945 5444 3510 5535">
     <span class='ocr_line' id='line_1_124' title="bbox 1945 5444 3510 5535; baseline -0.021 -9"><span class='ocrx_word' id='word_1_947' title='bbox 1945 5495 1967 5524; x_wconf 83' lang='grc' dir='ltr'><strong>ι</strong></span> <span class='ocrx_word' id='word_1_948' title='bbox 1985 5476 2079 5525; x_wconf 92' lang='lat' dir='ltr'><strong>hoc</strong></span> <span class='ocrx_word' id='word_1_949' title='bbox 2098 5475 2254 5535; x_wconf 89' lang='lat' dir='ltr'><strong>ipsum</strong></span> <span class='ocrx_word' id='word_1_950' title='bbox 2278 5480 2353 5535; x_wconf 83' lang='lat' dir='ltr'><strong>ex_</strong></span> <span class='ocrx_word' id='word_1_951' title='bbox 2379 5464 2510 5535; x_wconf 82' lang='lat' dir='ltr'><strong>ferro</strong></span> <span class='ocrx_word' id='word_1_952' title='bbox 2540 5458 2848 5535; x_wconf 80' lang='lat' dir='ltr'><strong>subtilissima</strong></span> <span class='ocrx_word' id='word_1_953' title='bbox 2881 5467 3026 5535; x_wconf 54' lang='lat' dir='ltr'><strong>m‘anu</strong></span> <span class='ocrx_word' id='word_1_954' title='bbox 3052 5452 3250 5535; x_wconf 40' lang='lat' dir='ltr'><strong>artiﬁcis,</strong></span> <span class='ocrx_word' id='word_1_955' title='bbox 3264 5444 3510 5535; x_wconf 42' lang='lat' dir='ltr'><strong>iustitia;</strong></span> 
     </span>
    </p>
   </div>
   <div class='ocr_carea' id='block_1_123' title="bbox 1945 5508 3509 5591">
    <p class='ocr_par' dir='ltr' id='par_1_123' title="bbox 1945 5508 3509 5591">
     <span class='ocr_line' id='line_1_125' title="bbox 1945 5508 3509 5591; baseline -0.019 -7"><span class='ocrx_word' id='word_1_956' title='bbox 1945 5508 1967 5584; x_wconf 58' lang='grc' dir='ltr'>ξ</span> <span class='ocrx_word' id='word_1_957' title='bbox 1988 5508 2650 5591; x_wconf 52' lang='lat' dir='ltr'><strong>Eiicéi&#39;ﬁiii&#39;ui&quot;tapis}fcij§s</strong></span> <span class='ocrx_word' id='word_1_958' title='bbox 2686 5527 2901 5591; x_wconf 77' lang='lat' dir='ltr'><strong>naturam</strong></span> <span class='ocrx_word' id='word_1_959' title='bbox 2917 5515 3108 5591; x_wconf 41' lang='lat' dir='ltr'><strong>[ferrum</strong></span> <span class='ocrx_word' id='word_1_960' title='bbox 3128 5513 3190 5561; x_wconf 81' lang='lat' dir='ltr'><strong>ad</strong></span> <span class='ocrx_word' id='word_1_961' title='bbox 3227 5524 3285 5591; x_wconf 74' lang='lat' dir='ltr'><strong>se</strong></span> <span class='ocrx_word' id='word_1_962' title='bbox 3310 5508 3509 5591; x_wconf 71' lang='lat' dir='ltr'><strong>trahere</strong></span> 
     </span>
    </p>
   </div>
   <div class='ocr_carea' id='block_1_124' title="bbox 1947 5575 3507 5652">
    <p class='ocr_par' dir='ltr' id='par_1_124' title="bbox 1947 5575 3507 5652">
     <span class='ocr_line' id='line_1_126' title="bbox 1947 5575 3507 5652; baseline -0.021 -5"><span class='ocrx_word' id='word_1_963' title='bbox 1947 5575 2241 5652; x_wconf 67' lang='lat' dir='ltr'><strong>l&#39;</strong></span> <span class='ocrx_word' id='word_1_964' title='bbox 2260 5575 2480 5652; x_wconf 53' lang='lat' dir='ltr'><strong>desuper:</strong></span> <span class='ocrx_word' id='word_1_965' title='bbox 2494 5588 2548 5652; x_wconf 80' lang='lat' dir='ltr'><strong>i_i_1_</strong></span> <span class='ocrx_word' id='word_1_966' title='bbox 2570 5575 2895 5652; x_wconf 68' lang='lat' dir='ltr'><strong>&#39;laquearibus</strong></span> <span class='ocrx_word' id='word_1_967' title='bbox 2916 5575 3060 5652; x_wconf 71' lang='lat' dir='ltr'><strong>ﬁxus,</strong></span> <span class='ocrx_word' id='word_1_968' title='bbox 3085 5586 3194 5646; x_wconf 81' lang='lat' dir='ltr'><strong>cum</strong></span> <span class='ocrx_word' id='word_1_969' title='bbox 3232 5578 3507 5652; x_wconf 46' lang='lat' dir='ltr'><strong>temperate</strong></span> 
     </span>
    </p>
   </div>
   <div class='ocr_carea' id='block_1_125' title="bbox 1947 5632 3510 5717">
    <p class='ocr_par' dir='ltr' id='par_1_125' title="bbox 1947 5632 3510 5717">
     <span class='ocr_line' id='line_1_127' title="bbox 1947 5632 3510 5717; baseline -0.021 -9"><span class='ocrx_word' id='word_1_970' title='bbox 1947 5632 1969 5706; x_wconf 58' lang='grc' dir='ltr'>ξ</span> <span class='ocrx_word' id='word_1_971' title='bbox 1990 5632 2468 5717; x_wconf 23' lang='grc' dir='ltr'><strong>Ατξᾶῖότεῐεὶ</strong></span> <span class='ocrx_word' id='word_1_972' title='bbox 2498 5632 2678 5717; x_wconf 43' lang='lat' dir='ltr'><strong>librarii</strong></span> <span class='ocrx_word' id='word_1_973' title='bbox 2707 5639 3107 5717; x_wconf 34' lang='lat' dir='ltr'><strong>fuisset‘positurn</strong></span> <span class='ocrx_word' id='word_1_974' title='bbox 3120 5632 3433 5717; x_wconf 41' lang='lat' dir='ltr'><strong>simulata-nm</strong></span> <span class='ocrx_word' id='word_1_975' title='bbox 3443 5637 3510 5717; x_wconf 66' lang='lat' dir='ltr'><strong>cet</strong></span> 
     </span>
    </p>
   </div>
   <div class='ocr_carea' id='block_1_126' title="bbox 1948 5692 3507 5769">
    <p class='ocr_par' dir='ltr' id='par_1_126' title="bbox 1948 5692 3507 5769">
     <span class='ocr_line' id='line_1_128' title="bbox 1948 5692 3507 5769; baseline -0.021 -2"><span class='ocrx_word' id='word_1_976' title='bbox 1948 5692 1971 5767; x_wconf 58' lang='grc' dir='ltr'>ἒ</span> <span class='ocrx_word' id='word_1_977' title='bbox 1990 5692 2639 5769; x_wconf 36' lang='grc' dir='ltr'><strong>ῑῖιίιξιῖῗιΐέιιῖὶδ⁷δέῖθῇἑιέι</strong></span> <span class='ocrx_word' id='word_1_978' title='bbox 2656 5704 2856 5751; x_wconf 83' lang='lat' dir='ltr'><strong>ferrum.</strong></span> <span class='ocrx_word' id='word_1_979' title='bbox 2880 5692 3218 5769; x_wconf 68' lang='lat' dir='ltr'><strong>adsurrexisse</strong></span> <span class='ocrx_word' id='word_1_980' title='bbox 3228 5692 3507 5769; x_wconf 44' lang='grc' dir='ltr'><strong>’ροιιυξονξιῖ</strong></span> 
     </span>
    </p>
   </div>
   <div class='ocr_carea' id='block_1_127' title="bbox 1949 5751 3510 5834">
    <p class='ocr_par' dir='ltr' id='par_1_127' title="bbox 1949 5751 3510 5834">
     <span class='ocr_line' id='line_1_129' title="bbox 1949 5751 3510 5834; baseline -0.023 -5"><span class='ocrx_word' id='word_1_981' title='bbox 1949 5751 2269 5834; x_wconf 58' lang='grc' dir='ltr'>ξ</span> <span class='ocrx_word' id='word_1_982' title='bbox 2283 5751 2347 5821; x_wconf 53' lang='grc' dir='ltr'><strong>ἶῇ</strong></span> <span class='ocrx_word' id='word_1_983' title='bbox 2364 5751 2420 5819; x_wconf 66' lang='grc' dir='ltr'>ἶῦ</span> <span class='ocrx_word' id='word_1_984' title='bbox 2443 5751 2576 5834; x_wconf 54' lang='lat' dir='ltr'><strong>ac};</strong></span> <span class='ocrx_word' id='word_1_985' title='bbox 2598 5751 2819 5834; x_wconf 71' lang='lat' dir='ltr'><strong>pendere</strong></span> <span class='ocrx_word' id='word_1_986' title='bbox 2848 5762 3121 5834; x_wconf 56' lang='lat' dir='ltr'><strong>videretur.</strong></span> <span class='ocrx_word' id='word_1_987' title='bbox 3144 5751 3324 5834; x_wconf 41' lang='lat' dir='ltr'><strong>ridenti}</strong></span> <span class='ocrx_word' id='word_1_988' title='bbox 3358 5751 3510 5831; x_wconf 69' lang='lat' dir='ltr'><strong>refert</strong></span> 
     </span>
    </p>
   </div>
   <div class='ocr_carea' id='block_1_128' title="bbox 1946 5819 3511 5901">
    <p class='ocr_par' dir='ltr' id='par_1_128' title="bbox 1946 5819 3511 5901">
     <span class='ocr_line' id='line_1_130' title="bbox 1946 5819 3511 5901; baseline -0.022 -8"><span class='ocrx_word' id='word_1_989' title='bbox 1946 5819 2397 5901; x_wconf 55' lang='lat' dir='ltr'><strong>éi“ivii§siiéf;&#39;bate</strong></span> <span class='ocrx_word' id='word_1_990' title='bbox 2428 5833 2461 5881; x_wconf 78' lang='lat'><strong>5</strong></span> <span class='ocrx_word' id='word_1_991' title='bbox 2482 5830 2546 5879; x_wconf 79' lang='lat' dir='ltr'><strong>de</strong></span> <span class='ocrx_word' id='word_1_992' title='bbox 2569 5819 2953 5877; x_wconf 71' lang='lat' dir='ltr'><strong>Pratdictionibus</strong></span> <span class='ocrx_word' id='word_1_993' title='bbox 2972 5857 2985 5884; x_wconf 89' lang='lat'><strong>,</strong></span> <span class='ocrx_word' id='word_1_994' title='bbox 3022 5834 3127 5885; x_wconf 83' lang='lat' dir='ltr'><strong>cap.</strong></span> <span class='ocrx_word' id='word_1_995' title='bbox 3170 5819 3246 5867; x_wconf 74' lang='lat'><strong>38.</strong></span> <span class='ocrx_word' id='word_1_996' title='bbox 3266 5822 3511 5870; x_wconf 61' lang='lat' dir='ltr'><strong>concuss</strong></span> 
     </span>
    </p>
   </div>
  </div>
