3996 6530
541 374 642 430 719
1569 361 1656 417 ns
1695 357 2011 417 ClVlTATE
2047 356 2179 426 DEI,
2207 356 2264 415 s.
2304 359 2665 417 AUGUSTlNl
3696 368 3794 429 πο

542 487 773 549 ashesto,
804 485 1035 553 quicum
1060 485 1234 550 ignem
1264 477 1468 534 nullum
1494 475 1687 531 habeat
1710 474 2002 546 proprium,
2020 486 2109 528 ac-

544 586 699 645 cepto
729 584 904 627 tamen
932 571 1009 625 sic
1037 570 1187 624 ardet
1208 568 1399 633 alieno,
1431 575 1488 622 ut
1512 582 1617 621 non
1641 565 1808 636 possit
1826 563 2107 634 exstingui.

543 667 668 722 Haec
702 664 768 720 de
806 662 1010 718 exteris
1040 676 1157 732 quae
1183 661 1324 731 piget
1346 667 1626 723 retexere,
1664 656 1853 727 quibus
1878 655 2003 711 licet
2030 653 2111 708 vis

545 756 760 812 insolita
785 764 967 811 contra
992 763 1232 807 naturam
1254 754 1427 807 inesse
1452 749 1709 813 videatur,
1731 748 1832 802 alia
1854 756 2028 801 tamen
2044 744 2112 799 de

542 847 647 902 illis
672 861 777 900 non
807 843 1043 899 redditur
1071 844 1226 908 ratio,
1258 841 1358 896 nisi
1400 850 1458 895 ut
1496 840 1731 904 dicatur,
1763 838 1898 891 hanc
1924 849 2110 889 eorum

522 950 658 992 Iesse
680 945 941 991 naturam.
968 934 1149 989 Brevis
1178 947 1306 987 sane
1335 932 1432 986 ista
1457 938 1537 985 est
1562 930 1717 995 ratio,
1746 926 1934 989 fateor,
1964 922 2111 980 sufﬁ-

543 1028 797 1097 ciensque
826 1025 1120 1095 responsio.
1148 1023 1254 1078 Sed
1275 1038 1396 1078 cum
1425 1023 1564 1076 Deus
1592 1030 1775 1075 auctor
1799 1019 1868 1073 sit
1891 1024 2109 1071 natura-

540 1135 660 1173 rum
690 1119 946 1183 omnium,
979 1132 1073 1171 cur
1097 1115 1284 1170 nolunt
1304 1116 1320 1146 ¹
1350 1113 1622 1168 fortiorem
1647 1124 1745 1165 nos
1772 1108 1996 1164 reddere
2018 1121 2108 1160 ra-

541 1211 764 1276 tionem,
788 1207 998 1278 quando
1028 1205 1225 1275 aliquid
1251 1204 1393 1258 velut
1421 1200 1744 1271 impossibile
1772 1198 1962 1253 nolunt
1989 1210 2109 1251 cre-

538 1299 701 1365 dere,
741 1299 923 1368 eisque
966 1296 1316 1352 redditionem
1358 1293 1577 1348 rationis
1630 1288 1968 1361 poscentibus
2018 1303 2107 1342 re-

537 1389 879 1460 spondemus,
915 1387 1049 1442 hanc
1075 1402 1192 1442 esse
1218 1386 1541 1441 voluntatem
1566 1379 1944 1450 omnipotentis
1970 1377 2063 1433 Dei
2088 1392 2102 1441 ;

538 1482 629 1551 qui
653 1490 798 1535 certe
827 1496 931 1535 non
958 1480 1027 1533 ob
1054 1478 1195 1533 aliud
1219 1487 1435 1531 vocatur
1458 1474 1812 1543 omnipotens,
1841 1468 1944 1524 nisi
1973 1483 2106 1539 quo.

538 1574 681 1628 niam
716 1572 971 1642 quidquid
1016 1572 1128 1626 vult
1177 1578 1379 1639 potest;
1435 1568 1525 1638 qui
1567 1565 1737 1636 potuit
1773 1576 1956 1618 creare
1999 1569 2105 1615 tam

538 1662 703 1716 multa
724 1703 739 1729 ,
771 1677 889 1731 quae
923 1660 1024 1715 nisi
1062 1659 1470 1714 ostenderentur
1489 1697 1504 1723 ,
1535 1664 1626 1709 aut
1650 1670 1681 1709 a
1705 1649 1985 1709 credendis
2009 1648 2107 1704 ho-

539 1754 731 1824 dieque
759 1752 980 1808 testibus
1008 1751 1309 1806 dicerentur
1327 1790 1342 1815 ,
1373 1747 1609 1819 profecto
1635 1742 1977 1816 impossibilia
2005 1756 2106 1810 pu-

539 1852 796 1909 tarentur,
820 1857 922 1897 non
945 1842 1116 1897 solum
1136 1856 1253 1912 quae
1275 1838 1601 1910 ignotissima
1624 1834 1763 1906 apud
1788 1847 1903 1898 nos,
1922 1846 2107 1887 verum

539 1935 698 1989 etiam
724 1948 839 2005 qua}
866 1934 1138 1989 notissima
1170 1934 1341 2003 posui.
1381 1930 1470 1985 illa
1507 1930 1648 1985 enim
1684 1942 1801 1998 qua:
1837 1924 1976 1996 apud
2010 1938 2107 1979 nos

538 2038 731 2098 prmter
756 2042 868 2093 eos,
893 2042 1117 2097 quorum
1144 2026 1211 2081 de
1236 2026 1318 2080 his
1339 2024 1500 2080 libros
1521 2022 1765 2093 legimus,
1784 2035 1890 2077 non
1910 2017 2108 2074 habent

538 2131 749 2186 testem,
780 2121 923 2175 etab
951 2120 1028 2175 eis
1055 2119 1351 2188 conscripta
1376 2126 1497 2171 sunt
1523 2114 1612 2186 qui
1639 2127 1743 2169 non
1769 2118 1895 2168 sunt
1917 2108 2108 2165 divini-

539 2221 622 2264 tus
660 2210 797 2264 docti
823 2218 977 2279 atque
1005 2209 1308 2263 humanitus
1337 2206 1445 2261 falli
1470 2205 1606 2260 forte
1634 2208 1947 2274 potuerunt,
1983 2199 2106 2256 licet

536 2302 727 2371 cuique
752 2301 869 2356 sine
897 2309 1041 2356 recta
1071 2300 1485 2369 reprehensione
1510 2311 1617 2352 non
1635 2295 1872 2351 credere.

606 2394 661 2447 9)..
698 2393 827 2448 Nam
849 2408 947 2449 nec
973 2407 1072 2463 ego
1095 2392 1217 2447 volo
1242 2401 1443 2446 temere
1477 2389 1620 2445 credi
1644 2396 1832 2445 cuncta
1864 2402 1982 2458 qua:
2005 2400 2105 2456 po-

534 2484 641 2551 sui,
673 2484 795 2553 quia
826 2498 925 2539 nee
951 2499 981 2537 a
1010 2497 1096 2538 me
1122 2483 1237 2551 ipso
1260 2482 1329 2536 ita
1362 2480 1650 2536 creduntur
1691 2488 1936 2550 tanquam
1962 2476 2105 2532 nulla

534 2575 602 2629 de
627 2575 733 2630 illis
765 2576 834 2631 sit
869 2575 923 2630 in
958 2589 1077 2630 mea
1116 2574 1434 2645 cogitatione
1457 2572 1732 2637 dubitatio,
1764 2570 1998 2642 exceptis
2022 2569 2105 2625 his

533 2684 649 2737 quae
677 2668 761 2722 vel
796 2669 909 2739 ipse
934 2682 1050 2723 sum
1076 2675 1325 2737 expertus
1342 2709 1357 2732 ,
1384 2675 1439 2721 et
1469 2667 1634 2721 cuivis
1658 2665 1807 2721 facile
1833 2672 1917 2721 est
1940 2677 2099 2733 expe-

533 2761 659 2827 riri;
690 2761 824 2815 sicut
843 2760 910 2816 de
928 2760 1093 2823 calce,
1113 2760 1251 2830 quod
1274 2758 1445 2814 fervet
1463 2759 1515 2813 in
1537 2773 1688 2829 aqua,
1706 2759 1758 2813 in
1779 2758 1897 2814 oleo
1916 2754 2104 2827 frigida

532 2862 643 2916 est;
676 2851 742 2906 de
765 2861 1007 2921 magnete
1036 2852 1228 2921 lapide,
1268 2850 1409 2920 quod
1451 2851 1631 2904 nescio
1671 2864 1773 2919 qua
1816 2846 2105 2904 sorbitione

532 2943 821 2998 insensibili
852 2944 1101 3013 stipulam
1150 2958 1257 2998 non
1296 2950 1525 3007 moveat,
1558 2950 1613 2996 et
1652 2940 1851 2996 ferrum
1893 2939 2099 3009 rapiat;

531 3032 601 3087 de
639 3047 799 3088 carne
838 3049 944 3088 non
974 3042 1309 3103 putrescente
1338 3034 1577 3102 pavonis,
1600 3046 1720 3085 cum
1766 3029 2023 3099 putruerit
2049 3036 2103 3083 et

530 3122 797 3189 Platonis;
844 3125 911 3180 de
948 3125 1099 3195 palea
1145 3125 1222 3179 sic
1266 3122 1490 3195 frigente
1534 3131 1591 3176 ut
1630 3121 1886 3176 ﬂuescere
1926 3119 2101 3174 nivem

531 3230 635 3268 non
661 3216 815 3280 sinat,
839 3218 913 3271 sic
930 3218 1132 3273 calente
1155 3225 1213 3272 ut
1231 3225 1585 3272 maturescere
1606 3230 1759 3285 poma
1779 3212 2098 3283 compellat;

528 3306 597 3359 de
624 3306 745 3374 igne
771 3305 991 3376 fulgido,
1021 3306 1163 3376 quod
1187 3306 1477 3361 secundum
1504 3320 1656 3360 suum
1682 3303 1940 3374 fulgorem
1963 3302 2099 3371 lapi-

530 3396 625 3449 des
645 3395 921 3464 coquendo
944 3397 1243 3462 candificet,
1271 3404 1326 3451 et
1349 3404 1529 3451 contra
1554 3394 1801 3450 eumdem
1828 3408 1980 3449 suum
2000 3392 2100 3447 ful-

529 3500 710 3553 gorem
736 3487 943 3541 urendo
969 3486 1194 3556 plurima
1218 3485 1476 3542 obfuseet.
1508 3486 1636 3541 Tale
1659 3492 1741 3540 est
1764 3484 1907 3555 quod
1934 3493 1985 3538 et
2014 3484 2098 3536 ni-

529 3596 639 3650 grae
667 3580 887 3635 macula:
916 3580 1258 3636 offunduntur
1294 3597 1357 3636 ex
1386 3581 1506 3636 oleo
1534 3579 1829 3651 splendido,
1858 3579 2099 3635 similiter

529 3676 693 3745 nigrae
714 3675 865 3729 linea:
889 3674 957 3730 de
978 3674 1203 3729 candido
1228 3675 1601 3744 imprimuntur
1619 3681 1859 3744 argento.
1886 3672 1963 3727 De
1981 3687 2099 3726 car-

528 3767 753 3821 bonibus
783 3766 940 3821 etiam
966 3807 982 3833 ,
1014 3766 1153 3836 quod
1183 3766 1507 3821 accendente
1527 3768 1548 3797 ³
1577 3765 1697 3835 igne
1719 3764 1797 3819 sie
1822 3770 2097 3817 vertantur

529 3860 580 3911 in
608 3858 954 3924 contrarium,
984 3868 1041 3911 ut
1069 3857 1136 3911 de
1162 3857 1320 3927 lignis
1348 3854 1717 3926 pulcherrimis
1745 3854 1906 3919 tetri,
1934 3851 2094 3922 fragi-

528 3950 607 4003 les
646 3949 715 4004 de
759 3948 926 4016 duris,
958 3948 1309 4017 imputribiles
1332 3947 1400 4003 de
1426 3946 1760 4016 putribilibus
1784 3944 1930 3999 fiant.
1971 3944 2096 3999 Haac

524 4042 639 4110 ipse
659 4040 899 4109 quaedam
924 4056 1045 4097 cum
1064 4041 1260 4106 multis,
1280 4039 1525 4111 quaedam
1545 4054 1664 4095 cum
1684 4038 1930 4094 omnibus
1951 4037 2092 4100 novi,

526 4140 579 4183 et
604 4131 708 4184 alia
738 4132 984 4200 plurima,
1017 4147 1134 4201 qua:
1164 4132 1286 4186 huic
1312 4130 1448 4186 libro
1475 4131 1709 4186 inserere
1735 4130 1947 4199 longum
1976 4128 2092 4182 fuit.

528 4222 605 4276 De
639 4222 723 4276 his
747 4232 921 4277 autem
950 4238 1067 4293 quae
1091 4225 1243 4293 posui
1277 4239 1381 4278 non
1406 4233 1644 4294 experta,
1671 4223 1765 4280 sed
1794 4224 1927 4279 lecta
1954 4236 2093 4292 pra:-

526 4323 603 4367 ter
632 4313 698 4367 de
730 4312 879 4369 fonte
907 4315 1029 4381 illo,
1061 4314 1149 4369 ubi
1181 4314 1327 4371 faces
1350 4317 1750 4385 exstinguuntur
1773 4313 2017 4370 ardentes
2041 4322 2097 4370 et

525 4403 884 4459 accenduntur
905 4406 1199 4470 exstinctae,
1217 4415 1271 4460 et
1291 4406 1357 4461 de
1378 4408 1548 4476 pomis
1570 4416 1724 4462 terra:
1743 4406 2093 4462 Sodomorum

526 4495 823 4551 forinsecus
846 4496 994 4566 quasi
1029 4498 1269 4561 maturis,
1305 4497 1623 4551 intrinsecus
1646 4497 1855 4563 fumeis,
1887 4511 1985 4552 nec
2009 4506 2092 4552 te-

524 4594 636 4640 stes
662 4584 864 4655 aliquos
886 4585 1106 4641 idoneos
1132 4601 1161 4639 a
1188 4586 1379 4656 quibus
1397 4594 1571 4641 utrum
1587 4601 1712 4641 vera
1738 4596 1919 4642 essent
1943 4587 2091 4642 audi-

525 4691 661 4741 rem,
692 4677 839 4746 potui
865 4678 1116 4745 reperire.
1147 4678 1209 4731 Et
1239 4678 1385 4731 illum
1412 4678 1622 4748 quidem
1648 4678 1849 4734 fontem
1875 4693 1980 4733 non
2006 4680 2092 4733 in-

524 4767 666 4830 veni,
693 4766 782 4835 qui
811 4766 863 4820 in
891 4766 1054 4837 Epiro
1073 4768 1267 4822 vidisse
1296 4783 1355 4823 se
1379 4767 1632 4835 dicerent,
1655 4769 1747 4825 sed
1771 4770 1859 4839 qui
1888 4769 1943 4824 in
1971 4768 2093 4825 Gal-

525 4855 594 4911 lia
622 4857 847 4912 similem
887 4868 1106 4913 nossent
1146 4874 1251 4913 non
1292 4860 1451 4929 longe
1490 4874 1522 4913 a
1564 4860 1925 4931 Gratianopoli
1960 4860 2092 4915 civi-

525 4956 633 5002 tate
662 4946 757 5018 (a).
787 4948 864 5002 De
891 4947 1148 5005 fructibus
1185 4958 1361 5003 autem
1404 4950 1793 5006 Sodomitarum
1820 4952 2089 5017 arborum,

525 5053 629 5091 non
652 5046 856 5093 tantum
885 5040 1072 5095 litterae
1100 5040 1201 5095 [ide
1229 5041 1398 5111 dignm
1425 5042 1656 5097 indicant
1673 5084 1689 5106 ,
1713 5059 1894 5098 verum
1933 5044 2092 5098 etiam

525 5139 633 5182 tam
677 5130 828 5183 multi
870 5145 928 5184 se
973 5131 1255 5200 loquuntur
1289 5140 1557 5200 expertos,
1590 5142 1647 5187 ut
1690 5132 1813 5187 hinc
1850 5132 2092 5187 dubitare

525 5234 631 5273 non
660 5220 877 5287 possim.
910 5217 1114 5275 Cmtera
1141 5236 1265 5275 vero
1291 5223 1367 5276 sic
1402 5222 1590 5286 habeo,
1630 5231 1688 5276 ut
1729 5237 1900 5292 neque
1940 5221 2089 5276 afﬁr-

525 5310 715 5364 manda
740 5352 753 5376 ,
794 5324 966 5380 neque
996 5310 1234 5381 neganda
1262 5311 1585 5367 decreverim
1618 5330 1631 5365 :
1657 5312 1751 5367 sed
1785 5312 1903 5367 ideo
1931 5312 2090 5367 etiam

585 5486 601 5513 ¹
637 5485 771 5546 Editi,
797 5485 969 5551 volunt,
997 5487 1163 5551 Plures
1195 5502 1310 5538 vero
1331 5492 1633 5551 manuscripti
1649 5524 1664 5547 ,
1690 5488 1851 5539 nolunt
1878 5502 1895 5538 :
1919 5489 2092 5538 melius

521 5555 672 5604 sane;
703 5560 827 5613 ‘nam
864 5548 929 5597 de
952 5548 1210 5613 incredulis
1243 5553 1461 5613 queritur
1484 5548 1785 5613 Augustinum,
1813 5552 1936 5613 quod
1964 5565 2089 5609 eam,

523 5618 667 5676 quam
699 5607 943 5657 fortiorem
966 5610 1189 5676 appellat,
1219 5607 1370 5662 nolint
1390 5615 1482 5662 sibi
1516 5607 1651 5661 reddi
1695 5607 1945 5675 rationem,
1970 5607 2091 5663 hanc

526 5665 885 5737 videlicetesse
908 5665 1201 5737 voluntatem
1225 5676 1563 5737 omnipotentis
1587 5676 1687 5726 Dei.

590 5728 609 5789 ξ
642 5730 712 5775 sie
733 5735 835 5775 MSS.
861 5739 914 5778 Αι
937 5732 1070 5789 editi,
1094 5728 1362 5786 accedente:

585 5788 659 5850 (ιι)
680 5796 856 5851 Nempe
889 5792 1128 5843 Grcnoble.

2217 471 2329 543 ipsa
2351 474 2523 545 posui,
2546 477 2791 547 quoniam
2812 479 2951 549 apud
2970 494 3177 551 eorum,
3200 492 3389 539 contra
3409 497 3547 555 quos
3567 483 3793 556 agimus,

2217 563 2497 623 historicos
2525 567 2626 639 legi
2651 586 2664 623 :
2684 579 2743 625 ut
2763 572 3099 629 ostenderem
3118 574 3298 645 qualia
3318 575 3510 641 multa,
3532 577 3789 648 multique

2217 655 2445 726 illorum,
2474 660 2615 715 nulla
2640 660 2842 717 reddita
2866 663 3090 732 ratione,
3113 664 3167 719 in
3191 680 3413 722 suorum
3433 666 3785 723 litteratorum

2216 749 2412 819 scripta
2441 750 2629 807 litteris
2658 752 2895 818 credant,
2923 755 3013 825 qui
3038 756 3190 813 nobis
3216 757 3459 825 credere,
3490 759 3707 829 quando
3733 760 3783 815 id

2214 841 2356 910 quod
2390 857 2576 897 eorum
2612 844 2986 915 experientiam
3020 862 3345 919 sensumque
3379 851 3781 921 transgreditur,

2214 933 2629 1003 omnipotentem
2652 935 2819 992 Deum
2847 936 3068 993 dicimus
3089 954 3209 996 esse
3228 939 3515 1011 facturum,
3536 958 3636 997 nec
3665 944 3782 998 red-

2214 1023 2323 1079 dita
2358 1025 2563 1083 ratione
2597 1027 2896 1099 dignantur.
2941 1030 3073 1087 Nam
3111 1047 3232 1103 qua:
3268 1033 3462 1089 melior
3484 1040 3541 1090 et
3564 1036 3784 1091 validior

2213 1116 2349 1171 ratio
2377 1116 2443 1173 de
2475 1118 2635 1175 rebus
2663 1120 2853 1178 talibus
2876 1122 3144 1190 redditur,
3176 1140 3337 1195 quam
3376 1140 3497 1180 cum
3526 1127 3783 1197 Omnipo-

2213 1212 2334 1260 tens
2358 1220 2421 1260 ea
2450 1222 2604 1277 posse
2630 1210 2805 1266 facere
2839 1210 3164 1280 perhibetur,
3190 1221 3248 1268 et
3283 1212 3521 1270 facturus
3559 1215 3780 1281 dicitur,

2212 1310 2330 1365 quae
2352 1298 2734 1366 przenuntiasse
2757 1299 2829 1356 ibi
2854 1300 3061 1371 legitur,
3084 1302 3173 1357 ubi
3200 1303 3306 1359 alia
3335 1305 3500 1359 multa
3531 1321 3780 1375 pmnun-

2212 1387 2381 1455 tiavit,
2414 1404 2532 1460 quae
2569 1389 2762 1447 fecisse
2802 1394 3161 1448 monstratur?
3202 1394 3320 1465 Ipse
3363 1397 3558 1467 quippe
3604 1397 3777 1463 faciet,

2211 1480 2333 1550 quia
2358 1496 2415 1537 se
2443 1481 2702 1538 facturum
2732 1499 2851 1540 esse
2877 1486 3145 1556 praedixit,
3167 1502 3287 1558 quae
3314 1488 3659 1558 impossibilia
3692 1507 3779 1559 pu-

2211 1580 2417 1639 tantur,
2439 1574 2527 1643 qui
2556 1574 2797 1644 promisit
2823 1584 2876 1630 et
2903 1575 3026 1631 fecit
3052 1587 3108 1633 ut
3134 1578 3202 1633 ab
3227 1579 3512 1636 incredulis
3537 1581 3780 1651 gentibus

2211 1662 2537 1720 incredibilia
2557 1665 2916 1722 crederentur.

2209 1818 2434 1875 CAPUT
2472 1820 2606 1876 Vill.
2644 1851 2715 1862 —-
2753 1821 2879 1878 Non
2919 1839 3022 1879 esse
3062 1835 3239 1879 contra
3274 1836 3543 1892 naturam,
3587 1847 3705 1883 cum
3729 1832 3780 1885 in

2279 1912 2448 1980 aliqua
2470 1927 2525 1966 re
2542 1954 2556 1977 ,
2588 1913 2731 1983 cujus
2755 1922 2933 1967 natura
2961 1916 3205 1983 innotuit,
3249 1919 3443 1989 aliquid
3467 1921 3529 1974 ab
3558 1938 3617 1977 eo
3650 1924 3782 1991 quod

2281 2013 2386 2057 erat
2411 2013 2611 2072 notum,
2640 2005 2811 2076 incipit
2837 2022 2941 2061 esse
2969 2009 3235 2064 diversum.

2280 2158 2333 2212 1.
2373 2156 2430 2212 Si
2450 2164 2625 2213 autem
2652 2166 2931 2228 propterea
2956 2160 3320 2231 respondent,
3346 2177 3405 2219 se
3430 2177 3538 2219 non
3562 2164 3782 2221 credere

2210 2263 2326 2318 qua:
2344 2248 2411 2304 de
2434 2248 2679 2305 humanis
2701 2264 2911 2321 semper
2925 2250 3123 2306 arsuris
3143 2266 3245 2308 nec
3262 2268 3487 2324 unquam
3512 2256 3782 2312 maritmis

2208 2341 2519 2411 corporibus
2546 2341 2771 2396 dicimus
2790 2383 2806 2410 ,
2833 2341 2954 2412 quia
2982 2341 3336 2399 humanorum
3369 2359 3657 2416 corporum
3687 2363 3778 2401 na-

2208 2441 2381 2489 turam
2407 2433 2650 2489 novimus
2672 2433 2830 2505 longe
2865 2435 3019 2490 aliter
3044 2435 3375 2503 institutam;
3404 2440 3545 2493 unde
3568 2453 3673 2494 nec
3693 2440 3777 2494 illa

2208 2526 2344 2581 ratio
2368 2525 2492 2581 hinc
2530 2524 2679 2581 reddi
2714 2534 2921 2595 potest,
2952 2541 3071 2597 quae
3094 2526 3162 2583 de
3191 2527 3299 2582 illis
3326 2528 3531 2584 naturis
3558 2530 3776 2583 mirabi-

2208 2617 2343 2673 libus
2384 2617 2727 2685 reddebatur,
2775 2624 2836 2673 ut
2869 2617 2972 2674 dici
3011 2618 3213 2689 possit,
3255 2619 3348 2676 Vis
3383 2620 3487 2677 ista
3522 2622 3778 2677 naturalis

2208 2718 2320 2776 est,
2366 2711 2444 2765 rei
2470 2709 2627 2780 hujus
2668 2710 2768 2765 ista
2802 2720 2989 2765 natura
3026 2720 3136 2778 est;
3168 2713 3420 2783 quoniam
3446 2714 3652 2771 scimus
3679 2716 3777 2770 hn-

2208 2815 2378 2856 manae
2396 2801 2569 2857 carnis
2582 2802 2735 2856 istam
2756 2816 2859 2857 non
2877 2815 2995 2857 esse
3010 2810 3271 2857 naturam:
3285 2802 3545 2859 habemus
3564 2806 3778 2876 quidem

2206 2890 2349 2961 quod
2374 2892 2792 2961 respondeamus
2816 2890 2884 2948 de
2926 2892 3141 2949 Litteris
3187 2894 3387 2960 sacris,
3428 2895 3569 2951 hanc
3609 2898 3776 2967 ipsam

2206 2983 2410 3039 scilicet
2458 2982 2743 3038 humanam
2791 2997 3007 3039 carnem
3068 2984 3224 3040 aliter
3270 2985 3566 3042 institutam
3617 2987 3777 3044 fuisse

2205 3083 2331 3131 ante
2368 3085 2642 3145 peccatum
2665 3115 2681 3142 ,
2722 3074 2777 3130 id
2805 3084 2887 3131 est
2909 3116 2925 3144 ,
2971 3082 3029 3130 ut
3054 3083 3233 3146 posset
3272 3092 3545 3148 nunquam
3574 3080 3776 3148 perpeti

2205 3178 2453 3235 mortem;
2480 3168 2636 3223 aliter
2656 3175 2831 3223 autem
2851 3176 2968 3237 post
2988 3176 3287 3237 peccatum,
3316 3170 3489 3238 qualis
3511 3170 3565 3224 in
3585 3186 3775 3224 aerum-

2205 3275 2275 3315 na
2303 3260 2460 3329 hujus
2488 3258 2824 3316 mortalitatis
2842 3259 3089 3326 innotuit,
3123 3267 3182 3315 ut
3208 3269 3482 3330 perpetem
3510 3262 3671 3315 vitam
3701 3272 3774 3315 te-

2204 3367 2333 3408 nere
2361 3367 2467 3407 non
2490 3351 2678 3421 possit.
2705 3350 2795 3407 Sic
2820 3365 2948 3421 ergo
2973 3352 3130 3408 aliter
3155 3367 3315 3422 quam
3341 3352 3493 3407 nobis
3521 3364 3649 3407 nota
3674 3364 3772 3418 est,

2204 3443 2510 3498 instituetur
2535 3442 2590 3497 in
2609 3443 3000 3498 resurrectione
3018 3451 3369 3498 mortuorum.
3396 3443 3502 3499 Sed
3524 3446 3774 3515 quoniam

2203 3535 2320 3591 istis
2356 3550 2463 3591 non
2491 3534 2717 3591 credunt
2752 3534 2964 3600 litteris,
2992 3535 3081 3591 ubi
3104 3535 3296 3605 legitur
3332 3537 3501 3607 qualis
3539 3538 3593 3592 in
3624 3553 3775 3607 pars.

2202 3628 2321 3684 diso
2344 3627 2538 3683 vixerit
2574 3626 2771 3694 homo,
2798 3636 3157 3698 quantumque
3192 3627 3351 3683 fuerit
3386 3643 3416 3681 a
3454 3632 3773 3685 necessitate

2203 3722 2390 3777 mortis
2416 3721 2620 3778 alienus
2636 3763 2653 3788 ,
2676 3720 2866 3792 quibus
2894 3721 3074 3791 utique
3098 3721 3144 3776 si
3183 3720 3491 3789 crederent,
3518 3737 3629 3776 non
3655 3738 3771 3777 eum

2200 3814 2305 3869 illis
2334 3827 2489 3884 poena
2530 3813 2936 3880 damnatorum,
2976 3827 3096 3883 quae
3140 3811 3313 3867 futura
3339 3821 3454 3877 est,
3495 3815 3773 3883 operosius

2201 3920 2518 3976 ageremus;
2546 3904 2613 3960 de
2632 3904 2823 3960 litteris
2842 3918 3046 3967 eorum,
3070 3904 3159 3974 qui
3179 3903 3469 3959 doctissimi
3488 3905 3633 3975 apud
3657 3906 3771 3959 illos

2200 4000 2432 4067 fuerunt,
2460 3998 2661 4068 aliquid
2684 3995 3059 4068 proferendum
3079 4004 3182 4063 est,
3208 4011 3314 4067 quo
3337 4009 3593 4066 appareat
3617 4012 3772 4066 posse

2201 4090 2315 4145 fieri
2332 4131 2348 4157 ,
2382 4098 2439 4146 ut
2465 4089 2623 4144 aliter
2645 4103 2705 4144 se
2728 4088 2921 4144 habeat
2946 4102 3167 4158 quaeque
3194 4102 3280 4143 res
3299 4129 3315 4154 ,
3356 4103 3517 4158 quam
3538 4090 3688 4159 prius
3715 4092 3768 4144 in

2198 4183 2359 4238 rebus
2383 4183 2684 4237 innotuerat
2710 4196 2821 4236 sua:
2847 4179 3286 4235 determinatione
3310 4189 3534 4235 naturas.

2269 4273 2324 4327 2.
2365 4273 2463 4328 Est
2490 4273 2542 4327 in
2572 4272 2736 4327 Marci
2763 4271 3016 4325 Varronis
3038 4270 3188 4326 libris
3206 4310 3222 4335 ,
3248 4286 3476 4340 quorum
3491 4271 3765 4340 inscriptio

2199 4373 2306 4429 est,
2354 4364 2432 4418 De
2463 4372 2620 4433 gente
2647 4362 2825 4433 populi
2861 4359 3113 4425 Romani,
3139 4360 3280 4430 quod
3310 4360 3511 4415 eisdem
3552 4361 3763 4426 verbis,

2198 4455 2388 4525 quibus
2415 4454 2487 4509 ibi
2522 4454 2732 4523 legitur,
2761 4461 2817 4508 et
2839 4450 2927 4507 hic
2951 4465 3141 4521 ponam
3171 4468 3186 4505 :
3228 4468 3248 4503 ι
3282 4450 3340 4505 1η
3361 4450 3528 4515 casio,
3560 4451 3762 4520 inquit,

2198 4545 2437 4602 mirabile
2477 4544 2683 4600 exstitit
2723 4551 3025 4613 portentum
3060 4559 3074 4595 :
3122 4555 3243 4596 nam
3283 4541 3338 4596 in
3362 4541 3513 4595 stella
3542 4540 3766 4595 Veneris

2198 4637 2544 4703 nobilissima,
2566 4650 2724 4705 quam
2767 4634 2981 4689 Plautus
3024 4632 3435 4702 Vesperuginem
3485 4631 3763 4702 (Αωρίων.

2197 4739 2313 4784 actu
2361 4729 2428 4796 1,
2471 4743 2621 4783 scena
2674 4727 2741 4792 1,
2793 4741 2920 4779 vers.
2978 4723 3132 4794 119),
3185 4723 3445 4777 Homerus
3488 4722 3764 4791 Hesperon

2196 4821 2449 4893 appellat,
2478 4818 2883 4890 pulcherrimam
2908 4815 3091 4870 dicens
3136 4812 3341 4885 (Iliadis
3370 4828 3426 4879 x,
3456 4829 3585 4866 vers.
3617 4812 3763 4877 318),

2197 4916 2385 4971 Castor
2408 4912 2592 4969 scribit
2615 4920 2814 4965 tantum
2844 4916 3145 4978 portentum
3173 4906 3438 4961 exstitisse
3455 4944 3472 4969 ,
3509 4912 3567 4957 ut
3594 4914 3768 4957 mnta-

2196 5017 2279 5064 ret
2300 5008 2531 5063 colorem
2552 5046 2567 5071 ,
2612 5001 3023 5073 magnitudinem
3043 4999 3320 5070 ,figuram,
3347 5011 3558 5050 cursum
3587 5014 3601 5049 ;
3628 4994 3767 5065 quod

2197 5100 2392 5154 factum
2436 5097 2507 5151 ita
2547 5109 2719 5164 neque
2755 5100 2942 5157 antea,
2973 5104 3073 5144 nec
3098 5098 3279 5158 postea
3304 5088 3391 5141 sit.
3418 5084 3529 5140 Hoc
3568 5084 3766 5139 factum

2196 5190 2375 5260 Ogyge
2396 5189 2413 5219 ¹
2455 5200 2580 5255 rege
2622 5183 2868 5239 dicebant
2899 5179 3156 5235 Adrastus
3183 5176 3472 5248 Cyzicenus
3494 5178 3514 5206 ³
3543 5184 3601 5228 et
3636 5174 3767 5228 Dion

2197 5279 2534 5349 Neapolites,
2585 5271 2943 5329 mathematici
2994 5269 3197 5325 nobiles
3230 5286 3247 5318 ι
3284 5266 3378 5339 (a).
3466 5266 3581 5320 lloc
3626 5278 3766 5320 certe

2260 5460 2276 5489 ί
2312 5453 2914 5530 3155.,‘Ogyglo.
2941 5456 2993 5499 et
3012 5455 3107 5509 Er.,
3132 5444 3326 5513 Ogygio.
3351 5444 3469 5494 vide
3490 5456 3654 5505 supra,
3678 5442 3761 5491 lib.

2196 5522 2272 5576 18,
2295 5520 2470 5582 cap.,8,
2490 5517 2547 5582 ret
2563 5517 2629 5566 ibi
2650 5517 2887 5564 adnotata.

2259 5564 2621 5643 iia'pié’rigiliie
2645 5585 2770 5635 Mss,
2796 5583 3020 5623 Adrastos
3041 5579 3313 5634 cyzicenos,
3332 5567 3430 5625 vel,
3454 5564 3760 5626 cyzichmos.

2257 5668 2331 5731 (α)
2359 5663 2526 5731 Confer
2539 5674 2658 5731 Aqua;
2689 5659 2753 5708 de
2767 5658 2897 5731 ‘hoc
2915 5664 3138 5731 portento
3152 5716 3165 5731 Ι
3378 5726 3393 5731 Α
3414 5650 3764 5731 uenustissimus

2195 5712 2381 5785 maia;
2400 5712 2452 5775 in
2479 5712 2723 5775 Mérizoires
2740 5720 2805 5785 de
2827 5712 3111 5769 t‘Aéadémie
3133 5716 3215 5768 des
3240 5712 3608 5769 B'etlcs-Lettres,
3636 5716 3765 5758 temo

2199 5783 2402 5854 decurio,
2419 5803 2526 5852 pag.
2552 5783 2774 5836 557-576.
2801 5790 3030 5830 Lucusta.
