3996 6562
244 459 338 515 ⁸121

243 573 414 627 Varro
444 580 619 628 tantus
646 583 827 627 auctor
869 580 1168 643 portentum
1209 585 1311 625 non
1353 570 1678 641 appellaret,
1707 568 1810 624 nisi

240 678 361 717 esse
409 674 593 719 contra
637 674 875 718 naturam
916 664 1200 719 videretur.
1246 662 1432 718 Omnia
1461 661 1655 732 quippe
1683 676 1809 730 por-

241 765 383 809 tenta
406 765 587 811 contra
613 764 849 810 naturam
867 757 1233 810 dicimusesse:
1252 755 1344 810 sed
1374 770 1477 809 non
1506 763 1647 808 sunt.
1671 753 1809 820 Quo-

240 845 401 900 modo
430 856 509 900 est
535 847 677 901 enim
713 857 893 901 contra
925 856 1161 900 naturam
1194 886 1207 911 ,
1253 845 1390 915 quod
1418 846 1509 899 Dei
1540 845 1597 899 ﬁt
1621 845 1807 898 volun-

241 946 370 1000 tate,
401 952 520 992 cum
547 939 788 992 voluntas
809 938 939 992 tanti
965 938 1141 1007 utique
1161 937 1460 992 Conditoris
1484 936 1710 991 condita!
1732 935 1807 989 rei

239 1027 496 1097 cujusque
520 1036 705 1082 natura
733 1027 836 1082 sit?
864 1028 1167 1083 Portentum
1195 1043 1321 1098 ergo
1345 1028 1434 1094 ﬁt,
1475 1043 1580 1082 non
1624 1037 1808 1080 contra

240 1128 485 1175 naturam
507 1160 523 1188 ,
555 1120 648 1175 sed
677 1131 861 1174 contra
887 1136 1040 1190 quam
1071 1128 1151 1175 est
1175 1129 1298 1174 nota
1326 1128 1530 1175 natura.
1561 1119 1688 1186 Quis
1715 1133 1808 1171 au-

238 1220 346 1266 tem
371 1221 737 1282 portentorum
759 1222 1000 1267 numerat
1021 1213 1425 1278 multitudinem,
1449 1228 1566 1283 quae
1588 1213 1806 1265 historia

236 1304 474 1372 gentium
515 1305 849 1361 continetur?
887 1305 992 1360 Sed
1033 1321 1175 1360 nunc
1209 1307 1260 1360 in
1290 1306 1391 1361 hoc
1416 1321 1522 1360 uno
1563 1304 1803 1359 attenda-

237 1409 357 1450 mus
377 1436 392 1463 ,
424 1395 565 1466 quod
593 1396 658 1450 ad
689 1411 800 1451 rem
831 1396 896 1451 de
925 1411 1026 1466 qua
1067 1398 1269 1466 agimus
1296 1397 1540 1466 pertinet.
1573 1395 1707 1462 Quid
1736 1395 1803 1448 ita

237 1484 551 1554 dispositum
601 1494 681 1540 est
729 1486 796 1540 ab
845 1495 1056 1540 auctore
1099 1495 1298 1541 natura:
1345 1486 1466 1542 caeli
1513 1494 1566 1540 et
1613 1496 1801 1551 terrae,

238 1575 682 1644 quemadmodum
713 1591 899 1631 cursus
928 1576 1353 1632 ordinatissimus
1372 1575 1648 1630 siderum?
1678 1575 1804 1644 quid

239 1676 345 1720 tam
373 1666 500 1721 ratis
522 1667 722 1736 legibus
745 1667 966 1736 ﬁxisque
993 1667 1294 1720 ﬁrmatum?
1316 1667 1379 1720 Et
1399 1675 1571 1720 tamen
1595 1665 1804 1735 quando

238 1755 329 1811 ille
350 1756 535 1823 voluit,
559 1757 647 1826 qui
671 1771 879 1812 summo
904 1757 1038 1827 regit
1059 1757 1280 1827 imperio
1300 1771 1362 1810 ac
1383 1765 1639 1826 potestate
1663 1755 1803 1825 quod

237 1848 511 1916 condidit,
563 1849 713 1905 stella
781 1863 888 1918 prae
955 1848 1162 1904 caeteris
1225 1848 1584 1918 magnitudine
1647 1857 1804 1916 atque

240 1941 528 2010 splendore
543 1942 838 2007 notissima,
852 1941 1085 1997 colorem
1102 1942 1535 2012 magnitudinem,
1559 1941 1798 2011 ﬁguram,

237 2039 292 2086 et
319 2031 484 2101 (quod
510 2039 590 2086 est
615 2030 926 2100 mirabilius)
958 2032 1040 2086 sui
1066 2045 1251 2086 cursus
1270 2031 1507 2085 ordinem
1528 2031 1801 2102 legemque

237 2123 476 2179 mutavit.
509 2122 763 2177 Turbavit
805 2121 1040 2191 profecto
1070 2131 1225 2187 tunc,
1254 2123 1300 2177 si
1325 2122 1414 2176 ulli
1441 2123 1550 2190 jam
1594 2121 1802 2178 fuerunt

236 2229 465 2269 canones
485 2214 907 2283 astrologorum,
932 2228 1065 2283 quos
1090 2212 1232 2268 velut
1257 2213 1522 2267 inerrabili
1540 2213 1556 2244 ί
1587 2227 1803 2282 compu-

239 2305 436 2360 tatione
455 2304 520 2383 de
539 2305 819 2374 prmteritis
840 2318 901 2358 ac
921 2303 1110 2359 futuris
1134 2313 1397 2358 astrorum
1421 2303 1650 2358 motibus
1669 2319 1800 2358 con-

235 2398 459 2467 scriptos
507 2397 739 2461 habent,
783 2411 913 2466 quos
942 2411 1173 2452 canones
1213 2395 1482 2466 sequendo
1523 2397 1635 2450 ausi
1680 2406 1802 2451 sunt

235 2487 412 2542 dicere
442 2487 543 2542 hoc
571 2486 713 2556 quod
738 2485 805 2541 de
831 2487 1072 2542 Lucifero
1096 2487 1344 2556 contigit,
1373 2501 1470 2541 nec
1499 2496 1673 2551 antea,
1702 2501 1800 2543 nec

234 2588 415 2647 postea
436 2577 736 2647 contigisse.
757 2577 865 2632 Nos
887 2586 1062 2632 autem
1089 2579 1140 2632 in
1163 2578 1355 2633 divinis
1375 2578 1525 2633 libris
1552 2579 1796 2649 legimus,

234 2671 392 2723 etiam
441 2668 608 2722 solem
652 2669 822 2737 ipsum
862 2679 915 2723 et
956 2669 1196 2736 stetisse;
1228 2684 1348 2724 cum
1374 2669 1475 2725 hoc
1511 2686 1541 2724 a
1579 2671 1801 2727 Domino

233 2761 344 2813 Deo
367 2760 644 2829 petivisset
667 2759 748 2814 vir
773 2769 987 2816 sanctus
1008 2760 1160 2817 Jesus
1186 2761 1348 2827 Nave,
1377 2762 1546 2818 donec
1567 2774 1799 2834 emptum

233 2851 472 2919 przelium
500 2849 718 2905 victoria
752 2852 1060 2906 terminaret
1092 2851 1265 2922 (Iosue
1292 2870 1350 2920 ι,
1382 2855 1469 2924 l3)
1491 2873 1504 2921 ;
1529 2864 1581 2911 et
1606 2865 1801 2911 retror-

232 2955 350 2993 sum
394 2940 631 3004 redisse,
682 2949 740 2995 ut
786 2942 900 3012 regi
944 2943 1186 2998 Ezechiae
1231 2946 1532 3013 quindecim
1574 2948 1697 3002 anni
1734 2949 1800 3003 ad

232 3031 515 3085 vivendum
539 3033 732 3099 additi,
759 3032 862 3088 hoc
887 3035 1043 3089 etiam
1076 3035 1313 3107 prodigio
1341 3040 1676 3106 promissioni
1707 3040 1801 3095 Dei

230 3122 656 3191 signiﬁcarentur
693 3123 941 3194 adjuncto
986 3123 1148 3197 (Isai.
1190 3143 1419 3194 xxxvut,
1448 3128 1538 3200 8).
1566 3130 1669 3186 Sed
1701 3132 1800 3185 ista

231 3228 443 3283 quoque
483 3214 736 3269 miracula
755 3256 770 3280 ,
799 3230 917 3283 qua:
937 3217 1140 3271 meritis
1163 3227 1286 3272 sunt
1313 3234 1563 3274 concessa
1594 3231 1802 3276 sancto-

229 3317 351 3357 rum
375 3344 390 3369 ,
417 3303 628 3372 quando
667 3302 892 3358 credunt
918 3305 1004 3359 isti
1043 3305 1178 3360 facta
1197 3349 1211 3374 ,
1237 3307 1454 3379 magicis
1479 3309 1677 3366 artibus
1705 3311 1800 3365 tri-

228 3395 421 3449 buunt.
464 3393 614 3449 Unde
654 3394 785 3450 illud
829 3404 911 3451 est
951 3397 1090 3467 quod
1128 3399 1367 3470 superius
1393 3403 1800 3459 commemoravi

229 3487 431 3543 dixisse
457 3485 725 3555 Virgilium
743 3527 758 3551 ,

295 3601 476 3654 sistere
497 3611 669 3664 aquam
691 3599 866 3662 ﬂuviis,
890 3606 943 3664 et
961 3602 1341 3664 verteresidera
1362 3611 1512 3652 retro.

907 3661 1127 3723 (/Enet'd.
1155 3662 1235 3713 lib.
1260 3663 1307 3726 4,
1334 3677 1378 3714 v.
1403 3665 1510 3714 489.
1537 3666 1558 3726 )

232 3768 367 3825 Nam
393 3777 444 3824 et
463 3769 680 3823 ﬂuvium
705 3768 917 3824 stetisse
938 3769 1198 3838 superius,
1222 3769 1545 3840 inferiusque
1567 3769 1799 3837 ﬂuxisse,

234 3875 357 3915 cum
410 3859 635 3929 populus
687 3859 811 3926 Dei,
862 3858 1081 3914 ductore
1130 3873 1288 3929 supra
1337 3870 1631 3916 memorato
1678 3861 1805 3918 Jesu

234 3951 380 4006 Nave
400 3991 415 4018 ,
447 3949 586 4004 viam
614 3956 856 4019 carperet
880 3949 1057 4020 (Iosue
1079 3965 1149 4017 1v,
1181 3949 1296 4021 18),
1327 3957 1381 4005 et
1410 3950 1525 4005 Elia
1550 3951 1804 4021 propheta

235 4047 580 4107 transeunte,
627 4052 689 4093 ac
718 4047 901 4108 postea
947 4037 1208 4107 discipulo
1247 4039 1360 4108 ejus
1387 4038 1582 4094 Elisaeo
1610 4040 1664 4094 id
1688 4055 1806 4095 esse

235 4134 433 4188 factum
463 4131 515 4188 in
544 4132 708 4188 sacris
745 4131 959 4187 Litteris
982 4131 1204 4202 legimus
1231 4131 1327 4202 (1V
1354 4131 1481 4203 Reg.
1511 4149 1567 4199 ιι,
1597 4132 1649 4198 8,
1680 4132 1802 4205 14);

236 4234 291 4280 et
315 4232 458 4279 retro
480 4237 692 4278 versum
723 4223 886 4277 fuisse
912 4223 1200 4276 maximum
1222 4222 1368 4276 sidus
1394 4232 1646 4292 regnante
1672 4223 1806 4278 Eze-

237 4314 378 4379 chia,
403 4313 562 4368 modo
585 4312 1136 4367 commemoravimus.
1158 4311 1308 4379 Quod
1330 4327 1457 4367 vero
1476 4311 1542 4367 de
1562 4312 1808 4369 Lucifero

236 4406 408 4459 Varro
432 4403 677 4473 scripsit,
710 4418 815 4457 non
843 4413 924 4458 est
952 4402 1057 4458 illic
1085 4402 1281 4458 dictum
1308 4403 1464 4458 alicui
1491 4402 1691 4459 homini
1715 4419 1808 4475 pe-

236 4494 369 4550 tenti
407 4494 459 4548 id
485 4493 646 4548 fuisse
673 4507 1007 4548 concessum.

309 4586 362 4639 5.
403 4583 519 4638 Non
558 4599 685 4654 ergo
714 4584 782 4639 de
824 4584 1011 4638 notitia
1053 4594 1364 4640 naturarum
1401 4583 1677 4655 caliginem
1708 4584 1810 4640 sibi

235 4679 434 4734 faciant
463 4677 699 4731 inﬁdeles
718 4718 734 4744 ,
765 4677 918 4746 quasi
948 4692 1052 4731 non
1079 4678 1247 4746 possit
1275 4678 1329 4732 in
1371 4677 1547 4746 aliqua
1587 4693 1648 4732 re
1674 4677 1810 4733 divi-

237 4769 383 4824 nitus
420 4767 537 4822 ﬁeri
578 4766 750 4831 aliud,
776 4781 932 4836 quam
963 4768 1015 4820 in
1041 4767 1156 4835 ejus
1193 4775 1382 4821 natura
1405 4782 1501 4836 per
1526 4767 1811 4823 humanam

236 4874 392 4914 suam
437 4857 820 4926 experientiam
863 4865 1224 4926 cognoverunt
1266 4872 1281 4908 :
1323 4857 1565 4925 quamvis
1604 4867 1658 4912 et
1698 4858 1812 4927 ipsa

237 4966 359 5020 qua:
385 4951 438 5004 in
465 4965 644 5004 rerum
671 4957 857 5002 natura
884 4947 1128 5000 omnibus
1152 4956 1276 5001 nota
1311 4954 1473 5014 sunt,
1501 4961 1607 5000 non
1636 4947 1812 5004 minus

238 5044 375 5098 mira
404 5042 541 5107 sint;
572 5048 856 5109 essentque
894 5037 1153 5108 stupenda
1195 5037 1652 5093 considerantibus
1677 5052 1810 5093 cun-

238 5135 360 5200 ctis,
393 5134 438 5189 si
467 5133 702 5189 solerent
731 5132 973 5186 homines
1010 5129 1194 5185 mirari
1222 5130 1353 5184 mira
1380 5129 1482 5184 nisi
1515 5145 1654 5184 rara.
1683 5130 1812 5197 Quis

236 5229 384 5283 enim
408 5265 426 5293 ,
452 5224 692 5281 consulta
721 5224 926 5278 ratione
946 5263 961 5288 ,
991 5237 1098 5277 non
1128 5221 1302 5277 videat
1329 5222 1384 5276 in
1418 5221 1691 5276 hominum
1727 5223 1812 5277 in-

238 5315 558 5374 numerabili
587 5315 997 5381 numerositate,
1037 5323 1093 5370 et
1132 5321 1276 5367 tanta
1323 5321 1525 5368 natura:
1563 5314 1812 5368 similitu-

239 5410 401 5475 dine,
431 5406 584 5460 valde
611 5406 918 5461 mirabiliter
952 5405 1030 5461 sic
1068 5404 1266 5460 habere
1305 5406 1540 5476 singulos
1577 5405 1813 5476 singulas

240 5499 404 5554 facies
423 5538 438 5563 ,
469 5506 526 5551 ut
550 5495 649 5550 nisi
672 5495 808 5550 inter
847 5509 907 5550 se
947 5495 1146 5549 similes
1169 5504 1378 5559 essent,
1411 5511 1515 5549 non
1540 5495 1811 5550 discerne-

241 5600 393 5644 retur
420 5587 624 5660 species
645 5601 827 5642 eorum
848 5587 916 5641 ab
943 5586 1259 5641 animalibus
1282 5586 1522 5650 caeteris;
1549 5594 1604 5640 et
1631 5601 1814 5642 rursus

244 5680 345 5734 nisi
377 5680 513 5734 inter
539 5693 599 5734 se
639 5676 926 5732 dissimiles
967 5685 1177 5741 essent,
1239 5690 1346 5731 non
1387 5676 1814 5731 discernerentur

310 5840 327 5865 ι
362 5840 432 5905 ει,
461 5843 512 5886 et
534 5835 754 5905 plerique
771 5842 894 5899 3158.,
909 5831 1234 5891 inenarrabili.
1254 5840 1398 5888 Vetus
1415 5832 1540 5886 liber
1558 5831 1812 5886 C0rbeicn~

247 5898 314 5947 sis
338 5931 354 5960 ,
375 5897 650 5949 itinerabilt'.

1410 455 1612 511 LIBER
1651 453 2006 514 WGESIMUS
2044 459 2307 516 PRIMUS.

3372 476 3471 529 72?

1913 570 2102 642 singuli
2126 573 2191 628 ab
2217 572 2514 630 hominibus
2541 579 2783 633 exteris?
2808 580 2948 647 Quos
2975 596 3099 653 ergo
3123 586 3320 640 similes
3345 603 3472 644 con-

1912 659 2142 728 ﬁtemur,
2171 663 2382 718 eosdem
2407 665 2685 722 dissimiles
2715 669 3028 726 invenimus.
3051 673 3154 729 Sed
3180 677 3472 733 mirabilior

1913 759 1994 805 est
2035 753 2390 808 consideratio
2424 753 2894 828 dissimilitudinis;
2938 765 3183 832 quoniam
3221 767 3467 822 similitu-

1911 840 2086 896 dinem
2133 843 2325 914 justius
2365 845 2569 901 videtur
2611 864 2894 919 exposcere
2933 863 3118 909 natura
3154 859 3466 914 communis.

1911 933 1975 987 Et
2001 942 2173 989 tamen
2221 938 2468 1005 quoniam
2509 954 2627 1008 qua:
2661 950 2782 995 sunt
2823 958 2969 1009 rara,
2999 946 3111 1013 ipsa
3140 957 3262 1002 sunt
3299 951 3428 1003 mira
3451 991 3466 1018 ,

1910 1024 2073 1078 multo
2113 1028 2338 1096 amplius
2382 1028 2700 1084 admiramur
2741 1033 2946 1100 quando
2993 1035 3125 1091 duos
3152 1037 3223 1092 ita
3266 1039 3468 1094 similes

1907 1115 2234 1183 reperimus,
2279 1125 2337 1172 ut
2371 1119 2425 1172 in
2453 1119 2531 1174 eis
2573 1119 2934 1178 discernendis
2974 1133 3064 1180 aut
3105 1141 3336 1198 semper,
3377 1140 3469 1184 aut

1907 1202 2207 1274 frequenter
2234 1222 2490 1262 erremus.

1976 1298 2028 1351 4.
2069 1297 2169 1353 Sed
2199 1299 2340 1369 quod
2367 1299 2472 1354 dixi
2499 1302 2752 1372 scriptum
2776 1318 2804 1356 a
2833 1303 3100 1373 Varrone,
3135 1307 3259 1364 licet
3283 1324 3467 1365 eorum

1907 1387 1975 1440 sit
2004 1387 2284 1444 historicus
2316 1390 2562 1462 idemque
2588 1392 2922 1448 doctissimus
2942 1437 2958 1463 ,
2985 1396 3205 1454 fortasse
3233 1415 3357 1456 vere
3386 1400 3466 1454 fa-

1906 1485 2048 1531 ctum
2089 1493 2206 1533 esse
2254 1495 2358 1534 non
2407 1481 2659 1547 credunt;
2706 1493 2796 1537 aut
2836 1484 2956 1554 quia
2997 1501 3102 1540 non
3146 1487 3235 1542 diu
3276 1491 3469 1543 mansit

1905 1568 2024 1622 talis
2049 1570 2064 1599 ¹
2107 1570 2344 1639 ejusdem
2390 1573 2580 1628 sideris
2622 1588 2837 1640 cursus,
2886 1575 2978 1630 sed
3023 1575 3248 1632 reditum
3288 1579 3465 1634 est-ad

1905 1661 2140 1729 solitum,
2172 1663 2346 1717 minus
2373 1663 2474 1717 isto
2503 1675 2783 1720 moventur
2813 1668 3074 1737 exemplo.
3113 1669 3319 1725 Habent
3342 1687 3468 1741 ergo

1902 1749 2078 1817 aliud,
2109 1752 2250 1822 quod
2287 1753 2442 1808 etiam
2483 1771 2624 1810 nunc
2651 1758 2815 1826 possit
2841 1759 3080 1826 ostendi,
3122 1761 3302 1830 eisque
3343 1772 3468 1830 puto

1903 1840 2097 1896 debere
2135 1843 2414 1910 sufﬁcere,
2461 1861 2564 1915 quo
2589 1859 3020 1905 commoueantur
3041 1853 3082 1918 ’,
3111 1868 3231 1907 cum
3265 1855 3463 1924 aliquid

1903 1932 2226 1989 adverterint
2270 1937 2324 1990 in
2370 1938 2544 2008 aliqua
2589 1940 2917 1997 institutione
2961 1954 3196 2011 naturai,
3245 1962 3468 2016 eamque

1903 2028 2002 2082 sibi
2039 2030 2364 2084 notissimam
2402 2031 2652 2098 fecerint,
2698 2049 2802 2089 non
2841 2051 2899 2090 se
2952 2037 3073 2092 inde
3123 2040 3230 2093 Deo
3273 2040 3469 2095 debere

1904 2118 2280 2186 praescribere,
2319 2123 2469 2190 quasi
2515 2137 2632 2177 eam
2671 2139 2774 2178 non
2817 2127 2981 2195 possit
3011 2127 3064 2181 in
3105 2127 3258 2198 longe
3292 2130 3465 2195 aliud,

1902 2223 2058 2278 quam
2097 2211 2174 2264 eis
2220 2217 2426 2282 cognita
2461 2223 2567 2280 est,
2613 2225 2822 2272 vertere
2863 2225 3019 2287 atque
3049 2231 3271 2274 mutare.
3306 2221 3468 2276 Terra

1901 2298 2254 2356 Sodomorum
2282 2317 2385 2356 non
2416 2303 2513 2358 fuit
2539 2305 2719 2375 utique
2744 2315 2796 2360 ul
2825 2323 2963 2362 nunc
2990 2318 3071 2364 est
3097 2327 3108 2362 :
3142 2310 3230 2365 sed
3257 2311 3469 2380 jacebat

1902 2389 2061 2444 simili
2107 2392 2314 2448 caeteris
2357 2393 2525 2461 facie,
2577 2397 2868 2467 eademque
2908 2400 2990 2454 vel
3029 2401 3185 2454 etiam
3223 2403 3466 2456 uberiore

1901 2481 2222 2539 fecunditate
2267 2484 2537 2554 pollebat;
2581 2504 2705 2543 nam
2753 2490 2846 2545 Dei
2890 2491 3132 2560 paradiso
3175 2494 3227 2546 in
3274 2493 3468 2548 divinis

1899 2572 2126 2644 eloquiis
2160 2587 2461 2646 comparata
2501 2589 2582 2635 est
2623 2580 2772 2650 (Gen.
2800 2597 2925 2648 xm,
2962 2580 3072 2654 10).
3106 2583 3227 2639 Haec
3253 2595 3466 2653 postea-

1899 2681 2054 2735 quam
2079 2675 2217 2722 tacta
2241 2668 2306 2724 de
2331 2671 2466 2725 coelo
2493 2679 2595 2737 est,
2618 2673 2753 2727 sicut
2779 2674 2988 2728 illorum
3018 2690 3225 2744 quoque
3251 2685 3468 2732 attesta-

1900 2763 1987 2810 tur
2014 2757 2231 2812 historia
2253 2799 2267 2825 ,
2315 2770 2369 2814 et
2411 2776 2550 2816 nunc
2575 2761 2640 2816 ab
2669 2763 2746 2817 eis
2770 2764 2859 2833 qui
2897 2763 3115 2821 veniunt
3138 2764 3203 2819 ad
3235 2765 3348 2819 loca
3378 2766 3468 2819 illa

1900 2849 2243 2917 conspicitur,
2280 2850 2578 2921 prodigiosa
2612 2853 2825 2923 fuligine
2857 2853 3060 2909 horrori
3089 2865 3205 2922 est,
3235 2866 3287 2911 et
3315 2871 3468 2925 poma

1899 2939 2014 3008 ejus
2043 2942 2347 2997 interiorem
2385 2943 2617 2999 favillam
2645 2947 2885 3000 mendaci
2926 2947 3209 3017 superﬁcie
3245 2950 3469 3004 maturi-

1899 3032 2330 3089 tatisineludunt.
2361 3036 2496 3090 Ecce
2525 3051 2630 3091 non
2657 3047 2770 3091 erat
2799 3038 2915 3093 talis
2939 3079 2954 3104 ,
2982 3049 3034 3092 et
3061 3039 3179 3092 talis
3201 3049 3299 3094 est.
3331 3040 3470 3096 Ecce

1903 3135 1934 3174 a
1959 3119 2245 3178 Conditore
2273 3133 2579 3179 naturarum
2619 3135 2806 3180 natura
2834 3127 2949 3197 ejus
2985 3127 3036 3181 in
3065 3127 3200 3183 hanc
3239 3129 3469 3183 foedissi-

1902 3225 2042 3265 mam
2069 3212 2431 3269 diversitatem
2461 3215 2685 3271 mirabili
2730 3217 3021 3272 mutatione
3063 3232 3324 3272 conversa
3349 3227 3468 3272 est:

1902 3311 1955 3356 et
1980 3303 2119 3372 quod
2163 3316 2283 3374 post
2311 3315 2414 3360 tam
2447 3308 2659 3379 longum
2681 3309 2873 3364 accidit
2901 3318 3109 3379 tempus
3131 3351 3146 3377 ,
3179 3317 3285 3364 tam
3313 3310 3470 3379 longo

1901 3402 2141 3464 tempore
2166 3406 2493 3466 perseverat.

1975 3490 2026 3543 5.
2058 3489 2206 3544 Sicut
2231 3505 2357 3560 ergo
2378 3506 2482 3545 non
2511 3492 2605 3546 fuit
2630 3491 2957 3562 impossibile
2986 3491 3111 3557 Deo,
3136 3505 3265 3560 quas
3285 3490 3470 3552 voluit,

1903 3580 2211 3645 instituere;
2259 3582 2337 3636 sic
2381 3583 2429 3636 ei
2455 3598 2560 3638 non
2609 3593 2691 3638 est
2729 3583 3092 3654 impossibile,
3138 3582 3192 3636 in
3224 3579 3473 3651 quidquid

1904 3671 2148 3735 voluerit,
2177 3685 2311 3740 quas
2331 3671 2576 3737 instituit,
2602 3682 2811 3728 mutare
2830 3682 3062 3729 naturas.
3091 3672 3242 3728 Unde
3263 3673 3474 3726 illorum

1902 3775 2112 3832 quoque
2137 3761 2511 3817 miraculorum
2554 3764 2836 3817 multitudo
2865 3763 3128 3824 silvescit,
3170 3777 3289 3831 quae
3321 3777 3477 3816 mon-

1905 3863 2042 3919 stra,
2077 3861 2303 3920 ostenta,
2331 3862 2605 3922 portenta,
2652 3854 2885 3924 prodigia
2918 3860 3320 3921 nuneupantur:
3360 3867 3478 3920 quae

1905 3943 2142 4000 recolere
2170 3951 2223 3998 et
2249 3958 2668 3999 commemorare
2697 3945 2742 3997 si
2772 3944 2951 4010 velim,
2985 3942 3140 4011 hujus
3162 3941 3338 4012 operis
3359 3941 3477 4010 quis

1907 4038 2007 4092 erit
2026 4037 2180 4091 linis?
2202 4037 2434 4092 Monstra
2463 4052 2591 4092 sane
2607 4038 2746 4092 dicta
2763 4037 3042 4108 perhibent
3062 4051 3091 4089 a
3111 4035 3475 4097 monstrando,

1907 4128 2049 4199 quod
2077 4129 2270 4198 aliquid
2305 4128 2650 4198 signiﬁcando
2678 4129 3073 4191 demonstrent;
3104 4137 3157 4182 et
3178 4135 3383 4181 ostenta
3409 4125 3476 4178 ab

1907 4221 2272 4286 ostendendo;
2305 4231 2355 4276 et
2385 4231 2626 4290 portenta
2655 4237 2685 4275 a
2715 4220 3098 4291 portendendo,
3129 4219 3180 4273 id
3210 4228 3311 4283 est,
3342 4233 3478 4286 ιιι-δεμ

1909 4312 2274 4378 ostendendo;
2304 4321 2358 4367 et
2383 4311 2620 4382 prodigia
2641 4352 2655 4377 ,
2684 4312 2825 4382 quod
2853 4326 3011 4380 porro
3035 4309 3250 4376 dicant,
3283 4309 3333 4362 id
3361 4317 3442 4362 est
3463 4349 3478 4371 ,

1908 4400 2082 4458 futura
2126 4403 2432 4472 praedicant.
2474 4402 2580 4459 Sed
2625 4403 2852 4458 viderint
2892 4416 3077 4457 eorum
3117 4401 3479 4470 conjectores,

1910 4493 2178 4563 quomodo
2214 4508 2281 4549 ex
2326 4494 2404 4548 eis
2433 4493 2546 4549 sive
2573 4492 2859 4559 fallantur,
2901 4493 3015 4546 sive
3055 4491 3302 4546 instinctu
3329 4489 3484 4558 spiri-

1911 4591 2058 4638 tuum
2078 4624 2094 4651 ,
2138 4583 2329 4653 quibus
2357 4599 2481 4638 cura
2509 4592 2591 4638 est
2616 4584 2707 4638 tali
2735 4596 2891 4652 poma
2930 4581 3118 4650 dignos
3146 4581 3350 4635 animos
3380 4580 3480 4633 ho-

1911 4676 2113 4727 minum
2144 4673 2315 4726 noxias
2362 4672 2682 4727 curiositatis
2730 4672 2929 4725 retibus
2970 4670 3277 4739 implicare,
3321 4669 3481 4724 etiam

1911 4779 2036 4819 vera
2065 4763 2372 4833 praedicant,
2401 4764 2514 4819 sive
2540 4764 2704 4818 multa
2733 4762 2957 4818 dicendo
2985 4761 3268 4832 aliquando
3297 4761 3353 4815 in
3381 4761 3481 4813 ali-

1913 4856 2040 4927 quid
2058 4855 2295 4911 veritatis
2335 4857 2625 4909 incurrant.
2657 4853 2819 4910 Nobis
2847 4863 3022 4909 tamen
3057 4854 3158 4909 ista
3195 4867 3311 4922 qua:
3339 4852 3484 4906 velut

1914 4956 2099 5003 contra
2125 4957 2364 5002 naturam
2396 4947 2559 5012 ﬁunt,
2589 4955 2644 5002 et
2669 4955 2854 5002 contra
2878 4955 3125 5002 naturam
3154 4945 3267 5001 ﬁeri
3294 4945 3485 4998 dicun-

1914 5048 2001 5093 tur
2043 5038 2170 5110 (quo
2206 5054 2356 5098 more
2395 5040 2670 5094 hominum
2713 5039 2922 5094 locutus
2945 5048 3026 5094 est
3072 5046 3125 5094 et
3162 5035 3484 5106 Apostolus,

1915 5130 2139 5186 dicendo
2160 5172 2175 5198 ,
2205 5142 2387 5186 contra
2428 5140 2671 5186 naturam
2712 5132 2768 5185 in
2793 5131 2908 5186 olea
2949 5130 3166 5185 insitum
3194 5129 3484 5183 oleastrum

1914 5218 2111 5274 factum
2153 5235 2272 5277 esse
2310 5220 2620 5292 participem
2650 5220 2986 5291 pinguedinis
3024 5220 3156 5274 oleae
3187 5216 3363 5290 [Ιίοιη.
3392 5232 3444 5269 x1
3467 5257 3482 5280 ,

1914 5309 2006 5378 1⁸7,
2035 5312 2189 5386 24]),
2234 5321 2288 5369 et
2329 5322 2567 5368 monstra
2595 5354 2610 5378 ,
2651 5321 2855 5367 ostenta
2880 5353 2895 5379 ,
2937 5318 3180 5381 portenta
3200 5350 3213 5373 ,
3246 5306 3487 5377 prodigia

1914 5413 2305 5474 nuncupantur,
2335 5402 2436 5457 hoc
2463 5410 2761 5456 monstrare
2789 5400 3011 5466 debent,
3043 5399 3143 5453 hoc
3173 5396 3488 5460 ostendere,

1914 5500 2000 5554 vel
2028 5494 2414 5568 prazostendere
2434 5535 2449 5561 ,
2478 5494 2581 5548 hoc
2609 5493 2924 5563 praedicere,
2972 5490 3110 5560 quod
3139 5489 3375 5544 facturus
3417 5487 3486 5540 sit

1916 5591 2092 5656 Deus,
2135 5603 2252 5658 qua:
2276 5586 2344 5642 de
2370 5585 2683 5655 corporibus
2721 5583 2996 5638 hominum
3023 5597 3081 5637 se
3116 5578 3491 5651 praenuntiavit

1980 5816 1995 5843 τ
2037 5809 2170 5858 vind.
2198 5816 2294 5855 Am.
2320 5812 2374 5853 Er
2400 5813 2450 5854 et
2471 5811 2599 5863 Mss,
2624 5802 2761 5855 alius.

1982 5877 2000 5906 ³
2023 5870 2105 5923 Sic
2251 5868 2365 5920 editi
2389 5874 2570 5928 autem,
2592 5870 2980 5916 ιοηιι-ηοιιειαιιτιιτ.
