3996 6536
572 394 677 449 733

570 522 691 565 esse
735 508 1020 572 facturum,
1068 509 1210 563 nulla
1261 509 1577 580 impediente
1602 513 1941 580 difﬁcultate,
1991 516 2133 571 nulla

571 601 951 668 praescribente
980 601 1096 671 lege
1125 612 1344 657 naturm.
1384 603 1659 670 Quomodo
1680 617 1853 662 autem
1882 625 2132 679 praenun-

570 689 798 753 tiaverit,
825 691 955 745 satis
976 691 1028 744 in
1052 691 1186 745 libro
1202 693 1472 761 superiore
1492 694 1735 752 docuisse
1756 714 1839 753 me
1861 700 2129 767 existimo,

569 779 903 850 decerpendo
926 782 995 837 de
1032 784 1316 853 Scripturis
1344 788 1540 842 sanctis
1583 797 1637 843 et
1678 792 1828 846 novis
1857 802 1909 846 et
1934 795 2133 848 veteri-

570 868 687 933 bus,
715 886 822 925 non
850 872 1061 941 quidem
1084 875 1258 930 omnia
1288 876 1353 930 ad
1394 877 1493 932 hoc
1517 880 1830 949 pertinentia
1851 925 1865 946 ,
1893 883 1987 938 sed
2012 899 2131 954 quae

567 961 810 1018 sufﬁcere
835 962 957 1020 huic
982 967 1127 1035 operi
1146 967 1397 1036 judicavi.

567 1068 791 1127 CAPUT
827 1073 920 1128 IX.
957 1104 1032 1117 —
1069 1074 1147 1130 De
1186 1078 1441 1148 gehenna,
1487 1090 1534 1134 et
1570 1091 1864 1138 internarum
1894 1086 2131 1155 qualitate

1217 1186 1495 1239 poenarum.

634 1274 687 1329 1.
727 1274 877 1345 Quod
906 1277 1066 1349 igitur
1088 1279 1155 1336 de
1188 1286 1511 1353 sempiterno
1550 1289 1809 1358 supplicio
1850 1291 2126 1349 damnato-

560 1379 676 1417 rum
695 1381 792 1436 per
814 1382 964 1423 suum
980 1372 1286 1440 prophetam
1307 1374 1448 1430 Deus
1465 1375 1597 1431 dixit
1626 1378 1737 1447 fiet,
1764 1383 1980 1438 omnino
2000 1382 2125 1439 ﬁet:

572 1454 768 1512 Vermis
791 1476 959 1515 eorum
986 1480 1085 1517 non
1114 1468 1367 1535 morietur,
1396 1478 1444 1521 et
1469 1470 1599 1541 ignis
1625 1488 1795 1526 eorum
1820 1491 1918 1529 non
1935 1480 2127 1531 exstin-

559 1559 736 1616 guetur
747 1549 896 1622 (Isai.
928 1569 995 1608 ιχ
1005 1571 1073 1619 vt,
1094 1556 1206 1627 24).
1237 1558 1315 1613 Ad
1332 1559 1431 1615 hoc
1445 1563 1584 1616 enim
1601 1564 1963 1623 vehementius
1981 1584 2131 1624 eom-

558 1641 937 1713 mendandum,
961 1648 1119 1703 etiam
1143 1651 1393 1707 Dominus
1410 1653 1582 1722 Jesus,
1607 1674 1725 1713 cum
1749 1662 1984 1717 membra
2007 1680 2124 1733 quas

558 1730 827 1789 hominem
868 1739 1224 1795 scandalizant
1264 1758 1360 1813 pro
1388 1744 1472 1800 his
1505 1749 1804 1805 hominibus
1839 1754 1855 1785 ι
1885 1730 2121 1822 poneret,

555 1834 690 1889 quos
714 1832 772 1878 ut
794 1841 885 1879 sua
907 1830 1142 1885 membra
1167 1832 1351 1888 dextra
1378 1835 1493 1907 quis
1513 1837 1706 1909 diligit,
1738 1857 1905 1913 eaque
1931 1849 2118 1916 praaci-

556 1923 708 1981 peret
731 1922 991 1988 amputari
1016 1940 1028 1975 :
1049 1920 1245 1977 Bonum
1260 1936 1352 1993 est,
1373 1928 1559 1999 inquit,
1584 1932 1671 1985 tibi
1690 1933 1899 1988 debilem
1918 1938 2124 1993 introire

552 2006 607 2058 in
633 2008 803 2075 vitam,
830 2028 979 2082 quam
1007 2015 1133 2069 duas
1162 2034 1342 2073 manus
1369 2020 1626 2077 habentem
1647 2024 1719 2078 ire
1742 2027 1792 2079 in
1820 2028 2118 2098 gehennam,

554 2097 607 2150 in
630 2098 794 2169 ignem
822 2104 1304 2177 inexstinguibilem,
1338 2111 1423 2165 ubi
1446 2116 1624 2168 vermis
1644 2133 1814 2170 eorum
1839 2136 1940 2174 non
1964 2123 2120 2176 mori-

552 2197 651 2255 tur,
675 2200 721 2244 et
744 2191 875 2264 ignis
894 2212 1065 2251 eorum
1091 2216 1190 2253 non
1208 2203 1563 2274 exstinguitur.
1589 2207 1840 2264 Similiter
1859 2210 1925 2267 de
1946 2213 2079 2283 pede
2104 2232 2116 2269 :

548 2276 746 2336 Bonum
771 2294 844 2340 est
869 2287 976 2353 tibi,
1006 2288 1193 2361 inquit,
1224 2294 1463 2350 claudum
1490 2301 1698 2355 introire
1718 2302 1767 2355 in
1793 2276 2119 2360 vitaniazter-

550 2388 667 2425 nam
691 2415 705 2438 ,
743 2392 891 2445 quam
932 2380 1060 2434 duos
1102 2385 1253 2452 pedes
1292 2386 1551 2443 habentem
1588 2393 1719 2446 mitti
1753 2394 1805 2447 in
1842 2396 2121 2466 gehennam

552 2462 682 2532 ignis
708 2466 1143 2540 inexstinguibilis,
1176 2477 1264 2529 ubi
1280 2472 1463 2533 vermis’
1486 2498 1655 2536 eorum
1683 2502 1783 2540 non
1813 2490 2041 2558 moritur,
2073 2501 2120 2545 et

549 2556 681 2624 ignis
704 2574 806 2613 non
828 2564 1176 2636 exstinguitur.
1208 2567 1322 2623 Non
1350 2570 1503 2627 aliter
1529 2574 1603 2629 ait
1625 2584 1678 2630 et
1700 2587 1767 2631 de
1787 2580 1944 2635 oculo
1969 2600 1981 2635 :
2010 2556 2117 2637 Bo-

548 2662 669 2700 num
697 2659 770 2703 est
797 2652 886 2707 tibi
908 2654 1099 2709 luscum
1129 2658 1335 2715 introire
1353 2664 1405 2717 in
1434 2681 1643 2735 regnum
1670 2666 1785 2733 Dei,
1812 2687 1963 2739 quant
1988 2674 2116 2728 duos

545 2740 719 2795 oculos
762 2744 1022 2801 habentem
1066 2752 1193 2805 mitti
1233 2754 1285 2807 in
1317 2756 1595 2827 gehennam
1630 2761 1760 2831 ignis
1780 2803 1794 2825 ,
1828 2762 1913 2818 ubi
1940 2768 2118 2821 vermis

543 2845 716 2884 eorum
740 2849 838 2888 non
861 2838 1091 2907 moritur,
1112 2853 1157 2894 et
1184 2845 1315 2914 ignis
1338 2863 1439 2901 non
1468 2851 1801 2922 exstinguitur
1826 2854 2017 2926 (Marc.
2039 2874 2113 2925 ιιι,

542 2919 760 2994 42-47).
788 2924 906 2982 Non
936 2945 1055 2985 eum
1087 2934 1108 2964 ²
1135 2934 1300 3005 piguit
1336 2954 1440 2994 uno
1470 2941 1586 2996 loco
1626 2919 1812 3001 eadem
1834 2919 2003 3005 verba
2036 2919 2115 3006 ter

542 3011 720 3070 dicere
748 3033 762 3069 :
790 3035 945 3089 quem
975 3039 1079 3079 non
1099 3036 1292 3084 terreat
1313 3032 1407 3086 ista
1427 3036 1688 3103 repetitio,
1714 3049 1767 3094 et
1788 3040 1925 3098 illius
1947 3060 2117 3114 paenae

544 3107 886 3165 comminatio
914 3121 1018 3167 tam
1048 3117 1333 3176 vehemens
1361 3139 1455 3179 ore
1480 3126 1658 3183 divino
1681 3130 1704 3183 ἲ

613 3193 668 3247 2.
700 3196 991 3271 Utrumque
1029 3218 1203 3264 autem
1242 3211 1451 3281 horum,
1490 3216 1664 3287 ignem
1712 3221 1912 3277 scilicet
1956 3232 2116 3291 atque

542 3298 797 3353 vermem,
825 3293 914 3360 qui
933 3295 1116 3351 volunt
1134 3299 1200 3353 ad
1226 3302 1387 3355 animi
1410 3320 1616 3374 poenas,
1648 3324 1751 3363 non
1779 3314 1843 3365 ad
1873 3317 2115 3383 corporis

541 3375 810 3479 pertinere
838 3424 851 3448 ,
882 3381 1066 3441 dicunt
1107 3389 1264 3447 etiam
1294 3393 1371 3450 uri
1401 3394 1584 3456 dolore
1610 3400 1771 3457 animi
1802 3416 1923 3461 sero
1956 3375 2114 3479 atque

540 3466 862 3529 infructuose
888 3480 1192 3545 paenitentis
1220 3500 1313 3541 eos
1338 3490 1424 3558 qui
1451 3491 1647 3549 fuerint
1674 3511 1701 3549 a
1724 3513 1889 3567 regno
1911 3500 2001 3556 Dei
2023 3466 2111 3557 sc-

540 3562 710 3627 parati
743 3582 757 3617 :
789 3574 841 3622 et
866 3567 986 3625 ideo
1011 3572 1187 3644 ignem
1219 3594 1313 3649 pro
1341 3580 1443 3637 isto
1471 3584 1655 3643 dolore
1682 3600 1869 3647 urente
1899 3609 2004 3649 non
2031 3596 2111 3649 in-

542 3666 777 3756 congrue
810 3662 934 3729 poni
975 3668 1211 3735 potuisse
1238 3676 1586 3743 contendunt,
1637 3681 1777 3737 unde
1805 3683 1933 3739 illud
1962 3690 2112 3756 Apo-

536 3744 658 3801 stoli
672 3758 771 3816 est,
781 3750 905 3818 Quis
915 3759 1357 3833 scandalizatur,et
1369 3784 1458 3837 ego
1473 3786 1570 3823 non
1583 3744 2113 3850 uror'(llCor.x1,2l9)?

537 3837 799 3934 Eumdem
825 3846 901 3915 (a)
928 3849 1086 3905 etiam
1103 3868 1337 3910 vermem
1356 3867 1541 3927 putant
1556 3837 1953 3934 intelligendum
1969 3837 2111 3925 ἐμὲ.

538 3926 669 3983 Nam
696 3934 948 4005 scriptum
972 3950 1073 4005 est,
1098 3926 1365 4014 inquiunt,
1381 3947 1527 4003 Sicut
1546 3952 1679 4007 tinea
1703 3926 2042 4012 vestimentum
2064 3970 2110 4014 et

534 4023 715 4077 vermis
735 4026 946 4097 lignum,
978 4032 1052 4086 sic
1075 4051 1256 4089 maeror
1284 4041 1539 4093 excruciat
1566 4059 1654 4096 cor
1671 4045 1766 4099 viri
1783 4046 1961 4116 (Prov.
1983 4066 2107 4117 xxv,

535 4111 649 4183 ‘20).
677 4116 779 4184 Qui
799 4136 925 4176 vero
954 4138 1136 4192 pmnas
1165 4138 1220 4183 et
1245 4132 1406 4185 animi
1433 4143 1486 4189 et
1514 4140 1753 4206 corporis
1778 4140 1831 4194 in
1862 4140 1953 4196 illo
1977 4158 2106 4212 sup-

537 4204 696 4270 plicio
721 4207 924 4267 futuras
943 4230 1062 4270 esse
1088 4234 1191 4272 non
1218 4221 1477 4290 dubitant,
1500 4228 1621 4296 igne
1648 4232 1726 4284 uri
1754 4247 1965 4303 corpus,
1994 4236 2102 4288 ani‘

538 4308 685 4348 mum
722 4307 898 4355 autem
924 4305 1038 4358 rodi
1066 4310 1457 4373 quodammodo
1482 4332 1663 4374 verme
1692 4326 1937 4379 moeroris
1963 4326 2109 4380 aftir-

542 4396 710 4441 mant.
736 4389 886 4458 Quod
913 4397 1011 4450 etsi
1047 4400 1353 4458 credibilius
1382 4406 1611 4475 dicitur;
1644 4415 1762 4481 quia
1794 4417 1976 4486 utique
2018 4420 2112 4474 ab-

540 4478 758 4535 surdum
779 4494 881 4549 est,
910 4486 981 4541 ibi
1007 4488 1243 4547 dolorem
1268 4503 1360 4548 aut
1384 4478 1758 4569 corporis,aut
1778 4478 1937 4560 animi
1961 4508 2113 4565 defu-

538 4575 712 4625 turum
747 4590 763 4626 :
804 4590 905 4645 ego
938 4586 1113 4639 tamen
1148 4580 1357 4640 facilius
1394 4597 1475 4641 est
1496 4589 1516 4619 ³
1542 4600 1602 4644 ιιι
1628 4592 1693 4645 ad
1718 4608 1909 4663 corpus
1937 4597 2108 4656 dicam

537 4670 821 4735 utrumque
846 4672 1112 4737 pertinere
1134 4715 1149 4741 ,
1180 4691 1338 4745 quam
1369 4689 1646 4749 neutrum;
1670 4694 1723 4739 et
1751 4686 1871 4744 ideo
1896 4692 2109 4748 tacitum

539 4750 595 4846 in
622 4753 724 4810 illis
750 4757 941 4814 divina:
966 4762 1255 4833 Scriptum
1291 4770 1466 4826 verbis
1492 4775 1653 4828 animi
1680 4776 1940 4843 dolorem,
1971 4798 2107 4851 quo-

533 4836 675 4890 niam
693 4854 1025 4913 consequens
1047 4864 1166 4904 esse
1187 4851 1511 4923 intelligitur,
1530 4860 1735 4913 etiamsi
1754 4877 1858 4916 non
1882 4836 2106 4933 dicatur,

534 4936 595 4980 ut
614 4944 841 5002 corpore
865 4936 943 4991 sic
961 4938 1172 4996 dolente
1199 4944 1408 5000 animus
1432 4963 1642 5019 quoque
1661 4953 1828 5006 sterili
1850 4958 2113 5023 paeniten-

534 5019 606 5072 tia
624 5025 905 5081 crucietur.
924 5028 1138 5099 Legitur
1153 5035 1346 5105 quippe
1370 5038 1494 5092 etin
1515 5019 2106 5116 veteribus’Scripturis,

551 5109 782 5168 Vindicta
804 5120 991 5187 carnis,
1020 5123 1181 5192 impii,
1210 5127 1342 5195 ignis
1369 5138 1415 5182 et
1439 5132 1618 5185 vermis
1644 5132 1827 5203 (Eccli.
1863 5109 1957 5204 vri,
1993 5109 2106 5210 l9);

538 5202 717 5259 Potuit
747 5207 958 5265 brevius
996 5212 1099 5269 dici
1119 5256 1134 5279 ,
1164 5216 1406 5274 Vindicta
1429 5221 1595 5292 impii.
1626 5202 1735 5278 Cur
1762 5242 1887 5296 ergo
1912 5202 2109 5285 dictum

540 5306 641 5362 est,
673 5302 840 5355 carnis
868 5302 1041 5374 impii,
1068 5307 1170 5361 nisi
1200 5310 1321 5378 quia
1351 5321 1653 5383 utrumque,
1686 5316 1735 5369 id
1757 5329 1856 5380 est,
1888 5328 1944 5374 et
1973 5320 2110 5390 ignis

545 5394 600 5437 ct
622 5391 838 5454 vermis,
867 5407 1022 5459 pmna
1053 5397 1157 5450 erit
1181 5401 1399 5455 carnis?
1421 5404 1528 5459 Αιιῑ
1551 5405 1596 5458 si
1620 5406 1905 5462 vindictam
1931 5411 2109 5465 carnis

544 5486 819 5545 propterea
844 5482 1023 5539 dicere
1052 5486 1235 5556 voluit,
1268 5492 1390 5560 quia
1418 5493 1519 5548 hoc
1541 5494 1594 5548 in
1619 5495 1833 5553 homine
1861 5498 2105 5556 vindica-

604 5652 627 5743 ;
1035 5669 1087 5713 et
1124 5672 1228 5716 mss.
1256 5674 1310 5717 At
1331 5673 1403 5717 Er.
1433 5677 1484 5720 et
1506 5676 1637 5731 Lov.,
1662 5686 1748 5735 pra
1781 5673 1853 5726 his
1875 5676 2105 5729 omnibus.

880 5781 994 5855 mliti
1017 5797 1155 5847 vero,
1178 5787 1367 5850 facilius
1389 5794 1568 5845 testium
1584 5801 1649 5855 ut,
1674 5804 1765 5849 etc.

602 5834 677 5900 (a)
692 5836 883 5903 Supple,
907 5842 1133 5897 dolorem.

1622 397 1709 452 DE
1749 398 2065 455 CIVITATE
2105 400 2235 466 DEI,
2276 402 2332 457 S.
2373 404 2738 463 AUGUSTINI
3722 421 3812 477 7N

2243 517 2399 584 bitur,
2426 526 2565 589 quod
2599 523 2887 578 secundum
2918 540 3133 583 carnem
3175 529 3372 585 vixerit
3415 532 3667 603 (propter
3716 536 3809 593 hoc

2239 610 2379 664 enim
2410 613 2586 669 veniet
2615 615 2666 669 in
2692 624 2916 672 mortem
2943 620 2960 650 ί
2978 620 3288 686 secundam,
3318 638 3477 693 quam
3503 626 3809 696 signiﬁcavit

2237 702 2521 770 Apostolus
2545 705 2727 761 dicens
2752 748 2769 773 ,
2800 708 2863 761 Si
2900 710 3030 763 enim
3054 712 3335 767 secundum
3359 731 3567 770 carnem
3594 718 3805 773 vixerim

2240 795 2522 849 moriemini
2546 794 2720 867 [Rom.
2742 814 2853 866 vm,
2883 799 3015 873 13]);
3034 802 3198 872 eligat
3219 804 3443 874 quisque
3458 808 3599 875 quod
3617 809 3803 877 placet,

2236 892 2327 937 aut
2351 885 2521 954 ignem
2550 887 2778 943 tribuere
2805 892 3038 959 corpori,
3071 893 3253 947 animo
3273 910 3541 951 vermem:
3568 897 3671 952 hoc
3690 916 3803 967 pro-

2236 976 2371 1043 prie,
2410 978 2537 1032 illud
2579 981 2814 1051 tropice;
2853 990 2944 1036 aut
2982 993 3265 1055 utrumque
3311 989 3527 1057 proprie
3569 994 3797 1059 corpori.

2234 1066 2350 1121 Jam
2393 1070 2533 1124 enim
2583 1074 2712 1127 satis
2747 1075 2985 1143 superius
3014 1076 3313 1145 disputavi,
3350 1093 3503 1146 posse
3554 1082 3795 1134 animalia

2235 1158 2391 1212 etiam
2411 1160 2462 1213 in
2486 1161 2690 1230 ignibus
2706 1163 2905 1233 vivere,
2933 1165 2987 1219 in
3008 1168 3215 1222 ustione
3229 1168 3347 1224 sine
3372 1173 3797 1241 consumptione,

2234 1248 2286 1301 in
2324 1249 2507 1305 dolore
2548 1253 2662 1307 sine
2693 1264 2884 1321 morte,
2915 1270 3011 1325 per
3037 1258 3347 1312 miraculum
3389 1261 3797 1330 omnipotentis-

2234 1338 2352 1393 simi
2378 1340 2646 1398 Creatoris
2687 1361 2701 1397 :
2741 1344 2827 1399 cui
2851 1344 2950 1399 hoc
2979 1347 3231 1414 possibile
3272 1364 3389 1404 esse
3427 1350 3517 1420 qui
3561 1361 3791 1420 negans

2231 1445 2336 1499 quo
2360 1432 2429 1485 sit
2452 1433 2702 1504 quidquid
2738 1435 2792 1490 in
2819 1437 3018 1492 naturis
3044 1439 3291 1495 omnibus
3316 1441 3544 1495 minatur
3569 1442 3793 1511 ignorat.

2233 1520 2349 1588 Ipse
2395 1524 2536 1577 enim
2573 1534 2654 1580 est
2686 1525 2844 1591 Deus,
2888 1528 2976 1596 qui
2999 1530 3180 1583 omnia
3211 1532 3263 1583 in
3297 1530 3397 1587 hoc
3436 1532 3637 1587 mundo
3674 1550 3787 1588 ms-

2230 1625 2329 1680 gna
2354 1624 2407 1668 et
2434 1628 2589 1683 parva
2618 1617 2867 1672 miracula
2896 1634 3011 1687 quae
3038 1623 3591 1689 commemoravimus,
3622 1634 3679 1680 et
3709 1628 3789 1679 in-

2232 1704 2655 1772 comparabiliter
2684 1706 2834 1776 plura
2855 1724 2973 1778 qua:
2994 1725 3099 1763 non
3122 1714 3676 1777 commemoravimus,
3708 1716 3787 1770 fe-

2230 1791 2323 1859 cit,
2354 1794 2644 1866 eademque
2670 1801 2786 1867 ipso
2809 1799 3006 1855 mundo
3038 1816 3144 1855 uno
3182 1810 3339 1872 atque
3361 1804 3593 1857 omnium
3625 1806 3798 1857 mni.

2231 1900 2319 1939 mo
2356 1886 2611 1943 miraculo
2646 1889 2878 1945 inclusit.
2922 1891 3094 1962 Eligat
3135 1908 3264 1964 ergo
3292 1910 3451 1949 unum
3476 1895 3547 1949 de
3588 1895 3795 1950 duobus

2227 1978 2449 2049 quisque
2470 1980 2611 2050 quod
2632 1981 2823 2051 placet,
2845 1992 3018 2038 utrum
3042 1992 3097 2039 et
3112 2000 3347 2041 vermem
3370 1985 3439 2041 ad
3455 2002 3650 2056 corpus
3670 2002 3792 2056 pro-

2226 2069 2360 2137 prie,
2395 2085 2463 2125 an
2501 2070 2567 2125 ad
2592 2073 2825 2127 animum
2866 2074 3120 2129 translato
3165 2091 3193 2128 a
3220 2076 3579 2145 corporalibus
3618 2079 3686 2129 ad
3709 2080 3792 2131 in-

2226 2162 2523 2230 corporalia
2552 2164 2811 2219 vocabulo
2834 2166 3101 2222 existimet
3130 2167 3421 2236 pertinere.
3457 2169 3597 2236 Quid
3616 2180 3791 2223 autem

2226 2250 2416 2306 horum
2443 2268 2624 2309 verum
2648 2256 2735 2321 sit,
2761 2272 2846 2311 res
2872 2258 2983 2327 ipsa
3009 2259 3306 2327 expeditius
3326 2259 3598 2324 indicabit,
3623 2276 3788 2329 quan-

2224 2343 2294 2397 do
2318 2345 2420 2399 erit
2442 2348 2660 2402 scientia
2688 2357 2831 2404 tanta
2860 2358 3184 2414 sanctorum,
3214 2362 3269 2406 ut
3290 2352 3367 2407 eis
3391 2342 3788 2422 cognoscenda-

2224 2450 2341 2489 rum
2371 2436 2575 2492 illarum
2597 2454 2871 2508 poenarum
2893 2442 3196 2497 necessaria
3225 2456 3332 2496 non
3347 2443 3416 2497 sit
3442 2443 3790 2513 experientia,

2226 2527 2320 2582 sed
2363 2543 2427 2583 ea
2463 2544 2581 2599 qua:
2624 2541 2750 2587 tunc
2793 2532 2895 2587 erit
2933 2534 3082 2601 plena
3113 2544 3271 2604 atque
3298 2533 3554 2602 perfecta,
3585 2534 3656 2588 ad
3695 2535 3791 2589 hoc

2222 2632 2432 2688 quoque
2463 2621 2735 2677 sciendum
2762 2623 3019 2693 sapientia
3056 2625 3168 2679 sola
3198 2623 3441 2679 sufﬁciat.
3469 2624 3628 2679 Nunc
3653 2628 3787 2680 enim

2222 2725 2285 2765 ex
2333 2723 2480 2780 parte
2517 2716 2713 2771 scimus
2739 2757 2752 2780 ,
2783 2716 2952 2772 donec
2994 2718 3169 2773 veniat
3204 2718 3344 2789 quod
3386 2719 3684 2787 perfectum
3712 2730 3787 2772 est

2226 2801 2268 2873 (Ι
2308 2802 2426 2859 Cor.
2455 2820 2574 2870 xm,
2603 2806 2679 2875 9).
2708 2806 2840 2862 Dum
2882 2816 3056 2863 tamen
3088 2809 3230 2864 nullo
3269 2809 3428 2864 modo
3453 2810 3545 2863 illa
3570 2826 3787 2879 corpora

2223 2896 2341 2948 talia
2368 2895 2541 2950 futura
2573 2912 2693 2953 esse
2712 2898 3010 2966 credamus,
3034 2908 3091 2955 ut
3119 2901 3277 2955 nullis
3304 2901 3371 2956 ab
3398 2902 3523 2971 igne
3543 2901 3781 2956 affician-

2222 2994 2307 3040 tur
2326 2986 2619 3045 doloribus.

2220 3098 2442 3156 CAPUT
2466 3100 2535 3156 Χ.
2561 3131 2635 3142 -
2662 3102 2741 3156 An
2768 3103 2898 3174 ignis
2937 3104 3207 3175 gehennte,
3250 3106 3303 3161 si
3343 3107 3630 3173 corporalis
3672 3117 3742 3160 est
3766 3151 3779 3169 ,

2290 3195 2447 3263 possit
2469 3195 2716 3265 malignos
2735 3198 2958 3265 spiritus,
2983 3198 3037 3250 id
3063 3207 3134 3251 est
3157 3196 3408 3251 daemones
3432 3200 3772 3269 incorporeas,

2290 3295 2423 3339 tactu
2451 3302 2542 3341 suo
2570 3288 2800 3341 adurere.

2294 3400 2345 3453 1.
2381 3398 2477 3453 llic
2503 3400 2733 3455 occurrit
2759 3415 2994 3470 quaerere
3014 3442 3028 3467 ,
3055 3401 3098 3455 si
3125 3416 3229 3455 non
3252 3403 3349 3456 erit
3381 3404 3516 3472 ignis
3544 3405 3782 3472 incorpo.

2217 3492 2346 3551 ralis
2373 3494 2415 3564 ²,
2445 3493 2581 3553 sicut
2619 3502 2700 3553 est
2750 3495 2910 3553 animi
2938 3494 3096 3554 dolor
3118 3541 3131 3563 ,
3164 3496 3255 3554 sed
3285 3498 3574 3569 corporalis
3598 3540 3617 3566 ,
3646 3509 3777 3557 tactu

2217 3588 2423 3653 noxius,
2452 3596 2511 3642 ut
2555 3604 2619 3643 eo
2659 3589 2860 3658 possint
2898 3604 3119 3659 corpora
3148 3590 3405 3655 cruciari;
3434 3593 3705 3659 quomodo
3730 3594 3777 3645 in

2217 3693 2282 3733 eo
2306 3678 2577 3733 critetiam
2605 3695 2755 3749 pmna
2774 3680 3050 3750 spirituum
3065 3681 3447 3751 malignorum?
3468 3682 3612 3736 idem
3633 3686 3778 3754 quip-

2218 3783 2283 3837 pe
2313 3768 2467 3838 ignis,
2496 3770 2597 3823 erit
2624 3770 2881 3840 supplicio
2908 3770 3110 3825 scilicet
3136 3771 3406 3826 hominum
3421 3774 3707 3829 attributus
3729 3786 3783 3828 et

2216 3859 2538 3923 dmtuonum,
2569 3860 2777 3916 dicente
2805 3858 3035 3926 Christo,
3063 3860 3317 3916 Discedite
3337 3881 3366 3915 a
3388 3880 3484 3929 me,
3514 3866 3781 3925 maledicti,

2216 3953 2268 4006 in
2297 3953 2460 4023 ignem
2489 3963 2731 4007 aeternum
2753 3996 2768 4020 ,
2811 3954 2897 4023 qui
2936 3963 3141 4023 paratus
3171 3966 3243 4008 est
3279 3955 3480 4009 diabolo
3508 3967 3555 4009 et
3597 3960 3784 4028 angelis

2217 4045 2325 4114 ejus
2361 4043 2568 4114 (Matth.
2602 4060 2727 4108 xxv,
2758 4043 2873 4113 41).
2916 4044 3025 4098 Nisi
3071 4046 3191 4115 quia
3236 4056 3358 4099 sunt
3399 4047 3647 4115 qnmdam
3694 4064 3781 4101 sua

2216 4138 2375 4191 etiam
2423 4138 2750 4193 dmmonihus
2795 4150 3015 4207 corpora
3041 4178 3056 4204 ,
3095 4138 3235 4193 sicut
3275 4139 3447 4193 doctis
3488 4140 3783 4194 hominibus

2216 4230 2387 4283 visum
2432 4240 2533 4296 cst,
2572 4246 2637 4285 ex
2670 4230 2772 4284 isto
2800 4245 2923 4285 aere
2966 4245 3149 4285 crasso
3179 4240 3337 4300 atque
3365 4232 3603 4294 humido,
3632 4234 3774 4301 cujus

2217 4321 2471 4390 impulsus
2516 4330 2673 4375 vento
2717 4319 2877 4376 ﬂante
2906 4321 3130 4375 sentitur
3157 4323 3257 4391 (a).
3291 4322 3440 4389 Quod
3482 4338 3653 4393 genus
3676 4325 3779 4377 ele-

2216 4413 2379 4466 menti
2406 4412 2448 4466 si
2478 4410 2608 4465 nihil
2639 4413 2761 4480 igne
2786 4415 2986 4481 perpeti
3014 4420 3231 4482 posset,
3266 4429 3368 4468 non
3399 4425 3579 4469 ureret
3610 4415 3780 4469 ferve-

2217 4505 2384 4559 faclus
2411 4505 2460 4557 in
2491 4504 2715 4557 balneis.
2749 4503 2818 4559 Ut
2848 4504 2986 4559 enim
3021 4513 3157 4567 urat,
3180 4506 3324 4574 prior
3350 4507 3535 4568 uritur,
3558 4507 3781 4579 facitque

2216 4594 2353 4663 quod
2378 4594 2593 4661 patitur.
2623 4592 2677 4647 Si
2700 4602 2877 4648 autem
2894 4595 3168 4663 quisquam
3191 4596 3331 4647 nulla
3350 4596 3548 4651 habere
3561 4612 3778 4666 corpora

2214 4685 2483 4738 dmmoncs
2527 4691 2800 4737 asseverat
2828 4725 2841 4746 ,
2872 4699 2977 4738 non
3005 4693 3084 4738 est
3130 4684 3197 4738 de
3224 4684 3324 4739 hac
3348 4701 3403 4740 rc
3423 4694 3513 4740 aut
3542 4688 3780 4741 laboran-

2215 4774 2338 4827 dum
2363 4788 2585 4843 operosa
2616 4772 2975 4842 inquisitione,
2997 4782 3086 4827 aut
3113 4775 3440 4828 contentiosa
3470 4776 3781 4844 disputatio-

2216 4884 2282 4921 ne
2306 4866 2637 4922 certandum.
2674 4865 2779 4920 Cur
2818 4868 2957 4920 enim
2984 4882 3087 4919 non
3118 4867 3377 4933 dicamus,
3409 4870 3653 4936 quamvis
3678 4869 3776 4921 mi-

2216 4960 2307 5025 ris,
2356 4970 2530 5014 tamen
2574 4958 2714 5013 veris
2762 4958 2933 5012 modis
2973 4959 3129 5013 ctiam
3179 4960 3394 5029 spiritus
3442 4961 3779 5028 incorporeas

2217 5064 2372 5119 posse
2396 5063 2550 5119 poena
2578 5048 2866 5119 corporalis
2896 5048 3031 5119 ignis
3052 5047 3211 5118 afﬂigi
3238 5090 3254 5115 ,
3285 5049 3329 5103 si
3360 5051 3575 5118 spiritus
3611 5050 3779 5103 homi-

2277 5249 2294 5279 ι
2321 5253 2447 5305 Lov.,
2472 5245 2581 5296 etin
2598 5250 2814 5313 mortem.
2837 5244 2983 5313 Abest
3004 5249 3066 5301 et,
3082 5256 3118 5313 ‘a
3140 5245 3331 5313 ueteris
3352 5242 3503 5313 libris.
3584 5303 3595 5313 .

2276 5312 2297 5341 ²
2323 5315 2393 5355 ar.
2423 5315 2474 5356 et
2490 5316 2619 5366 Lov.,
2642 5305 2955 5369 incorporalis
2977 5304 3165 5355 noxius.
3193 5306 3452 5364 Redundat,
3475 5304 3669 5364 noxius,
3688 5318 3775 5353 nec

2214 5372 2361 5437 estin
2384 5369 2729 5437 ωειιιυεςνίριίξ·
3006 5425 3092 5437 -_
3158 5424 3170 5436 .
3262 5424 3276 5437 .
3380 5426 3425 5437 ..

2275 5432 2348 5493 (a)
2374 5437 2447 5495 tta,
2459 5431 2607 5480 sentit
2621 5424 2879 5490 'Origenes,
2902 5426 2988 5476 lib.
3006 5424 3324 5495 ἔξει-ἰανθῇς,
3345 5426 3427 5495 ubi
3452 5425 3609 5475 solum
3632 5434 3777 5495 Deum

2214 5486 2415 5543 Iit‘e'sse
2437 5486 2799 5560 incorporeum;
2826 5497 2878 5539 et
2895 5486 3228 5560 Tertullianus,
3254 5486 3377 5535 libro
3396 5487 3460 5536 de
3476 5495 3631 5536 Carne

2212 5556 2293 5604 sti.
2315 5552 2521 5615 Angelos
2540 5548 2656 5615 dicit
2679 5548 2793 5615 esse
2813 5563 3089 5612 eorporeos,
3112 5548 3235 5615 licet
3248 5562 3344 5615 non
3366 5561 3513 5615 carne
3535 5549 3772 5609 praeditos-

2213 5609 2425 5681 Basiliu§_,
2452 5614 2574 5663 libro
2589 5613 2653 5663 de
2669 5613 2842 5673 Spiritu
2863 5609 3026 5681 sancto
3042 5646 3057 5671 ,
3076 5623 3189 5681 cap.
3210 5609 3302 5681 ⁸16,
3337 5610 3543 5681 Angelos
3564 5624 3659 5657 non
3676 5618 3776 5681 tau-

2212 5684 2315 5741 tum
2338 5675 2441 5741 vult
2464 5687 2575 5724 esse
2598 5672 2875 5741 corporeus,
2910 5673 2997 5722 sed
3018 5672 3183 5741 etiam
3208 5672 3255 5719 in
3275 5672 3778 5741 propriiscorporibus

2213 5738 2367 5785 videri
2388 5749 2528 5796 posse
2550 5770 2563 5793 ,
2590 5744 2640 5785 et
2660 5732 2791 5803 visos
2811 5733 3065 5803 aliquando
3089 5732 3251 5803 fuisse.
3268 5740 3343 5803 Jtu
3367 5736 3570 5803 septima
3597 5732 3777 5803 Syrus-3n

2214 5794 2452 5859 generali,
2476 5800 2664 5847 actione
2687 5798 2716 5843 4
2736 5830 2750 5851 ,
2774 5796 2821 5844 in
2846 5794 3065 5844 eamdem
3086 5794 3375 5843 sententiam
3416 5794 3682 5843 afferuntur
3702 5804 3777 5840 va-

2217 5862 2288 5910 ria
2304 5861 2575 5911 testimonia
2596 5866 2861 5909 Grascorum
2880 5864 3139 5907 auctorum.
3163 5862 3407 5911 monens.
