3996 6584
267 420 371 478 725

270 548 421 602 num,
470 531 631 587 etiam
664 524 766 599 ipsi
794 524 1031 598 profecto
1056 519 1378 592 incorporei,
1408 526 1464 575 et
1487 533 1627 574 nunc
1653 526 1841 588 potue-

273 635 398 682 runt
424 621 623 679 includi
655 618 1016 689 corporalibus
1065 614 1339 679 membris,
1362 618 1416 668 et
1441 621 1568 667 tunc
1599 618 1849 682 poterunt

273 731 557 788 corporum
584 727 799 769 suorum
824 710 1047 766 vinculis
1076 707 1424 763 insolubiliter
1452 704 1696 776 alligari?
1724 702 1837 758 Ad-

277 807 554 864 haerehunt
590 818 718 874 ergo
741 844 755 869 ,
802 802 845 858 si
892 802 972 857 eis
1005 800 1146 855 nulla
1184 807 1307 854 sunt
1345 812 1570 867 corpora
1594 838 1609 861 ,
1636 796 1851 868 spiritus

275 899 601 962 daemonum,
632 896 741 950 imo
770 894 987 964 Spiritus
1028 891 1329 957 daemones,
1375 889 1499 944 licet
1526 886 1847 956 incorporei,

278 986 553 1058 corporeis
584 985 795 1056 ignibus
821 982 1091 1039 cruciandi
1124 1000 1137 1035 :
1167 996 1275 1037 non
1305 988 1363 1035 ut
1394 980 1543 1049 ignes
1585 978 1704 1047 ipsi,
1735 977 1853 1047 qui-

277 1079 375 1135 bus
402 1077 765 1139 adluerebunt,
787 1088 970 1130 eorum
994 1072 1239 1142 junctum
1283 1070 1628 1138 inspirentur,
1656 1074 1709 1120 et
1734 1065 1853 1119 ani-

279 1168 439 1224 malia
468 1167 616 1232 ﬁant,
640 1181 759 1236 qua:
788 1171 1029 1220 constent
1050 1162 1241 1231 spiritu
1267 1172 1323 1216 et
1349 1172 1574 1228 corpore
1600 1174 1620 1222 ;
1649 1155 1742 1210 sed
1761 1197 1777 1223 ,
1801 1163 1857 1209 ut

283 1260 432 1323 dixi,
462 1258 613 1314 miris
644 1264 698 1312 et
740 1255 1097 1312 ineffabilibus
1131 1252 1303 1309 modis
1331 1250 1650 1306 adhterendo
1671 1289 1686 1313 ,
1714 1247 1857 1302 acci-

278 1352 488 1421 pientes
529 1363 594 1405 ex
617 1348 825 1420 ignibus
851 1361 1084 1418 prunam,
1103 1358 1208 1399 non
1234 1342 1419 1399 dantes
1440 1340 1646 1412 ignibus
1670 1339 1855 1395 vitam.

281 1441 415 1508 Quia
456 1448 512 1496 et
556 1439 656 1494 iste
687 1438 822 1493 alius
855 1436 1045 1491 modus
1070 1476 1085 1501 ,
1114 1448 1225 1505 quo
1252 1433 1565 1505 corporibus
1590 1431 1864 1487 adhaerent

283 1533 519 1603 Spiritus,
552 1539 608 1587 et
648 1529 894 1585 animalia
936 1528 1086 1593 ﬁunt,
1119 1526 1338 1582 omnino
1381 1525 1545 1580 mirus
1587 1532 1713 1587 est,
1765 1534 1864 1575 nec

282 1621 667 1695 comprehendi
706 1623 774 1677 ah
811 1620 1027 1677 homine
1067 1625 1272 1689 potest,
1304 1625 1359 1672 et
1400 1615 1501 1673 hoc
1538 1615 1651 1686 ipse
1701 1612 1861 1668 homo

293 1723 399 1771 cst.

356 1807 413 1862 2.
454 1807 696 1862 Dicerem
741 1803 957 1875 quidem
998 1803 1073 1859 sic
1100 1815 1316 1858 arsuros
1360 1799 1475 1855 sine
1499 1797 1607 1853 ullo
1629 1810 1725 1852 suo
1750 1810 1868 1849 cor-

287 1913 421 1971 pore
446 1898 686 1968 spiritus,
716 1896 852 1951 sicut
896 1894 1116 1950 ardebat
1159 1891 1300 1962 apud
1343 1889 1539 1946 inferos
1572 1887 1659 1943 ille
1697 1884 1866 1949 dives,

289 1989 501 2061 quando
531 1988 756 2052 dicebat,
786 1985 991 2041 Crucior
1014 1987 1066 2040 in
1087 1984 1180 2037 hac
1204 1985 1411 2053 [lantma
1434 1978 1578 2051 (Luc.
1610 1993 1718 2039 xvr,
1745 1976 1867 2045 24);

290 2083 395 2138 nisi
425 2082 807 2138 convenienter
833 2078 1151 2149 responderi
1176 2089 1456 2131 cernerem
1480 2114 1496 2137 ,
1526 2071 1685 2125 talem
1711 2068 1872 2122 fuisse

291 2173 437 2228 illam
460 2173 749 2237 ﬂammam,
777 2170 965 2242 quales
1008 2167 1150 2225 oculi
1180 2179 1315 2236 quos
1359 2161 1580 2224 levavit,
1610 2168 1664 2215 et
1704 2158 1869 2213 Laza—

292 2279 414 2319 rum
444 2262 591 2328 vidit,
616 2262 788 2333 qualis
817 2261 995 2331 lingua
1023 2258 1109 2314 cui
1136 2257 1415 2311 humorem
1444 2252 1691 2321 exiguum
1711 2247 1875 2302 desi-

293 2354 501 2410 deravit
538 2353 778 2420 infundi,
800 2353 973 2422 qualis
995 2350 1189 2420 digitus
1231 2346 1416 2403 Lazari
1444 2344 1511 2400 de
1538 2358 1645 2413 quo
1681 2340 1735 2396 id
1773 2339 1875 2394 sibi

296 2442 414 2498 ﬁeri
436 2443 757 2514 postulavit:
788 2442 875 2496 ubi
902 2450 1077 2495 tamen
1104 2447 1257 2494 erant
1280 2436 1396 2491 sine
1424 2433 1735 2504 corporibus
1757 2429 1875 2483 ani-

297 2550 422 2590 mm.
455 2534 545 2591 Sic
565 2550 693 2606 ergo
718 2532 1070 2604 incorporalis
1098 2539 1154 2587 et
1179 2530 1267 2584 illa
1296 2527 1507 2583 ﬂamma
1537 2540 1639 2595 qua
1657 2522 1875 2588 exarsit,

299 2636 355 2682 et
378 2627 465 2681 illa
496 2627 699 2697 guttula
725 2642 882 2697 quam
913 2624 1159 2694 pOposcit
1183 2640 1197 2689 ;
1232 2620 1407 2692 qualia
1434 2619 1595 2675 etiam
1620 2625 1742 2672 sunt
1766 2615 1879 2669 visa

306 2718 683 2773 dormientium
726 2719 839 2773 sive
866 2718 918 2771 in
949 2714 1144 2771 ecstasi
1170 2712 1502 2769 cernentium
1524 2724 1611 2765 res
1634 2709 1883 2776 incorpo~

301 2809 464 2875 rales,
495 2808 752 2864 habentes
774 2819 953 2862 tamen
986 2803 1391 2860 similitudinem
1413 2813 1721 2871 corporum.
1748 2797 1881 2851 Nam

303 2908 360 2953 et
383 2898 497 2968 ipse
526 2898 689 2953 homo
716 2914 839 2954 eum
867 2897 1080 2967 spiritu,
1112 2909 1219 2950 non
1241 2907 1487 2964 corpore,
1512 2892 1581 2945 sit
1606 2890 1660 2944 in
1690 2887 1884 2943 talibus

302 2988 460 3054 visis,
487 2988 560 3042 ita
602 3003 663 3044 se
698 2996 879 3043 tamen
908 2996 1033 3042 tunc
1075 2984 1306 3040 similem
1350 2998 1450 3038 suo
1478 2982 1690 3050 corpori
1714 2976 1880 3042 videt,

303 3086 364 3133 ut
386 3079 695 3135 discernere
738 3078 958 3135 omnino
997 3092 1103 3132 non
1132 3075 1321 3146 possit.
1376 3075 1447 3128 At
1473 3086 1601 3127 vero
1634 3069 1880 3141 gehenna

307 3168 418 3236 illa,
447 3167 590 3239 quod
633 3168 798 3224 etiam
826 3177 1070 3238 stagnum
1103 3166 1240 3236 ignis
1280 3171 1335 3220 et
1376 3161 1649 3232 sulphuris
1682 3160 1886 3214 dictum

307 3269 391 3315 est
432 3259 616 3332 (Apoc.
645 3276 739 3329 xx,
766 3259 850 3331 9),
879 3272 1170 3330 corporeus
1201 3256 1338 3328 ignis
1367 3255 1469 3311 erit
1496 3296 1511 3322 ,
1538 3262 1593 3309 et
1630 3250 1889 3308 cruciabit

308 3365 535 3419 Corpora
554 3350 946 3416 damnatorum,
975 3357 1065 3404 aut
1094 3356 1150 3403 et
1173 3347 1451 3402 hominum
1477 3352 1532 3400 et
1558 3338 1883 3407 daemonum,

312 3439 480 3495 solida
505 3438 805 3505 hominum,
824 3439 968 3495 aeria
989 3438 1290 3493 daemonum
1311 3452 1326 3500 ;
1357 3443 1452 3489 aut
1474 3442 1678 3489 tantum
1710 3432 1882 3486 homi-

308 3546 436 3585 num
462 3544 687 3600 corpora
710 3544 832 3584 cum
855 3529 1149 3598 spiritibus,
1175 3527 1448 3582 dmmones
1473 3535 1649 3580 autem
1672 3524 1891 3593 spiritus

308 3622 425 3677 sine
470 3620 818 3691 corporibus,
868 3619 1136 3674 hterentes
1186 3615 1448 3672 sumendo
1496 3629 1749 3685 poenam,
1782 3629 1890 3668 non

309 3710 666 3780 impertiendo
686 3710 849 3764 vitam
877 3706 1244 3777 corporalibus
1267 3706 1497 3776 ignibus.
1520 3704 1671 3761 Unus
1690 3704 1891 3773 quippe

309 3801 551 3870 utrisque
568 3801 703 3872 ignis
722 3800 844 3867 erit,
860 3800 997 3854 sicut
1017 3798 1225 3853 Veritas
1246 3797 1379 3851 dixit
1394 3794 1607 3865 (Matth.
1628 3810 1754 3858 xxv,
1774 3793 1888 3864 41).

311 3892 539 3948 CAPUT
575 3891 672 3947 XI.
737 3920 810 3933 —
845 3889 925 3945 An
955 3890 1048 3943 hoc
1076 3890 1204 3943 ratio
1231 3888 1439 3957 iustitiw
1465 3886 1676 3949 habeat,
1702 3896 1757 3938 ut
1789 3901 1891 3939 non

381 3985 482 4039 sint
508 3984 791 4039 extensiora
817 3997 1080 4053 prunarum
1106 3989 1352 4050 tempora,
1384 3994 1536 4048 quam
1563 3978 1753 4048 fuerint
1779 3993 1892 4046 pec-

382 4084 630 4129 catorum.

383 4166 475 4221 Sic
498 4175 675 4220 autem
700 4163 915 4234 quidam
940 4176 1151 4228 eorum,
1180 4170 1366 4216 contra
1388 4175 1525 4229 quos
1554 4158 1891 4214 defendimus

310 4257 578 4312 civitatem
605 4255 722 4323 Dei,
758 4254 1016 4324 injustum
1039 4261 1247 4323 putant,
1271 4262 1443 4322 utpro
1467 4252 1696 4321 peccatis
1716 4266 1894 4321 quam-

312 4348 446 4404 libet
504 4346 733 4417 magnis,
786 4358 952 4415 parvo
1002 4344 1204 4399 scilicet
1255 4351 1501 4413 tempore
1551 4342 1888 4412 perpetratis,

313 4453 469 4509 paena
499 4439 722 4509 quisque
766 4436 1049 4492 damnetur
1072 4445 1271 4492 interna
1297 4451 1313 4502 ;
1342 4436 1490 4506 quasi
1520 4436 1680 4489 ullius
1717 4435 1771 4489 id
1794 4451 1893 4489 un-

315 4545 474 4601 quam
498 4529 704 4601 juStitia
736 4528 870 4599 legis
899 4527 1168 4593 attendat,
1194 4536 1255 4583 ut
1283 4537 1425 4583 tanta
1454 4540 1609 4581 mora
1636 4525 1893 4595 temporis

313 4620 539 4691 quisque
566 4620 838 4690 puniatur,
866 4627 1063 4690 quanta
1099 4633 1251 4674 mora
1285 4619 1543 4689 temporis
1572 4617 1713 4672 unde
1736 4618 1893 4687 puni-

313 4716 462 4764 retur
486 4709 719 4763 admisit.
743 4709 875 4764 Octo
903 4724 1103 4778 genera
1130 4722 1410 4778 poenarum
1441 4708 1495 4762 in
1534 4708 1741 4778 legibus
1769 4721 1893 4762 esse

314 4798 498 4854 scribit
521 4798 748 4867 Tullius,
775 4799 1050 4863 damnum,
1079 4799 1311 4864 vincula,
1341 4798 1586 4863 verbera,
1616 4798 1891 4862 talionem,

316 4890 680 4959 ignominiam,
736 4889 1012 4953 exsilium,
1067 4897 1317 4955 mortem,
1373 4889 1706 4945 servitutem.
1756 4888 1893 4956 Quid

316 4979 509 5036 horum
553 4990 638 5036 est
663 4979 807 5051 quod
834 4979 888 5035 in
912 4979 1075 5035 breve
1106 4988 1316 5049 tempus
1341 4994 1440 5048 pro
1468 4979 1727 5049 cujusque
1764 4993 1894 5049 pec-

317 5071 422 5126 cati
450 5072 723 5127 celeritate
744 5078 1065 5137 coarctetur,
1089 5078 1151 5125 ut
1180 5078 1324 5125 tanta
1346 5070 1643 5124 vindicetur
1663 5071 1889 5136 morula,

315 5170 511 5232 quanta
522 5161 939 5234 deprehenditur
952 5170 1336 5234 perpetratum,
1368 5161 1470 5216 nisi
1491 5161 1629 5216 forte
1646 5161 1772 5215 talio
1790 5159 1890 5231 (a)?

315 5253 370 5309 id
396 5254 536 5308 enim
557 5254 687 5322 agit,
711 5260 773 5308 ut
795 5252 897 5307 hoc
916 5253 1144 5323 patiatur
1163 5252 1385 5322 quisque
1406 5251 1548 5319 quod
1571 5250 1715 5306 fecit.
1735 5250 1890 5307 Unde

315 5342 444 5399 illud
482 5350 567 5397 est
600 5342 758 5413 Legis
777 5383 793 5410 ,
824 5341 1043 5396 Oculum
1072 5358 1165 5412 pro
1192 5342 1338 5395 oculo
1360 5381 1377 5408 ,
1400 5340 1600 5394 dentem
1630 5356 1722 5410 pro
1748 5340 1895 5393 dente

377 5453 452 5517 (a)
484 5459 537 5503 In
554 5451 751 5515 legibus
771 5453 1029 5503 Duodecim
1052 5452 1350 5517 Tabularum
1359 5453 1430 5502 sic
1452 5451 1760 5517 habebatur;
1807 5468 1830 5497 ι
1849 5453 1893 5501 si

314 5512 587 5565 membrum
606 5512 756 5577 rupit,
796 5516 847 5563 ni
868 5527 981 5577 cum
1016 5526 1078 5564 eo
1099 5516 1256 5577 pacit,
1288 5513 1403 5577 talio
1444 5520 1617 5577 esto,»
1646 5512 1892 5577 Talionem

314 5584 479 5648 autem
494 5574 750 5648 vocabant,
769 5576 959 5648 quando
979 5574 1255 5648 quis—quale
1291 5574 1493 5633 fecerat,
1519 5574 1617 5648 tale
1641 5576 1786 5648 etiam
1810 5586 1891 5635 pa-

322 5638 533 5687 tiebatur
556 5652 570 5687 :
596 5646 652 5688 ut
672 5638 713 5686 si
730 5636 949 5686 eruisset
979 5636 1171 5686 oculum
1192 5636 1423 5696 alienum,
1446 5637 1693 5686 amitteret
1715 5649 1887 5695 suum;

315 5699 358 5748 si
394 5706 693 5770 amputasset
724 5698 940 5770 alterius
991 5712 1138 5770 nares
1159 5733 1177 5770 _,
1209 5698 1449 5770 perderet
1482 5696 1707 5770 suas_:d_e
1750 5698 1889 5770 cujus

316 5759 1313 5831 gquitzitqlegisﬁdisputatpcapud,Aulum
1334 5759 1557 5820 Gellium,
1582 5759 1791 5809 noctium
1814 5766 1890 5809 At-

315 5821 516 5873 ticamm
535 5821 658 5874 libro
679 5821 757 5887 eo,
775 5821 880 5885 cap.
908 5822 953 5871 l.
976 5821 1087 5873 wn.
1104 5830 1263 5875 γωδ.

1447 405 1648 462 LIBER
1689 403 2048 460 VlGESlMUS
2086 405 2356 463 PRIMUS.

3412 412 3515 472 7‘26

1954 515 2161 586 (Exod.
2201 534 2314 585 ut,
2338 518 2467 592 24).
2496 518 2637 575 Fieri
2673 520 2817 576 enim
2864 530 3079 592 potest,
3124 531 3183 577 ut
3225 532 3331 579 tam
3374 525 3521 581 brevi

1953 622 2190 685 tempore
2213 615 2436 685 quisque
2462 615 2669 669 amittat
2694 616 2909 671 oculum
2938 617 3224 672 severitate
3247 618 3517 687 vindicta},

1952 720 2110 775 quam
2139 706 2259 760 tulit
2284 704 2397 774 ipse
2428 704 2582 758 alteri
2607 705 2944 777 improbitate
2970 706 3191 776 peccati.
3222 708 3391 762 Porro
3424 723 3523 761 au-

1955 805 2061 850 tem
2102 795 2147 849 si
2189 794 2379 849 aliena:
2420 793 2633 849 femina:
2660 796 2899 850 osculum
2928 796 3169 862 inﬁxum,
3198 797 3421 852 rationis
3458 797 3528 850 sit

1955 885 2179 940 verbere
2221 884 2510 948 vindicare,
2555 898 2731 939 nonne
2760 885 2850 955 qui
2881 886 3008 940 illud
3038 896 3235 957 puncto
3262 888 3520 955 temporis

1956 973 2163 1042 fecerit,
2194 974 2592 1044 incomparabili
2617 974 2867 1030 horarum
2894 978 3065 1047 spatio
3099 977 3407 1032 verberatur
3432 1020 3447 1043 ,
3478 986 3532 1032 et

1959 1067 2190 1123 suavitas
2220 1068 2503 1137 voluptatis
2533 1068 2737 1138 exigua:
2761 1068 3010 1124 diuturno
3048 1069 3234 1125 dolore
3273 1069 3526 1139 punitur?

1960 1160 2116 1227 Quid,
2149 1161 2202 1215 in
2231 1161 2452 1215 vinculis
2497 1160 2751 1231 numquid
2780 1163 2797 1193 ί
2846 1169 2951 1215 tam
2994 1162 3087 1216 diu
3140 1163 3366 1231 quisque
3403 1161 3529 1232 judi-

1968 1252 2169 1307 candus
2196 1260 2279 1308 est
2306 1267 2425 1308 esse
2460 1251 2680 1319 debere,
2708 1268 2862 1323 quam
2893 1253 2982 1308 diu
3007 1252 3135 1309 fecit
3166 1254 3311 1309 unde
3337 1254 3534 1309 meruit

1964 1342 2203 1414 alligari;
2235 1359 2356 1397 cum
2398 1343 2695 1414 justissime
2740 1360 2969 1400 annosus
3016 1360 3203 1415 pcenas
3252 1361 3439 1402 servus
3480 1344 3533 1398 in

1964 1436 2310 1505 compedibus
2361 1435 2577 1505 pendat,
2626 1435 2719 1506 qui
2760 1438 2924 1492 verbo
2964 1445 3060 1492 aut
3104 1438 3213 1492 ictu
3258 1438 3537 1492 celerrime

1968 1534 2279 1580 transeunte
2329 1529 2413 1581 vel
2434 1526 2701 1581 lacessivit
2722 1526 3018 1593 dominum,
3045 1528 3127 1583 vel
3145 1528 3405 1597 plagavit?
3422 1527 3540 1583 lam

1969 1634 2095 1674 vero
2142 1620 2416 1685 damnum,
2464 1620 2775 1689 ignominia,
2817 1621 3087 1686 exsilium,
3130 1621 3378 1685 servitus,
3418 1636 3538 1674 cum

1969 1712 2283 1781 plerumque
2306 1712 2384 1767 sic
2409 1710 2732 1782 inﬁiguntur,
2763 1722 2820 1767 ut
2849 1713 2998 1768 nulla
3027 1713 3183 1768 venia
3214 1712 3539 1774 relaxentur,

1972 1819 2151 1859 nonne
2181 1819 2278 1874 pro
2322 1804 2478 1874 hujus
2502 1805 2625 1860 vita:
2666 1804 2827 1860 modo
2868 1805 3058 1861 similia
3096 1804 3272 1875 pcenis
3299 1804 3543 1859 videntur

1973 1898 2229 1953 aeternis?
2258 1896 2384 1953 Ideo
2411 1898 2610 1969 quippe
2637 1908 2839 1954 aeterna
2869 1913 2991 1954 esse
3019 1914 3125 1953 non
3157 1907 3398 1968 possunt,
3424 1898 3543 1965 quia

1972 2003 2074 2044 nec
2115 1991 2229 2059 ipsa
2256 1989 2386 2055 vita,
2411 2004 2530 2059 qua:
2557 1989 2641 2045 his
2682 1990 2958 2061 plectitur,
2988 1991 3277 2060 porrigitur
3303 1990 3358 2043 in
3387 1999 3547 2042 acter-

1975 2096 2101 2136 num
2130 2098 2144 2133 :
2173 2089 2229 2136 et
2253 2088 2431 2135 tamen
2467 2089 2706 2150 peccata,
2737 2096 2856 2151 qua:
2883 2081 3221 2136 vindicantur
3249 2079 3548 2150 longissimi

1978 2174 2232 2243 temporis
2259 2174 2452 2243 poenis,
2483 2173 2801 2229 brevissimo
2846 2184 3086 2243 tempore
3132 2180 3547 2243 perpetrantur;

1978 2281 2076 2321 nec
2100 2266 2378 2336 quisquam
2390 2266 2591 2321 exstitit
2609 2266 2699 2336 qui
2723 2274 2969 2320 censeret
2989 2274 3095 2319 tam
3117 2264 3223 2318 cito
3248 2263 3550 2317 nocentium

1978 2356 2209 2413 ﬁnienda
2236 2372 2355 2412 esse
2383 2364 2673 2424 tormenta,
2699 2371 2857 2426 quam
2878 2356 2986 2411 cito
3013 2355 3209 2409 factum
3231 2362 3314 2409 est
3343 2354 3430 2407 vel
3453 2352 3550 2405 ho-

1980 2451 2278 2518 micidium,
2304 2449 2388 2505 vel
2416 2449 2754 2516 adulterium,
2782 2449 2865 2503 vel
2891 2446 3248 2517 sacrilegium,
3270 2445 3354 2500 vel
3382 2443 3552 2514 quod-

1981 2541 2113 2597 libet
2137 2540 2279 2595 aliud
2301 2524 2493 2605 scefus,
2526 2555 2633 2594 non
2654 2538 2912 2608 temporis
2937 2535 3291 2607 longitudine,
3325 2534 3419 2589 sed
3450 2534 3551 2587 ini-

1983 2632 2198 2702 quitatis
2236 2638 2291 2685 et
2325 2630 2617 2701 impietatis
2661 2627 3027 2699 magnitudine
3071 2625 3421 2682 metiendum.
3452 2624 3556 2692 Qui

1982 2739 2112 2779 vero
2131 2738 2227 2795 pro
2247 2722 2422 2793 aliquo
2444 2721 2630 2793 grandi
2650 2721 2873 2777 crimine
2892 2727 3064 2775 morte
3084 2718 3384 2781 mulctatur,
3402 2731 3556 2769 num-

1984 2817 2112 2888 quid
2138 2831 2285 2872 mora
2311 2830 2414 2887 qua
2440 2815 2720 2882 occiditur,
2747 2829 2865 2884 qua:
2888 2812 3157 2882 perbrevis
3177 2819 3278 2875 est,
3296 2809 3410 2878 ejus
3430 2822 3557 2875 sup-

1985 2909 2203 2979 plicium
2230 2908 2373 2978 leges
2402 2908 2697 2973 mstimant,
2738 2916 2792 2961 et
2829 2921 2935 2959 non
2965 2904 3103 2975 quod
3131 2919 3253 2958 eum
3282 2903 3335 2957 in
3361 2902 3558 2969 sempi-

1988 3008 2197 3055 ternum
2240 2999 2484 3054 auferunt
2528 2997 2595 3053 de
2637 2997 2893 3053 societate
2935 2994 3262 3050 viventium?
3290 2991 3442 3061 Quod
3482 2999 3561 3045 est

1988 3101 2166 3149 autem
2196 3092 2264 3147 de
2291 3092 2391 3147 ista
2420 3090 2633 3147 civitate
2658 3090 2871 3146 mortali
2905 3089 3150 3145 homines
3177 3086 3437 3156 supplicio
3456 3084 3564 3153 pri-

1989 3199 2092 3238 ma:
2116 3184 2323 3250 mortis,
2350 3182 2454 3239 hoc
2473 3191 2554 3238 est
2581 3181 2650 3238 de
2673 3182 2885 3236 civitate
2906 3180 2995 3234 illa
3014 3177 3299 3234 immortali
3320 3175 3565 3230 homines

1993 3275 2248 3345 supplicio
2269 3273 2514 3329 secundae
2533 3272 2721 3328 mortis
2749 3271 2979 3327 auferre.
3007 3269 3154 3326 Sicut
3179 3270 3321 3323 enim
3351 3280 3455 3319 non
3487 3262 3566 3320 ef-

1994 3365 2182 3421 ﬁciunt
2212 3366 2358 3437 leges
2389 3366 2546 3435 hujus
2582 3365 2808 3420 civitatis
2833 3404 2848 3429 ,
2882 3372 2940 3418 ut
2965 3363 3017 3418 in
3055 3377 3171 3417 eam
3214 3360 3438 3431 quisque
3478 3372 3565 3411 re-

1994 3468 2214 3514 vocetur
2252 3459 2500 3525 occisus;
2542 3458 2620 3513 sic
2662 3471 2760 3512 nec
2798 3456 2939 3511 illius
2968 3497 2984 3521 ,
3023 3463 3082 3509 ut
3131 3454 3183 3507 in
3209 3452 3369 3506 vitam
3411 3464 3567 3505 revo-

1997 3560 2149 3606 cetur
2188 3560 2439 3604 aeternam
2458 3590 2476 3616 ,
2507 3548 2738 3604 secunda
2766 3555 2938 3602 morte
2964 3546 3263 3601 damnatus.
3292 3539 3571 3609 Quomodo

1995 3657 2123 3712 ergo
2165 3657 2350 3696 verum
2389 3649 2487 3705 est,
2520 3640 2786 3709 inquiunt,
2817 3638 2957 3707 quod
2996 3638 3069 3691 ait
3095 3635 3336 3691 Christus
3364 3640 3566 3697 vester,

1996 3730 2063 3785 In
2099 3747 2200 3800 qua
2235 3745 2472 3783 mensura
2501 3728 2659 3781 mensi
2691 3727 2890 3795 fueritis
2910 3768 2923 3790 ,
2950 3727 3005 3779 in
3034 3741 3097 3778 ea
3124 3723 3411 3778 remetiatur
3436 3720 3573 3774 vobis

1997 3822 2146 3896 (Luc.
2170 3838 2244 3885 vr,
2266 3822 2379 3891 38),
2405 3821 2451 3875 si
2476 3818 2764 3889 temporale
2788 3824 3059 3888 peccatum
3080 3814 3338 3884 supplicio
3355 3812 3570 3882 punitur

1996 3924 2196 3970 aeterno
2225 3912 2326 3985 (a)?
2350 3911 2461 3967 Nec
2486 3909 2787 3973 attendunt,
2817 3923 2925 3964 non
2953 3915 3169 3977 propter
3197 3904 3398 3975 aequale
3426 3913 3564 3959 tem-

1997 4006 2141 4076 poris
2157 4004 2408 4074 spatium,
2436 4001 2530 4057 sed
2554 4009 2767 4072 propter
2791 3997 3208 4055 vicissitudinem
3225 3994 3371 4060 mali,
3393 3993 3444 4047 id
3466 4002 3568 4055 est,

1997 4097 2166 4166 utqui
2196 4095 2333 4149 mala
2366 4092 2571 4159 fecerit,
2612 4091 2751 4146 mala
2794 4090 3048 4160 patiatur,
3092 4086 3332 4141 eamdem
3374 4083 3570 4137 dictam

1996 4187 2159 4242 fuisse
2187 4199 2514 4241 mensuram.
2541 4182 2794 4250 Quamvis
2828 4181 2929 4235 hoc
2954 4180 3006 4234 in
3033 4194 3094 4234 ea
3123 4193 3184 4232 re
3208 4176 3423 4246 proprie
3447 4188 3570 4242 pos-

1996 4279 2067 4333 sit
2096 4276 2283 4346 accipi,
2310 4276 2379 4331 de
2402 4290 2509 4345 qua
2537 4274 2796 4328 Dominus
2837 4286 2960 4326 eum
2989 4269 3089 4325 hoc
3125 4268 3347 4334 diceret,
3387 4265 3571 4334 loque-

1999 4371 2173 4438 batur,
2205 4369 2257 4425 id
2281 4378 2383 4435 est,
2413 4369 2480 4423 de
2499 4366 2711 4438 judiciis
2738 4373 2791 4421 et
2811 4360 3360 4425 condemnationibus.
3383 4357 3569 4412 Proin-

1996 4462 2065 4517 de
2091 4462 2180 4532 qui
2201 4460 2403 4531 judicat
2444 4468 2500 4516 et
2527 4458 2847 4549 coqdemnat
2873 4455 3087 4525 injuste,
3127 4453 3173 4509 si
3216 4451 3482 4521 judicatur
3520 4457 3573 4501 et

1996 4554 2379 4609 condemnatur
2394 4550 2557 4621 juste,
2586 4542 2639 4605 in
2664 4548 2847 4604 eadem
2874 4558 3121 4600 mensura
3148 4542 3355 4611 recipit,
3382 4553 3573 4608 quam-

1996 4647 2077 4700 vis
2105 4660 2211 4700 non
2238 4645 2340 4699 hoc
2364 4644 2505 4712 quod
2525 4641 2689 4696 dedit.
2717 4638 2924 4694 Iudicio
2944 4636 3083 4691 enim
3110 4633 3250 4697 fecit,
3267 4630 3470 4701 judicio
3488 4643 3575 4697 pa-

2000 4737 2128 4792 titur
2160 4754 2174 4790 :
2196 4733 2440 4806 quamvis
2464 4731 2650 4786 fecerit
2672 4728 3014 4784 damnatione
3041 4721 3185 4795 quod
3202 4723 3442 4791 iniquum
3464 4725 3566 4782 est,

1997 4828 2226 4898 patiatur
2247 4825 2589 4880 damnatione
2613 4818 2754 4892 quod
2778 4818 2981 4889 justum
3007 4822 3109 4870 est.

1996 4938 2222 4994 CAPUT
2246 4936 2361 4993 ΧΠ.
2378 4964 2451 4977 -
2469 4933 2547 4988 De
2566 4930 2910 5004 magnitudine
2932 4921 3354 4998 prmarimtionis
3374 4918 3570 4989 primm,

2068 5033 2130 5086 ob
2151 5046 2302 5101 quam
2341 5037 2528 5081 (eterna
2562 5040 2712 5095 paena
2749 5019 2977 5075 omnibus
3013 5016 3268 5078 debeatur,
3303 5011 3389 5081 qui
3431 5017 3577 5062 castra

2067 5122 2281 5195 gratiam
2302 5120 2486 5191 fuerint
2513 5116 2813 5172 Saluatoris.

2004 5274 2007 5277 -
2069 5233 2174 5290 Sed
2197 5246 2353 5302 paena
2387 5240 2583 5284 aeterna
2614 5224 2734 5280 ideo
2759 5222 2888 5276 dura
2916 5230 2970 5275 et
2993 5219 3187 5288 injusta
3215 5210 3462 5269 sensibus
3492 5209 3575 5262 vi-

1997 5328 2152 5384 detur
2174 5324 2436 5388 humanis,
2462 5319 2585 5391 quia
2610 5320 2663 5372 in
2684 5317 2786 5371 hac
2807 5314 3112 5369 inﬁrmitate
3138 5302 3576 5362 moribundorum

1997 5432 2248 5476 sensuum
2297 5416 2447 5470 deest
2496 5412 2583 5466 ille
2628 5422 2819 5465 sensus
2854 5404 3123 5461 altissimae
3170 5396 3577 5469 purissimaque

2061 5635 2087 5705 ﬂ
2106 5632 2240 5705 editi,
2260 5627 2381 5691 Quid
2404 5626 2455 5678 in
2472 5622 2669 5678 vinculis
2685 5621 2708 5674 Ρ
2722 5619 2959 5684 Numquid
3086 5616 3249 5674 Abest,
3264 5611 3346 5673 ibi,
3361 5624 3389 5661 a
3404 5623 3577 5660 manu-

1996 5702 2282 5815 xiiii-ide
2316 5753 2460 5816 Epist.
2508 5748 2628 5813 102,
2652 5746 2709 5798 ad
2732 5743 3029 5807 Deogratias,
3050 5746 3223 5804 quaest.
3268 5737 3314 5798 4,
3350 5747 3400 5783 n.
3425 5731 3491 5781 9.2
3528 5737 3575 5781 et

2000 5830 2141 5882 seqq.
