  <div class='ocr_page' id='page_1' title='image "/cluster/home/n/w/nwhite01/storage/ocr_20150623/40-41/uc1.31175026811482/1067.png"; bbox 0 0 3996 6520; ppageno 0'>
   <div class='ocr_carea' id='block_1_1' title="bbox 592 378 700 436">
    <p class='ocr_par' dir='ltr' id='par_1_1' title="bbox 592 378 700 436">
     <span class='ocr_line' id='line_1_1' title="bbox 592 378 700 436; baseline 0 0"><span class='ocrx_word' id='word_1_1' title='bbox 592 378 700 436; x_wconf 74' lang='grc'><strong>’127</strong></span> 
     </span>
    </p>
   </div>
   <div class='ocr_carea' id='block_1_2' title="bbox 595 487 2167 564">
    <p class='ocr_par' dir='ltr' id='par_1_2' title="bbox 595 487 2167 564">
     <span class='ocr_line' id='line_1_2' title="bbox 595 487 2167 564; baseline -0.004 -15"><span class='ocrx_word' id='word_1_2' title='bbox 595 494 902 564; x_wconf 68' lang='lat' dir='ltr'><strong>sapientiae,</strong></span> <span class='ocrx_word' id='word_1_3' title='bbox 943 505 1046 561; x_wconf 90' lang='lat' dir='ltr'><strong>quo</strong></span> <span class='ocrx_word' id='word_1_4' title='bbox 1080 490 1266 547; x_wconf 83' lang='lat' dir='ltr'><strong>sentiri</strong></span> <span class='ocrx_word' id='word_1_5' title='bbox 1306 488 1472 559; x_wconf 88' lang='lat' dir='ltr'><strong>possit</strong></span> <span class='ocrx_word' id='word_1_6' title='bbox 1507 499 1758 557; x_wconf 90' lang='lat' dir='ltr'><strong>quantum</strong></span> <span class='ocrx_word' id='word_1_7' title='bbox 1802 488 1951 543; x_wconf 82' lang='lat' dir='ltr'><strong>nefas</strong></span> <span class='ocrx_word' id='word_1_8' title='bbox 1989 487 2042 541; x_wconf 89' lang='lat' dir='ltr'><strong>in</strong></span> <span class='ocrx_word' id='word_1_9' title='bbox 2081 487 2167 542; x_wconf 88' lang='lat' dir='ltr'><strong>illa</strong></span> 
     </span>
    </p>
   </div>
   <div class='ocr_carea' id='block_1_3' title="bbox 595 577 2170 653">
    <p class='ocr_par' dir='ltr' id='par_1_3' title="bbox 595 577 2170 653">
     <span class='ocr_line' id='line_1_3' title="bbox 595 577 2170 653; baseline -0.004 -15"><span class='ocrx_word' id='word_1_10' title='bbox 595 586 763 653; x_wconf 87' lang='lat' dir='ltr'><strong>prima</strong></span> <span class='ocrx_word' id='word_1_11' title='bbox 805 581 1235 653; x_wconf 71' lang='lat' dir='ltr'><strong>prmvaricatione</strong></span> <span class='ocrx_word' id='word_1_12' title='bbox 1272 578 1612 634; x_wconf 90' lang='lat' dir='ltr'><strong>commissum</strong></span> <span class='ocrx_word' id='word_1_13' title='bbox 1654 578 1742 633; x_wconf 88' lang='lat' dir='ltr'><strong>sit.</strong></span> <span class='ocrx_word' id='word_1_14' title='bbox 1782 577 1990 645; x_wconf 87' lang='lat' dir='ltr'><strong>Quanto</strong></span> <span class='ocrx_word' id='word_1_15' title='bbox 2026 579 2170 633; x_wconf 90' lang='lat' dir='ltr'><strong>enim</strong></span> 
     </span>
    </p>
   </div>
   <div class='ocr_carea' id='block_1_4' title="bbox 594 669 2172 745">
    <p class='ocr_par' dir='ltr' id='par_1_4' title="bbox 594 669 2172 745">
     <span class='ocr_line' id='line_1_4' title="bbox 594 669 2172 745; baseline -0.002 -16"><span class='ocrx_word' id='word_1_16' title='bbox 594 676 764 745; x_wconf 88' lang='lat' dir='ltr'><strong>magis</strong></span> <span class='ocrx_word' id='word_1_17' title='bbox 798 675 958 729; x_wconf 82' lang='lat' dir='ltr'><strong>homo</strong></span> <span class='ocrx_word' id='word_1_18' title='bbox 998 672 1270 728; x_wconf 75' lang='lat' dir='ltr'><strong>fruebatur</strong></span> <span class='ocrx_word' id='word_1_19' title='bbox 1306 671 1435 738; x_wconf 91' lang='lat' dir='ltr'><strong>Dco,</strong></span> <span class='ocrx_word' id='word_1_20' title='bbox 1482 678 1628 725; x_wconf 88' lang='lat' dir='ltr'><strong>tanto</strong></span> <span class='ocrx_word' id='word_1_21' title='bbox 1662 672 1864 740; x_wconf 86' lang='lat' dir='ltr'><strong>majore</strong></span> <span class='ocrx_word' id='word_1_22' title='bbox 1903 669 2172 740; x_wconf 71' lang='lat' dir='ltr'><strong>impietate</strong></span> 
     </span>
    </p>
   </div>
   <div class='ocr_carea' id='block_1_5' title="bbox 596 762 2167 835">
    <p class='ocr_par' dir='ltr' id='par_1_5' title="bbox 596 762 2167 835">
     <span class='ocr_line' id='line_1_5' title="bbox 596 762 2167 835; baseline -0.003 -15"><span class='ocrx_word' id='word_1_23' title='bbox 596 766 870 835; x_wconf 76' lang='lat' dir='ltr'><strong>dereliquit</strong></span> <span class='ocrx_word' id='word_1_24' title='bbox 894 765 1080 828; x_wconf 91' lang='lat' dir='ltr'><strong>Deum,</strong></span> <span class='ocrx_word' id='word_1_25' title='bbox 1126 773 1179 819; x_wconf 88' lang='lat' dir='ltr'><strong>et</strong></span> <span class='ocrx_word' id='word_1_26' title='bbox 1222 762 1390 819; x_wconf 87' lang='lat' dir='ltr'><strong>factus</strong></span> <span class='ocrx_word' id='word_1_27' title='bbox 1435 771 1516 817; x_wconf 90' lang='lat' dir='ltr'><strong>cst</strong></span> <span class='ocrx_word' id='word_1_28' title='bbox 1552 762 1692 817; x_wconf 90' lang='lat' dir='ltr'><strong>malo</strong></span> <span class='ocrx_word' id='word_1_29' title='bbox 1732 762 1921 833; x_wconf 86' lang='lat' dir='ltr'><strong>dignus</strong></span> <span class='ocrx_word' id='word_1_30' title='bbox 1947 769 2167 829; x_wconf 64' lang='lat' dir='ltr'><strong>aeterno,</strong></span> 
     </span>
    </p>
   </div>
   <div class='ocr_carea' id='block_1_6' title="bbox 593 852 2172 925">
    <p class='ocr_par' dir='ltr' id='par_1_6' title="bbox 593 852 2172 925">
     <span class='ocr_line' id='line_1_6' title="bbox 593 852 2172 925; baseline -0.001 -16"><span class='ocrx_word' id='word_1_31' title='bbox 593 856 684 924; x_wconf 84' lang='lat' dir='ltr'><strong>qui</strong></span> <span class='ocrx_word' id='word_1_32' title='bbox 711 855 812 909; x_wconf 87' lang='lat' dir='ltr'><strong>hoc</strong></span> <span class='ocrx_word' id='word_1_33' title='bbox 835 856 886 909; x_wconf 92' lang='lat' dir='ltr'><strong>in</strong></span> <span class='ocrx_word' id='word_1_34' title='bbox 922 870 981 911; x_wconf 91' lang='lat' dir='ltr'><strong>se</strong></span> <span class='ocrx_word' id='word_1_35' title='bbox 1004 856 1227 925; x_wconf 91' lang='lat' dir='ltr'><strong>peremit</strong></span> <span class='ocrx_word' id='word_1_36' title='bbox 1251 854 1470 918; x_wconf 92' lang='lat' dir='ltr'><strong>bonum,</strong></span> <span class='ocrx_word' id='word_1_37' title='bbox 1502 852 1641 923; x_wconf 92' lang='lat' dir='ltr'><strong>quod</strong></span> <span class='ocrx_word' id='word_1_38' title='bbox 1678 868 1798 908; x_wconf 90' lang='lat' dir='ltr'><strong>esse</strong></span> <span class='ocrx_word' id='word_1_39' title='bbox 1817 862 1996 923; x_wconf 78' lang='lat' dir='ltr'><strong>posset</strong></span> <span class='ocrx_word' id='word_1_40' title='bbox 2015 861 2172 908; x_wconf 68' lang='lat' dir='ltr'><strong>aeter-</strong></span> 
     </span>
    </p>
   </div>
   <div class='ocr_carea' id='block_1_7' title="bbox 594 942 2173 1015">
    <p class='ocr_par' dir='ltr' id='par_1_7' title="bbox 594 942 2173 1015">
     <span class='ocr_line' id='line_1_7' title="bbox 594 942 2173 1015; baseline -0.002 -15"><span class='ocrx_word' id='word_1_41' title='bbox 594 963 745 1001; x_wconf 89' lang='lat' dir='ltr'><strong>num.</strong></span> <span class='ocrx_word' id='word_1_42' title='bbox 781 946 913 1002; x_wconf 84' lang='lat' dir='ltr'><strong>Hinc</strong></span> <span class='ocrx_word' id='word_1_43' title='bbox 948 954 1032 1001; x_wconf 92' lang='lat' dir='ltr'><strong>est</strong></span> <span class='ocrx_word' id='word_1_44' title='bbox 1065 946 1308 1000; x_wconf 88' lang='lat' dir='ltr'><strong>universa</strong></span> <span class='ocrx_word' id='word_1_45' title='bbox 1337 945 1545 1015; x_wconf 84' lang='lat' dir='ltr'><strong>generis</strong></span> <span class='ocrx_word' id='word_1_46' title='bbox 1571 943 1785 998; x_wconf 88' lang='lat' dir='ltr'><strong>humani</strong></span> <span class='ocrx_word' id='word_1_47' title='bbox 1824 958 1998 998; x_wconf 90' lang='lat' dir='ltr'><strong>massa</strong></span> <span class='ocrx_word' id='word_1_48' title='bbox 2024 942 2173 998; x_wconf 88' lang='lat' dir='ltr'><strong>dam-</strong></span> 
     </span>
    </p>
   </div>
   <div class='ocr_carea' id='block_1_8' title="bbox 594 1035 2172 1108">
    <p class='ocr_par' dir='ltr' id='par_1_8' title="bbox 594 1035 2172 1108">
     <span class='ocr_line' id='line_1_8' title="bbox 594 1035 2172 1108; baseline -0.003 -16"><span class='ocrx_word' id='word_1_49' title='bbox 594 1048 716 1092; x_wconf 87' lang='lat' dir='ltr'><strong>nata</strong></span> <span class='ocrx_word' id='word_1_50' title='bbox 759 1055 774 1091; x_wconf 88' lang='lat'><strong>:</strong></span> <span class='ocrx_word' id='word_1_51' title='bbox 815 1038 1062 1108; x_wconf 93' lang='lat' dir='ltr'><strong>quoniam</strong></span> <span class='ocrx_word' id='word_1_52' title='bbox 1091 1037 1182 1107; x_wconf 88' lang='lat' dir='ltr'><strong>qui</strong></span> <span class='ocrx_word' id='word_1_53' title='bbox 1219 1037 1319 1091; x_wconf 86' lang='lat' dir='ltr'><strong>hoc</strong></span> <span class='ocrx_word' id='word_1_54' title='bbox 1351 1036 1594 1106; x_wconf 86' lang='lat' dir='ltr'><strong>primitus</strong></span> <span class='ocrx_word' id='word_1_55' title='bbox 1626 1037 1643 1068; x_wconf 84' lang='grc'>¹</span> <span class='ocrx_word' id='word_1_56' title='bbox 1681 1035 1913 1101; x_wconf 90' lang='lat' dir='ltr'><strong>admisit,</strong></span> <span class='ocrx_word' id='word_1_57' title='bbox 1955 1050 2076 1089; x_wconf 93' lang='lat' dir='ltr'><strong>cum</strong></span> <span class='ocrx_word' id='word_1_58' title='bbox 2110 1047 2172 1088; x_wconf 89' lang='lat' dir='ltr'><strong>ea</strong></span> 
     </span>
    </p>
   </div>
   <div class='ocr_carea' id='block_1_9' title="bbox 594 1126 2174 1198">
    <p class='ocr_par' dir='ltr' id='par_1_9' title="bbox 594 1126 2174 1198">
     <span class='ocr_line' id='line_1_9' title="bbox 594 1126 2174 1198; baseline -0.002 -16"><span class='ocrx_word' id='word_1_59' title='bbox 594 1144 713 1198; x_wconf 67' lang='lat' dir='ltr'><strong>qua:</strong></span> <span class='ocrx_word' id='word_1_60' title='bbox 743 1129 795 1183; x_wconf 90' lang='lat' dir='ltr'><strong>in</strong></span> <span class='ocrx_word' id='word_1_61' title='bbox 825 1129 915 1183; x_wconf 92' lang='lat' dir='ltr'><strong>illo</strong></span> <span class='ocrx_word' id='word_1_62' title='bbox 942 1128 1111 1183; x_wconf 80' lang='lat' dir='ltr'><strong>fuerat</strong></span> <span class='ocrx_word' id='word_1_63' title='bbox 1147 1127 1376 1182; x_wconf 89' lang='lat' dir='ltr'><strong>radicata</strong></span> <span class='ocrx_word' id='word_1_64' title='bbox 1414 1142 1509 1181; x_wconf 91' lang='lat' dir='ltr'><strong>sua</strong></span> <span class='ocrx_word' id='word_1_65' title='bbox 1538 1127 1703 1193; x_wconf 88' lang='lat' dir='ltr'><strong>stirpe</strong></span> <span class='ocrx_word' id='word_1_66' title='bbox 1735 1126 1947 1197; x_wconf 89' lang='lat' dir='ltr'><strong>punitus</strong></span> <span class='ocrx_word' id='word_1_67' title='bbox 1971 1133 2085 1191; x_wconf 87' lang='lat' dir='ltr'><strong>est,</strong></span> <span class='ocrx_word' id='word_1_68' title='bbox 2114 1132 2174 1181; x_wconf 80' lang='lat' dir='ltr'><strong>ut</strong></span> 
     </span>
    </p>
   </div>
   <div class='ocr_carea' id='block_1_10' title="bbox 594 1215 2173 1288">
    <p class='ocr_par' dir='ltr' id='par_1_10' title="bbox 594 1215 2173 1288">
     <span class='ocr_line' id='line_1_10' title="bbox 594 1215 2173 1288; baseline -0.001 -16"><span class='ocrx_word' id='word_1_69' title='bbox 594 1220 771 1274; x_wconf 91' lang='lat' dir='ltr'><strong>nullus</strong></span> <span class='ocrx_word' id='word_1_70' title='bbox 797 1220 864 1274; x_wconf 92' lang='lat' dir='ltr'><strong>ab</strong></span> <span class='ocrx_word' id='word_1_71' title='bbox 892 1220 993 1274; x_wconf 91' lang='lat' dir='ltr'><strong>hoc</strong></span> <span class='ocrx_word' id='word_1_72' title='bbox 1023 1220 1165 1288; x_wconf 86' lang='lat' dir='ltr'><strong>justo</strong></span> <span class='ocrx_word' id='word_1_73' title='bbox 1192 1218 1479 1286; x_wconf 86' lang='lat' dir='ltr'><strong>debitoque</strong></span> <span class='ocrx_word' id='word_1_74' title='bbox 1512 1217 1798 1287; x_wconf 90' lang='lat' dir='ltr'><strong>supplicio,</strong></span> <span class='ocrx_word' id='word_1_75' title='bbox 1839 1216 1940 1271; x_wconf 88' lang='lat' dir='ltr'><strong>nisi</strong></span> <span class='ocrx_word' id='word_1_76' title='bbox 1966 1215 2173 1271; x_wconf 85' lang='lat' dir='ltr'><strong>miseri-</strong></span> 
     </span>
    </p>
   </div>
   <div class='ocr_carea' id='block_1_11' title="bbox 595 1305 2173 1377">
    <p class='ocr_par' dir='ltr' id='par_1_11' title="bbox 595 1305 2173 1377">
     <span class='ocr_line' id='line_1_11' title="bbox 595 1305 2173 1377; baseline -0.002 -14"><span class='ocrx_word' id='word_1_77' title='bbox 595 1309 777 1363; x_wconf 89' lang='lat' dir='ltr'><strong>cordia</strong></span> <span class='ocrx_word' id='word_1_78' title='bbox 806 1316 861 1363; x_wconf 91' lang='lat' dir='ltr'><strong>et</strong></span> <span class='ocrx_word' id='word_1_79' title='bbox 892 1308 1122 1364; x_wconf 85' lang='lat' dir='ltr'><strong>indebita</strong></span> <span class='ocrx_word' id='word_1_80' title='bbox 1159 1308 1325 1377; x_wconf 85' lang='lat' dir='ltr'><strong>gratia</strong></span> <span class='ocrx_word' id='word_1_81' title='bbox 1360 1307 1644 1371; x_wconf 86' lang='lat' dir='ltr'><strong>liberetur;</strong></span> <span class='ocrx_word' id='word_1_82' title='bbox 1673 1314 1833 1375; x_wconf 90' lang='lat' dir='ltr'><strong>atque</strong></span> <span class='ocrx_word' id='word_1_83' title='bbox 1866 1306 1937 1360; x_wconf 90' lang='lat' dir='ltr'><strong>ita</strong></span> <span class='ocrx_word' id='word_1_84' title='bbox 1966 1305 2173 1375; x_wconf 87' lang='lat' dir='ltr'><strong>disper-</strong></span> 
     </span>
    </p>
   </div>
   <div class='ocr_carea' id='block_1_12' title="bbox 594 1397 2175 1473">
    <p class='ocr_par' dir='ltr' id='par_1_12' title="bbox 594 1397 2175 1473">
     <span class='ocr_line' id='line_1_12' title="bbox 594 1397 2175 1473; baseline 0 -20"><span class='ocrx_word' id='word_1_85' title='bbox 594 1399 756 1453; x_wconf 86' lang='lat' dir='ltr'><strong>tiatur</strong></span> <span class='ocrx_word' id='word_1_86' title='bbox 779 1414 943 1469; x_wconf 79' lang='lat' dir='ltr'><strong>genus</strong></span> <span class='ocrx_word' id='word_1_87' title='bbox 963 1399 1269 1465; x_wconf 87' lang='lat' dir='ltr'><strong>humanum,</strong></span> <span class='ocrx_word' id='word_1_88' title='bbox 1288 1407 1346 1473; x_wconf 88' lang='lat' dir='ltr'><strong>ut</strong></span> <span class='ocrx_word' id='word_1_89' title='bbox 1366 1398 1420 1451; x_wconf 93' lang='lat' dir='ltr'><strong>in</strong></span> <span class='ocrx_word' id='word_1_90' title='bbox 1442 1397 1755 1468; x_wconf 84' lang='lat' dir='ltr'><strong>quibusdam</strong></span> <span class='ocrx_word' id='word_1_91' title='bbox 1782 1398 2175 1453; x_wconf 84' lang='lat' dir='ltr'><strong>demonstretur</strong></span> 
     </span>
    </p>
   </div>
   <div class='ocr_carea' id='block_1_13' title="bbox 596 1486 2174 1558">
    <p class='ocr_par' dir='ltr' id='par_1_13' title="bbox 596 1486 2174 1558">
     <span class='ocr_line' id='line_1_13' title="bbox 596 1486 2174 1558; baseline -0.001 -17"><span class='ocrx_word' id='word_1_92' title='bbox 596 1488 721 1558; x_wconf 89' lang='lat' dir='ltr'><strong>quid</strong></span> <span class='ocrx_word' id='word_1_93' title='bbox 751 1490 925 1543; x_wconf 87' lang='lat' dir='ltr'><strong>valeat</strong></span> <span class='ocrx_word' id='word_1_94' title='bbox 957 1488 1261 1543; x_wconf 89' lang='lat' dir='ltr'><strong>misericors</strong></span> <span class='ocrx_word' id='word_1_95' title='bbox 1299 1487 1489 1557; x_wconf 89' lang='lat' dir='ltr'><strong>gratia,</strong></span> <span class='ocrx_word' id='word_1_96' title='bbox 1536 1488 1587 1540; x_wconf 89' lang='lat' dir='ltr'><strong>iu</strong></span> <span class='ocrx_word' id='word_1_97' title='bbox 1628 1486 1837 1541; x_wconf 63' lang='lat' dir='ltr'><strong>caeteris</strong></span> <span class='ocrx_word' id='word_1_98' title='bbox 1873 1486 1999 1557; x_wconf 83' lang='lat' dir='ltr'><strong>quid</strong></span> <span class='ocrx_word' id='word_1_99' title='bbox 2035 1486 2174 1557; x_wconf 85' lang='lat' dir='ltr'><strong>justa</strong></span> 
     </span>
    </p>
   </div>
   <div class='ocr_carea' id='block_1_14' title="bbox 595 1578 2176 1650">
    <p class='ocr_par' dir='ltr' id='par_1_14' title="bbox 595 1578 2176 1650">
     <span class='ocr_line' id='line_1_14' title="bbox 595 1578 2176 1650; baseline -0.001 -17"><span class='ocrx_word' id='word_1_100' title='bbox 595 1581 846 1636; x_wconf 81' lang='lat' dir='ltr'><strong>vindicta.</strong></span> <span class='ocrx_word' id='word_1_101' title='bbox 899 1580 1082 1650; x_wconf 85' lang='lat' dir='ltr'><strong>Neque</strong></span> <span class='ocrx_word' id='word_1_102' title='bbox 1117 1579 1259 1634; x_wconf 91' lang='lat' dir='ltr'><strong>enim</strong></span> <span class='ocrx_word' id='word_1_103' title='bbox 1303 1586 1585 1647; x_wconf 90' lang='lat' dir='ltr'><strong>utrumque</strong></span> <span class='ocrx_word' id='word_1_104' title='bbox 1624 1578 2077 1633; x_wconf 84' lang='lat' dir='ltr'><strong>demonstraretur</strong></span> <span class='ocrx_word' id='word_1_105' title='bbox 2122 1578 2176 1632; x_wconf 90' lang='lat' dir='ltr'><strong>in</strong></span> 
     </span>
    </p>
   </div>
   <div class='ocr_carea' id='block_1_15' title="bbox 596 1667 2177 1741">
    <p class='ocr_par' dir='ltr' id='par_1_15' title="bbox 596 1667 2177 1741">
     <span class='ocr_line' id='line_1_15' title="bbox 596 1667 2177 1741; baseline -0.001 -17"><span class='ocrx_word' id='word_1_106' title='bbox 596 1672 878 1725; x_wconf 88' lang='lat' dir='ltr'><strong>omnibus:</strong></span> <span class='ocrx_word' id='word_1_107' title='bbox 905 1670 1050 1741; x_wconf 87' lang='lat' dir='ltr'><strong>quia,</strong></span> <span class='ocrx_word' id='word_1_108' title='bbox 1078 1670 1123 1724; x_wconf 88' lang='lat' dir='ltr'><strong>si</strong></span> <span class='ocrx_word' id='word_1_109' title='bbox 1150 1683 1336 1724; x_wconf 92' lang='lat' dir='ltr'><strong>omnes</strong></span> <span class='ocrx_word' id='word_1_110' title='bbox 1368 1676 1705 1723; x_wconf 88' lang='lat' dir='ltr'><strong>remanerent</strong></span> <span class='ocrx_word' id='word_1_111' title='bbox 1736 1668 1788 1721; x_wconf 92' lang='lat' dir='ltr'><strong>in</strong></span> <span class='ocrx_word' id='word_1_112' title='bbox 1830 1667 2000 1737; x_wconf 72' lang='lat' dir='ltr'><strong>ptenis</strong></span> <span class='ocrx_word' id='word_1_113' title='bbox 2021 1667 2177 1737; x_wconf 69' lang='lat' dir='ltr'><strong>justas</strong></span> 
     </span>
    </p>
   </div>
   <div class='ocr_carea' id='block_1_16' title="bbox 595 1757 2177 1829">
    <p class='ocr_par' dir='ltr' id='par_1_16' title="bbox 595 1757 2177 1829">
     <span class='ocr_line' id='line_1_16' title="bbox 595 1757 2177 1829; baseline -0.002 -13"><span class='ocrx_word' id='word_1_114' title='bbox 595 1761 969 1828; x_wconf 88' lang='lat' dir='ltr'><strong>damnationis,</strong></span> <span class='ocrx_word' id='word_1_115' title='bbox 999 1762 1049 1816; x_wconf 93' lang='lat' dir='ltr'><strong>in</strong></span> <span class='ocrx_word' id='word_1_116' title='bbox 1078 1760 1224 1816; x_wconf 93' lang='lat' dir='ltr'><strong>nullo</strong></span> <span class='ocrx_word' id='word_1_117' title='bbox 1243 1767 1522 1829; x_wconf 92' lang='lat' dir='ltr'><strong>appareret</strong></span> <span class='ocrx_word' id='word_1_118' title='bbox 1546 1759 1846 1813; x_wconf 89' lang='lat' dir='ltr'><strong>misericors</strong></span> <span class='ocrx_word' id='word_1_119' title='bbox 1862 1758 2027 1828; x_wconf 88' lang='lat' dir='ltr'><strong>gratia</strong></span> <span class='ocrx_word' id='word_1_120' title='bbox 2051 1757 2177 1813; x_wconf 87' lang='lat' dir='ltr'><strong>red-</strong></span> 
     </span>
    </p>
   </div>
   <div class='ocr_carea' id='block_1_17' title="bbox 596 1848 2178 1916">
    <p class='ocr_par' dir='ltr' id='par_1_17' title="bbox 596 1848 2178 1916">
     <span class='ocr_line' id='line_1_17' title="bbox 596 1848 2178 1916; baseline -0.002 -11"><span class='ocrx_word' id='word_1_121' title='bbox 596 1852 811 1906; x_wconf 89' lang='lat' dir='ltr'><strong>imentis</strong></span> <span class='ocrx_word' id='word_1_122' title='bbox 835 1852 854 1882; x_wconf 81' lang='lat'>&#39;</span> <span class='ocrx_word' id='word_1_123' title='bbox 878 1868 893 1905; x_wconf 92' lang='lat'><strong>:</strong></span> <span class='ocrx_word' id='word_1_124' title='bbox 930 1866 1161 1916; x_wconf 89' lang='lat' dir='ltr'><strong>rursum,</strong></span> <span class='ocrx_word' id='word_1_125' title='bbox 1180 1850 1225 1904; x_wconf 91' lang='lat' dir='ltr'><strong>si</strong></span> <span class='ocrx_word' id='word_1_126' title='bbox 1246 1863 1432 1905; x_wconf 91' lang='lat' dir='ltr'><strong>omnes</strong></span> <span class='ocrx_word' id='word_1_127' title='bbox 1463 1863 1494 1903; x_wconf 92' lang='lat' dir='ltr'><strong>a</strong></span> <span class='ocrx_word' id='word_1_128' title='bbox 1514 1848 1748 1903; x_wconf 84' lang='lat' dir='ltr'><strong>tenebris</strong></span> <span class='ocrx_word' id='word_1_129' title='bbox 1765 1848 2178 1903; x_wconf 86' lang='lat' dir='ltr'><strong>transferrentur</strong></span> 
     </span>
    </p>
   </div>
   <div class='ocr_carea' id='block_1_18' title="bbox 598 1940 2178 2011">
    <p class='ocr_par' dir='ltr' id='par_1_18' title="bbox 598 1940 2178 2011">
     <span class='ocr_line' id='line_1_18' title="bbox 598 1940 2178 2011; baseline -0.003 -13"><span class='ocrx_word' id='word_1_130' title='bbox 598 1944 655 1998; x_wconf 91' lang='lat' dir='ltr'><strong>in</strong></span> <span class='ocrx_word' id='word_1_131' title='bbox 672 1944 928 2009; x_wconf 89' lang='lat' dir='ltr'><strong>lucem,in</strong></span> <span class='ocrx_word' id='word_1_132' title='bbox 944 1944 1086 1998; x_wconf 92' lang='lat' dir='ltr'><strong>nullo</strong></span> <span class='ocrx_word' id='word_1_133' title='bbox 1113 1949 1393 2011; x_wconf 86' lang='lat' dir='ltr'><strong>appareret</strong></span> <span class='ocrx_word' id='word_1_134' title='bbox 1422 1940 1715 2011; x_wconf 58' lang='lat' dir='ltr'><strong>severitas}</strong></span> <span class='ocrx_word' id='word_1_135' title='bbox 1730 1940 1963 1995; x_wconf 86' lang='lat' dir='ltr'><strong>ultionis.</strong></span> <span class='ocrx_word' id='word_1_136' title='bbox 1992 1940 2050 1996; x_wconf 92' lang='lat' dir='ltr'><strong>In</strong></span> <span class='ocrx_word' id='word_1_137' title='bbox 2075 1954 2178 2010; x_wconf 90' lang='lat' dir='ltr'><strong>qua</strong></span> 
     </span>
    </p>
   </div>
   <div class='ocr_carea' id='block_1_19' title="bbox 596 2032 2175 2105">
    <p class='ocr_par' dir='ltr' id='par_1_19' title="bbox 596 2032 2175 2105">
     <span class='ocr_line' id='line_1_19' title="bbox 596 2032 2175 2105; baseline -0.002 -16"><span class='ocrx_word' id='word_1_138' title='bbox 596 2045 876 2104; x_wconf 90' lang='lat' dir='ltr'><strong>propterea</strong></span> <span class='ocrx_word' id='word_1_139' title='bbox 897 2036 1061 2089; x_wconf 92' lang='lat' dir='ltr'><strong>multo</strong></span> <span class='ocrx_word' id='word_1_140' title='bbox 1080 2034 1261 2105; x_wconf 88' lang='lat' dir='ltr'><strong>plures</strong></span> <span class='ocrx_word' id='word_1_141' title='bbox 1285 2048 1441 2103; x_wconf 91' lang='lat' dir='ltr'><strong>quam</strong></span> <span class='ocrx_word' id='word_1_142' title='bbox 1467 2033 1519 2087; x_wconf 93' lang='lat' dir='ltr'><strong>in</strong></span> <span class='ocrx_word' id='word_1_143' title='bbox 1546 2033 1632 2087; x_wconf 91' lang='lat' dir='ltr'><strong>illa</strong></span> <span class='ocrx_word' id='word_1_144' title='bbox 1652 2040 1795 2099; x_wconf 91' lang='lat' dir='ltr'><strong>sunt,</strong></span> <span class='ocrx_word' id='word_1_145' title='bbox 1819 2040 1877 2086; x_wconf 93' lang='lat' dir='ltr'><strong>ut</strong></span> <span class='ocrx_word' id='word_1_146' title='bbox 1900 2032 1978 2086; x_wconf 91' lang='lat' dir='ltr'><strong>sic</strong></span> <span class='ocrx_word' id='word_1_147' title='bbox 1997 2040 2175 2087; x_wconf 60' lang='lat' dir='ltr'><strong>osteu.</strong></span> 
     </span>
    </p>
   </div>
   <div class='ocr_carea' id='block_1_20' title="bbox 597 2123 2178 2196">
    <p class='ocr_par' dir='ltr' id='par_1_20' title="bbox 597 2123 2178 2196">
     <span class='ocr_line' id='line_1_20' title="bbox 597 2123 2178 2196; baseline -0.003 -15"><span class='ocrx_word' id='word_1_148' title='bbox 597 2126 754 2181; x_wconf 85' lang='lat' dir='ltr'><strong>datur</strong></span> <span class='ocrx_word' id='word_1_149' title='bbox 780 2126 904 2196; x_wconf 90' lang='lat' dir='ltr'><strong>quid</strong></span> <span class='ocrx_word' id='word_1_150' title='bbox 927 2127 1175 2181; x_wconf 92' lang='lat' dir='ltr'><strong>omnibus</strong></span> <span class='ocrx_word' id='word_1_151' title='bbox 1198 2124 1501 2180; x_wconf 90' lang='lat' dir='ltr'><strong>deberetur.</strong></span> <span class='ocrx_word' id='word_1_152' title='bbox 1530 2124 1680 2192; x_wconf 84' lang='lat' dir='ltr'><strong>Quod</strong></span> <span class='ocrx_word' id='word_1_153' title='bbox 1708 2124 1753 2178; x_wconf 88' lang='lat' dir='ltr'><strong>si</strong></span> <span class='ocrx_word' id='word_1_154' title='bbox 1783 2124 2028 2179; x_wconf 90' lang='lat' dir='ltr'><strong>omnibus</strong></span> <span class='ocrx_word' id='word_1_155' title='bbox 2053 2123 2178 2178; x_wconf 91' lang='lat' dir='ltr'><strong>red-</strong></span> 
     </span>
    </p>
   </div>
   <div class='ocr_carea' id='block_1_21' title="bbox 597 2213 2178 2286">
    <p class='ocr_par' dir='ltr' id='par_1_21' title="bbox 597 2213 2178 2286">
     <span class='ocr_line' id='line_1_21' title="bbox 597 2213 2178 2286; baseline -0.002 -16"><span class='ocrx_word' id='word_1_156' title='bbox 597 2216 833 2281; x_wconf 88' lang='lat' dir='ltr'><strong>deretur,</strong></span> <span class='ocrx_word' id='word_1_157' title='bbox 872 2216 1129 2286; x_wconf 91' lang='lat' dir='ltr'><strong>justitiam</strong></span> <span class='ocrx_word' id='word_1_158' title='bbox 1166 2214 1481 2270; x_wconf 89' lang='lat' dir='ltr'><strong>vindicantis</strong></span> <span class='ocrx_word' id='word_1_159' title='bbox 1511 2214 1655 2284; x_wconf 84' lang='lat' dir='ltr'><strong>juste</strong></span> <span class='ocrx_word' id='word_1_160' title='bbox 1694 2228 1852 2269; x_wconf 90' lang='lat' dir='ltr'><strong>nemo</strong></span> <span class='ocrx_word' id='word_1_161' title='bbox 1888 2213 2178 2283; x_wconf 88' lang='lat' dir='ltr'><strong>reprehen-</strong></span> 
     </span>
    </p>
   </div>
   <div class='ocr_carea' id='block_1_22' title="bbox 599 2303 2180 2375">
    <p class='ocr_par' dir='ltr' id='par_1_22' title="bbox 599 2303 2180 2375">
     <span class='ocr_line' id='line_1_22' title="bbox 599 2303 2180 2375; baseline -0.001 -17"><span class='ocrx_word' id='word_1_162' title='bbox 599 2306 796 2360; x_wconf 87' lang='lat' dir='ltr'><strong>deret:</strong></span> <span class='ocrx_word' id='word_1_163' title='bbox 837 2306 958 2375; x_wconf 92' lang='lat' dir='ltr'><strong>quia</strong></span> <span class='ocrx_word' id='word_1_164' title='bbox 1003 2320 1131 2359; x_wconf 88' lang='lat' dir='ltr'><strong>vcro</strong></span> <span class='ocrx_word' id='word_1_165' title='bbox 1168 2313 1274 2358; x_wconf 89' lang='lat' dir='ltr'><strong>tam</strong></span> <span class='ocrx_word' id='word_1_166' title='bbox 1317 2304 1465 2358; x_wconf 91' lang='lat' dir='ltr'><strong>multi</strong></span> <span class='ocrx_word' id='word_1_167' title='bbox 1508 2303 1699 2358; x_wconf 83' lang='lat' dir='ltr'><strong>exinde</strong></span> <span class='ocrx_word' id='word_1_168' title='bbox 1742 2303 2059 2369; x_wconf 88' lang='lat' dir='ltr'><strong>liberantur,</strong></span> <span class='ocrx_word' id='word_1_169' title='bbox 2099 2310 2180 2357; x_wconf 91' lang='lat' dir='ltr'><strong>est</strong></span> 
     </span>
    </p>
   </div>
   <div class='ocr_carea' id='block_1_23' title="bbox 600 2394 2181 2467">
    <p class='ocr_par' dir='ltr' id='par_1_23' title="bbox 600 2394 2181 2467">
     <span class='ocr_line' id='line_1_23' title="bbox 600 2394 2181 2467; baseline 0.001 -18"><span class='ocrx_word' id='word_1_170' title='bbox 600 2396 741 2452; x_wconf 90' lang='lat' dir='ltr'><strong>unde</strong></span> <span class='ocrx_word' id='word_1_171' title='bbox 782 2406 1005 2467; x_wconf 79' lang='lat' dir='ltr'><strong>agantur</strong></span> <span class='ocrx_word' id='word_1_172' title='bbox 1043 2397 1287 2451; x_wconf 68' lang='lat' dir='ltr'><strong>maximae</strong></span> <span class='ocrx_word' id='word_1_173' title='bbox 1323 2396 1507 2466; x_wconf 65' lang='lat' dir='ltr'><strong>gratiae</strong></span> <span class='ocrx_word' id='word_1_174' title='bbox 1540 2396 1770 2465; x_wconf 89' lang='lat' dir='ltr'><strong>gratuito</strong></span> <span class='ocrx_word' id='word_1_175' title='bbox 1805 2395 2015 2450; x_wconf 87' lang='lat' dir='ltr'><strong>muneri</strong></span> <span class='ocrx_word' id='word_1_176' title='bbox 2048 2394 2181 2450; x_wconf 85' lang='lat' dir='ltr'><strong>libe-</strong></span> 
     </span>
    </p>
   </div>
   <div class='ocr_carea' id='block_1_24' title="bbox 600 2489 788 2543">
    <p class='ocr_par' dir='ltr' id='par_1_24' title="bbox 600 2489 788 2543">
     <span class='ocr_line' id='line_1_24' title="bbox 600 2489 788 2543; baseline 0 -2"><span class='ocrx_word' id='word_1_177' title='bbox 600 2489 788 2543; x_wconf 89' lang='lat' dir='ltr'><strong>rantis.</strong></span> 
     </span>
    </p>
   </div>
   <div class='ocr_carea' id='block_1_25' title="bbox 602 2600 2181 2672">
    <p class='ocr_par' dir='ltr' id='par_1_25' title="bbox 602 2600 2181 2672">
     <span class='ocr_line' id='line_1_25' title="bbox 602 2600 2181 2672; baseline -0.002 -15"><span class='ocrx_word' id='word_1_178' title='bbox 602 2603 827 2658; x_wconf 80' lang='lat' dir='ltr'><strong>CAPUT</strong></span> <span class='ocrx_word' id='word_1_179' title='bbox 869 2601 1003 2658; x_wconf 83' lang='lat' dir='ltr'><strong>Xlll.</strong></span> <span class='ocrx_word' id='word_1_180' title='bbox 1027 2632 1098 2645; x_wconf 89' lang='lat'><strong><em>—</em></strong></span> <span class='ocrx_word' id='word_1_181' title='bbox 1134 2600 1321 2658; x_wconf 88' lang='lat' dir='ltr'><strong>Contra</strong></span> <span class='ocrx_word' id='word_1_182' title='bbox 1360 2601 1645 2672; x_wconf 78' lang='lat' dir='ltr'><strong>opinionem</strong></span> <span class='ocrx_word' id='word_1_183' title='bbox 1674 2617 1845 2655; x_wconf 84' lang='lat' dir='ltr'><strong>eorum</strong></span> <span class='ocrx_word' id='word_1_184' title='bbox 1878 2601 1965 2671; x_wconf 87' lang='lat' dir='ltr'><strong>qui</strong></span> <span class='ocrx_word' id='word_1_185' title='bbox 2002 2608 2181 2672; x_wconf 79' lang='lat' dir='ltr'><strong>putant</strong></span> 
     </span>
    </p>
   </div>
   <div class='ocr_carea' id='block_1_26' title="bbox 669 2695 2183 2767">
    <p class='ocr_par' dir='ltr' id='par_1_26' title="bbox 669 2695 2183 2767">
     <span class='ocr_line' id='line_1_26' title="bbox 669 2695 2183 2767; baseline 0.001 -19"><span class='ocrx_word' id='word_1_186' title='bbox 669 2697 951 2750; x_wconf 77' lang='lat' dir='ltr'><strong>criminosis</strong></span> <span class='ocrx_word' id='word_1_187' title='bbox 990 2695 1241 2767; x_wconf 81' lang='lat' dir='ltr'><strong>supplicia</strong></span> <span class='ocrx_word' id='word_1_188' title='bbox 1276 2704 1387 2766; x_wconf 86' lang='lat' dir='ltr'><strong>post</strong></span> <span class='ocrx_word' id='word_1_189' title='bbox 1426 2704 1633 2749; x_wconf 87' lang='lat' dir='ltr'><strong>mortem</strong></span> <span class='ocrx_word' id='word_1_190' title='bbox 1666 2711 1820 2748; x_wconf 85' lang='lat' dir='ltr'><strong>causa</strong></span> <span class='ocrx_word' id='word_1_191' title='bbox 1869 2695 2183 2765; x_wconf 65' lang='lat' dir='ltr'><strong>purgationis</strong></span> 
     </span>
    </p>
   </div>
   <div class='ocr_carea' id='block_1_27' title="bbox 672 2786 917 2840">
    <p class='ocr_par' dir='ltr' id='par_1_27' title="bbox 672 2786 917 2840">
     <span class='ocr_line' id='line_1_27' title="bbox 672 2786 917 2840; baseline 0.008 -2"><span class='ocrx_word' id='word_1_192' title='bbox 672 2786 917 2840; x_wconf 78' lang='lat' dir='ltr'><strong>adhiberi.</strong></span> 
     </span>
    </p>
   </div>
   <div class='ocr_carea' id='block_1_28' title="bbox 674 2896 2184 2970">
    <p class='ocr_par' dir='ltr' id='par_1_28' title="bbox 674 2896 2184 2970">
     <span class='ocr_line' id='line_1_28' title="bbox 674 2896 2184 2970; baseline -0.002 -17"><span class='ocrx_word' id='word_1_193' title='bbox 674 2898 930 2953; x_wconf 91' lang='lat' dir='ltr'><strong>Platonici</strong></span> <span class='ocrx_word' id='word_1_194' title='bbox 972 2899 1220 2970; x_wconf 87' lang='lat' dir='ltr'><strong>quidem,</strong></span> <span class='ocrx_word' id='word_1_195' title='bbox 1258 2898 1496 2968; x_wconf 87' lang='lat' dir='ltr'><strong>quamvis</strong></span> <span class='ocrx_word' id='word_1_196' title='bbox 1535 2898 1793 2967; x_wconf 88' lang='lat' dir='ltr'><strong>impunita</strong></span> <span class='ocrx_word' id='word_1_197' title='bbox 1836 2896 1976 2951; x_wconf 90' lang='lat' dir='ltr'><strong>nulla</strong></span> <span class='ocrx_word' id='word_1_198' title='bbox 2019 2896 2184 2951; x_wconf 86' lang='lat' dir='ltr'><strong>velint</strong></span> 
     </span>
    </p>
   </div>
   <div class='ocr_carea' id='block_1_29' title="bbox 601 2986 2182 3057">
    <p class='ocr_par' dir='ltr' id='par_1_29' title="bbox 601 2986 2182 3057">
     <span class='ocr_line' id='line_1_29' title="bbox 601 2986 2182 3057; baseline -0.003 -14"><span class='ocrx_word' id='word_1_199' title='bbox 601 3002 720 3043; x_wconf 86' lang='lat' dir='ltr'><strong>esse</strong></span> <span class='ocrx_word' id='word_1_200' title='bbox 751 2998 985 3057; x_wconf 89' lang='lat' dir='ltr'><strong>peccata,</strong></span> <span class='ocrx_word' id='word_1_201' title='bbox 1014 2998 1189 3043; x_wconf 91' lang='lat' dir='ltr'><strong>tamen</strong></span> <span class='ocrx_word' id='word_1_202' title='bbox 1215 3003 1401 3043; x_wconf 89' lang='lat' dir='ltr'><strong>omnes</strong></span> <span class='ocrx_word' id='word_1_203' title='bbox 1430 3001 1614 3057; x_wconf 66' lang='lat' dir='ltr'><strong>puenas</strong></span> <span class='ocrx_word' id='word_1_204' title='bbox 1638 2986 2002 3042; x_wconf 88' lang='lat' dir='ltr'><strong>emendationi</strong></span> <span class='ocrx_word' id='word_1_205' title='bbox 2028 2986 2182 3040; x_wconf 89' lang='lat' dir='ltr'><strong>adbi-</strong></span> 
     </span>
    </p>
   </div>
   <div class='ocr_carea' id='block_1_30' title="bbox 600 3075 2180 3147">
    <p class='ocr_par' dir='ltr' id='par_1_30' title="bbox 600 3075 2180 3147">
     <span class='ocr_line' id='line_1_30' title="bbox 600 3075 2180 3147; baseline -0.001 -16"><span class='ocrx_word' id='word_1_206' title='bbox 600 3077 715 3131; x_wconf 88' lang='lat' dir='ltr'><strong>beri</strong></span> <span class='ocrx_word' id='word_1_207' title='bbox 747 3087 952 3147; x_wconf 86' lang='lat' dir='ltr'><strong>putant,</strong></span> <span class='ocrx_word' id='word_1_208' title='bbox 982 3078 1064 3133; x_wconf 88' lang='lat' dir='ltr'><strong>vel</strong></span> <span class='ocrx_word' id='word_1_209' title='bbox 1086 3077 1331 3132; x_wconf 87' lang='lat' dir='ltr'><strong>humanis</strong></span> <span class='ocrx_word' id='word_1_210' title='bbox 1360 3076 1582 3132; x_wconf 83' lang='lat' dir='ltr'><strong>inflictas</strong></span> <span class='ocrx_word' id='word_1_211' title='bbox 1611 3076 1833 3147; x_wconf 85' lang='lat' dir='ltr'><strong>legibus,</strong></span> <span class='ocrx_word' id='word_1_212' title='bbox 1858 3077 1941 3129; x_wconf 89' lang='lat' dir='ltr'><strong>vel</strong></span> <span class='ocrx_word' id='word_1_213' title='bbox 1966 3075 2180 3141; x_wconf 87' lang='lat' dir='ltr'><strong>divinis,</strong></span> 
     </span>
    </p>
   </div>
   <div class='ocr_carea' id='block_1_31' title="bbox 598 3165 2183 3238">
    <p class='ocr_par' dir='ltr' id='par_1_31' title="bbox 598 3165 2183 3238">
     <span class='ocr_line' id='line_1_31' title="bbox 598 3165 2183 3238; baseline 0 -17"><span class='ocrx_word' id='word_1_214' title='bbox 598 3168 712 3223; x_wconf 85' lang='lat' dir='ltr'><strong>sive</strong></span> <span class='ocrx_word' id='word_1_215' title='bbox 734 3168 787 3222; x_wconf 91' lang='lat' dir='ltr'><strong>in</strong></span> <span class='ocrx_word' id='word_1_216' title='bbox 817 3168 917 3223; x_wconf 88' lang='lat' dir='ltr'><strong>hac</strong></span> <span class='ocrx_word' id='word_1_217' title='bbox 940 3169 1068 3235; x_wconf 89' lang='lat' dir='ltr'><strong>vita,</strong></span> <span class='ocrx_word' id='word_1_218' title='bbox 1094 3169 1206 3223; x_wconf 85' lang='lat' dir='ltr'><strong>sive</strong></span> <span class='ocrx_word' id='word_1_219' title='bbox 1222 3178 1341 3238; x_wconf 85' lang='lat' dir='ltr'><strong>post</strong></span> <span class='ocrx_word' id='word_1_220' title='bbox 1367 3176 1613 3232; x_wconf 90' lang='lat' dir='ltr'><strong>mortem,</strong></span> <span class='ocrx_word' id='word_1_221' title='bbox 1641 3168 1683 3220; x_wconf 93' lang='lat' dir='ltr'><strong>si</strong></span> <span class='ocrx_word' id='word_1_222' title='bbox 1714 3176 1805 3220; x_wconf 90' lang='lat' dir='ltr'><strong>aut</strong></span> <span class='ocrx_word' id='word_1_223' title='bbox 1831 3173 2078 3236; x_wconf 91' lang='lat' dir='ltr'><strong>parcatur</strong></span> <span class='ocrx_word' id='word_1_224' title='bbox 2099 3165 2183 3221; x_wconf 88' lang='lat' dir='ltr'><strong>hic</strong></span> 
     </span>
    </p>
   </div>
   <div class='ocr_carea' id='block_1_32' title="bbox 600 3254 2183 3329">
    <p class='ocr_par' dir='ltr' id='par_1_32' title="bbox 600 3254 2183 3329">
     <span class='ocr_line' id='line_1_32' title="bbox 600 3254 2183 3329; baseline -0.003 -15"><span class='ocrx_word' id='word_1_225' title='bbox 600 3258 814 3328; x_wconf 83' lang='lat' dir='ltr'><strong>cuique,</strong></span> <span class='ocrx_word' id='word_1_226' title='bbox 836 3268 929 3313; x_wconf 90' lang='lat' dir='ltr'><strong>aut</strong></span> <span class='ocrx_word' id='word_1_227' title='bbox 960 3259 1031 3313; x_wconf 91' lang='lat' dir='ltr'><strong>ita</strong></span> <span class='ocrx_word' id='word_1_228' title='bbox 1067 3258 1326 3329; x_wconf 87' lang='lat' dir='ltr'><strong>plectatur</strong></span> <span class='ocrx_word' id='word_1_229' title='bbox 1351 3268 1407 3311; x_wconf 92' lang='lat' dir='ltr'><strong>ut</strong></span> <span class='ocrx_word' id='word_1_230' title='bbox 1434 3257 1522 3311; x_wconf 82' lang='lat' dir='ltr'><strong>hic</strong></span> <span class='ocrx_word' id='word_1_231' title='bbox 1550 3271 1659 3311; x_wconf 92' lang='lat' dir='ltr'><strong>non</strong></span> <span class='ocrx_word' id='word_1_232' title='bbox 1687 3257 2001 3325; x_wconf 80' lang='lat' dir='ltr'><strong>corrigatur.</strong></span> <span class='ocrx_word' id='word_1_233' title='bbox 2051 3254 2183 3309; x_wconf 87' lang='lat' dir='ltr'><strong>Hinc</strong></span> 
     </span>
    </p>
   </div>
   <div class='ocr_carea' id='block_1_33' title="bbox 600 3347 2185 3417">
    <p class='ocr_par' dir='ltr' id='par_1_33' title="bbox 600 3347 2185 3417">
     <span class='ocr_line' id='line_1_33' title="bbox 600 3347 2185 3417; baseline -0.003 -12"><span class='ocrx_word' id='word_1_234' title='bbox 600 3360 685 3405; x_wconf 91' lang='lat' dir='ltr'><strong>est</strong></span> <span class='ocrx_word' id='word_1_235' title='bbox 703 3351 933 3405; x_wconf 81' lang='lat' dir='ltr'><strong>Maronis</strong></span> <span class='ocrx_word' id='word_1_236' title='bbox 950 3352 1037 3405; x_wconf 89' lang='lat' dir='ltr'><strong>illa</strong></span> <span class='ocrx_word' id='word_1_237' title='bbox 1058 3352 1339 3417; x_wconf 89' lang='lat' dir='ltr'><strong>sententia,</strong></span> <span class='ocrx_word' id='word_1_238' title='bbox 1370 3350 1457 3404; x_wconf 93' lang='lat' dir='ltr'><strong>ubi</strong></span> <span class='ocrx_word' id='word_1_239' title='bbox 1485 3364 1604 3403; x_wconf 90' lang='lat' dir='ltr'><strong>cum</strong></span> <span class='ocrx_word' id='word_1_240' title='bbox 1630 3348 1851 3402; x_wconf 80' lang='lat' dir='ltr'><strong>dixisset</strong></span> <span class='ocrx_word' id='word_1_241' title='bbox 1873 3347 1939 3401; x_wconf 88' lang='lat' dir='ltr'><strong>de</strong></span> <span class='ocrx_word' id='word_1_242' title='bbox 1957 3347 2185 3401; x_wconf 83' lang='lat' dir='ltr'><strong>terrenis</strong></span> 
     </span>
    </p>
   </div>
   <div class='ocr_carea' id='block_1_34' title="bbox 604 3436 2071 3511">
    <p class='ocr_par' dir='ltr' id='par_1_34' title="bbox 604 3436 2071 3511">
     <span class='ocr_line' id='line_1_34' title="bbox 604 3436 2071 3511; baseline -0.004 -14"><span class='ocrx_word' id='word_1_243' title='bbox 604 3442 920 3511; x_wconf 87' lang='lat' dir='ltr'><strong>corporibus</strong></span> <span class='ocrx_word' id='word_1_244' title='bbox 946 3441 1382 3511; x_wconf 91' lang='lat' dir='ltr'><strong>moribundisque</strong></span> <span class='ocrx_word' id='word_1_245' title='bbox 1406 3439 1681 3502; x_wconf 89' lang='lat' dir='ltr'><strong>membris,</strong></span> <span class='ocrx_word' id='word_1_246' title='bbox 1714 3436 1853 3508; x_wconf 89' lang='lat' dir='ltr'><strong>quod</strong></span> <span class='ocrx_word' id='word_1_247' title='bbox 1882 3437 2071 3492; x_wconf 67' lang='lat' dir='ltr'><strong>animae</strong></span> 
     </span>
    </p>
   </div>
   <div class='ocr_carea' id='block_1_35' title="bbox 664 3572 2186 3637">
    <p class='ocr_par' dir='ltr' id='par_1_35' title="bbox 664 3572 2186 3637">
     <span class='ocr_line' id='line_1_35' title="bbox 664 3572 2186 3637; baseline -0.001 -12"><span class='ocrx_word' id='word_1_248' title='bbox 664 3576 781 3625; x_wconf 87' lang='lat' dir='ltr'><strong>ltinc</strong></span> <span class='ocrx_word' id='word_1_249' title='bbox 803 3581 1028 3637; x_wconf 79' lang='lat' dir='ltr'><strong>metuunt</strong></span> <span class='ocrx_word' id='word_1_250' title='bbox 1047 3576 1363 3637; x_wconf 89' lang='lat' dir='ltr'><strong>cupiuntque,</strong></span> <span class='ocrx_word' id='word_1_251' title='bbox 1388 3572 1555 3623; x_wconf 91' lang='lat' dir='ltr'><strong>dolent</strong></span> <span class='ocrx_word' id='word_1_252' title='bbox 1576 3574 1907 3636; x_wconf 80' lang='lat' dir='ltr'><strong>gaudentque,</strong></span> <span class='ocrx_word' id='word_1_253' title='bbox 1931 3585 2023 3623; x_wconf 86' lang='lat' dir='ltr'><strong>nec</strong></span> <span class='ocrx_word' id='word_1_254' title='bbox 2044 3582 2186 3623; x_wconf 83' lang='lat' dir='ltr'><strong>auras</strong></span> 
     </span>
    </p>
   </div>
   <div class='ocr_carea' id='block_1_36' title="bbox 661 3636 1847 3699">
    <p class='ocr_par' dir='ltr' id='par_1_36' title="bbox 661 3636 1847 3699">
     <span class='ocr_line' id='line_1_36' title="bbox 661 3636 1847 3699; baseline -0.003 -12"><span class='ocrx_word' id='word_1_255' title='bbox 661 3638 944 3699; x_wconf 82' lang='lat' dir='ltr'><strong>suspiciunt,</strong></span> <span class='ocrx_word' id='word_1_256' title='bbox 970 3636 1143 3687; x_wconf 71' lang='lat' dir='ltr'><strong>clausa:</strong></span> <span class='ocrx_word' id='word_1_257' title='bbox 1166 3636 1386 3687; x_wconf 79' lang='lat' dir='ltr'><strong>tenebris</strong></span> <span class='ocrx_word' id='word_1_258' title='bbox 1409 3642 1461 3686; x_wconf 87' lang='lat' dir='ltr'><strong>et</strong></span> <span class='ocrx_word' id='word_1_259' title='bbox 1480 3648 1676 3686; x_wconf 86' lang='lat' dir='ltr'><strong>carcere</strong></span> <span class='ocrx_word' id='word_1_260' title='bbox 1697 3648 1847 3695; x_wconf 61' lang='lat' dir='ltr'><strong>caeco;</strong></span> 
     </span>
    </p>
   </div>
   <div class='ocr_carea' id='block_1_37' title="bbox 606 3743 1420 3814">
    <p class='ocr_par' dir='ltr' id='par_1_37' title="bbox 606 3743 1420 3814">
     <span class='ocr_line' id='line_1_37' title="bbox 606 3743 1420 3814; baseline -0.004 -15"><span class='ocrx_word' id='word_1_261' title='bbox 606 3753 822 3799; x_wconf 89' lang='lat' dir='ltr'><strong>secutus</strong></span> <span class='ocrx_word' id='word_1_262' title='bbox 844 3743 1103 3814; x_wconf 82' lang='lat' dir='ltr'><strong>adjunxit,</strong></span> <span class='ocrx_word' id='word_1_263' title='bbox 1126 3753 1284 3814; x_wconf 89' lang='lat' dir='ltr'><strong>atque</strong></span> <span class='ocrx_word' id='word_1_264' title='bbox 1303 3744 1378 3797; x_wconf 91' lang='lat' dir='ltr'><strong>ait</strong></span> <span class='ocrx_word' id='word_1_265' title='bbox 1408 3760 1420 3797; x_wconf 89' lang='lat'><strong>:</strong></span> 
     </span>
    </p>
   </div>
   <div class='ocr_carea' id='block_1_38' title="bbox 663 3875 1814 3941">
    <p class='ocr_par' dir='ltr' id='par_1_38' title="bbox 663 3875 1814 3941">
     <span class='ocr_line' id='line_1_38' title="bbox 663 3875 1814 3941; baseline 0.001 -16"><span class='ocrx_word' id='word_1_266' title='bbox 663 3877 784 3937; x_wconf 86' lang='lat' dir='ltr'><strong>Quin</strong></span> <span class='ocrx_word' id='word_1_267' title='bbox 808 3883 859 3928; x_wconf 89' lang='lat' dir='ltr'><strong>et</strong></span> <span class='ocrx_word' id='word_1_268' title='bbox 880 3889 1109 3941; x_wconf 83' lang='lat' dir='ltr'><strong>supremo</strong></span> <span class='ocrx_word' id='word_1_269' title='bbox 1130 3890 1240 3927; x_wconf 88' lang='lat' dir='ltr'><strong>cum</strong></span> <span class='ocrx_word' id='word_1_270' title='bbox 1262 3875 1447 3927; x_wconf 89' lang='lat' dir='ltr'><strong>lumine</strong></span> <span class='ocrx_word' id='word_1_271' title='bbox 1470 3878 1567 3927; x_wconf 90' lang='lat' dir='ltr'><strong>vita</strong></span> <span class='ocrx_word' id='word_1_272' title='bbox 1587 3877 1814 3940; x_wconf 87' lang='lat' dir='ltr'><strong>reliquit;</strong></span> 
     </span>
    </p>
   </div>
   <div class='ocr_carea' id='block_1_39' title="bbox 606 3979 2005 4052">
    <p class='ocr_par' dir='ltr' id='par_1_39' title="bbox 606 3979 2005 4052">
     <span class='ocr_line' id='line_1_39' title="bbox 606 3979 2005 4052; baseline -0.001 -15"><span class='ocrx_word' id='word_1_273' title='bbox 606 3979 661 4037; x_wconf 81' lang='lat' dir='ltr'><strong>id</strong></span> <span class='ocrx_word' id='word_1_274' title='bbox 683 3989 783 4047; x_wconf 88' lang='lat' dir='ltr'><strong>est,</strong></span> <span class='ocrx_word' id='word_1_275' title='bbox 815 3994 936 4036; x_wconf 91' lang='lat' dir='ltr'><strong>cum</strong></span> <span class='ocrx_word' id='word_1_276' title='bbox 962 3980 1049 4037; x_wconf 91' lang='lat' dir='ltr'><strong>die</strong></span> <span class='ocrx_word' id='word_1_277' title='bbox 1078 3980 1367 4036; x_wconf 92' lang='lat' dir='ltr'><strong>novissimo</strong></span> <span class='ocrx_word' id='word_1_278' title='bbox 1396 3982 1611 4052; x_wconf 87' lang='lat' dir='ltr'><strong>reliquit</strong></span> <span class='ocrx_word' id='word_1_279' title='bbox 1631 3998 1720 4037; x_wconf 88' lang='lat' dir='ltr'><strong>eas</strong></span> <span class='ocrx_word' id='word_1_280' title='bbox 1750 3983 1849 4037; x_wconf 90' lang='lat' dir='ltr'><strong>ista</strong></span> <span class='ocrx_word' id='word_1_281' title='bbox 1878 3981 2005 4036; x_wconf 90' lang='lat' dir='ltr'><strong>vita.</strong></span> 
     </span>
    </p>
   </div>
   <div class='ocr_carea' id='block_1_40' title="bbox 664 4114 2187 4225">
    <p class='ocr_par' dir='ltr' id='par_1_40' title="bbox 664 4114 2187 4225">
     <span class='ocr_line' id='line_1_40' title="bbox 664 4114 2187 4225; baseline 0.003 -63"><span class='ocrx_word' id='word_1_282' title='bbox 664 4119 764 4163; x_wconf 82' lang='lat' dir='ltr'><strong>Non</strong></span> <span class='ocrx_word' id='word_1_283' title='bbox 785 4116 1000 4225; x_wconf 43' lang='lat' dir='ltr'><strong>turgentis3</strong></span> <span class='ocrx_word' id='word_1_284' title='bbox 1010 4116 1197 4179; x_wconf 82' lang='lat' dir='ltr'><strong>inquit)</strong></span> <span class='ocrx_word' id='word_1_285' title='bbox 1220 4128 1363 4166; x_wconf 87' lang='lat' dir='ltr'><strong>omne</strong></span> <span class='ocrx_word' id='word_1_286' title='bbox 1396 4114 1573 4165; x_wconf 90' lang='lat' dir='ltr'><strong>malum</strong></span> <span class='ocrx_word' id='word_1_287' title='bbox 1596 4116 1803 4178; x_wconf 86' lang='lat' dir='ltr'><strong>miseris,</strong></span> <span class='ocrx_word' id='word_1_288' title='bbox 1844 4128 1939 4166; x_wconf 89' lang='lat' dir='ltr'><strong>nec</strong></span> <span class='ocrx_word' id='word_1_289' title='bbox 1974 4114 2187 4167; x_wconf 84' lang='lat' dir='ltr'><strong>funditus</strong></span> 
     </span>
     <span class='ocr_line' id='line_1_41' title="bbox 887 4191 1029 4225; baseline 0.014 -2"><span class='ocrx_word' id='word_1_290' title='bbox 887 4191 932 4223; x_wconf 82' lang='grc' dir='ltr'><strong>ιιι</strong></span> <span class='ocrx_word' id='word_1_291' title='bbox 1003 4191 1029 4225; x_wconf 91' lang='lat' dir='ltr'><strong>s</strong></span> 
     </span>
    </p>
   </div>
   <div class='ocr_carea' id='block_1_41' title="bbox 887 4191 1029 4226">
    <p class='ocr_par' dir='ltr' id='par_1_41' title="bbox 887 4191 1029 4226">
     <span class='ocr_line' id='line_1_42' title="bbox 887 4191 1029 4226; baseline 0.021 -3"><span class='ocrx_word' id='word_1_292' title='bbox 887 4191 1029 4226; x_wconf 87' lang='lat' dir='ltr'><strong>mnes</strong></span> 
     </span>
    </p>
   </div>
   <div class='ocr_carea' id='block_1_42' title="bbox 666 4237 2049 4301">
    <p class='ocr_par' dir='ltr' id='par_1_42' title="bbox 666 4237 2049 4301">
     <span class='ocr_line' id='line_1_43' title="bbox 666 4237 2049 4301; baseline 0.004 -19"><span class='ocrx_word' id='word_1_293' title='bbox 666 4241 918 4301; x_wconf 56' lang='grc' dir='ltr'><strong>(ἰθείῃσι-επ</strong></span> <span class='ocrx_word' id='word_1_294' title='bbox 943 4237 1188 4287; x_wconf 85' lang='lat' dir='ltr'><strong>excedunt</strong></span> <span class='ocrx_word' id='word_1_295' title='bbox 1209 4245 1394 4301; x_wconf 85' lang='lat' dir='ltr'><strong>pestes,</strong></span> <span class='ocrx_word' id='word_1_296' title='bbox 1420 4240 1717 4301; x_wconf 87' lang='lat' dir='ltr'><strong>penitusque</strong></span> <span class='ocrx_word' id='word_1_297' title='bbox 1740 4249 1948 4288; x_wconf 82' lang='lat' dir='ltr'><strong>necesse</strong></span> <span class='ocrx_word' id='word_1_298' title='bbox 1972 4246 2049 4289; x_wconf 89' lang='lat' dir='ltr'><strong>est</strong></span> 
     </span>
    </p>
   </div>
   <div class='ocr_carea' id='block_1_43' title="bbox 665 4295 1800 4349">
    <p class='ocr_par' dir='ltr' id='par_1_43' title="bbox 665 4295 1800 4349">
     <span class='ocr_line' id='line_1_44' title="bbox 665 4295 1800 4349; baseline 0.002 -4"><span class='ocrx_word' id='word_1_299' title='bbox 665 4295 811 4345; x_wconf 66' lang='lat' dir='ltr'><strong>Multa</strong></span> <span class='ocrx_word' id='word_1_300' title='bbox 827 4298 911 4345; x_wconf 90' lang='lat' dir='ltr'><strong>diu</strong></span> <span class='ocrx_word' id='word_1_301' title='bbox 932 4306 1157 4347; x_wconf 83' lang='lat' dir='ltr'><strong>concreta</strong></span> <span class='ocrx_word' id='word_1_302' title='bbox 1180 4295 1333 4347; x_wconf 83' lang='lat' dir='ltr'><strong>modis</strong></span> <span class='ocrx_word' id='word_1_303' title='bbox 1352 4295 1800 4349; x_wconf 66' lang='lat' dir='ltr'><strong>inolescere&#39;miris.</strong></span> 
     </span>
    </p>
   </div>
   <div class='ocr_carea' id='block_1_44' title="bbox 663 4359 1913 4421">
    <p class='ocr_par' dir='ltr' id='par_1_44' title="bbox 663 4359 1913 4421">
     <span class='ocr_line' id='line_1_45' title="bbox 663 4359 1913 4421; baseline 0.005 -18"><span class='ocrx_word' id='word_1_304' title='bbox 663 4362 1112 4421; x_wconf 72' lang='lat' dir='ltr'><strong>Ergocxercentur</strong></span> <span class='ocrx_word' id='word_1_305' title='bbox 1130 4361 1307 4421; x_wconf 64' lang='lat' dir='ltr'><strong>poenis,</strong></span> <span class='ocrx_word' id='word_1_306' title='bbox 1330 4368 1654 4421; x_wconf 82' lang='lat' dir='ltr'><strong>veterumque</strong></span> <span class='ocrx_word' id='word_1_307' title='bbox 1678 4359 1913 4409; x_wconf 89' lang='lat' dir='ltr'><strong>malorum</strong></span> 
     </span>
    </p>
   </div>
   <div class='ocr_carea' id='block_1_45' title="bbox 664 4417 1862 4480">
    <p class='ocr_par' dir='ltr' id='par_1_45' title="bbox 664 4417 1862 4480">
     <span class='ocr_line' id='line_1_46' title="bbox 664 4417 1862 4480; baseline 0.002 -14"><span class='ocrx_word' id='word_1_308' title='bbox 664 4417 899 4478; x_wconf 80' lang='lat' dir='ltr'><strong>Supplicia</strong></span> <span class='ocrx_word' id='word_1_309' title='bbox 922 4417 1205 4480; x_wconf 79' lang='lat' dir='ltr'><strong>expendunt</strong></span> <span class='ocrx_word' id='word_1_310' title='bbox 1229 4433 1241 4467; x_wconf 90' lang='lat'>:</span> <span class='ocrx_word' id='word_1_311' title='bbox 1268 4418 1376 4468; x_wconf 71' lang='lat' dir='ltr'><strong>alia:</strong></span> <span class='ocrx_word' id='word_1_312' title='bbox 1398 4417 1668 4480; x_wconf 75' lang='lat' dir='ltr'><strong>panduntur</strong></span> <span class='ocrx_word' id='word_1_313' title='bbox 1691 4422 1862 4468; x_wconf 84' lang='lat' dir='ltr'><strong>inanes</strong></span> 
     </span>
    </p>
   </div>
   <div class='ocr_carea' id='block_1_46' title="bbox 664 4480 1836 4542">
    <p class='ocr_par' dir='ltr' id='par_1_46' title="bbox 664 4480 1836 4542">
     <span class='ocr_line' id='line_1_47' title="bbox 664 4480 1836 4542; baseline 0.003 -16"><span class='ocrx_word' id='word_1_314' title='bbox 664 4486 920 4542; x_wconf 63' lang='lat' dir='ltr'><strong>suspensae</strong></span> <span class='ocrx_word' id='word_1_315' title='bbox 941 4480 999 4542; x_wconf 86' lang='lat' dir='ltr'><strong>ad</strong></span> <span class='ocrx_word' id='word_1_316' title='bbox 1024 4488 1212 4542; x_wconf 83' lang='lat' dir='ltr'><strong>ventos,</strong></span> <span class='ocrx_word' id='word_1_317' title='bbox 1238 4480 1344 4530; x_wconf 89' lang='lat' dir='ltr'><strong>aliis</strong></span> <span class='ocrx_word' id='word_1_318' title='bbox 1366 4482 1458 4529; x_wconf 88' lang='lat' dir='ltr'><strong>sub</strong></span> <span class='ocrx_word' id='word_1_319' title='bbox 1480 4483 1677 4542; x_wconf 79' lang='lat' dir='ltr'><strong>gurgite</strong></span> <span class='ocrx_word' id='word_1_320' title='bbox 1701 4489 1836 4529; x_wconf 85' lang='lat' dir='ltr'><strong>vasto</strong></span> 
     </span>
    </p>
   </div>
   <div class='ocr_carea' id='block_1_47' title="bbox 667 4540 1786 4601">
    <p class='ocr_par' dir='ltr' id='par_1_47' title="bbox 667 4540 1786 4601">
     <span class='ocr_line' id='line_1_48' title="bbox 667 4540 1786 4601; baseline 0.001 -12"><span class='ocrx_word' id='word_1_321' title='bbox 667 4540 899 4591; x_wconf 80' lang='lat' dir='ltr'><strong>Infectum</strong></span> <span class='ocrx_word' id='word_1_322' title='bbox 922 4540 1101 4592; x_wconf 88' lang='lat' dir='ltr'><strong>eluitur</strong></span> <span class='ocrx_word' id='word_1_323' title='bbox 1118 4541 1296 4601; x_wconf 88' lang='lat' dir='ltr'><strong>scelus,</strong></span> <span class='ocrx_word' id='word_1_324' title='bbox 1314 4549 1396 4590; x_wconf 88' lang='lat' dir='ltr'><strong>aut</strong></span> <span class='ocrx_word' id='word_1_325' title='bbox 1421 4540 1641 4589; x_wconf 70' lang='lat' dir='ltr'><strong>exuritur</strong></span> <span class='ocrx_word' id='word_1_326' title='bbox 1667 4542 1786 4601; x_wconf 81' lang='lat' dir='ltr'><strong>igni.</strong></span> 
     </span>
    </p>
   </div>
   <div class='ocr_carea' id='block_1_48' title="bbox 1193 4601 1919 4666">
    <p class='ocr_par' dir='ltr' id='par_1_48' title="bbox 1193 4601 1919 4666">
     <span class='ocr_line' id='line_1_49' title="bbox 1193 4601 1919 4666; baseline -0.006 -11"><span class='ocrx_word' id='word_1_327' title='bbox 1193 4602 1401 4666; x_wconf 69' lang='grc' dir='ltr'><strong>(ιεηεὶά.</strong></span> <span class='ocrx_word' id='word_1_328' title='bbox 1426 4602 1509 4653; x_wconf 82' lang='lat' dir='ltr'><strong>tib.</strong></span> <span class='ocrx_word' id='word_1_329' title='bbox 1533 4604 1580 4663; x_wconf 89' lang='lat'><strong>6,</strong></span> <span class='ocrx_word' id='word_1_330' title='bbox 1599 4615 1643 4652; x_wconf 86' lang='grc' dir='ltr'><strong>υ.</strong></span> <span class='ocrx_word' id='word_1_331' title='bbox 1668 4601 1919 4666; x_wconf 68' lang='lat'><strong>733-742.)</strong></span> 
     </span>
    </p>
   </div>
   <div class='ocr_carea' id='block_1_49' title="bbox 580 4705 2190 4779">
    <p class='ocr_par' dir='ltr' id='par_1_49' title="bbox 580 4705 2190 4779">
     <span class='ocr_line' id='line_1_50' title="bbox 580 4705 2190 4779; baseline 0.001 -18"><span class='ocrx_word' id='word_1_332' title='bbox 580 4705 707 4772; x_wconf 76' lang='lat' dir='ltr'><strong>Qui</strong></span> <span class='ocrx_word' id='word_1_333' title='bbox 731 4706 833 4761; x_wconf 91' lang='lat' dir='ltr'><strong>hoc</strong></span> <span class='ocrx_word' id='word_1_334' title='bbox 854 4707 1159 4778; x_wconf 83' lang='lat' dir='ltr'><strong>Opinantur,</strong></span> <span class='ocrx_word' id='word_1_335' title='bbox 1188 4708 1359 4763; x_wconf 90' lang='lat' dir='ltr'><strong>nullas</strong></span> <span class='ocrx_word' id='word_1_336' title='bbox 1389 4723 1572 4778; x_wconf 89' lang='lat' dir='ltr'><strong>poenas</strong></span> <span class='ocrx_word' id='word_1_337' title='bbox 1598 4707 1701 4762; x_wconf 90' lang='lat' dir='ltr'><strong>nisi</strong></span> <span class='ocrx_word' id='word_1_338' title='bbox 1737 4708 2068 4779; x_wconf 80' lang='lat' dir='ltr'><strong>purgatorias</strong></span> <span class='ocrx_word' id='word_1_339' title='bbox 2094 4723 2190 4762; x_wconf 81' lang='lat' dir='ltr'><strong>vo-</strong></span> 
     </span>
    </p>
   </div>
   <div class='ocr_carea' id='block_1_50' title="bbox 606 4796 2189 4869">
    <p class='ocr_par' dir='ltr' id='par_1_50' title="bbox 606 4796 2189 4869">
     <span class='ocr_line' id='line_1_51' title="bbox 606 4796 2189 4869; baseline 0.001 -19"><span class='ocrx_word' id='word_1_340' title='bbox 606 4796 723 4851; x_wconf 91' lang='lat' dir='ltr'><strong>lunt</strong></span> <span class='ocrx_word' id='word_1_341' title='bbox 759 4812 878 4853; x_wconf 82' lang='lat' dir='ltr'><strong>esse</strong></span> <span class='ocrx_word' id='word_1_342' title='bbox 910 4807 1029 4868; x_wconf 86' lang='lat' dir='ltr'><strong>post</strong></span> <span class='ocrx_word' id='word_1_343' title='bbox 1067 4808 1314 4865; x_wconf 86' lang='lat' dir='ltr'><strong>mortem,</strong></span> <span class='ocrx_word' id='word_1_344' title='bbox 1349 4808 1407 4853; x_wconf 91' lang='lat' dir='ltr'><strong>ut</strong></span> <span class='ocrx_word' id='word_1_345' title='bbox 1441 4801 1691 4869; x_wconf 90' lang='lat' dir='ltr'><strong>quoniam</strong></span> <span class='ocrx_word' id='word_1_346' title='bbox 1720 4800 1877 4855; x_wconf 86' lang='lat' dir='ltr'><strong>terris</strong></span> <span class='ocrx_word' id='word_1_347' title='bbox 1913 4799 2189 4868; x_wconf 88' lang='lat' dir='ltr'><strong>superiora</strong></span> 
     </span>
    </p>
   </div>
   <div class='ocr_carea' id='block_1_51' title="bbox 605 4889 2187 4960">
    <p class='ocr_par' dir='ltr' id='par_1_51' title="bbox 605 4889 2187 4960">
     <span class='ocr_line' id='line_1_52' title="bbox 605 4889 2187 4960; baseline 0.001 -19"><span class='ocrx_word' id='word_1_348' title='bbox 605 4898 731 4943; x_wconf 86' lang='lat' dir='ltr'><strong>sunt</strong></span> <span class='ocrx_word' id='word_1_349' title='bbox 774 4889 1065 4956; x_wconf 88' lang='lat' dir='ltr'><strong>elementa,</strong></span> <span class='ocrx_word' id='word_1_350' title='bbox 1108 4904 1263 4959; x_wconf 86' lang='lat' dir='ltr'><strong>aqua,</strong></span> <span class='ocrx_word' id='word_1_351' title='bbox 1302 4905 1415 4955; x_wconf 93' lang='lat' dir='ltr'><strong>aer,</strong></span> <span class='ocrx_word' id='word_1_352' title='bbox 1456 4891 1610 4960; x_wconf 86' lang='lat' dir='ltr'><strong>ignis,</strong></span> <span class='ocrx_word' id='word_1_353' title='bbox 1652 4906 1717 4945; x_wconf 83' lang='lat' dir='ltr'><strong>ex</strong></span> <span class='ocrx_word' id='word_1_354' title='bbox 1756 4890 1935 4959; x_wconf 91' lang='lat' dir='ltr'><strong>aliquo</strong></span> <span class='ocrx_word' id='word_1_355' title='bbox 1966 4890 2187 4944; x_wconf 88' lang='lat' dir='ltr'><strong>istorum</strong></span> 
     </span>
    </p>
   </div>
   <div class='ocr_carea' id='block_1_52' title="bbox 604 4980 2191 5053">
    <p class='ocr_par' dir='ltr' id='par_1_52' title="bbox 604 4980 2191 5053">
     <span class='ocr_line' id='line_1_53' title="bbox 604 4980 2191 5053; baseline 0.001 -18"><span class='ocrx_word' id='word_1_356' title='bbox 604 4980 892 5036; x_wconf 90' lang='lat' dir='ltr'><strong>mundetur</strong></span> <span class='ocrx_word' id='word_1_357' title='bbox 933 4997 1028 5051; x_wconf 93' lang='lat' dir='ltr'><strong>per</strong></span> <span class='ocrx_word' id='word_1_358' title='bbox 1051 4983 1372 5051; x_wconf 82' lang='lat' dir='ltr'><strong>expiatorias</strong></span> <span class='ocrx_word' id='word_1_359' title='bbox 1402 4997 1620 5052; x_wconf 66' lang='lat' dir='ltr'><strong>prunas,</strong></span> <span class='ocrx_word' id='word_1_360' title='bbox 1642 4983 1792 5053; x_wconf 89' lang='lat' dir='ltr'><strong>quod</strong></span> <span class='ocrx_word' id='word_1_361' title='bbox 1819 4990 2027 5038; x_wconf 83' lang='lat' dir='ltr'><strong>terrena</strong></span> <span class='ocrx_word' id='word_1_362' title='bbox 2061 4996 2191 5036; x_wconf 81' lang='lat' dir='ltr'><strong>con-</strong></span> 
     </span>
    </p>
   </div>
   <div class='ocr_carea' id='block_1_53' title="bbox 605 5071 2191 5143">
    <p class='ocr_par' dir='ltr' id='par_1_53' title="bbox 605 5071 2191 5143">
     <span class='ocr_line' id='line_1_54' title="bbox 605 5071 2191 5143; baseline 0.002 -19"><span class='ocrx_word' id='word_1_363' title='bbox 605 5071 816 5140; x_wconf 79' lang='lat' dir='ltr'><strong>tagione</strong></span> <span class='ocrx_word' id='word_1_364' title='bbox 864 5082 1194 5127; x_wconf 89' lang='lat' dir='ltr'><strong>contractum</strong></span> <span class='ocrx_word' id='word_1_365' title='bbox 1231 5082 1335 5127; x_wconf 89' lang='lat' dir='ltr'><strong>cst.</strong></span> <span class='ocrx_word' id='word_1_366' title='bbox 1364 5074 1474 5128; x_wconf 85' lang='lat' dir='ltr'><strong>Aer</strong></span> <span class='ocrx_word' id='word_1_367' title='bbox 1513 5074 1709 5143; x_wconf 90' lang='lat' dir='ltr'><strong>quippe</strong></span> <span class='ocrx_word' id='word_1_368' title='bbox 1746 5074 2002 5143; x_wconf 89' lang='lat' dir='ltr'><strong>accipitur</strong></span> <span class='ocrx_word' id='word_1_369' title='bbox 2036 5074 2088 5127; x_wconf 93' lang='lat' dir='ltr'><strong>in</strong></span> <span class='ocrx_word' id='word_1_370' title='bbox 2124 5086 2191 5127; x_wconf 89' lang='lat' dir='ltr'><strong>eo</strong></span> 
     </span>
    </p>
   </div>
   <div class='ocr_carea' id='block_1_54' title="bbox 603 5162 2187 5234">
    <p class='ocr_par' dir='ltr' id='par_1_54' title="bbox 603 5162 2187 5234">
     <span class='ocr_line' id='line_1_55' title="bbox 603 5162 2187 5234; baseline 0.001 -20"><span class='ocrx_word' id='word_1_371' title='bbox 603 5163 744 5231; x_wconf 91' lang='lat' dir='ltr'><strong>quod</strong></span> <span class='ocrx_word' id='word_1_372' title='bbox 779 5164 871 5228; x_wconf 89' lang='lat' dir='ltr'><strong>ait,</strong></span> <span class='ocrx_word' id='word_1_373' title='bbox 905 5162 1180 5233; x_wconf 79' lang='lat' dir='ltr'><strong>Suspensa:</strong></span> <span class='ocrx_word' id='word_1_374' title='bbox 1203 5163 1271 5217; x_wconf 87' lang='lat' dir='ltr'><strong>ad</strong></span> <span class='ocrx_word' id='word_1_375' title='bbox 1297 5174 1464 5219; x_wconf 84' lang='lat' dir='ltr'><strong>ventos</strong></span> <span class='ocrx_word' id='word_1_376' title='bbox 1502 5180 1521 5218; x_wconf 90' lang='lat'><strong><em>:</em></strong></span> <span class='ocrx_word' id='word_1_377' title='bbox 1547 5178 1682 5234; x_wconf 90' lang='lat' dir='ltr'><strong>aqua</strong></span> <span class='ocrx_word' id='word_1_378' title='bbox 1722 5164 1777 5218; x_wconf 87' lang='lat' dir='ltr'><strong>in</strong></span> <span class='ocrx_word' id='word_1_379' title='bbox 1818 5177 1884 5218; x_wconf 89' lang='lat' dir='ltr'><strong>eo</strong></span> <span class='ocrx_word' id='word_1_380' title='bbox 1919 5162 2061 5233; x_wconf 91' lang='lat' dir='ltr'><strong>quod</strong></span> <span class='ocrx_word' id='word_1_381' title='bbox 2093 5162 2187 5229; x_wconf 88' lang='lat' dir='ltr'><strong>ait,</strong></span> 
     </span>
    </p>
   </div>
   <div class='ocr_carea' id='block_1_55' title="bbox 606 5252 2191 5325">
    <p class='ocr_par' dir='ltr' id='par_1_55' title="bbox 606 5252 2191 5325">
     <span class='ocr_line' id='line_1_56' title="bbox 606 5252 2191 5325; baseline 0.001 -18"><span class='ocrx_word' id='word_1_382' title='bbox 606 5252 713 5307; x_wconf 86' lang='lat' dir='ltr'><strong>Sub</strong></span> <span class='ocrx_word' id='word_1_383' title='bbox 735 5254 933 5324; x_wconf 83' lang='lat' dir='ltr'><strong>gurgite</strong></span> <span class='ocrx_word' id='word_1_384' title='bbox 953 5264 1093 5308; x_wconf 82' lang='lat' dir='ltr'><strong>vasto</strong></span> <span class='ocrx_word' id='word_1_385' title='bbox 1120 5271 1138 5308; x_wconf 88' lang='lat'><em>:</em></span> <span class='ocrx_word' id='word_1_386' title='bbox 1162 5256 1299 5325; x_wconf 89' lang='lat' dir='ltr'><strong>ignis</strong></span> <span class='ocrx_word' id='word_1_387' title='bbox 1316 5265 1494 5309; x_wconf 85' lang='lat' dir='ltr'><strong>autem</strong></span> <span class='ocrx_word' id='word_1_388' title='bbox 1528 5271 1624 5310; x_wconf 90' lang='lat' dir='ltr'><strong>suo</strong></span> <span class='ocrx_word' id='word_1_389' title='bbox 1658 5254 1874 5309; x_wconf 91' lang='lat' dir='ltr'><strong>nomine</strong></span> <span class='ocrx_word' id='word_1_390' title='bbox 1906 5268 2191 5325; x_wconf 78' lang='lat' dir='ltr'><strong>expressus</strong></span> 
     </span>
    </p>
   </div>
   <div class='ocr_carea' id='block_1_56' title="bbox 605 5346 2190 5417">
    <p class='ocr_par' dir='ltr' id='par_1_56' title="bbox 605 5346 2190 5417">
     <span class='ocr_line' id='line_1_57' title="bbox 605 5346 2190 5417; baseline 0 -18"><span class='ocrx_word' id='word_1_391' title='bbox 605 5354 710 5412; x_wconf 90' lang='lat' dir='ltr'><strong>est,</strong></span> <span class='ocrx_word' id='word_1_392' title='bbox 742 5362 864 5401; x_wconf 90' lang='lat' dir='ltr'><strong>cum</strong></span> <span class='ocrx_word' id='word_1_393' title='bbox 890 5347 1044 5410; x_wconf 81' lang='lat' dir='ltr'><strong>dixit,</strong></span> <span class='ocrx_word' id='word_1_394' title='bbox 1078 5348 1180 5402; x_wconf 85' lang='lat' dir='ltr'><strong>Aut</strong></span> <span class='ocrx_word' id='word_1_395' title='bbox 1215 5349 1441 5401; x_wconf 65' lang='lat' dir='ltr'><strong>exuritur</strong></span> <span class='ocrx_word' id='word_1_396' title='bbox 1478 5348 1604 5417; x_wconf 86' lang='lat' dir='ltr'><strong>igni.</strong></span> <span class='ocrx_word' id='word_1_397' title='bbox 1647 5347 1755 5401; x_wconf 85' lang='lat' dir='ltr'><strong>Nos</strong></span> <span class='ocrx_word' id='word_1_398' title='bbox 1788 5361 1915 5401; x_wconf 87' lang='lat' dir='ltr'><strong>vero</strong></span> <span class='ocrx_word' id='word_1_399' title='bbox 1942 5347 2100 5401; x_wconf 89' lang='lat' dir='ltr'><strong>etiam</strong></span> <span class='ocrx_word' id='word_1_400' title='bbox 2134 5346 2190 5400; x_wconf 93' lang='lat' dir='ltr'><strong>in</strong></span> 
     </span>
    </p>
   </div>
   <div class='ocr_carea' id='block_1_57' title="bbox 610 5437 2189 5510">
    <p class='ocr_par' dir='ltr' id='par_1_57' title="bbox 610 5437 2189 5510">
     <span class='ocr_line' id='line_1_58' title="bbox 610 5437 2189 5510; baseline 0.001 -21"><span class='ocrx_word' id='word_1_401' title='bbox 610 5437 711 5492; x_wconf 85' lang='lat' dir='ltr'><strong>hac</strong></span> <span class='ocrx_word' id='word_1_402' title='bbox 733 5439 945 5507; x_wconf 89' lang='lat' dir='ltr'><strong>quidem</strong></span> <span class='ocrx_word' id='word_1_403' title='bbox 973 5440 1180 5493; x_wconf 86' lang='lat' dir='ltr'><strong>mortali</strong></span> <span class='ocrx_word' id='word_1_404' title='bbox 1209 5442 1315 5493; x_wconf 91' lang='lat' dir='ltr'><strong>vita</strong></span> <span class='ocrx_word' id='word_1_405' title='bbox 1341 5454 1461 5494; x_wconf 90' lang='lat' dir='ltr'><strong>esse</strong></span> <span class='ocrx_word' id='word_1_406' title='bbox 1487 5440 1741 5510; x_wconf 89' lang='lat' dir='ltr'><strong>quasdam</strong></span> <span class='ocrx_word' id='word_1_407' title='bbox 1777 5453 1961 5510; x_wconf 68' lang='lat' dir='ltr'><strong>prunas</strong></span> <span class='ocrx_word' id='word_1_408' title='bbox 1994 5453 2189 5510; x_wconf 91' lang='lat' dir='ltr'><strong>purga-</strong></span> 
     </span>
    </p>
   </div>
   <div class='ocr_carea' id='block_1_58' title="bbox 611 5528 2187 5605">
    <p class='ocr_par' dir='ltr' id='par_1_58' title="bbox 611 5528 2187 5605">
     <span class='ocr_line' id='line_1_59' title="bbox 611 5528 2187 5605; baseline 0.003 -23"><span class='ocrx_word' id='word_1_409' title='bbox 611 5528 773 5584; x_wconf 84' lang='lat' dir='ltr'><strong>torias</strong></span> <span class='ocrx_word' id='word_1_410' title='bbox 790 5532 1126 5600; x_wconf 82' lang='lat' dir='ltr'><strong>conﬁtemur,</strong></span> <span class='ocrx_word' id='word_1_411' title='bbox 1155 5548 1261 5587; x_wconf 92' lang='lat' dir='ltr'><strong>non</strong></span> <span class='ocrx_word' id='word_1_412' title='bbox 1292 5532 1483 5603; x_wconf 88' lang='lat' dir='ltr'><strong>quibus</strong></span> <span class='ocrx_word' id='word_1_413' title='bbox 1507 5532 1807 5605; x_wconf 75' lang='lat' dir='ltr'><strong>afﬂiguntur</strong></span> <span class='ocrx_word' id='word_1_414' title='bbox 1832 5548 2055 5605; x_wconf 90' lang='lat' dir='ltr'><strong>quorum</strong></span> <span class='ocrx_word' id='word_1_415' title='bbox 2084 5532 2187 5586; x_wconf 88' lang='lat' dir='ltr'><strong>vita</strong></span> 
     </span>
    </p>
   </div>
   <div class='ocr_carea' id='block_1_59' title="bbox 673 5679 1326 5744">
    <p class='ocr_par' dir='ltr' id='par_1_59' title="bbox 673 5679 1326 5744">
     <span class='ocr_line' id='line_1_60' title="bbox 673 5679 1326 5744; baseline 0.005 -17"><span class='ocrx_word' id='word_1_416' title='bbox 673 5682 691 5712; x_wconf 73' lang='grc'><strong>⁸</strong></span> <span class='ocrx_word' id='word_1_417' title='bbox 720 5679 943 5744; x_wconf 78' lang='lat' dir='ltr'><strong>Plerique</strong></span> <span class='ocrx_word' id='word_1_418' title='bbox 965 5689 1095 5744; x_wconf 65' lang='lat' dir='ltr'><strong>Mss,</strong></span> <span class='ocrx_word' id='word_1_419' title='bbox 1119 5683 1326 5744; x_wconf 86' lang='lat' dir='ltr'><strong>primus.</strong></span> 
     </span>
    </p>
   </div>
   <div class='ocr_carea' id='block_1_60' title="bbox 674 5742 1613 5805">
    <p class='ocr_par' dir='ltr' id='par_1_60' title="bbox 674 5742 1613 5805">
     <span class='ocr_line' id='line_1_61' title="bbox 674 5742 1613 5805; baseline 0.014 -21"><span class='ocrx_word' id='word_1_420' title='bbox 674 5746 696 5805; x_wconf 52' lang='grc' dir='ltr'>ἦ</span> <span class='ocrx_word' id='word_1_421' title='bbox 735 5742 1278 5805; x_wconf 67' lang='lat' dir='ltr'><strong>\‘erlmm,_rcdimrnm,</strong></span> <span class='ocrx_word' id='word_1_422' title='bbox 1302 5747 1441 5794; x_wconf 78' lang='lat' dir='ltr'><strong>abest</strong></span> <span class='ocrx_word' id='word_1_423' title='bbox 1464 5757 1489 5797; x_wconf 94' lang='lat' dir='ltr'><strong>a</strong></span> <span class='ocrx_word' id='word_1_424' title='bbox 1511 5755 1613 5797; x_wconf 73' lang='lat' dir='ltr'><strong>Mss.</strong></span> 
     </span>
    </p>
   </div>
   <div class='ocr_carea' id='block_1_61' title="bbox 676 5803 1437 5866">
    <p class='ocr_par' dir='ltr' id='par_1_61' title="bbox 676 5803 1437 5866">
     <span class='ocr_line' id='line_1_62' title="bbox 676 5803 1437 5866; baseline 0.008 -16"><span class='ocrx_word' id='word_1_425' title='bbox 676 5803 697 5836; x_wconf 85' lang='grc'><strong><em>³</em></strong></span> <span class='ocrx_word' id='word_1_426' title='bbox 730 5810 779 5851; x_wconf 85' lang='grc' dir='ltr'>ω</span> <span class='ocrx_word' id='word_1_427' title='bbox 805 5810 908 5851; x_wconf 80' lang='lat' dir='ltr'><strong>Mss.</strong></span> <span class='ocrx_word' id='word_1_428' title='bbox 936 5803 1212 5866; x_wconf 80' lang='lat' dir='ltr'><strong>plerisque,</strong></span> <span class='ocrx_word' id='word_1_429' title='bbox 1250 5803 1437 5857; x_wconf 71' lang='lat' dir='ltr'><strong>ueritas.</strong></span> 
     </span>
    </p>
   </div>
   <div class='ocr_carea' id='block_1_62' title="bbox 1642 369 3720 441">
    <p class='ocr_par' dir='ltr' id='par_1_62' title="bbox 1642 369 3720 441">
     <span class='ocr_line' id='line_1_63' title="bbox 1642 369 3720 441; baseline 0.005 -14"><span class='ocrx_word' id='word_1_430' title='bbox 1642 370 1732 427; x_wconf 85' lang='lat' dir='ltr'><strong>DE</strong></span> <span class='ocrx_word' id='word_1_431' title='bbox 1768 370 2085 428; x_wconf 83' lang='lat' dir='ltr'><strong>CIVITATE</strong></span> <span class='ocrx_word' id='word_1_432' title='bbox 2122 369 2255 441; x_wconf 83' lang='lat' dir='ltr'><strong>DEI,</strong></span> <span class='ocrx_word' id='word_1_433' title='bbox 2294 372 2353 430; x_wconf 89' lang='lat' dir='ltr'><strong>S.</strong></span> <span class='ocrx_word' id='word_1_434' title='bbox 2393 371 2759 432; x_wconf 80' lang='lat' dir='ltr'><strong>AUGUSTINI</strong></span> <span class='ocrx_word' id='word_1_435' title='bbox 3655 379 3720 438; x_wconf 64' lang='lat'><strong>793</strong></span> 
     </span>
    </p>
   </div>
   <div class='ocr_carea' id='block_1_63' title="bbox 2277 485 3724 561">
    <p class='ocr_par' dir='ltr' id='par_1_63' title="bbox 2277 485 3724 561">
     <span class='ocr_line' id='line_1_64' title="bbox 2277 485 3724 561; baseline 0.007 -20"><span class='ocrx_word' id='word_1_436' title='bbox 2277 486 2362 543; x_wconf 85' lang='lat' dir='ltr'><strong>vel</strong></span> <span class='ocrx_word' id='word_1_437' title='bbox 2388 503 2493 543; x_wconf 90' lang='lat' dir='ltr'><strong>non</strong></span> <span class='ocrx_word' id='word_1_438' title='bbox 2519 488 2642 543; x_wconf 90' lang='lat' dir='ltr'><strong>inde</strong></span> <span class='ocrx_word' id='word_1_439' title='bbox 2669 487 2727 542; x_wconf 84' lang='lat' dir='ltr'><strong>fit</strong></span> <span class='ocrx_word' id='word_1_440' title='bbox 2749 485 2954 555; x_wconf 90' lang='lat' dir='ltr'><strong>melior,</strong></span> <span class='ocrx_word' id='word_1_441' title='bbox 2982 487 3065 543; x_wconf 87' lang='lat' dir='ltr'><strong>vel</strong></span> <span class='ocrx_word' id='word_1_442' title='bbox 3104 486 3275 557; x_wconf 87' lang='lat' dir='ltr'><strong>potius</strong></span> <span class='ocrx_word' id='word_1_443' title='bbox 3303 487 3416 544; x_wconf 89' lang='lat' dir='ltr'><strong>inde</strong></span> <span class='ocrx_word' id='word_1_444' title='bbox 3443 488 3491 543; x_wconf 86' lang='lat' dir='ltr'><strong>llt</strong></span> <span class='ocrx_word' id='word_1_445' title='bbox 3514 490 3724 561; x_wconf 75' lang='lat' dir='ltr'><strong>pejomed</strong></span> 
     </span>
    </p>
   </div>
   <div class='ocr_carea' id='block_1_64' title="bbox 2277 576 3725 650">
    <p class='ocr_par' dir='ltr' id='par_1_64' title="bbox 2277 576 3725 650">
     <span class='ocr_line' id='line_1_65' title="bbox 2277 576 3725 650; baseline 0.005 -19"><span class='ocrx_word' id='word_1_446' title='bbox 2277 576 2384 632; x_wconf 92' lang='lat' dir='ltr'><strong>illis</strong></span> <span class='ocrx_word' id='word_1_447' title='bbox 2428 586 2552 632; x_wconf 86' lang='lat' dir='ltr'><strong>sunt</strong></span> <span class='ocrx_word' id='word_1_448' title='bbox 2591 576 2924 648; x_wconf 63' lang='lat' dir='ltr'><strong>purgatoriaa,</strong></span> <span class='ocrx_word' id='word_1_449' title='bbox 2975 578 3062 647; x_wconf 89' lang='lat' dir='ltr'><strong>qui</strong></span> <span class='ocrx_word' id='word_1_450' title='bbox 3106 578 3184 633; x_wconf 90' lang='lat' dir='ltr'><strong>eis</strong></span> <span class='ocrx_word' id='word_1_451' title='bbox 3217 577 3422 632; x_wconf 90' lang='lat' dir='ltr'><strong>coerciti</strong></span> <span class='ocrx_word' id='word_1_452' title='bbox 3465 582 3725 650; x_wconf 79' lang='lat' dir='ltr'><strong>corriguntur.</strong></span> 
     </span>
    </p>
   </div>
   <div class='ocr_carea' id='block_1_65' title="bbox 2275 667 3729 743">
    <p class='ocr_par' dir='ltr' id='par_1_65' title="bbox 2275 667 3729 743">
     <span class='ocr_line' id='line_1_66' title="bbox 2275 667 3729 743; baseline 0.004 -21"><span class='ocrx_word' id='word_1_453' title='bbox 2275 667 2494 724; x_wconf 63' lang='lat' dir='ltr'><strong>Caetera</strong></span> <span class='ocrx_word' id='word_1_454' title='bbox 2519 683 2703 724; x_wconf 90' lang='lat' dir='ltr'><strong>omnes</strong></span> <span class='ocrx_word' id='word_1_455' title='bbox 2731 684 2920 739; x_wconf 66' lang='lat' dir='ltr'><strong>poenaa,</strong></span> <span class='ocrx_word' id='word_1_456' title='bbox 2962 670 3072 725; x_wconf 89' lang='lat' dir='ltr'><strong>sive</strong></span> <span class='ocrx_word' id='word_1_457' title='bbox 3102 670 3451 739; x_wconf 66' lang='lat' dir='ltr'><strong>temporariae,</strong></span> <span class='ocrx_word' id='word_1_458' title='bbox 3483 672 3576 727; x_wconf 83' lang='lat' dir='ltr'><strong>sive</strong></span> <span class='ocrx_word' id='word_1_459' title='bbox 3599 677 3729 743; x_wconf 59' lang='lat' dir='ltr'><strong>setnpt</strong></span> 
     </span>
    </p>
   </div>
   <div class='ocr_carea' id='block_1_66' title="bbox 2276 761 3730 832">
    <p class='ocr_par' dir='ltr' id='par_1_66' title="bbox 2276 761 3730 832">
     <span class='ocr_line' id='line_1_67' title="bbox 2276 761 3730 832; baseline 0.003 -17"><span class='ocrx_word' id='word_1_460' title='bbox 2276 770 2458 825; x_wconf 68' lang='lat' dir='ltr'><strong>ternze,</strong></span> <span class='ocrx_word' id='word_1_461' title='bbox 2481 762 2617 817; x_wconf 90' lang='lat' dir='ltr'><strong>sicut</strong></span> <span class='ocrx_word' id='word_1_462' title='bbox 2633 763 2987 832; x_wconf 90' lang='lat' dir='ltr'><strong>unusquisque</strong></span> <span class='ocrx_word' id='word_1_463' title='bbox 3005 761 3501 832; x_wconf 72' lang='lat' dir='ltr'><strong>divinaprovideutia</strong></span> <span class='ocrx_word' id='word_1_464' title='bbox 3514 765 3730 821; x_wconf 80' lang='lat' dir='ltr'><strong>tractandus</strong></span> 
     </span>
    </p>
   </div>
   <div class='ocr_carea' id='block_1_67' title="bbox 2276 853 3732 925">
    <p class='ocr_par' dir='ltr' id='par_1_67' title="bbox 2276 853 3732 925">
     <span class='ocr_line' id='line_1_68' title="bbox 2276 853 3732 925; baseline 0.003 -17"><span class='ocrx_word' id='word_1_465' title='bbox 2276 862 2375 919; x_wconf 88' lang='lat' dir='ltr'><strong>est,</strong></span> <span class='ocrx_word' id='word_1_466' title='bbox 2415 853 2728 920; x_wconf 90' lang='lat' dir='ltr'><strong>inferuntur,</strong></span> <span class='ocrx_word' id='word_1_467' title='bbox 2753 854 2835 910; x_wconf 91' lang='lat' dir='ltr'><strong>vel</strong></span> <span class='ocrx_word' id='word_1_468' title='bbox 2869 869 2965 925; x_wconf 91' lang='lat' dir='ltr'><strong>pro</strong></span> <span class='ocrx_word' id='word_1_469' title='bbox 3000 856 3225 925; x_wconf 87' lang='lat' dir='ltr'><strong>peccatis</strong></span> <span class='ocrx_word' id='word_1_470' title='bbox 3256 854 3364 909; x_wconf 88' lang='lat' dir='ltr'><strong>sive</strong></span> <span class='ocrx_word' id='word_1_471' title='bbox 3387 856 3639 924; x_wconf 69' lang='lat' dir='ltr'><strong>prmteritis.</strong></span> <span class='ocrx_word' id='word_1_472' title='bbox 3660 857 3732 912; x_wconf 75' lang='lat' dir='ltr'><strong>sive</strong></span> 
     </span>
    </p>
   </div>
   <div class='ocr_carea' id='block_1_68' title="bbox 2277 943 3734 1015">
    <p class='ocr_par' dir='ltr' id='par_1_68' title="bbox 2277 943 3734 1015">
     <span class='ocr_line' id='line_1_69' title="bbox 2277 943 3734 1015; baseline 0.002 -18"><span class='ocrx_word' id='word_1_473' title='bbox 2277 944 2332 997; x_wconf 91' lang='lat' dir='ltr'><strong>in</strong></span> <span class='ocrx_word' id='word_1_474' title='bbox 2353 943 2542 1012; x_wconf 88' lang='lat' dir='ltr'><strong>quibus</strong></span> <span class='ocrx_word' id='word_1_475' title='bbox 2573 944 2746 999; x_wconf 89' lang='lat' dir='ltr'><strong>adhuc</strong></span> <span class='ocrx_word' id='word_1_476' title='bbox 2768 945 2897 1000; x_wconf 86' lang='lat' dir='ltr'><strong>vivit</strong></span> <span class='ocrx_word' id='word_1_477' title='bbox 2916 945 3004 1000; x_wconf 92' lang='lat' dir='ltr'><strong>ille</strong></span> <span class='ocrx_word' id='word_1_478' title='bbox 3030 945 3121 1015; x_wconf 91' lang='lat' dir='ltr'><strong>qui</strong></span> <span class='ocrx_word' id='word_1_479' title='bbox 3154 944 3411 1015; x_wconf 85' lang='lat' dir='ltr'><strong>plectitur,</strong></span> <span class='ocrx_word' id='word_1_480' title='bbox 3438 945 3511 999; x_wconf 87' lang='lat' dir='ltr'><strong>vel</strong></span> <span class='ocrx_word' id='word_1_481' title='bbox 3540 960 3616 1015; x_wconf 88' lang='lat' dir='ltr'><strong>pro</strong></span> <span class='ocrx_word' id='word_1_482' title='bbox 3634 960 3734 1001; x_wconf 76' lang='lat' dir='ltr'><strong>exet-</strong></span> 
     </span>
    </p>
   </div>
   <div class='ocr_carea' id='block_1_69' title="bbox 2276 1034 3735 1107">
    <p class='ocr_par' dir='ltr' id='par_1_69' title="bbox 2276 1034 3735 1107">
     <span class='ocr_line' id='line_1_70' title="bbox 2276 1034 3735 1107; baseline 0.001 -18"><span class='ocrx_word' id='word_1_483' title='bbox 2276 1034 2461 1091; x_wconf 90' lang='lat' dir='ltr'><strong>cendis</strong></span> <span class='ocrx_word' id='word_1_484' title='bbox 2488 1036 2924 1107; x_wconf 87' lang='lat' dir='ltr'><strong>declarandisque</strong></span> <span class='ocrx_word' id='word_1_485' title='bbox 2950 1036 3250 1099; x_wconf 88' lang='lat' dir='ltr'><strong>virtutibus,</strong></span> <span class='ocrx_word' id='word_1_486' title='bbox 3280 1051 3371 1106; x_wconf 87' lang='lat' dir='ltr'><strong>per</strong></span> <span class='ocrx_word' id='word_1_487' title='bbox 3394 1035 3601 1091; x_wconf 86' lang='lat' dir='ltr'><strong>homines</strong></span> <span class='ocrx_word' id='word_1_488' title='bbox 3618 1046 3657 1091; x_wconf 87' lang='lat' dir='ltr'><strong>et</strong></span> <span class='ocrx_word' id='word_1_489' title='bbox 3676 1052 3735 1091; x_wconf 80' lang='lat' dir='ltr'><strong>sn-</strong></span> 
     </span>
    </p>
   </div>
   <div class='ocr_carea' id='block_1_70' title="bbox 2276 1124 3734 1195">
    <p class='ocr_par' dir='ltr' id='par_1_70' title="bbox 2276 1124 3734 1195">
     <span class='ocr_line' id='line_1_71' title="bbox 2276 1124 3734 1195; baseline 0 -17"><span class='ocrx_word' id='word_1_490' title='bbox 2276 1124 2440 1194; x_wconf 88' lang='lat' dir='ltr'><strong>gelos,</strong></span> <span class='ocrx_word' id='word_1_491' title='bbox 2480 1140 2574 1180; x_wconf 89' lang='lat' dir='ltr'><strong>seu</strong></span> <span class='ocrx_word' id='word_1_492' title='bbox 2617 1124 2785 1181; x_wconf 90' lang='lat' dir='ltr'><strong>bonos</strong></span> <span class='ocrx_word' id='word_1_493' title='bbox 2826 1140 2918 1183; x_wconf 89' lang='lat' dir='ltr'><strong>seu</strong></span> <span class='ocrx_word' id='word_1_494' title='bbox 2968 1125 3153 1181; x_wconf 90' lang='lat' dir='ltr'><strong>malos.</strong></span> <span class='ocrx_word' id='word_1_495' title='bbox 3193 1124 3324 1180; x_wconf 89' lang='lat' dir='ltr'><strong>Nam</strong></span> <span class='ocrx_word' id='word_1_496' title='bbox 3366 1124 3459 1180; x_wconf 90' lang='lat' dir='ltr'><strong>etsi</strong></span> <span class='ocrx_word' id='word_1_497' title='bbox 3498 1126 3734 1195; x_wconf 70' lang='lat' dir='ltr'><strong>quisquam‘</strong></span> 
     </span>
    </p>
   </div>
   <div class='ocr_carea' id='block_1_71' title="bbox 2276 1214 3735 1287">
    <p class='ocr_par' dir='ltr' id='par_1_71' title="bbox 2276 1214 3735 1287">
     <span class='ocr_line' id='line_1_72' title="bbox 2276 1214 3735 1287; baseline 0.001 -19"><span class='ocrx_word' id='word_1_498' title='bbox 2276 1214 2401 1269; x_wconf 88' lang='lat' dir='ltr'><strong>mali</strong></span> <span class='ocrx_word' id='word_1_499' title='bbox 2428 1214 2624 1287; x_wconf 91' lang='lat' dir='ltr'><strong>aliquid</strong></span> <span class='ocrx_word' id='word_1_500' title='bbox 2650 1217 2863 1272; x_wconf 91' lang='lat' dir='ltr'><strong>alterius</strong></span> <span class='ocrx_word' id='word_1_501' title='bbox 2886 1216 3217 1286; x_wconf 89' lang='lat' dir='ltr'><strong>improbitate</strong></span> <span class='ocrx_word' id='word_1_502' title='bbox 3241 1217 3322 1271; x_wconf 90' lang='lat' dir='ltr'><strong>vel</strong></span> <span class='ocrx_word' id='word_1_503' title='bbox 3350 1230 3517 1271; x_wconf 88' lang='lat' dir='ltr'><strong>errore</strong></span> <span class='ocrx_word' id='word_1_504' title='bbox 3544 1218 3735 1286; x_wconf 84' lang='lat' dir='ltr'><strong>patiatur,</strong></span> 
     </span>
    </p>
   </div>
   <div class='ocr_carea' id='block_1_72' title="bbox 2277 1307 3737 1378">
    <p class='ocr_par' dir='ltr' id='par_1_72' title="bbox 2277 1307 3737 1378">
     <span class='ocr_line' id='line_1_73' title="bbox 2277 1307 3737 1378; baseline -0.001 -17"><span class='ocrx_word' id='word_1_505' title='bbox 2277 1315 2459 1377; x_wconf 90' lang='lat' dir='ltr'><strong>peccat</strong></span> <span class='ocrx_word' id='word_1_506' title='bbox 2479 1307 2698 1377; x_wconf 85' lang='lat' dir='ltr'><strong>quidem</strong></span> <span class='ocrx_word' id='word_1_507' title='bbox 2712 1307 2892 1375; x_wconf 90' lang='lat' dir='ltr'><strong>homo,</strong></span> <span class='ocrx_word' id='word_1_508' title='bbox 2926 1308 3013 1378; x_wconf 90' lang='lat' dir='ltr'><strong>qui</strong></span> <span class='ocrx_word' id='word_1_509' title='bbox 3038 1308 3122 1363; x_wconf 91' lang='lat' dir='ltr'><strong>vel</strong></span> <span class='ocrx_word' id='word_1_510' title='bbox 3148 1307 3453 1378; x_wconf 87' lang='lat' dir='ltr'><strong>ignorantia,</strong></span> <span class='ocrx_word' id='word_1_511' title='bbox 3473 1307 3543 1361; x_wconf 85' lang='lat' dir='ltr'><strong>vel</strong></span> <span class='ocrx_word' id='word_1_512' title='bbox 3560 1307 3737 1376; x_wconf 78' lang='lat' dir='ltr'><strong>injustitia</strong></span> 
     </span>
    </p>
   </div>
   <div class='ocr_carea' id='block_1_73' title="bbox 2278 1398 3738 1470">
    <p class='ocr_par' dir='ltr' id='par_1_73' title="bbox 2278 1398 3738 1470">
     <span class='ocr_line' id='line_1_74' title="bbox 2278 1398 3738 1470; baseline -0.003 -16"><span class='ocrx_word' id='word_1_513' title='bbox 2278 1399 2521 1470; x_wconf 90' lang='lat' dir='ltr'><strong>cuiquam</strong></span> <span class='ocrx_word' id='word_1_514' title='bbox 2547 1399 2670 1453; x_wconf 91' lang='lat' dir='ltr'><strong>mali</strong></span> <span class='ocrx_word' id='word_1_515' title='bbox 2691 1398 2887 1470; x_wconf 91' lang='lat' dir='ltr'><strong>aliquid</strong></span> <span class='ocrx_word' id='word_1_516' title='bbox 2914 1399 3035 1455; x_wconf 84' lang='lat' dir='ltr'><strong>facit</strong></span> <span class='ocrx_word' id='word_1_517' title='bbox 3060 1416 3073 1452; x_wconf 91' lang='lat'><strong>:</strong></span> <span class='ocrx_word' id='word_1_518' title='bbox 3097 1399 3192 1454; x_wconf 90' lang='lat' dir='ltr'><strong>sed</strong></span> <span class='ocrx_word' id='word_1_519' title='bbox 3222 1413 3325 1452; x_wconf 92' lang='lat' dir='ltr'><strong>non</strong></span> <span class='ocrx_word' id='word_1_520' title='bbox 3351 1406 3517 1467; x_wconf 87' lang='lat' dir='ltr'><strong>peccat</strong></span> <span class='ocrx_word' id='word_1_521' title='bbox 3540 1398 3661 1461; x_wconf 86' lang='lat' dir='ltr'><strong>Deus,</strong></span> <span class='ocrx_word' id='word_1_522' title='bbox 3682 1399 3738 1467; x_wconf 82' lang='lat' dir='ltr'><strong>qui</strong></span> 
     </span>
    </p>
   </div>
   <div class='ocr_carea' id='block_1_74' title="bbox 2273 1488 3740 1562">
    <p class='ocr_par' dir='ltr' id='par_1_74' title="bbox 2273 1488 3740 1562">
     <span class='ocr_line' id='line_1_75' title="bbox 2273 1488 3740 1562; baseline -0.003 -17"><span class='ocrx_word' id='word_1_523' title='bbox 2273 1491 2439 1561; x_wconf 89' lang='lat' dir='ltr'><strong>justo,</strong></span> <span class='ocrx_word' id='word_1_524' title='bbox 2471 1492 2709 1562; x_wconf 87' lang='lat' dir='ltr'><strong>quamvis</strong></span> <span class='ocrx_word' id='word_1_525' title='bbox 2738 1492 2966 1556; x_wconf 89' lang='lat' dir='ltr'><strong>occulto,</strong></span> <span class='ocrx_word' id='word_1_526' title='bbox 2992 1490 3191 1561; x_wconf 87' lang='lat' dir='ltr'><strong>judicio</strong></span> <span class='ocrx_word' id='word_1_527' title='bbox 3229 1489 3345 1547; x_wconf 84' lang='lat' dir='ltr'><strong>fieri</strong></span> <span class='ocrx_word' id='word_1_528' title='bbox 3385 1489 3517 1544; x_wconf 91' lang='lat' dir='ltr'><strong>sinit.</strong></span> <span class='ocrx_word' id='word_1_529' title='bbox 3538 1488 3622 1544; x_wconf 86' lang='lat' dir='ltr'><strong>Sed</strong></span> <span class='ocrx_word' id='word_1_530' title='bbox 3648 1497 3740 1543; x_wconf 85' lang='lat' dir='ltr'><strong>tem-</strong></span> 
     </span>
    </p>
   </div>
   <div class='ocr_carea' id='block_1_75' title="bbox 2278 1581 3742 1653">
    <p class='ocr_par' dir='ltr' id='par_1_75' title="bbox 2278 1581 3742 1653">
     <span class='ocr_line' id='line_1_76' title="bbox 2278 1581 3742 1653; baseline -0.003 -16"><span class='ocrx_word' id='word_1_531' title='bbox 2278 1583 2514 1651; x_wconf 86' lang='lat' dir='ltr'><strong>porarias</strong></span> <span class='ocrx_word' id='word_1_532' title='bbox 2537 1597 2721 1653; x_wconf 68' lang='lat' dir='ltr'><strong>prunas</strong></span> <span class='ocrx_word' id='word_1_533' title='bbox 2739 1582 2830 1638; x_wconf 89' lang='lat' dir='ltr'><strong>alii</strong></span> <span class='ocrx_word' id='word_1_534' title='bbox 2851 1583 2904 1638; x_wconf 92' lang='lat' dir='ltr'><strong>in</strong></span> <span class='ocrx_word' id='word_1_535' title='bbox 2930 1582 3030 1639; x_wconf 86' lang='lat' dir='ltr'><strong>hac</strong></span> <span class='ocrx_word' id='word_1_536' title='bbox 3056 1583 3162 1637; x_wconf 88' lang='lat' dir='ltr'><strong>vita</strong></span> <span class='ocrx_word' id='word_1_537' title='bbox 3190 1590 3413 1649; x_wconf 89' lang='lat' dir='ltr'><strong>tantum,</strong></span> <span class='ocrx_word' id='word_1_538' title='bbox 3434 1581 3513 1635; x_wconf 88' lang='lat' dir='ltr'><strong>alii</strong></span> <span class='ocrx_word' id='word_1_539' title='bbox 3534 1589 3631 1651; x_wconf 88' lang='lat' dir='ltr'><strong>post</strong></span> <span class='ocrx_word' id='word_1_540' title='bbox 3648 1594 3742 1633; x_wconf 85' lang='lat' dir='ltr'><strong>mor-</strong></span> 
     </span>
    </p>
   </div>
   <div class='ocr_carea' id='block_1_76' title="bbox 2280 1671 3742 1743">
    <p class='ocr_par' dir='ltr' id='par_1_76' title="bbox 2280 1671 3742 1743">
     <span class='ocr_line' id='line_1_77' title="bbox 2280 1671 3742 1743; baseline -0.003 -15"><span class='ocrx_word' id='word_1_541' title='bbox 2280 1684 2408 1743; x_wconf 88' lang='lat' dir='ltr'><strong>tem,</strong></span> <span class='ocrx_word' id='word_1_542' title='bbox 2439 1675 2526 1729; x_wconf 91' lang='lat' dir='ltr'><strong>alii</strong></span> <span class='ocrx_word' id='word_1_543' title='bbox 2547 1684 2602 1731; x_wconf 91' lang='lat' dir='ltr'><strong>et</strong></span> <span class='ocrx_word' id='word_1_544' title='bbox 2625 1690 2766 1730; x_wconf 92' lang='lat' dir='ltr'><strong>nunc</strong></span> <span class='ocrx_word' id='word_1_545' title='bbox 2790 1683 2844 1732; x_wconf 90' lang='lat' dir='ltr'><strong>et</strong></span> <span class='ocrx_word' id='word_1_546' title='bbox 2863 1682 3009 1741; x_wconf 91' lang='lat' dir='ltr'><strong>tunc,</strong></span> <span class='ocrx_word' id='word_1_547' title='bbox 3039 1682 3399 1729; x_wconf 89' lang='lat' dir='ltr'><strong>verumtamen</strong></span> <span class='ocrx_word' id='word_1_548' title='bbox 3426 1680 3535 1727; x_wconf 83' lang='lat' dir='ltr'><strong>ante</strong></span> <span class='ocrx_word' id='word_1_549' title='bbox 3562 1671 3742 1741; x_wconf 83' lang='lat' dir='ltr'><strong>judicium</strong></span> 
     </span>
    </p>
   </div>
   <div class='ocr_carea' id='block_1_77' title="bbox 2280 1761 3745 1835">
    <p class='ocr_par' dir='ltr' id='par_1_77' title="bbox 2280 1761 3745 1835">
     <span class='ocr_line' id='line_1_78' title="bbox 2280 1761 3745 1835; baseline -0.003 -15"><span class='ocrx_word' id='word_1_550' title='bbox 2280 1766 2411 1821; x_wconf 90' lang='lat' dir='ltr'><strong>illud</strong></span> <span class='ocrx_word' id='word_1_551' title='bbox 2455 1767 2851 1823; x_wconf 90' lang='lat' dir='ltr'><strong>severissimum</strong></span> <span class='ocrx_word' id='word_1_552' title='bbox 2898 1766 3347 1835; x_wconf 89' lang='lat' dir='ltr'><strong>novissimumque</strong></span> <span class='ocrx_word' id='word_1_553' title='bbox 3390 1763 3635 1834; x_wconf 64' lang='lat' dir='ltr'><strong>patimtur.</strong></span> <span class='ocrx_word' id='word_1_554' title='bbox 3670 1761 3745 1816; x_wconf 79' lang='lat' dir='ltr'><strong>Non</strong></span> 
     </span>
    </p>
   </div>
   <div class='ocr_carea' id='block_1_78' title="bbox 2279 1857 3747 1928">
    <p class='ocr_par' dir='ltr' id='par_1_78' title="bbox 2279 1857 3747 1928">
     <span class='ocr_line' id='line_1_79' title="bbox 2279 1857 3747 1928; baseline -0.005 -16"><span class='ocrx_word' id='word_1_555' title='bbox 2279 1866 2454 1913; x_wconf 89' lang='lat' dir='ltr'><strong>autem</strong></span> <span class='ocrx_word' id='word_1_556' title='bbox 2475 1873 2661 1915; x_wconf 88' lang='lat' dir='ltr'><strong>omnes</strong></span> <span class='ocrx_word' id='word_1_557' title='bbox 2681 1858 2897 1914; x_wconf 90' lang='lat' dir='ltr'><strong>veniunt</strong></span> <span class='ocrx_word' id='word_1_558' title='bbox 2916 1857 2971 1913; x_wconf 90' lang='lat' dir='ltr'><strong>in</strong></span> <span class='ocrx_word' id='word_1_559' title='bbox 2991 1858 3342 1928; x_wconf 84' lang='lat' dir='ltr'><strong>sempiternas</strong></span> <span class='ocrx_word' id='word_1_560' title='bbox 3361 1867 3545 1925; x_wconf 66' lang='lat' dir='ltr'><strong>poenas,</strong></span> <span class='ocrx_word' id='word_1_561' title='bbox 3565 1868 3655 1923; x_wconf 81' lang='lat' dir='ltr'><strong>qua:</strong></span> <span class='ocrx_word' id='word_1_562' title='bbox 3670 1860 3747 1920; x_wconf 86' lang='lat' dir='ltr'><strong>post</strong></span> 
     </span>
    </p>
   </div>
   <div class='ocr_carea' id='block_1_79' title="bbox 2280 1940 3747 2017">
    <p class='ocr_par' dir='ltr' id='par_1_79' title="bbox 2280 1940 3747 2017">
     <span class='ocr_line' id='line_1_80' title="bbox 2280 1940 3747 2017; baseline -0.005 -17"><span class='ocrx_word' id='word_1_563' title='bbox 2280 1946 2411 2001; x_wconf 91' lang='lat' dir='ltr'><strong>illud</strong></span> <span class='ocrx_word' id='word_1_564' title='bbox 2435 1946 2689 2017; x_wconf 89' lang='lat' dir='ltr'><strong>judicium</strong></span> <span class='ocrx_word' id='word_1_565' title='bbox 2714 1956 2837 2003; x_wconf 91' lang='lat' dir='ltr'><strong>sunt</strong></span> <span class='ocrx_word' id='word_1_566' title='bbox 2863 1947 3053 2002; x_wconf 75' lang='lat' dir='ltr'><strong>futura:</strong></span> <span class='ocrx_word' id='word_1_567' title='bbox 3080 1948 3124 2013; x_wconf 76' lang='lat'><strong>‘,</strong></span> <span class='ocrx_word' id='word_1_568' title='bbox 3155 1946 3249 2015; x_wconf 91' lang='lat' dir='ltr'><strong>qui</strong></span> <span class='ocrx_word' id='word_1_569' title='bbox 3278 1953 3396 2015; x_wconf 91' lang='lat' dir='ltr'><strong>post</strong></span> <span class='ocrx_word' id='word_1_570' title='bbox 3422 1955 3616 1997; x_wconf 88' lang='lat' dir='ltr'><strong>mortem</strong></span> <span class='ocrx_word' id='word_1_571' title='bbox 3639 1940 3747 1993; x_wconf 84' lang='lat' dir='ltr'><strong>susti-</strong></span> 
     </span>
    </p>
   </div>
   <div class='ocr_carea' id='block_1_80' title="bbox 2282 2033 3750 2109">
    <p class='ocr_par' dir='ltr' id='par_1_80' title="bbox 2282 2033 3750 2109">
     <span class='ocr_line' id='line_1_81' title="bbox 2282 2033 3750 2109; baseline -0.007 -16"><span class='ocrx_word' id='word_1_572' title='bbox 2282 2048 2410 2095; x_wconf 89' lang='lat' dir='ltr'><strong>nent</strong></span> <span class='ocrx_word' id='word_1_573' title='bbox 2434 2039 2774 2109; x_wconf 89' lang='lat' dir='ltr'><strong>temporales.</strong></span> <span class='ocrx_word' id='word_1_574' title='bbox 2812 2038 2945 2093; x_wconf 91' lang='lat' dir='ltr'><strong>Nam</strong></span> <span class='ocrx_word' id='word_1_575' title='bbox 2983 2036 3320 2108; x_wconf 89' lang='lat' dir='ltr'><strong>quibusdam,</strong></span> <span class='ocrx_word' id='word_1_576' title='bbox 3349 2035 3480 2104; x_wconf 89' lang='lat' dir='ltr'><strong>quod</strong></span> <span class='ocrx_word' id='word_1_577' title='bbox 3504 2034 3551 2089; x_wconf 93' lang='lat' dir='ltr'><strong>in</strong></span> <span class='ocrx_word' id='word_1_578' title='bbox 3581 2033 3660 2087; x_wconf 88' lang='lat' dir='ltr'><strong>isto</strong></span> <span class='ocrx_word' id='word_1_579' title='bbox 3680 2046 3750 2083; x_wconf 84' lang='lat' dir='ltr'><strong>non</strong></span> 
     </span>
    </p>
   </div>
   <div class='ocr_carea' id='block_1_81' title="bbox 2280 2120 3749 2197">
    <p class='ocr_par' dir='ltr' id='par_1_81' title="bbox 2280 2120 3749 2197">
     <span class='ocr_line' id='line_1_82' title="bbox 2280 2120 3749 2197; baseline 0 -14"><span class='ocrx_word' id='word_1_580' title='bbox 2280 2128 2589 2195; x_wconf 88' lang='lat' dir='ltr'><strong>remittitur,</strong></span> <span class='ocrx_word' id='word_1_581' title='bbox 2618 2129 2815 2185; x_wconf 88' lang='lat' dir='ltr'><strong>remitti</strong></span> <span class='ocrx_word' id='word_1_582' title='bbox 2846 2129 2901 2184; x_wconf 94' lang='lat' dir='ltr'><strong>in</strong></span> <span class='ocrx_word' id='word_1_583' title='bbox 2931 2127 3106 2184; x_wconf 91' lang='lat' dir='ltr'><strong>futuro</strong></span> <span class='ocrx_word' id='word_1_584' title='bbox 3134 2126 3335 2183; x_wconf 77' lang='lat' dir='ltr'><strong>saeculo</strong></span> <span class='ocrx_word' id='word_1_585' title='bbox 3362 2124 3554 2197; x_wconf 79' lang='lat' dir='ltr'><strong>(Matth.</strong></span> <span class='ocrx_word' id='word_1_586' title='bbox 3582 2138 3655 2187; x_wconf 76' lang='lat' dir='ltr'><strong>sn,</strong></span> <span class='ocrx_word' id='word_1_587' title='bbox 3674 2120 3749 2187; x_wconf 67' lang='lat'><strong>32).</strong></span> 
     </span>
    </p>
   </div>
   <div class='ocr_carea' id='block_1_82' title="bbox 2283 2214 3751 2289">
    <p class='ocr_par' dir='ltr' id='par_1_82' title="bbox 2283 2214 3751 2289">
     <span class='ocr_line' id='line_1_83' title="bbox 2283 2214 3751 2289; baseline -0.006 -14"><span class='ocrx_word' id='word_1_588' title='bbox 2283 2221 2334 2276; x_wconf 91' lang='lat' dir='ltr'><strong>id</strong></span> <span class='ocrx_word' id='word_1_589' title='bbox 2362 2230 2476 2287; x_wconf 90' lang='lat' dir='ltr'><strong>est,</strong></span> <span class='ocrx_word' id='word_1_590' title='bbox 2508 2237 2577 2277; x_wconf 90' lang='lat' dir='ltr'><strong>ne</strong></span> <span class='ocrx_word' id='word_1_591' title='bbox 2604 2222 2767 2276; x_wconf 88' lang='lat' dir='ltr'><strong>futuri</strong></span> <span class='ocrx_word' id='word_1_592' title='bbox 2794 2222 2975 2277; x_wconf 68' lang='lat' dir='ltr'><strong>saeculi</strong></span> <span class='ocrx_word' id='word_1_593' title='bbox 3013 2230 3213 2277; x_wconf 65' lang='lat' dir='ltr'><strong>veterno</strong></span> <span class='ocrx_word' id='word_1_594' title='bbox 3249 2217 3499 2289; x_wconf 89' lang='lat' dir='ltr'><strong>supplicio</strong></span> <span class='ocrx_word' id='word_1_595' title='bbox 3530 2214 3751 2286; x_wconf 83' lang='lat' dir='ltr'><strong>puniantur,</strong></span> 
     </span>
    </p>
   </div>
   <div class='ocr_carea' id='block_1_83' title="bbox 2278 2312 2838 2383">
    <p class='ocr_par' dir='ltr' id='par_1_83' title="bbox 2278 2312 2838 2383">
     <span class='ocr_line' id='line_1_84' title="bbox 2278 2312 2838 2383; baseline -0.002 -16"><span class='ocrx_word' id='word_1_596' title='bbox 2278 2312 2387 2383; x_wconf 88' lang='lat' dir='ltr'><strong>jam</strong></span> <span class='ocrx_word' id='word_1_597' title='bbox 2410 2328 2567 2383; x_wconf 88' lang='lat' dir='ltr'><strong>supra</strong></span> <span class='ocrx_word' id='word_1_598' title='bbox 2586 2312 2838 2368; x_wconf 74' lang='lat' dir='ltr'><strong>diximus.</strong></span> 
     </span>
    </p>
   </div>
   <div class='ocr_carea' id='block_1_84' title="bbox 2281 2410 3754 2496">
    <p class='ocr_par' dir='ltr' id='par_1_84' title="bbox 2281 2410 3754 2496">
     <span class='ocr_line' id='line_1_85' title="bbox 2281 2410 3754 2496; baseline -0.009 -14"><span class='ocrx_word' id='word_1_599' title='bbox 2281 2424 2506 2482; x_wconf 81' lang='lat' dir='ltr'><strong>CAPUT</strong></span> <span class='ocrx_word' id='word_1_600' title='bbox 2550 2426 2690 2481; x_wconf 78' lang='lat' dir='ltr'><strong>XIV.</strong></span> <span class='ocrx_word' id='word_1_601' title='bbox 2727 2455 2799 2467; x_wconf 89' lang='lat'><strong><em>—</em></strong></span> <span class='ocrx_word' id='word_1_602' title='bbox 2832 2424 2910 2480; x_wconf 87' lang='lat' dir='ltr'><strong>De</strong></span> <span class='ocrx_word' id='word_1_603' title='bbox 2952 2410 3107 2496; x_wconf 61' lang='lat' dir='ltr'><strong>penis</strong></span> <span class='ocrx_word' id='word_1_604' title='bbox 3146 2422 3494 2494; x_wconf 74' lang='lat' dir='ltr'><strong>temporalibus</strong></span> <span class='ocrx_word' id='word_1_605' title='bbox 3529 2420 3647 2474; x_wconf 86' lang='lat' dir='ltr'><strong>istius</strong></span> <span class='ocrx_word' id='word_1_606' title='bbox 3668 2416 3754 2479; x_wconf 72' lang='lat' dir='ltr'><strong>vita,</strong></span> 
     </span>
    </p>
   </div>
   <div class='ocr_carea' id='block_1_85' title="bbox 2556 2514 3564 2589">
    <p class='ocr_par' dir='ltr' id='par_1_85' title="bbox 2556 2514 3564 2589">
     <span class='ocr_line' id='line_1_86' title="bbox 2556 2514 3564 2589; baseline -0.007 -17"><span class='ocrx_word' id='word_1_607' title='bbox 2556 2520 2733 2589; x_wconf 81' lang='lat' dir='ltr'><strong>quibus</strong></span> <span class='ocrx_word' id='word_1_608' title='bbox 2757 2519 2977 2589; x_wconf 83' lang='lat' dir='ltr'><strong>subjecta</strong></span> <span class='ocrx_word' id='word_1_609' title='bbox 2998 2527 3069 2571; x_wconf 84' lang='lat' dir='ltr'><strong>est</strong></span> <span class='ocrx_word' id='word_1_610' title='bbox 3098 2518 3321 2571; x_wconf 83' lang='lat' dir='ltr'><strong>humana</strong></span> <span class='ocrx_word' id='word_1_611' title='bbox 3346 2514 3564 2569; x_wconf 85' lang='lat' dir='ltr'><strong>conditio.</strong></span> 
     </span>
    </p>
   </div>
   <div class='ocr_carea' id='block_1_86' title="bbox 2352 2617 3759 2697">
    <p class='ocr_par' dir='ltr' id='par_1_86' title="bbox 2352 2617 3759 2697">
     <span class='ocr_line' id='line_1_87' title="bbox 2352 2617 3759 2697; baseline -0.009 -13"><span class='ocrx_word' id='word_1_612' title='bbox 2352 2628 2627 2684; x_wconf 86' lang='lat' dir='ltr'><strong>Rarissimi</strong></span> <span class='ocrx_word' id='word_1_613' title='bbox 2666 2638 2791 2684; x_wconf 91' lang='lat' dir='ltr'><strong>sunt</strong></span> <span class='ocrx_word' id='word_1_614' title='bbox 2822 2638 2999 2685; x_wconf 90' lang='lat' dir='ltr'><strong>autem</strong></span> <span class='ocrx_word' id='word_1_615' title='bbox 3033 2628 3121 2697; x_wconf 91' lang='lat' dir='ltr'><strong>qui</strong></span> <span class='ocrx_word' id='word_1_616' title='bbox 3157 2627 3336 2682; x_wconf 87' lang='lat' dir='ltr'><strong>nullas</strong></span> <span class='ocrx_word' id='word_1_617' title='bbox 3373 2625 3424 2680; x_wconf 91' lang='lat' dir='ltr'><strong>in</strong></span> <span class='ocrx_word' id='word_1_618' title='bbox 3462 2624 3550 2677; x_wconf 82' lang='lat' dir='ltr'><strong>hac</strong></span> <span class='ocrx_word' id='word_1_619' title='bbox 3584 2617 3759 2684; x_wconf 59' lang='grc' dir='ltr'><strong>νὶωβώ</strong></span> 
     </span>
    </p>
   </div>
   <div class='ocr_carea' id='block_1_87' title="bbox 2284 2713 3758 2791">
    <p class='ocr_par' dir='ltr' id='par_1_87' title="bbox 2284 2713 3758 2791">
     <span class='ocr_line' id='line_1_88' title="bbox 2284 2713 3758 2791; baseline -0.003 -15"><span class='ocrx_word' id='word_1_620' title='bbox 2284 2728 2485 2776; x_wconf 88' lang='lat' dir='ltr'><strong>tantum</strong></span> <span class='ocrx_word' id='word_1_621' title='bbox 2516 2730 2635 2791; x_wconf 88' lang='lat' dir='ltr'><strong>post</strong></span> <span class='ocrx_word' id='word_1_622' title='bbox 2657 2736 2776 2776; x_wconf 89' lang='lat' dir='ltr'><strong>eam</strong></span> <span class='ocrx_word' id='word_1_623' title='bbox 2805 2734 2989 2790; x_wconf 72' lang='lat' dir='ltr'><strong>pmnas</strong></span> <span class='ocrx_word' id='word_1_624' title='bbox 3013 2720 3184 2774; x_wconf 91' lang='lat' dir='ltr'><strong>luunt.</strong></span> <span class='ocrx_word' id='word_1_625' title='bbox 3210 2718 3397 2773; x_wconf 86' lang='lat' dir='ltr'><strong>Fuisse</strong></span> <span class='ocrx_word' id='word_1_626' title='bbox 3417 2725 3575 2771; x_wconf 87' lang='lat' dir='ltr'><strong>tamen</strong></span> <span class='ocrx_word' id='word_1_627' title='bbox 3598 2713 3758 2781; x_wconf 59' lang='lat' dir='ltr'><strong>aliquos,</strong></span> 
     </span>
    </p>
   </div>
   <div class='ocr_carea' id='block_1_88' title="bbox 2286 2803 3761 2883">
    <p class='ocr_par' dir='ltr' id='par_1_88' title="bbox 2286 2803 3761 2883">
     <span class='ocr_line' id='line_1_89' title="bbox 2286 2803 3761 2883; baseline -0.006 -16"><span class='ocrx_word' id='word_1_628' title='bbox 2286 2813 2375 2883; x_wconf 90' lang='lat' dir='ltr'><strong>qui</strong></span> <span class='ocrx_word' id='word_1_629' title='bbox 2406 2828 2575 2883; x_wconf 87' lang='lat' dir='ltr'><strong>usque</strong></span> <span class='ocrx_word' id='word_1_630' title='bbox 2600 2811 2668 2866; x_wconf 88' lang='lat' dir='ltr'><strong>ad</strong></span> <span class='ocrx_word' id='word_1_631' title='bbox 2705 2811 3029 2881; x_wconf 89' lang='lat' dir='ltr'><strong>decrepitam</strong></span> <span class='ocrx_word' id='word_1_632' title='bbox 3059 2817 3397 2865; x_wconf 91' lang='lat' dir='ltr'><strong>senectutem</strong></span> <span class='ocrx_word' id='word_1_633' title='bbox 3431 2822 3494 2863; x_wconf 88' lang='lat' dir='ltr'><strong>ne</strong></span> <span class='ocrx_word' id='word_1_634' title='bbox 3523 2803 3761 2863; x_wconf 78' lang='lat' dir='ltr'><strong>levissimam</strong></span> 
     </span>
    </p>
   </div>
   <div class='ocr_carea' id='block_1_89' title="bbox 2286 2890 3765 2975">
    <p class='ocr_par' dir='ltr' id='par_1_89' title="bbox 2286 2890 3765 2975">
     <span class='ocr_line' id='line_1_90' title="bbox 2286 2890 3765 2975; baseline -0.012 -15"><span class='ocrx_word' id='word_1_635' title='bbox 2286 2903 2500 2975; x_wconf 90' lang='lat' dir='ltr'><strong>quidem</strong></span> <span class='ocrx_word' id='word_1_636' title='bbox 2544 2902 2854 2957; x_wconf 87' lang='lat' dir='ltr'><strong>febriculam</strong></span> <span class='ocrx_word' id='word_1_637' title='bbox 2892 2901 3189 2968; x_wconf 88' lang='lat' dir='ltr'><strong>senserint,</strong></span> <span class='ocrx_word' id='word_1_638' title='bbox 3237 2900 3562 2971; x_wconf 86' lang='lat' dir='ltr'><strong>quietamque</strong></span> <span class='ocrx_word' id='word_1_639' title='bbox 3591 2890 3765 2948; x_wconf 78' lang='lat' dir='ltr'><strong>duxerint</strong></span> 
     </span>
    </p>
   </div>
   <div class='ocr_carea' id='block_1_90' title="bbox 2286 2982 3765 3065">
    <p class='ocr_par' dir='ltr' id='par_1_90' title="bbox 2286 2982 3765 3065">
     <span class='ocr_line' id='line_1_91' title="bbox 2286 2982 3765 3065; baseline -0.007 -17"><span class='ocrx_word' id='word_1_640' title='bbox 2286 2996 2472 3059; x_wconf 89' lang='lat' dir='ltr'><strong>vitam,</strong></span> <span class='ocrx_word' id='word_1_641' title='bbox 2498 2993 2599 3065; x_wconf 89' lang='lat' dir='ltr'><strong>ipsi</strong></span> <span class='ocrx_word' id='word_1_642' title='bbox 2627 3002 2682 3048; x_wconf 90' lang='lat' dir='ltr'><strong>et</strong></span> <span class='ocrx_word' id='word_1_643' title='bbox 2714 2994 2957 3049; x_wconf 91' lang='lat' dir='ltr'><strong>novimus</strong></span> <span class='ocrx_word' id='word_1_644' title='bbox 2985 3001 3040 3048; x_wconf 91' lang='lat' dir='ltr'><strong>et</strong></span> <span class='ocrx_word' id='word_1_645' title='bbox 3061 2991 3365 3047; x_wconf 83' lang='lat' dir='ltr'><strong>audivimus</strong></span> <span class='ocrx_word' id='word_1_646' title='bbox 3392 3007 3405 3044; x_wconf 89' lang='lat'>:</span> <span class='ocrx_word' id='word_1_647' title='bbox 3427 3000 3680 3059; x_wconf 85' lang='lat' dir='ltr'><strong>quanquam</strong></span> <span class='ocrx_word' id='word_1_648' title='bbox 3699 2982 3765 3033; x_wconf 68' lang='lat' dir='ltr'><strong>ut:</strong></span> 
     </span>
    </p>
   </div>
   <div class='ocr_carea' id='block_1_91' title="bbox 2291 3075 3765 3156">
    <p class='ocr_par' dir='ltr' id='par_1_91' title="bbox 2291 3075 3765 3156">
     <span class='ocr_line' id='line_1_92' title="bbox 2291 3075 3765 3156; baseline -0.011 -15"><span class='ocrx_word' id='word_1_649' title='bbox 2291 3087 2406 3156; x_wconf 89' lang='lat' dir='ltr'><strong>ipsa</strong></span> <span class='ocrx_word' id='word_1_650' title='bbox 2437 3087 2744 3143; x_wconf 89' lang='lat' dir='ltr'><strong>mortalium</strong></span> <span class='ocrx_word' id='word_1_651' title='bbox 2767 3094 2878 3140; x_wconf 92' lang='lat' dir='ltr'><strong>tota</strong></span> <span class='ocrx_word' id='word_1_652' title='bbox 2902 3099 3059 3155; x_wconf 59' lang='lat' dir='ltr'><strong>paena</strong></span> <span class='ocrx_word' id='word_1_653' title='bbox 3084 3084 3186 3149; x_wconf 91' lang='lat' dir='ltr'><strong>sit,</strong></span> <span class='ocrx_word' id='word_1_654' title='bbox 3215 3083 3344 3153; x_wconf 87' lang='lat' dir='ltr'><strong>quia</strong></span> <span class='ocrx_word' id='word_1_655' title='bbox 3374 3089 3475 3135; x_wconf 85' lang='lat' dir='ltr'><strong>tota</strong></span> <span class='ocrx_word' id='word_1_656' title='bbox 3504 3075 3681 3131; x_wconf 87' lang='lat' dir='ltr'><strong>tentatio</strong></span> <span class='ocrx_word' id='word_1_657' title='bbox 3700 3078 3765 3134; x_wconf 78' lang='lat' dir='ltr'><strong>est,</strong></span> 
     </span>
    </p>
   </div>
   <div class='ocr_carea' id='block_1_92' title="bbox 2286 3160 3767 3246">
    <p class='ocr_par' dir='ltr' id='par_1_92' title="bbox 2286 3160 3767 3246">
     <span class='ocr_line' id='line_1_93' title="bbox 2286 3160 3767 3246; baseline -0.01 -14"><span class='ocrx_word' id='word_1_658' title='bbox 2286 3177 2424 3232; x_wconf 88' lang='lat' dir='ltr'><strong>sicut</strong></span> <span class='ocrx_word' id='word_1_659' title='bbox 2439 3192 2603 3233; x_wconf 72' lang='lat' dir='ltr'><strong>sacra:</strong></span> <span class='ocrx_word' id='word_1_660' title='bbox 2624 3176 2836 3232; x_wconf 67' lang='lat' dir='ltr'><strong>Litterae</strong></span> <span class='ocrx_word' id='word_1_661' title='bbox 2852 3183 3159 3246; x_wconf 90' lang='lat' dir='ltr'><strong>personant,</strong></span> <span class='ocrx_word' id='word_1_662' title='bbox 3184 3172 3279 3227; x_wconf 88' lang='lat' dir='ltr'><strong>ubi</strong></span> <span class='ocrx_word' id='word_1_663' title='bbox 3302 3170 3545 3239; x_wconf 90' lang='lat' dir='ltr'><strong>scriptum</strong></span> <span class='ocrx_word' id='word_1_664' title='bbox 3557 3175 3640 3229; x_wconf 88' lang='lat' dir='ltr'><strong>est,</strong></span> <span class='ocrx_word' id='word_1_665' title='bbox 3658 3160 3767 3216; x_wconf 69' lang='lat' dir='ltr'><strong>Nla-</strong></span> 
     </span>
    </p>
   </div>
   <div class='ocr_carea' id='block_1_93' title="bbox 2287 3254 3767 3340">
    <p class='ocr_par' dir='ltr' id='par_1_93' title="bbox 2287 3254 3767 3340">
     <span class='ocr_line' id='line_1_94' title="bbox 2287 3254 3767 3340; baseline -0.007 -16"><span class='ocrx_word' id='word_1_666' title='bbox 2287 3270 2410 3340; x_wconf 81' lang='lat' dir='ltr'><strong>quid</strong></span> <span class='ocrx_word' id='word_1_667' title='bbox 2439 3286 2537 3324; x_wconf 90' lang='lat' dir='ltr'><strong>non</strong></span> <span class='ocrx_word' id='word_1_668' title='bbox 2557 3269 2760 3323; x_wconf 83' lang='lat' dir='ltr'><strong>tentatio</strong></span> <span class='ocrx_word' id='word_1_669' title='bbox 2780 3268 2971 3323; x_wconf 81' lang='lat' dir='ltr'><strong>estvita</strong></span> <span class='ocrx_word' id='word_1_670' title='bbox 2994 3270 3217 3321; x_wconf 86' lang='lat' dir='ltr'><strong>humana</strong></span> <span class='ocrx_word' id='word_1_671' title='bbox 3238 3281 3395 3334; x_wconf 79' lang='lat' dir='ltr'><strong>super</strong></span> <span class='ocrx_word' id='word_1_672' title='bbox 3409 3273 3576 3316; x_wconf 82' lang='lat' dir='ltr'><strong>terram</strong></span> <span class='ocrx_word' id='word_1_673' title='bbox 3598 3254 3688 3327; x_wconf 78' lang='lat' dir='ltr'><strong>(Job</strong></span> <span class='ocrx_word' id='word_1_674' title='bbox 3706 3267 3767 3314; x_wconf 70' lang='grc' dir='ltr'><strong>νῦν</strong></span> 
     </span>
    </p>
   </div>
   <div class='ocr_carea' id='block_1_94' title="bbox 2287 3341 3769 3429">
    <p class='ocr_par' dir='ltr' id='par_1_94' title="bbox 2287 3341 3769 3429">
     <span class='ocr_line' id='line_1_95' title="bbox 2287 3341 3769 3429; baseline -0.011 -14"><span class='ocrx_word' id='word_1_675' title='bbox 2287 3360 2343 3428; x_wconf 78' lang='grc'><strong>1,</strong></span> <span class='ocrx_word' id='word_1_676' title='bbox 2379 3377 2478 3415; x_wconf 85' lang='lat' dir='ltr'><strong>sec.</strong></span> <span class='ocrx_word' id='word_1_677' title='bbox 2507 3359 2711 3429; x_wconf 79' lang='lat' dir='ltr'><strong>LXX)?</strong></span> <span class='ocrx_word' id='word_1_678' title='bbox 2735 3359 2849 3413; x_wconf 92' lang='lat' dir='ltr'><strong>Non</strong></span> <span class='ocrx_word' id='word_1_679' title='bbox 2892 3358 3035 3413; x_wconf 91' lang='lat' dir='ltr'><strong>enim</strong></span> <span class='ocrx_word' id='word_1_680' title='bbox 3074 3370 3234 3427; x_wconf 89' lang='lat' dir='ltr'><strong>parva</strong></span> <span class='ocrx_word' id='word_1_681' title='bbox 3281 3368 3433 3425; x_wconf 71' lang='lat' dir='ltr'><strong>pruna</strong></span> <span class='ocrx_word' id='word_1_682' title='bbox 3460 3360 3535 3408; x_wconf 88' lang='lat' dir='ltr'><strong>est</strong></span> <span class='ocrx_word' id='word_1_683' title='bbox 3559 3351 3649 3418; x_wconf 79' lang='lat' dir='ltr'><strong>ipsa</strong></span> <span class='ocrx_word' id='word_1_684' title='bbox 3681 3341 3769 3399; x_wconf 74' lang='lat' dir='ltr'><strong>insi-</strong></span> 
     </span>
    </p>
   </div>
   <div class='ocr_carea' id='block_1_95' title="bbox 2291 3438 3767 3522">
    <p class='ocr_par' dir='ltr' id='par_1_95' title="bbox 2291 3438 3767 3522">
     <span class='ocr_line' id='line_1_96' title="bbox 2291 3438 3767 3522; baseline -0.014 -15"><span class='ocrx_word' id='word_1_685' title='bbox 2291 3452 2508 3522; x_wconf 89' lang='lat' dir='ltr'><strong>pientia,</strong></span> <span class='ocrx_word' id='word_1_686' title='bbox 2538 3451 2625 3506; x_wconf 83' lang='lat' dir='ltr'><strong>vel</strong></span> <span class='ocrx_word' id='word_1_687' title='bbox 2650 3449 2934 3521; x_wconf 89' lang='lat' dir='ltr'><strong>imperitia,</strong></span> <span class='ocrx_word' id='word_1_688' title='bbox 2961 3464 3080 3518; x_wconf 71' lang='lat' dir='ltr'><strong>qua:</strong></span> <span class='ocrx_word' id='word_1_689' title='bbox 3108 3461 3282 3517; x_wconf 87' lang='lat' dir='ltr'><strong>usque</strong></span> <span class='ocrx_word' id='word_1_690' title='bbox 3312 3445 3443 3499; x_wconf 90' lang='lat' dir='ltr'><strong>adeo</strong></span> <span class='ocrx_word' id='word_1_691' title='bbox 3468 3438 3673 3512; x_wconf 81' lang='lat' dir='ltr'><strong>fugienda</strong></span> <span class='ocrx_word' id='word_1_692' title='bbox 3692 3447 3767 3488; x_wconf 83' lang='lat' dir='ltr'><strong>me-</strong></span> 
     </span>
    </p>
   </div>
   <div class='ocr_carea' id='block_1_96' title="bbox 2287 3523 3771 3616">
    <p class='ocr_par' dir='ltr' id='par_1_96' title="bbox 2287 3523 3771 3616">
     <span class='ocr_line' id='line_1_97' title="bbox 2287 3523 3771 3616; baseline -0.016 -14"><span class='ocrx_word' id='word_1_693' title='bbox 2287 3545 2392 3603; x_wconf 89' lang='lat' dir='ltr'><strong>rito</strong></span> <span class='ocrx_word' id='word_1_694' title='bbox 2424 3545 2709 3616; x_wconf 87' lang='lat' dir='ltr'><strong>judicatur,</strong></span> <span class='ocrx_word' id='word_1_695' title='bbox 2738 3552 2796 3597; x_wconf 92' lang='lat' dir='ltr'><strong>ut</strong></span> <span class='ocrx_word' id='word_1_696' title='bbox 2829 3558 2921 3613; x_wconf 91' lang='lat' dir='ltr'><strong>per</strong></span> <span class='ocrx_word' id='word_1_697' title='bbox 2957 3555 3142 3611; x_wconf 67' lang='lat' dir='ltr'><strong>poenas</strong></span> <span class='ocrx_word' id='word_1_698' title='bbox 3180 3538 3455 3594; x_wconf 89' lang='lat' dir='ltr'><strong>doloribus</strong></span> <span class='ocrx_word' id='word_1_699' title='bbox 3489 3535 3646 3605; x_wconf 85' lang='lat' dir='ltr'><strong>plenas</strong></span> <span class='ocrx_word' id='word_1_700' title='bbox 3672 3523 3771 3597; x_wconf 77' lang='lat' dir='ltr'><strong>pueri</strong></span> 
     </span>
    </p>
   </div>
   <div class='ocr_carea' id='block_1_97' title="bbox 2286 3621 3773 3709">
    <p class='ocr_par' dir='ltr' id='par_1_97' title="bbox 2286 3621 3773 3709">
     <span class='ocr_line' id='line_1_98' title="bbox 2286 3621 3773 3709; baseline -0.015 -15"><span class='ocrx_word' id='word_1_701' title='bbox 2286 3645 2544 3709; x_wconf 85' lang='lat' dir='ltr'><strong>cogantur</strong></span> <span class='ocrx_word' id='word_1_702' title='bbox 2568 3650 2791 3707; x_wconf 65' lang='lat' dir='ltr'><strong>quaeque</strong></span> <span class='ocrx_word' id='word_1_703' title='bbox 2810 3633 3031 3688; x_wconf 79' lang='lat' dir='ltr'><strong>artiﬁcia</strong></span> <span class='ocrx_word' id='word_1_704' title='bbox 3059 3630 3142 3686; x_wconf 87' lang='lat' dir='ltr'><strong>vel</strong></span> <span class='ocrx_word' id='word_1_705' title='bbox 3164 3630 3369 3684; x_wconf 90' lang='lat' dir='ltr'><strong>litteras</strong></span> <span class='ocrx_word' id='word_1_706' title='bbox 3392 3628 3581 3683; x_wconf 86' lang='lat' dir='ltr'><strong>discere</strong></span> <span class='ocrx_word' id='word_1_707' title='bbox 3603 3639 3615 3675; x_wconf 91' lang='lat'><strong>:</strong></span> <span class='ocrx_word' id='word_1_708' title='bbox 3634 3621 3773 3709; x_wconf 69' lang='lat' dir='ltr'><strong>ipsunt-</strong></span> 
     </span>
    </p>
   </div>
   <div class='ocr_carea' id='block_1_98' title="bbox 2287 3705 3775 3801">
    <p class='ocr_par' dir='ltr' id='par_1_98' title="bbox 2287 3705 3775 3801">
     <span class='ocr_line' id='line_1_99' title="bbox 2287 3705 3775 3801; baseline -0.018 -15"><span class='ocrx_word' id='word_1_709' title='bbox 2287 3705 2391 3801; x_wconf 73' lang='lat' dir='ltr'><strong>que</strong></span> <span class='ocrx_word' id='word_1_710' title='bbox 2418 3705 2645 3793; x_wconf 76' lang='lat' dir='ltr'><strong>discere,</strong></span> <span class='ocrx_word' id='word_1_711' title='bbox 2686 3726 2753 3780; x_wconf 92' lang='lat' dir='ltr'><strong>ad</strong></span> <span class='ocrx_word' id='word_1_712' title='bbox 2790 3723 2931 3795; x_wconf 88' lang='lat' dir='ltr'><strong>quod</strong></span> <span class='ocrx_word' id='word_1_713' title='bbox 2971 3723 3142 3793; x_wconf 72' lang='lat' dir='ltr'><strong>pmnis</strong></span> <span class='ocrx_word' id='word_1_714' title='bbox 3176 3720 3479 3791; x_wconf 85' lang='lat' dir='ltr'><strong>adiguntur,</strong></span> <span class='ocrx_word' id='word_1_715' title='bbox 3512 3725 3603 3769; x_wconf 89' lang='lat' dir='ltr'><strong>tam</strong></span> <span class='ocrx_word' id='word_1_716' title='bbox 3630 3705 3775 3781; x_wconf 72' lang='lat' dir='ltr'><strong>prende</strong></span> 
     </span>
    </p>
   </div>
   <div class='ocr_carea' id='block_1_99' title="bbox 2288 3812 3775 3897">
    <p class='ocr_par' dir='ltr' id='par_1_99' title="bbox 2288 3812 3775 3897">
     <span class='ocr_line' id='line_1_100' title="bbox 2288 3812 3775 3897; baseline -0.014 -22"><span class='ocrx_word' id='word_1_717' title='bbox 2288 3830 2371 3876; x_wconf 89' lang='lat' dir='ltr'><strong>est</strong></span> <span class='ocrx_word' id='word_1_718' title='bbox 2392 3819 2490 3884; x_wconf 92' lang='lat' dir='ltr'><strong>eis,</strong></span> <span class='ocrx_word' id='word_1_719' title='bbox 2528 3827 2587 3873; x_wconf 92' lang='lat' dir='ltr'><strong>ut</strong></span> <span class='ocrx_word' id='word_1_720' title='bbox 2615 3829 2995 3886; x_wconf 91' lang='lat' dir='ltr'><strong>nonnunquam</strong></span> <span class='ocrx_word' id='word_1_721' title='bbox 3030 3813 3171 3883; x_wconf 88' lang='lat' dir='ltr'><strong>ipsas</strong></span> <span class='ocrx_word' id='word_1_722' title='bbox 3206 3825 3397 3880; x_wconf 73' lang='lat' dir='ltr'><strong>pcnnas</strong></span> <span class='ocrx_word' id='word_1_723' title='bbox 3427 3822 3513 3877; x_wconf 90' lang='lat' dir='ltr'><strong>per</strong></span> <span class='ocrx_word' id='word_1_724' title='bbox 3544 3817 3654 3874; x_wconf 89' lang='lat' dir='ltr'><strong>quas</strong></span> <span class='ocrx_word' id='word_1_725' title='bbox 3672 3812 3775 3897; x_wconf 59' lang='lat' dir='ltr'><strong>obni-</strong></span> 
     </span>
    </p>
   </div>
   <div class='ocr_carea' id='block_1_100' title="bbox 2288 3890 3778 3985">
    <p class='ocr_par' dir='ltr' id='par_1_100' title="bbox 2288 3890 3778 3985">
     <span class='ocr_line' id='line_1_101' title="bbox 2288 3890 3778 3985; baseline -0.008 -16"><span class='ocrx_word' id='word_1_726' title='bbox 2288 3913 2558 3985; x_wconf 92' lang='lat' dir='ltr'><strong>pelluntur</strong></span> <span class='ocrx_word' id='word_1_727' title='bbox 2582 3911 2809 3977; x_wconf 89' lang='lat' dir='ltr'><strong>discere,</strong></span> <span class='ocrx_word' id='word_1_728' title='bbox 2844 3906 3036 3963; x_wconf 90' lang='lat' dir='ltr'><strong>malint</strong></span> <span class='ocrx_word' id='word_1_729' title='bbox 3074 3904 3237 3970; x_wconf 91' lang='lat' dir='ltr'><strong>ferre,</strong></span> <span class='ocrx_word' id='word_1_730' title='bbox 3280 3916 3439 3973; x_wconf 89' lang='lat' dir='ltr'><strong>quam</strong></span> <span class='ocrx_word' id='word_1_731' title='bbox 3476 3890 3778 3957; x_wconf 43' lang='lat' dir='ltr'><strong>discerni!uis</strong></span> 
     </span>
    </p>
   </div>
   <div class='ocr_carea' id='block_1_101' title="bbox 2287 3993 3777 4068">
    <p class='ocr_par' dir='ltr' id='par_1_101' title="bbox 2287 3993 3777 4068">
     <span class='ocr_line' id='line_1_102' title="bbox 2287 3993 3777 4068; baseline -0.011 -7"><span class='ocrx_word' id='word_1_732' title='bbox 2287 4014 2463 4061; x_wconf 83' lang='lat' dir='ltr'><strong>autem</strong></span> <span class='ocrx_word' id='word_1_733' title='bbox 2495 4018 2599 4059; x_wconf 92' lang='lat' dir='ltr'><strong>non</strong></span> <span class='ocrx_word' id='word_1_734' title='bbox 2621 4002 2924 4068; x_wconf 85' lang='lat' dir='ltr'><strong>cxhorreat,</strong></span> <span class='ocrx_word' id='word_1_735' title='bbox 2948 4008 3002 4055; x_wconf 90' lang='lat' dir='ltr'><strong>et</strong></span> <span class='ocrx_word' id='word_1_736' title='bbox 3017 3996 3150 4054; x_wconf 86' lang='lat' dir='ltr'><strong>mori</strong></span> <span class='ocrx_word' id='word_1_737' title='bbox 3171 3996 3354 4067; x_wconf 86' lang='lat' dir='ltr'><strong>eligat,</strong></span> <span class='ocrx_word' id='word_1_738' title='bbox 3379 3994 3422 4048; x_wconf 92' lang='lat' dir='ltr'><strong>si</strong></span> <span class='ocrx_word' id='word_1_739' title='bbox 3443 3993 3490 4049; x_wconf 89' lang='lat' dir='ltr'><strong>ei</strong></span> <span class='ocrx_word' id='word_1_740' title='bbox 3514 3995 3777 4062; x_wconf 76' lang='lat' dir='ltr'><strong>proponatur.</strong></span> 
     </span>
    </p>
   </div>
   <div class='ocr_carea' id='block_1_102' title="bbox 2288 4072 3780 4166">
    <p class='ocr_par' dir='ltr' id='par_1_102' title="bbox 2288 4072 3780 4166">
     <span class='ocr_line' id='line_1_103' title="bbox 2288 4072 3780 4166; baseline -0.017 -11"><span class='ocrx_word' id='word_1_741' title='bbox 2288 4108 2382 4155; x_wconf 90' lang='lat' dir='ltr'><strong>aut</strong></span> <span class='ocrx_word' id='word_1_742' title='bbox 2406 4113 2553 4153; x_wconf 88' lang='lat' dir='ltr'><strong>mors</strong></span> <span class='ocrx_word' id='word_1_743' title='bbox 2582 4091 2947 4166; x_wconf 88' lang='lat' dir='ltr'><strong>perpetienda,</strong></span> <span class='ocrx_word' id='word_1_744' title='bbox 2978 4099 3072 4145; x_wconf 90' lang='lat' dir='ltr'><strong>aut</strong></span> <span class='ocrx_word' id='word_1_745' title='bbox 3095 4102 3280 4144; x_wconf 87' lang='lat' dir='ltr'><strong>rursus</strong></span> <span class='ocrx_word' id='word_1_746' title='bbox 3318 4082 3561 4141; x_wconf 82' lang='lat' dir='ltr'><strong>infantia?</strong></span> <span class='ocrx_word' id='word_1_747' title='bbox 3581 4080 3685 4148; x_wconf 78' lang='lat' dir='ltr'><strong>Qua:</strong></span> <span class='ocrx_word' id='word_1_748' title='bbox 3705 4072 3780 4143; x_wconf 80' lang='lat' dir='ltr'><strong>qui-</strong></span> 
     </span>
    </p>
   </div>
   <div class='ocr_carea' id='block_1_103' title="bbox 2288 4169 3777 4260">
    <p class='ocr_par' dir='ltr' id='par_1_103' title="bbox 2288 4169 3777 4260">
     <span class='ocr_line' id='line_1_104' title="bbox 2288 4169 3777 4260; baseline -0.015 -13"><span class='ocrx_word' id='word_1_749' title='bbox 2288 4192 2410 4248; x_wconf 92' lang='lat' dir='ltr'><strong>dem</strong></span> <span class='ocrx_word' id='word_1_750' title='bbox 2440 4189 2582 4260; x_wconf 89' lang='lat' dir='ltr'><strong>quod</strong></span> <span class='ocrx_word' id='word_1_751' title='bbox 2612 4202 2718 4243; x_wconf 92' lang='lat' dir='ltr'><strong>non</strong></span> <span class='ocrx_word' id='word_1_752' title='bbox 2746 4201 2775 4241; x_wconf 93' lang='lat' dir='ltr'><strong>a</strong></span> <span class='ocrx_word' id='word_1_753' title='bbox 2803 4185 2934 4249; x_wconf 91' lang='lat' dir='ltr'><strong>risu,</strong></span> <span class='ocrx_word' id='word_1_754' title='bbox 2961 4181 3055 4238; x_wconf 86' lang='lat' dir='ltr'><strong>sed</strong></span> <span class='ocrx_word' id='word_1_755' title='bbox 3074 4196 3105 4237; x_wconf 86' lang='lat' dir='ltr'><strong>a</strong></span> <span class='ocrx_word' id='word_1_756' title='bbox 3126 4180 3251 4235; x_wconf 80' lang='lat' dir='ltr'><strong>fletu</strong></span> <span class='ocrx_word' id='word_1_757' title='bbox 3279 4178 3485 4233; x_wconf 87' lang='lat' dir='ltr'><strong>orditur</strong></span> <span class='ocrx_word' id='word_1_758' title='bbox 3507 4169 3777 4227; x_wconf 79' lang='lat' dir='ltr'><strong>banclucem.</strong></span> 
     </span>
    </p>
   </div>
   <div class='ocr_carea' id='block_1_104' title="bbox 2289 4264 3781 4355">
    <p class='ocr_par' dir='ltr' id='par_1_104' title="bbox 2289 4264 3781 4355">
     <span class='ocr_line' id='line_1_105' title="bbox 2289 4264 3781 4355; baseline -0.017 -18"><span class='ocrx_word' id='word_1_759' title='bbox 2289 4280 2415 4352; x_wconf 91' lang='lat' dir='ltr'><strong>quid</strong></span> <span class='ocrx_word' id='word_1_760' title='bbox 2438 4279 2703 4335; x_wconf 89' lang='lat' dir='ltr'><strong>malorum</strong></span> <span class='ocrx_word' id='word_1_761' title='bbox 2730 4277 2969 4347; x_wconf 89' lang='lat' dir='ltr'><strong>ingressa</strong></span> <span class='ocrx_word' id='word_1_762' title='bbox 3006 4271 3096 4337; x_wconf 89' lang='lat' dir='ltr'><strong>sit,</strong></span> <span class='ocrx_word' id='word_1_763' title='bbox 3138 4268 3388 4325; x_wconf 87' lang='lat' dir='ltr'><strong>nesciens</strong></span> <span class='ocrx_word' id='word_1_764' title='bbox 3411 4264 3781 4355; x_wconf 82' lang='lat' dir='ltr'><strong>prophetat</strong></span> 
     </span>
    </p>
   </div>
   <div class='ocr_carea' id='block_1_105' title="bbox 2289 4353 3783 4433">
    <p class='ocr_par' dir='ltr' id='par_1_105' title="bbox 2289 4353 3783 4433">
     <span class='ocr_line' id='line_1_106' title="bbox 2289 4353 3783 4433; baseline -0.021 -8"><span class='ocrx_word' id='word_1_765' title='bbox 2289 4368 2598 4425; x_wconf 78' lang='lat' dir='ltr'><strong>dummodo.</strong></span> <span class='ocrx_word' id='word_1_766' title='bbox 2629 4366 2812 4423; x_wconf 89' lang='lat' dir='ltr'><strong>Solum</strong></span> <span class='ocrx_word' id='word_1_767' title='bbox 2833 4405 2849 4432; x_wconf 92' lang='lat'><strong>,</strong></span> <span class='ocrx_word' id='word_1_768' title='bbox 2887 4360 3098 4433; x_wconf 89' lang='lat' dir='ltr'><strong>quando</strong></span> <span class='ocrx_word' id='word_1_769' title='bbox 3133 4366 3291 4413; x_wconf 89' lang='lat' dir='ltr'><strong>natus</strong></span> <span class='ocrx_word' id='word_1_770' title='bbox 3329 4363 3435 4420; x_wconf 88' lang='lat' dir='ltr'><strong>est,</strong></span> <span class='ocrx_word' id='word_1_771' title='bbox 3464 4353 3623 4408; x_wconf 85' lang='lat' dir='ltr'><strong>ferunt</strong></span> <span class='ocrx_word' id='word_1_772' title='bbox 3656 4353 3783 4399; x_wconf 67' lang='lat' dir='ltr'><strong>ruisse</strong></span> 
     </span>
    </p>
   </div>
   <div class='ocr_carea' id='block_1_106' title="bbox 2292 4434 3785 4528">
    <p class='ocr_par' dir='ltr' id='par_1_106' title="bbox 2292 4434 3785 4528">
     <span class='ocr_line' id='line_1_107' title="bbox 2292 4434 3785 4528; baseline -0.019 -11"><span class='ocrx_word' id='word_1_773' title='bbox 2292 4462 2629 4516; x_wconf 84' lang='lat' dir='ltr'><strong>Zoroastrem</strong></span> <span class='ocrx_word' id='word_1_774' title='bbox 2652 4456 2753 4528; x_wconf 91' lang='lat' dir='ltr'><strong>(a),</strong></span> <span class='ocrx_word' id='word_1_775' title='bbox 2786 4470 2887 4511; x_wconf 85' lang='lat' dir='ltr'><strong>nee</strong></span> <span class='ocrx_word' id='word_1_776' title='bbox 2912 4454 2962 4510; x_wconf 92' lang='lat' dir='ltr'><strong>ei</strong></span> <span class='ocrx_word' id='word_1_777' title='bbox 2985 4450 3110 4508; x_wconf 94' lang='lat' dir='ltr'><strong>boni</strong></span> <span class='ocrx_word' id='word_1_778' title='bbox 3133 4447 3332 4519; x_wconf 90' lang='lat' dir='ltr'><strong>aliquid</strong></span> <span class='ocrx_word' id='word_1_779' title='bbox 3366 4453 3673 4502; x_wconf 85' lang='lat' dir='ltr'><strong>monstrosus</strong></span> <span class='ocrx_word' id='word_1_780' title='bbox 3691 4434 3785 4528; x_wconf 76' lang='lat' dir='ltr'><strong>risus</strong></span> 
     </span>
    </p>
   </div>
   <div class='ocr_carea' id='block_1_107' title="bbox 2290 4527 3784 4624">
    <p class='ocr_par' dir='ltr' id='par_1_107' title="bbox 2290 4527 3784 4624">
     <span class='ocr_line' id='line_1_108' title="bbox 2290 4527 3784 4624; baseline -0.019 -14"><span class='ocrx_word' id='word_1_781' title='bbox 2290 4555 2379 4610; x_wconf 92' lang='lat' dir='ltr'><strong>ille</strong></span> <span class='ocrx_word' id='word_1_782' title='bbox 2403 4550 2691 4624; x_wconf 89' lang='lat' dir='ltr'><strong>portendit.</strong></span> <span class='ocrx_word' id='word_1_783' title='bbox 2711 4527 2850 4605; x_wconf 89' lang='lat' dir='ltr'><strong>Nam</strong></span> <span class='ocrx_word' id='word_1_784' title='bbox 2876 4546 3195 4616; x_wconf 87' lang='lat' dir='ltr'><strong>magicarum</strong></span> <span class='ocrx_word' id='word_1_785' title='bbox 3221 4542 3415 4597; x_wconf 90' lang='lat' dir='ltr'><strong>artium</strong></span> <span class='ocrx_word' id='word_1_786' title='bbox 3439 4538 3595 4593; x_wconf 81' lang='lat' dir='ltr'><strong>fuisse</strong></span> <span class='ocrx_word' id='word_1_787' title='bbox 3614 4527 3784 4624; x_wconf 70' lang='lat' dir='ltr'><strong>perbibe-</strong></span> 
     </span>
    </p>
   </div>
   <div class='ocr_carea' id='block_1_108' title="bbox 2292 4618 3785 4709">
    <p class='ocr_par' dir='ltr' id='par_1_108' title="bbox 2292 4618 3785 4709">
     <span class='ocr_line' id='line_1_109' title="bbox 2292 4618 3785 4709; baseline -0.015 -10"><span class='ocrx_word' id='word_1_788' title='bbox 2292 4654 2377 4700; x_wconf 90' lang='lat' dir='ltr'><strong>tur</strong></span> <span class='ocrx_word' id='word_1_789' title='bbox 2402 4618 2645 4698; x_wconf 79' lang='lat' dir='ltr'><strong>inventor</strong></span> <span class='ocrx_word' id='word_1_790' title='bbox 2678 4658 2691 4695; x_wconf 89' lang='lat'><strong>:</strong></span> <span class='ocrx_word' id='word_1_791' title='bbox 2716 4654 2834 4709; x_wconf 78' lang='lat' dir='ltr'><strong>qua:</strong></span> <span class='ocrx_word' id='word_1_792' title='bbox 2871 4636 3085 4709; x_wconf 90' lang='lat' dir='ltr'><strong>quidem</strong></span> <span class='ocrx_word' id='word_1_793' title='bbox 3109 4634 3182 4689; x_wconf 92' lang='lat' dir='ltr'><strong>illi</strong></span> <span class='ocrx_word' id='word_1_794' title='bbox 3212 4646 3315 4687; x_wconf 90' lang='lat' dir='ltr'><strong>nec</strong></span> <span class='ocrx_word' id='word_1_795' title='bbox 3340 4631 3409 4686; x_wconf 92' lang='lat' dir='ltr'><strong>ad</strong></span> <span class='ocrx_word' id='word_1_796' title='bbox 3437 4623 3683 4700; x_wconf 70' lang='lat' dir='ltr'><strong>prreseutis</strong></span> <span class='ocrx_word' id='word_1_797' title='bbox 3704 4618 3785 4671; x_wconf 60' lang='lat' dir='ltr'><strong>Vill</strong></span> 
     </span>
    </p>
   </div>
   <div class='ocr_carea' id='block_1_109' title="bbox 2291 4716 3787 4790">
    <p class='ocr_par' dir='ltr' id='par_1_109' title="bbox 2291 4716 3787 4790">
     <span class='ocr_line' id='line_1_110' title="bbox 2291 4716 3787 4790; baseline -0.015 0"><span class='ocrx_word' id='word_1_798' title='bbox 2291 4750 2481 4790; x_wconf 89' lang='lat' dir='ltr'><strong>vanam</strong></span> <span class='ocrx_word' id='word_1_799' title='bbox 2512 4733 2815 4789; x_wconf 87' lang='lat' dir='ltr'><strong>felicitatem</strong></span> <span class='ocrx_word' id='word_1_800' title='bbox 2842 4736 3028 4785; x_wconf 86' lang='lat' dir='ltr'><strong>contra</strong></span> <span class='ocrx_word' id='word_1_801' title='bbox 3057 4740 3185 4781; x_wconf 88' lang='lat' dir='ltr'><strong>suos</strong></span> <span class='ocrx_word' id='word_1_802' title='bbox 3212 4723 3457 4778; x_wconf 89' lang='lat' dir='ltr'><strong>inimicos</strong></span> <span class='ocrx_word' id='word_1_803' title='bbox 3487 4716 3703 4789; x_wconf 82' lang='lat' dir='ltr'><strong>prodesse</strong></span> <span class='ocrx_word' id='word_1_804' title='bbox 3721 4720 3787 4776; x_wconf 79' lang='grc' dir='ltr'><strong>Ρο-</strong></span> 
     </span>
    </p>
   </div>
   <div class='ocr_carea' id='block_1_110' title="bbox 2293 4798 3790 4890">
    <p class='ocr_par' dir='ltr' id='par_1_110' title="bbox 2293 4798 3790 4890">
     <span class='ocr_line' id='line_1_111' title="bbox 2293 4798 3790 4890; baseline -0.018 -10"><span class='ocrx_word' id='word_1_805' title='bbox 2293 4833 2529 4882; x_wconf 91' lang='lat' dir='ltr'><strong>tuerunt.</strong></span> <span class='ocrx_word' id='word_1_806' title='bbox 2554 4826 2597 4877; x_wconf 85' lang='lat' dir='ltr'><strong>A</strong></span> <span class='ocrx_word' id='word_1_807' title='bbox 2628 4822 2764 4877; x_wconf 85' lang='lat' dir='ltr'><strong>Nino</strong></span> <span class='ocrx_word' id='word_1_808' title='bbox 2791 4820 2983 4890; x_wconf 90' lang='lat' dir='ltr'><strong>quippe</strong></span> <span class='ocrx_word' id='word_1_809' title='bbox 3006 4830 3131 4886; x_wconf 89' lang='lat' dir='ltr'><strong>rege</strong></span> <span class='ocrx_word' id='word_1_810' title='bbox 3164 4812 3524 4882; x_wconf 84' lang='lat' dir='ltr'><strong>Assyriorum,</strong></span> <span class='ocrx_word' id='word_1_811' title='bbox 3554 4818 3660 4861; x_wconf 87' lang='lat' dir='ltr'><strong>cum</strong></span> 
     </span>
    </p>
   </div>
   <div class='ocr_carea' id='block_1_111' title="bbox 2292 4880 3790 4989">
    <p class='ocr_par' dir='ltr' id='par_1_111' title="bbox 2292 4880 3790 4989">
     <span class='ocr_line' id='line_1_112' title="bbox 2292 4880 3790 4989; baseline -0.02 -16"><span class='ocrx_word' id='word_1_812' title='bbox 2292 4880 2405 4989; x_wconf 80' lang='lat' dir='ltr'><strong>ipse</strong></span> <span class='ocrx_word' id='word_1_813' title='bbox 2428 4880 2847 4976; x_wconf 75' lang='lat' dir='ltr'><strong>Bactrianorum,</strong></span> <span class='ocrx_word' id='word_1_814' title='bbox 2875 4880 3016 4965; x_wconf 80' lang='lat' dir='ltr'><strong>bello</strong></span> <span class='ocrx_word' id='word_1_815' title='bbox 3036 4880 3316 4975; x_wconf 76' lang='lat' dir='ltr'><strong>superatus</strong></span> <span class='ocrx_word' id='word_1_816' title='bbox 3338 4909 3442 4956; x_wconf 92' lang='lat' dir='ltr'><strong>est.</strong></span> <span class='ocrx_word' id='word_1_817' title='bbox 3467 4898 3668 4989; x_wconf 82' lang='lat' dir='ltr'><strong>Prorsus</strong></span> 
     </span>
    </p>
   </div>
   <div class='ocr_carea' id='block_1_112' title="bbox 2292 4971 3793 5077">
    <p class='ocr_par' dir='ltr' id='par_1_112' title="bbox 2292 4971 3793 5077">
     <span class='ocr_line' id='line_1_113' title="bbox 2292 4971 3793 5077; baseline 0.001 -14"><span class='ocrx_word' id='word_1_818' title='bbox 2292 4971 2549 5077; x_wconf 63' lang='lat' dir='ltr'><strong>scriptum</strong></span> <span class='ocrx_word' id='word_1_819' title='bbox 2585 5014 2685 5069; x_wconf 89' lang='lat' dir='ltr'><strong>est,</strong></span> <span class='ocrx_word' id='word_1_820' title='bbox 2720 4971 2883 5056; x_wconf 70' lang='lat' dir='ltr'><strong>Grave</strong></span> <span class='ocrx_word' id='word_1_821' title='bbox 2914 4971 3278 5070; x_wconf 32' lang='lat' dir='ltr'><strong>jugumisupcr</strong></span> <span class='ocrx_word' id='word_1_822' title='bbox 3308 4991 3445 5060; x_wconf 70' lang='grc' dir='ltr'><strong>Ιίιί⁰³</strong></span> <span class='ocrx_word' id='word_1_823' title='bbox 3489 4986 3667 5045; x_wconf 62' lang='lat' dir='ltr'><strong>MM“</strong></span> 
     </span>
    </p>
   </div>
   <div class='ocr_carea' id='block_1_113' title="bbox 2292 5067 3793 5158">
    <p class='ocr_par' dir='ltr' id='par_1_113' title="bbox 2292 5067 3793 5158">
     <span class='ocr_line' id='line_1_114' title="bbox 2292 5067 3793 5158; baseline -0.01 -6"><span class='ocrx_word' id='word_1_824' title='bbox 2292 5067 2455 5153; x_wconf 76' lang='lat' dir='ltr'><strong>exitus</strong></span> <span class='ocrx_word' id='word_1_825' title='bbox 2476 5095 2538 5148; x_wconf 87' lang='lat' dir='ltr'><strong>de</strong></span> <span class='ocrx_word' id='word_1_826' title='bbox 2557 5101 2723 5147; x_wconf 81' lang='lat' dir='ltr'><strong>ventre</strong></span> <span class='ocrx_word' id='word_1_827' title='bbox 2744 5090 2920 5144; x_wconf 86' lang='lat' dir='ltr'><strong>matris</strong></span> <span class='ocrx_word' id='word_1_828' title='bbox 2947 5102 3140 5151; x_wconf 79' lang='lat' dir='ltr'><strong>eorum,</strong></span> <span class='ocrx_word' id='word_1_829' title='bbox 3162 5097 3315 5153; x_wconf 75' lang='lat' dir='ltr'><strong>usque</strong></span> <span class='ocrx_word' id='word_1_830' title='bbox 3344 5081 3399 5132; x_wconf 75' lang='lat' dir='ltr'><strong>in</strong></span> <span class='ocrx_word' id='word_1_831' title='bbox 3426 5077 3555 5131; x_wconf 72' lang='lat' dir='ltr'><strong>diem</strong></span> <span class='ocrx_word' id='word_1_832' title='bbox 3582 5067 3793 5158; x_wconf 45' lang='grc' dir='ltr'><strong>κρυίίίξτξ</strong></span> 
     </span>
    </p>
   </div>
   <div class='ocr_carea' id='block_1_114' title="bbox 2291 5153 3793 5249">
    <p class='ocr_par' dir='ltr' id='par_1_114' title="bbox 2291 5153 3793 5249">
     <span class='ocr_line' id='line_1_115' title="bbox 2291 5153 3793 5249; baseline -0.02 -7"><span class='ocrx_word' id='word_1_833' title='bbox 2291 5189 2346 5242; x_wconf 88' lang='lat' dir='ltr'><strong>in</strong></span> <span class='ocrx_word' id='word_1_834' title='bbox 2372 5195 2585 5239; x_wconf 87' lang='lat' dir='ltr'><strong>matrem</strong></span> <span class='ocrx_word' id='word_1_835' title='bbox 2608 5183 2833 5237; x_wconf 89' lang='lat' dir='ltr'><strong>omnium</strong></span> <span class='ocrx_word' id='word_1_836' title='bbox 2858 5178 3042 5249; x_wconf 83' lang='lat' dir='ltr'><strong>(Eccli.</strong></span> <span class='ocrx_word' id='word_1_837' title='bbox 3072 5192 3161 5240; x_wconf 73' lang='lat' dir='ltr'><strong>XL,</strong></span> <span class='ocrx_word' id='word_1_838' title='bbox 3195 5174 3270 5244; x_wconf 76' lang='grc'><strong>1),</strong></span> <span class='ocrx_word' id='word_1_839' title='bbox 3297 5184 3464 5239; x_wconf 89' lang='lat' dir='ltr'><strong>usque</strong></span> <span class='ocrx_word' id='word_1_840' title='bbox 3491 5165 3615 5221; x_wconf 88' lang='lat' dir='ltr'><strong>adeo</strong></span> <span class='ocrx_word' id='word_1_841' title='bbox 3640 5153 3793 5225; x_wconf 65' lang='lat' dir='ltr'><strong>impleri</strong></span> 
     </span>
    </p>
   </div>
   <div class='ocr_carea' id='block_1_115' title="bbox 2293 5258 3795 5340">
    <p class='ocr_par' dir='ltr' id='par_1_115' title="bbox 2293 5258 3795 5340">
     <span class='ocr_line' id='line_1_116' title="bbox 2293 5258 3795 5340; baseline -0.021 -6"><span class='ocrx_word' id='word_1_842' title='bbox 2293 5292 2513 5333; x_wconf 90' lang='lat' dir='ltr'><strong>necesse</strong></span> <span class='ocrx_word' id='word_1_843' title='bbox 2546 5284 2649 5340; x_wconf 87' lang='lat' dir='ltr'><strong>est,</strong></span> <span class='ocrx_word' id='word_1_844' title='bbox 2678 5282 2735 5326; x_wconf 92' lang='lat' dir='ltr'><strong>ut</strong></span> <span class='ocrx_word' id='word_1_845' title='bbox 2773 5271 2873 5340; x_wconf 90' lang='lat' dir='ltr'><strong>ipsi</strong></span> <span class='ocrx_word' id='word_1_846' title='bbox 2907 5267 3110 5339; x_wconf 91' lang='lat' dir='ltr'><strong>parvuli</strong></span> <span class='ocrx_word' id='word_1_847' title='bbox 3146 5280 3241 5336; x_wconf 87' lang='lat' dir='ltr'><strong>per</strong></span> <span class='ocrx_word' id='word_1_848' title='bbox 3274 5264 3539 5317; x_wconf 88' lang='lat' dir='ltr'><strong>lavacrum</strong></span> <span class='ocrx_word' id='word_1_849' title='bbox 3576 5258 3795 5320; x_wconf 66' lang='lat' dir='ltr'><strong>regenera-</strong></span> 
     </span>
    </p>
   </div>
   <div class='ocr_carea' id='block_1_116' title="bbox 2293 5347 3795 5434">
    <p class='ocr_par' dir='ltr' id='par_1_116' title="bbox 2293 5347 3795 5434">
     <span class='ocr_line' id='line_1_117' title="bbox 2293 5347 3795 5434; baseline -0.015 -8"><span class='ocrx_word' id='word_1_850' title='bbox 2293 5370 2451 5426; x_wconf 91' lang='lat' dir='ltr'><strong>tionis</strong></span> <span class='ocrx_word' id='word_1_851' title='bbox 2477 5368 2544 5422; x_wconf 89' lang='lat' dir='ltr'><strong>ab</strong></span> <span class='ocrx_word' id='word_1_852' title='bbox 2565 5363 2836 5434; x_wconf 88' lang='lat' dir='ltr'><strong>originalis</strong></span> <span class='ocrx_word' id='word_1_853' title='bbox 2860 5359 3085 5431; x_wconf 86' lang='lat' dir='ltr'><strong>peccati,</strong></span> <span class='ocrx_word' id='word_1_854' title='bbox 3115 5370 3220 5426; x_wconf 91' lang='lat' dir='ltr'><strong>quo</strong></span> <span class='ocrx_word' id='word_1_855' title='bbox 3243 5354 3356 5408; x_wconf 85' lang='lat' dir='ltr'><strong>solo</strong></span> <span class='ocrx_word' id='word_1_856' title='bbox 3387 5347 3795 5434; x_wconf 69' lang='lat' dir='ltr'><strong>tenebantur.</strong></span> 
     </span>
    </p>
   </div>
   <div class='ocr_carea' id='block_1_117' title="bbox 2293 5433 3795 5529">
    <p class='ocr_par' dir='ltr' id='par_1_117' title="bbox 2293 5433 3795 5529">
     <span class='ocr_line' id='line_1_118' title="bbox 2293 5433 3795 5529; baseline -0.023 -12"><span class='ocrx_word' id='word_1_857' title='bbox 2293 5461 2414 5517; x_wconf 91' lang='lat' dir='ltr'><strong>culo</strong></span> <span class='ocrx_word' id='word_1_858' title='bbox 2436 5460 2546 5529; x_wconf 88' lang='lat' dir='ltr'><strong>jam</strong></span> <span class='ocrx_word' id='word_1_859' title='bbox 2574 5433 2758 5521; x_wconf 90' lang='lat' dir='ltr'><strong>soluti,</strong></span> <span class='ocrx_word' id='word_1_860' title='bbox 2780 5453 2919 5507; x_wconf 88' lang='lat' dir='ltr'><strong>mala</strong></span> <span class='ocrx_word' id='word_1_861' title='bbox 2939 5448 3100 5504; x_wconf 88' lang='lat' dir='ltr'><strong>multa</strong></span> <span class='ocrx_word' id='word_1_862' title='bbox 3117 5445 3394 5516; x_wconf 88' lang='lat' dir='ltr'><strong>patientes,</strong></span> <span class='ocrx_word' id='word_1_863' title='bbox 3429 5433 3653 5494; x_wconf 89' lang='lat' dir='ltr'><strong>nonnulli</strong></span> <span class='ocrx_word' id='word_1_864' title='bbox 3676 5437 3720 5483; x_wconf 86' lang='lat' dir='ltr'><strong>et</strong></span> <span class='ocrx_word' id='word_1_865' title='bbox 3742 5438 3795 5476; x_wconf 75' lang='grc' dir='ltr'><strong>ιιι⁹</strong></span> 
     </span>
    </p>
   </div>
   <div class='ocr_carea' id='block_1_118' title="bbox 2350 5612 3794 5747">
    <p class='ocr_par' dir='ltr' id='par_1_118' title="bbox 2350 5612 3794 5747">
     <span class='ocr_line' id='line_1_119' title="bbox 2350 5612 3794 5747; baseline -0.03 -9"><span class='ocrx_word' id='word_1_866' title='bbox 2350 5617 2376 5747; x_wconf 50' lang='grc' dir='ltr'><strong>,ξ</strong></span> <span class='ocrx_word' id='word_1_867' title='bbox 2400 5612 2538 5736; x_wconf 46' lang='grc' dir='ltr'><strong>ἓξὲξ</strong></span> <span class='ocrx_word' id='word_1_868' title='bbox 3174 5662 3265 5724; x_wconf 78' lang='lat' dir='ltr'><strong>his,</strong></span> <span class='ocrx_word' id='word_1_869' title='bbox 3282 5661 3341 5710; x_wconf 85' lang='lat' dir='ltr'><strong>ab</strong></span> <span class='ocrx_word' id='word_1_870' title='bbox 3355 5657 3575 5707; x_wconf 82' lang='lat' dir='ltr'><strong>omnibus</strong></span> <span class='ocrx_word' id='word_1_871' title='bbox 3591 5638 3794 5701; x_wconf 69' lang='grc' dir='ltr'><strong>ωιιιυςσί-</strong></span> 
     </span>
    </p>
   </div>
   <div class='ocr_carea' id='block_1_119' title="bbox 2294 5747 3513 5863">
    <p class='ocr_par' dir='ltr' id='par_1_119' title="bbox 2294 5747 3513 5863">
     <span class='ocr_line' id='line_1_120' title="bbox 2294 5747 3513 5863; baseline -0.01 -16"><span class='ocrx_word' id='word_1_872' title='bbox 2294 5747 2440 5863; x_wconf 55' lang='lat' dir='ltr'><strong>mia)</strong></span> <span class='ocrx_word' id='word_1_873' title='bbox 2473 5797 2665 5861; x_wconf 78' lang='lat' dir='ltr'><strong>Plinius,</strong></span> <span class='ocrx_word' id='word_1_874' title='bbox 2690 5795 2775 5847; x_wconf 89' lang='lat' dir='ltr'><strong>lib.</strong></span> <span class='ocrx_word' id='word_1_875' title='bbox 2799 5797 2829 5846; x_wconf 91' lang='lat'><strong>7</strong></span> <span class='ocrx_word' id='word_1_876' title='bbox 2850 5796 2967 5845; x_wconf 75' lang='lat' dir='ltr'><strong>Hist.</strong></span> <span class='ocrx_word' id='word_1_877' title='bbox 2987 5798 3103 5853; x_wconf 85' lang='lat' dir='ltr'><strong>nat.,</strong></span> <span class='ocrx_word' id='word_1_878' title='bbox 3129 5800 3233 5851; x_wconf 86' lang='lat' dir='ltr'><strong>cap.</strong></span> <span class='ocrx_word' id='word_1_879' title='bbox 3270 5785 3342 5844; x_wconf 71' lang='grc'><strong>15,</strong></span> <span class='ocrx_word' id='word_1_880' title='bbox 3358 5782 3408 5829; x_wconf 78' lang='lat' dir='ltr'><strong>in</strong></span> <span class='ocrx_word' id='word_1_881' title='bbox 3430 5779 3513 5831; x_wconf 78' lang='lat' dir='ltr'><strong>ﬁn-</strong></span> 
     </span>
    </p>
   </div>
  </div>
