3996 6520
184 422 285 481 729

183 554 369 595 cursus
411 540 687 610 spirituum
729 539 1079 611 malignorum
1124 539 1405 610 aliquando
1454 543 1739 613 patiantur.

184 630 312 699 Qum
336 630 546 699 quidem
576 630 748 698 passio
776 630 915 685 absit
939 638 995 684 ut
1021 629 1101 684 eis
1132 631 1309 699 obsit,
1340 633 1387 688 si
1427 631 1564 688 hanc
1583 631 1745 686 vitam

186 721 239 775 in
262 722 348 776 illa
369 730 543 787 aitate,
566 723 725 777 etiam
748 721 857 792 ipsa
881 721 1124 791 passione
1144 722 1543 792 ingravescente
1562 732 1617 779 et
1635 723 1748 777 aui-

187 827 327 866 mam
350 812 417 867 de
440 828 664 882 corpore
692 813 1026 878 excludente,
1058 813 1291 868 ﬁnierint
1314 814 1414 886 (a).

188 902 413 958 CAPUT
452 902 566 958 XV.
592 934 663 943 —
702 902 851 968 Quod
875 919 1019 956 omne
1044 918 1169 972 Opus
1197 906 1373 974 gratia:
1416 904 1505 959 Dei
1533 904 1750 959 eruentis

261 1008 353 1047 nos
374 994 435 1045 de
454 994 791 1063 profunditate
810 992 982 1047 veteris
1009 992 1149 1058 mali,
1170 994 1237 1047 ad
1258 996 1415 1057 futuri
1436 996 1609 1049 διεσαιὶ
1634 1010 1753 1063 per-

265 1084 418 1136 tineat
440 1085 724 1137 novitatem.

264 1174 641 1229 Verumtamen
670 1176 720 1229 in
751 1178 893 1248 gravi
917 1177 1045 1249 jugo
1071 1177 1211 1248 quod
1240 1176 1469 1247 positum
1498 1185 1578 1231 est
1597 1190 1758 1245 super

198 1264 335 1320 ﬁlios
375 1264 567 1331 Adam,
613 1280 643 1320 a
682 1267 768 1322 die
812 1270 982 1324 exitus
1020 1270 1088 1324 de
1128 1279 1314 1323 ventre
1341 1268 1524 1323 matris
1551 1282 1758 1336 eorum,

198 1369 363 1425 usque
407 1356 459 1409 in
498 1356 637 1411 diem
667 1359 952 1427 sepultura:
982 1360 1033 1413 in
1064 1366 1286 1413 matrem
1312 1357 1571 1425 omnium,
1601 1358 1761 1412 etiam

198 1447 300 1502 hoc
337 1447 534 1501 malum
562 1448 833 1505 mirabile‘
863 1451 1142 1520 reperitur,
1188 1458 1247 1505 ut
1273 1450 1435 1504 sobrii
1463 1450 1648 1515 simus,
1677 1456 1760 1503 at-

198 1556 301 1609 que
346 1540 701 1611 intelligamus
749 1544 886 1598 hanc
933 1544 1093 1597 vitam
1127 1543 1195 1598 de
1218 1551 1438 1613 peccato
1486 1541 1579 1596 illo
1606 1541 1763 1596 nimis

199 1628 424 1696 nefario,
468 1630 611 1699 quod
649 1631 702 1685 in
743 1632 987 1702 paradiso
1036 1640 1395 1703 perpetratum
1422 1639 1523 1699 est,
1570 1630 1763 1685 factam

198 1719 353 1773 nobis
382 1734 499 1774 esse
521 1721 805 1790 poenalem,
832 1731 1105 1793 totumque
1129 1722 1269 1792 quod
1295 1722 1570 1777 nobiscum
1590 1721 1764 1791 agitur

199 1825 297 1880 per
322 1811 722 1869 Testamentum
757 1829 971 1879 novum,
1004 1828 1107 1869 non
1136 1814 1402 1884 pertinere
1428 1814 1528 1867 nisi
1551 1811 1617 1867 ad
1644 1810 1767 1867 novi

199 1901 381 1953 seaculi
413 1901 774 1957 haereditatem
818 1919 1029 1969 novam,
1066 1912 1125 1959 ut
1152 1904 1239 1958 hic
1268 1905 1485 1975 pignore
1523 1912 1763 1973 accepto,

200 1992 328 2047 illud
353 1993 503 2063 cujus
529 1994 631 2049 hoc
659 1996 848 2065 pignus
874 2005 955 2051 est
976 2011 1073 2050 suo
1099 2006 1336 2067 tempore
1359 2011 1765 2067 consequamur:

201 2098 343 2138 nunc
370 2092 545 2139 autem
567 2086 895 2142 ambulemus
922 2088 973 2142 in
1001 2103 1115 2159 spe,
1145 2096 1199 2142 et
1228 2086 1565 2157 proﬁcientes
1592 2087 1657 2142 de
1679 2087 1767 2142 die

201 2172 254 2226 in
281 2174 443 2241 diem,
472 2176 658 2245 spiritu
688 2176 823 2231 facta
846 2178 1018 2233 carnis
1054 2179 1435 2234 mortiﬁccmus
1460 2178 1631 2249 (Rom.
1656 2195 1765 2244 vui,

204 2265 313 2335 15).
345 2266 498 2321 Novit
522 2268 663 2322 enim
692 2271 944 2324 Dominus
968 2270 1054 2341 qui
1073 2279 1187 2325 sunt
1207 2272 1317 2340 ejus
1347 2270 1411 2341 (ll
1434 2270 1566 2323 Tim.
1586 2270 1766 2341 11,19);

202 2366 275 2418 et,
294 2356 540 2429 Quotquot
561 2360 759 2430 Spiritu
784 2360 877 2415 Dei
901 2372 1135 2433 aguntur,
1158 2363 1212 2415 hi
1230 2362 1325 2430 ﬁlii
1350 2372 1466 2416 sunt
1488 2361 1767 2433 Dei(Rom.

202 2463 312 2513 vui,
342 2450 456 2518 H),
485 2450 589 2506 Sed
616 2454 801 2522 gratia,
825 2469 929 2509 non
955 2463 1161 2509 natura.
1187 2454 1385 2509 Unicus
1414 2456 1555 2509 enim
1585 2463 1769 2509 natura

202 2538 301 2593 Dei
331 2541 514 2608 Filius,
550 2553 767 2613 propter
808 2560 905 2599 nos
944 2545 1306 2601 misericordia
1334 2544 1500 2599 factus
1526 2555 1605 2599 est
1633 2545 1772 2599 ﬁlius

204 2629 453 2698 hominis,
486 2641 543 2687 ut
567 2648 663 2687 nos
690 2642 875 2689 natura
916 2636 1006 2690 ﬁlii
1039 2637 1289 2703 hominis,
1322 2636 1415 2690 ﬁlii
1456 2636 1551 2691 Dei
1579 2652 1670 2705 per
1703 2636 1770 2691 il-

203 2719 312 2774 lum
334 2722 499 2791 gratia
526 2724 1049 2781 ﬁeremus'.Manens
1074 2727 1269 2797 quippe
1290 2726 1380 2780 ille
1406 2725 1767 2791 immutabilis,

200 2820 447 2866 naturam
496 2821 752 2881 nostram,
786 2815 837 2869 in
866 2830 968 2885 qua
995 2830 1093 2870 nos
1132 2816 1449 2886 susciperet,
1482 2815 1714 2885 suscepit
1742 2831 1771 2870 a

200 2900 394 2967 nobis;
435 2910 490 2956 et
530 2909 687 2957 tenax
724 2904 1013 2960 divinitatis
1049 2921 1179 2972 sure,
1211 2914 1407 2960 nostrae
1452 2905 1773 2961 inﬁrmitatis

200 2990 467 3059 particeps
509 2992 676 3049 tactus
713 3004 831 3061 est;
876 3004 931 3049 ut
958 3010 1056 3051 nos
1102 2997 1155 3050 in
1207 2996 1398 3051 melius
1440 2998 1770 3065 commutati,

200 3080 345 3151 quod
375 3091 680 3151 peccatores
706 3086 1060 3157 mortalesque
1086 3101 1289 3152 sumus,
1321 3086 1435 3157 ejus
1461 3087 1773 3142 immortalis

199 3181 259 3225 et
281 3172 409 3241 justi
427 3172 447 3203 ³
473 3175 872 3246 participatione
900 3178 1224 3245 amittamus,
1253 3186 1308 3233 et
1331 3177 1471 3247 quod
1502 3178 1555 3233 in
1583 3187 1771 3235 natura

202 3272 387 3316 nostra
419 3262 617 3319 bonum
657 3266 799 3332 fecit,
850 3267 1121 3337 impletum
1151 3282 1360 3323 summo
1388 3267 1532 3323 bono
1560 3268 1613 3323 in
1658 3268 1775 3339 ejus

202 3366 410 3412 natura:
460 3355 693 3412 bonitate
734 3372 1028 3413 servemus.
1073 3358 1221 3413 Sicut
1274 3359 1419 3413 enim
1465 3374 1560 3429 per
1611 3375 1773 3414 unum

200 3447 478 3503 hominem
528 3457 833 3517 peccantem
877 3447 990 3517 (Id.
1021 3464 1072 3515 v,
1123 3448 1214 3518 12)
1266 3448 1318 3502 in
1349 3448 1451 3503 hoc
1478 3458 1583 3503 tam
1617 3463 1778 3518 grave

198 3539 402 3594 malum
428 3538 735 3594 devenimus
760 3556 774 3593 :
803 3538 871 3591 ita
901 3553 996 3608 per
1022 3552 1183 3591 unum
1213 3537 1481 3592 hominem
1504 3538 1781 3593 eumdem-

200 3646 311 3699 que
334 3627 501 3684 Deum
524 3628 900 3700 justiﬁcantem
931 3627 995 3681 ad
1028 3626 1156 3681 illud
1185 3626 1383 3682 bonum
1414 3636 1520 3681 uim
1550 3628 1777 3684 sublime

200 3721 500 3775 veniemus.
546 3719 653 3774 Nec
680 3722 957 3789 quisquam
986 3732 1043 3772 se
1072 3717 1230 3773 debet
1271 3716 1340 3772 ab
1382 3717 1487 3773 isto
1530 3717 1597 3772 ad
1626 3718 1775 3772 illum

204 3810 461 3865 transisse
499 3808 789 3876 conﬁdere,
818 3808 921 3862 nisi
949 3822 1069 3862 cum
1112 3807 1183 3862 ibi
1208 3805 1386 3873 fuerit,
1428 3807 1517 3862 ubi
1556 3808 1777 3863 tentatio

203 3903 351 3958 nulla
378 3904 513 3966 erit;
547 3902 646 3957 nisi
676 3916 861 3971 pacem
889 3900 1136 3966 tenuerit,
1172 3913 1331 3970 quam
1358 3898 1483 3954 belli
1512 3898 1688 3968 hujus,
1722 3900 1776 3954 in

203 4012 314 4067 quo
343 4010 468 4051 caro
492 3995 820 4066 concupiscit
862 3994 1117 4049 adversus
1161 3992 1405 4063 spiritum
1453 4000 1508 4048 et
1559 3991 1778 4061 spiritus

204 4089 462 4143 adversus
489 4102 705 4143 carnem
735 4085 933 4155 (Galat.
960 4101 1014 4150 v,
1043 4083 1154 4155 17),
1187 4083 1366 4138 multis
1391 4091 1443 4138 et
1471 4082 1632 4137 variis
1657 4097 1779 4139 cer-

205 4178 495 4233 taminibus
523 4177 729 4248 quaerit.
755 4176 867 4231 Hoc
887 4184 1063 4229 autem
1090 4174 1286 4230 bellum
1318 4188 1583 4243 nunquam
1614 4173 1777 4227 ullum

204 4276 370 4335 esset,
412 4270 457 4323 si
505 4275 691 4322 natura
738 4266 967 4322 humana
1006 4281 1103 4335 per
1145 4265 1372 4320 liberum
1422 4264 1700 4320 arbitrium
1726 4263 1781 4320 in

208 4359 550 4427 rectitudine,
577 4360 629 4414 in
654 4374 756 4429 qua
792 4358 927 4413 facta
958 4368 1060 4425 est,
1091 4357 1430 4427 perstitisset.
1478 4356 1627 4412 Nunc
1653 4371 1783 4411 vero

208 4468 332 4522 quae
357 4467 540 4521 pacem
585 4450 707 4505 felix
734 4465 854 4504 cum
881 4450 991 4503 Deo
1024 4449 1219 4503 habere
1254 4448 1443 4513 noluit,
1474 4462 1655 4502 secum
1682 4462 1782 4516 pu-

205 4541 548 4613 gnatinfelix,
566 4549 756 4597 etcum
779 4540 848 4595 sit
871 4540 972 4595 hoc
986 4540 1183 4595 malum
1210 4538 1568 4605 miserabile‘,
1595 4538 1785 4594 melius

208 4641 295 4687 est
320 4641 497 4686 tamen
523 4646 679 4701 quam
706 4631 882 4701 priora
909 4631 1030 4685 vitae
1058 4630 1236 4699 hujus.
1266 4629 1452 4684 Melius
1480 4628 1784 4699 conﬂigitur

206 4724 405 4794 quippe
447 4738 567 4776 eum
597 4722 757 4787 vitiis,
788 4736 944 4791 quam
981 4736 1103 4776 cum
1123 4722 1144 4753 ⁸
1169 4721 1285 4775 sine
1315 4720 1420 4773 ulla
1443 4720 1786 4776 conﬂictione

208 4813 573 4870 dominantur.
622 4811 807 4866 Melius
840 4820 943 4878 est,
990 4811 1231 4880 inquam,
1268 4809 1467 4864 bellum
1518 4824 1637 4865 cum
1690 4825 1787 4880 spe

208 4914 427 4959 mternze
452 4902 619 4972 pacis,
650 4916 807 4971 quam
834 4901 950 4956 sine
974 4901 1081 4956 ulla
1109 4900 1438 4955 liberationis
1463 4901 1785 4970 cogitatione

209 4997 515 5067 captivitas.
558 4994 813 5065 Cupimus
850 4993 1061 5064 quidem
1092 4992 1252 5048 etiam
1282 4991 1386 5047 hoc
1411 4991 1550 5047 bello
1579 5007 1786 5060 carere,

271 5139 292 5216 ξ
320 5145 456 5217 laeti.
475 5142 799 5217 wwetum
813 5142 1096 5217 ηιίεεηςιωιε·
1113 5140 1480 5217 ριθτίίιιιβμεξεν
1499 5138 1586 5217 ’περ
1607 5140 1790 5217 metm

210 5205 431 5276 mirabile
460 5218 477 5255 :
502 5206 687 5277 scilicet
708 5207 759 5253 in
792 5204 1003 5267 parvulis
1036 5205 1152 5266 ipsis
1180 5204 1505 5265 regeneratis,
1527 5203 1591 5253 de
1614 5206 1791 5266 quibus

210 5280 464 5330 superiore
487 5275 661 5330 cipue.
858 5324 936 5330 ,ω
1054 5325 1065 5330 _
1516 5324 1528 5330 _
1660 5324 1683 5330 _

276 5322 300 5367 ὅ
332 5328 437 5377 sola
470 5322 616 5377 editio
659 5333 799 5386 tom,
844 5324 937 5389 ﬁlii
975 5325 1065 5376 Dei
1102 5338 1189 5388 per
1230 5322 1361 5375 illius
1401 5324 1607 5388 gratiam
1648 5324 1791 5389 ﬁere-

212 5402 388 5519 Ὗῗδὶω
411 5461 582 5519 omnes
617 5456 730 5519 Mss._
766 5455 821 5519 {it
861 5448 997 5518 editi,
1022 5447 1139 5519 .ejus
1182 5446 1554 5519 ﬂuuiortalitqtts
1569 5452 1615 5497 et
1640 5444 1793 5519 justi-

213 5508 338 5621 ξῦιέ
367 5510 608 5574 pauloque
630 5516 739 5573 post
774 5508 895 5569 loco,
914 5507 1189 5571 impletum,
1232 5509 1379 5558 iidem
1415 5509 1676 5569 habebam,
1699 5507 1790 5557 im-

215 5584 395 5743 ῗῖξὲἐο
412 5639 517 5683 Mss.
542 5631 660 5682 aditi
683 5642 819 5692 vero,
842 5628 998 5681 ethoc
1029 5642 1211 5695 quoque
1232 5644 1343 5683 cum
1364 5629 1546 5683 malum
1565 5628 1627 5683 sit
1651 5628 1791 5683 mitteb

216 5703 489 5815 furtifica,
506 5768 633 5814 cum,
657 5767 684 5803 a
707 5752 935 5816 pluribus
951 5755 1060 5802 ω.

282 5818 354 5879 (α)
384 5810 511 5869 0011f.
547 5810 775 5870 Euchirid.
800 5826 851 5864 ιι.
878 5810 953 5864 ﬂ.

1360 425 1562 482 LIBER
1599 422 1863 483 VICESIM
1872 424 1952 482 US
1989 423 2258 481 PRIMUS.

3305 425 3407 482 730

1849 552 1905 596 et
1943 541 2008 596 ad
2037 539 2415 612 capessendam
2456 540 2897 597 ordinatissimam
2941 552 3147 610 pacem,
3195 539 3284 595 ubi
3317 541 3407 593 fir-

1850 634 2085 690 missima
2131 634 2415 688 stabilitate
2460 633 2752 703 potioribus
2797 632 3049 687 inferiora
3092 630 3409 694 subdantur,

1852 726 1973 794 igne
1997 724 2159 779 divini
2204 723 2400 779 amoris
2446 724 2801 778 accendimur.
2826 722 2930 778 Sed
2973 724 3038 790 si,
3085 721 3225 792 quod
3253 721 3411 788 absit,

1853 816 1997 872 illius
2027 816 2155 869 tanti
2183 814 2307 868 boni
2328 828 2449 883 spes
2478 814 2616 868 nulla
2661 824 2822 880 esset,
2851 814 3005 868 malle
3050 813 3330 868 debuimus
3356 812 3410 865 in

1854 906 2011 975 hujus
2039 905 2445 959 conﬂictationis
2473 904 2710 959 molestia
2746 919 3040 969 remanere,
3082 918 3237 973 quam
3274 902 3408 955 vitiis

1857 998 1909 1051 in
1958 1012 2056 1051 nos
2111 995 2524 1051 dominationem
2573 1010 2679 1049 non
2726 994 2805 1049 eis
2852 994 3149 1049 resistendo
3192 991 3412 1063 permit-

1856 1100 1971 1145 tere
2000 1089 2097 1159 (a).

1857 1180 2082 1236 CAPUT
2120 1178 2257 1233 XVI.
2284 1210 2355 1219 —
2382 1179 2489 1234 Sub
2513 1177 2689 1246 quibus
2725 1178 2898 1249 gratia:
2924 1177 3111 1248 legibus
3140 1192 3309 1229 omnes
3338 1190 3420 1228 re-

1896 1304 1897 1307 η
2208 1278 2555 1339 generatorum
2583 1268 2858 1322 habeantur
2885 1277 3073 1321 tetates.

1933 1360 2129 1417 Verum
2155 1370 2297 1415 tanta
2328 1369 2408 1415 est
2435 1361 2528 1414 Dei
2553 1358 2911 1415 misericordia
2957 1360 3008 1412 in
3041 1372 3165 1412 vasa
3207 1356 3422 1411 miseri--

1862 1452 2056 1507 cordize
2083 1467 2200 1521 qua:
2230 1449 2543 1521 prmparavit
2586 1451 2638 1504 in
2682 1450 2926 1520 gloriam,
2957 1456 3014 1502 ut
3047 1449 3204 1502 etiam
3247 1447 3419 1516 prima

1865 1542 2094 1597 hominis
2138 1550 2287 1608 aetas,
2338 1542 2390 1595 id
2422 1550 2523 1605 est,
2559 1540 2777 1594 infantia
2805 1555 2923 1608 qua:
2951 1539 3067 1593 sine
3112 1537 3218 1591 ullo
3244 1536 3423 1590 renisu

1864 1633 2099 1702 subjacet
2122 1632 2291 1696 carni,
2320 1638 2376 1685 et
2410 1630 2641 1685 secunda
2666 1644 2783 1699 quae
2825 1628 3047 1699 pueritia
3076 1633 3425 1695 nuncupatur,

1866 1724 1955 1779 ubi
1981 1722 2216 1777 nondum
2242 1722 2376 1777 ratio
2402 1722 2634 1791 suscepit
2661 1721 2797 1774 hanc
2824 1734 3074 1790 pugnam,
3102 1728 3157 1773 et
3192 1716 3302 1771 fere
3327 1716 3429 1771 sub

1866 1816 2112 1871 omnibus
2136 1815 2338 1870 vitiosis
2358 1813 2792 1869 delectationibus
2816 1812 2979 1881 jacet,
3009 1811 3129 1881 quia
3161 1810 3283 1863 licet
3315 1808 3425 1877 jam

1867 1906 1965 1961 fari
1985 1907 2177 1972 valeat,
2210 1914 2263 1961 et
2284 1905 2403 1960 ideo
2430 1904 2703 1959 infantiam
2733 1903 2987 1958 transisse
3007 1901 3268 1964 videatur,
3301 1913 3433 1953 non-

1868 1998 1992 2052 dum
2020 1999 2073 2051 in
2098 2012 2161 2052 ea
2190 2006 2273 2051 est
2297 1996 2547 2065 prmeepti
2592 2010 2759 2064 capax
2788 1993 3067 2048 inﬁrmitas
3112 1990 3337 2054 mentis;
3386 1988 3434 2042 si

1870 2098 2200 2145 sacramenta
2228 2088 2530 2143 Mediatoris
2551 2087 2836 2157 acceperit,
2867 2084 3076 2139 etiamsi
3105 2083 3241 2136 hanc
3266 2082 3319 2135 in
3357 2079 3438 2135 eis

1869 2182 2024 2237 annis
2050 2183 2210 2235 vitam
2234 2182 2400 2246 ﬁniat,
2424 2180 2679 2235 translata
2708 2178 2909 2233 scilicet
2949 2192 2979 2230 a
3007 2182 3263 2245 potestate
3288 2180 3439 2227 tene-

1870 2272 2081 2327 brarum
2109 2272 2160 2325 in
2181 2286 2399 2341 regnum
2420 2269 2637 2334 Christi,
2661 2283 2763 2322 non
2786 2267 2953 2320 solum
2984 2264 3151 2335 poenis
3172 2277 3275 2317 non
3303 2276 3439 2331 prae-

1872 2371 2085 2431 paretur
2122 2361 2354 2425 aeternis,
2404 2359 2497 2414 sed
2544 2374 2611 2413 ne
2664 2358 2770 2411 ulla
2808 2355 3019 2426 quidem
3068 2360 3186 2423 post
3214 2359 3436 2405 mortem

1873 2453 2173 2525 purgatoria
2200 2460 2461 2507 tormenta
2492 2451 2737 2520 patiatur.
2760 2447 2966 2503 Sufﬁcit
2992 2445 3129 2499 enim
3152 2444 3262 2497 sola
3284 2442 3442 2511 spiri-

1874 2546 2029 2600 tualis
2051 2544 2402 2615 regeneratio,
2434 2557 2500 2596 ne
2531 2550 2649 2611 post
2672 2548 2895 2595 mortem
2924 2537 3063 2591 obsit
3090 2533 3229 2603 quod
3254 2546 3443 2587 carna-

1873 2637 1939 2691 lis
1966 2635 2238 2706 generatio
2265 2648 2384 2689 cum
2414 2642 2585 2687 morte
2630 2629 2895 2685 contraxit
2941 2625 3035 2698 (b).
3082 2625 3212 2679 Cum
3264 2631 3442 2676 autem

1872 2738 2088 2782 ventum
2114 2726 2269 2780 fuerit
2291 2724 2358 2779 ad
2385 2731 2613 2789 aetatem,
2631 2736 2746 2791 qua:
2773 2727 3094 2789 praeceptum
3123 2715 3231 2785 jam
3276 2712 3439 2781 capit,

1874 2827 1927 2873 et
1951 2817 2103 2871 subdi
2130 2824 2303 2885 potest
2330 2816 2459 2885 legis
2487 2812 2727 2882 imperio,
2764 2806 3154 2877 suscipiendum
3198 2813 3279 2859 est
3324 2802 3440 2856 bel-

1876 2912 1982 2967 lum
2013 2922 2196 2967 contra
2220 2910 2367 2975 vitia,
2397 2916 2451 2963 et
2468 2904 2756 2977 gerendum
2796 2902 3008 2967 acriter,
3042 2913 3108 2953 ne
3129 2896 3194 2951 ad
3221 2896 3441 2951 damna-

1876 3003 1997 3058 bilia
2026 3009 2239 3072 peccata
2261 2997 2529 3069 perducat.
2561 2996 2631 3049 Et
2676 2994 2720 3047 si
2765 2990 2976 3062 quidem
3004 2987 3237 3043 nondum
3266 2986 3436 3040 victo-

1875 3096 2071 3150 riarum
2102 3090 2484 3148 consuetudine
2506 3088 2753 3143 roborata
2774 3092 2916 3147 sunt,
2941 3081 3144 3137 facilius
3163 3080 3445 3163 vincuntur

1875 3195 1928 3241 et
1955 3185 2182 3240 cedunt:
2216 3184 2260 3238 si
2290 3190 2466 3236 autem
2496 3179 2709 3234 vincere
2737 3186 2896 3245 atque
2923 3175 3190 3242 imperare
3216 3183 3445 3224 consue-

1884 3286 2078 3333 verunt
2099 3279 2139 3340 ¹,
2168 3275 2429 3330 laboriosa
2456 3270 2763 3327 difficultate
2785 3274 3119 3336 superantur.
3168 3261 3350 3330 Neque
3393 3257 3447 3312 id

1878 3372 1939 3424 ﬁt
1962 3368 2223 3423 veraciter
2259 3374 2415 3435 atque
2435 3361 2733 3423 sinceriter,
2757 3357 2859 3412 nisi
2887 3370 3023 3411 verze
3046 3355 3067 3385 ¹
3096 3351 3449 3407 delectatione

1873 3461 2131 3531 justitiaa:
2175 3458 2293 3514 hzee
2335 3464 2417 3511 est
2446 3464 2622 3509 autem
2653 3452 2704 3505 in
2742 3450 2846 3504 ﬁde
2873 3445 3088 3503 Christi.
3120 3444 3251 3498 Nam
3292 3442 3335 3496 si
3358 3441 3448 3495 lex

1873 3554 2066 3623 jubens
2094 3551 2252 3615 adsit,
2281 3558 2334 3604 et
2363 3548 2579 3617 spiritus
2600 3544 2795 3614 juvans
2815 3541 2954 3596 desit
2983 3554 3077 3609 per
3106 3538 3274 3606 ipsam
3318 3547 3451 3603 pro-

1878 3643 2193 3697 hibitionem
2250 3637 2514 3694 desiderio
2557 3640 2831 3689 crescente
2858 3638 3018 3699 atque
3046 3628 3293 3681 vincente
3324 3637 3451 3693 pec-

1879 3736 2004 3802 cati,
2030 3734 2191 3788 etiam
2232 3737 2409 3785 reatus
2454 3722 2901 3796 praevaricationis
2941 3717 3164 3774 accedit.
3194 3715 3453 3770 Nonnun-

1879 3842 2035 3899 quam
2080 3838 2211 3879 sane
2256 3819 2592 3891 apertissima
2646 3813 2772 3869 vitia
2824 3811 2944 3866 aliis
2989 3808 3131 3863 vitiis
3169 3808 3453 3861 vincuntur

1880 3897 2123 3981 occultis,
2152 3928 2269 3984 quae
2292 3916 2542 3981 putantur
2565 3921 2683 3962 esse
2703 3905 2947 3967 virtutes,
2976 3900 3027 3955 in
3052 3897 3243 3968 quibus
3265 3903 3454 3966 regnat

1880 4008 2125 4079 superbia
2152 4014 2206 4060 et
2233 4001 2473 4075 quaedam
2517 3998 2615 4053 sibi
2660 3992 2905 4067 placendi
2950 3987 3173 4045 altitudo
3214 3988 3449 4079 ruinosa.

1881 4073 2029 4154 Tunc
2071 4073 2264 4165 itaque
2294 4092 2434 4146 victa
2482 4088 2608 4143 vitia
2653 4081 2955 4154 deputanda
3000 4088 3142 4145 sunt,
3189 4091 3310 4132 cum
3358 4073 3453 4128 Dei

1882 4202 2065 4244 amore
2108 4186 2411 4247 vincuntur,
2439 4192 2599 4249 quem
2641 4176 2744 4230 nisi
2784 4174 2922 4228 Deus
2966 4171 3080 4242 ipse
3110 4183 3216 4223 non
3268 4165 3451 4231 donat,

1882 4294 1982 4336 nec
2006 4277 2159 4332 aliter
2202 4274 2303 4329 nisi
2351 4286 2448 4341 per
2474 4267 2816 4324 Mediatorem
2842 4262 2937 4318 Dei
2970 4270 3024 4317 et
3048 4259 3325 4314 hominum
3355 4254 3457 4309 ho-

1882 4373 2081 4429 minem
2128 4368 2312 4425 Jesum
2360 4363 2654 4426 Christum,
2705 4359 2796 4427 qui
2844 4356 3014 4410 factus
3060 4362 3143 4408 est
3192 4349 3458 4421 particeps

1884 4460 2222 4519 mortalitatis
2248 4466 2467 4523 nostrae,
2497 4462 2555 4508 ut
2577 4468 2674 4507 nos
2703 4448 2990 4520 participes
3019 4445 3220 4500 faceret
3258 4439 3455 4497 divini-

1886 4557 2010 4612 tatis
2037 4570 2169 4609 suaa.
2196 4548 2506 4607 Paucissimi
2532 4553 2709 4600 autem
2735 4549 2862 4597 sunt
2893 4546 3053 4592 tantae
3082 4534 3371 4596 felicitatis,
3398 4538 3460 4585 ut

1884 4646 1954 4701 ab
1996 4646 2109 4715 ipsa
2152 4643 2367 4697 ineunte
2394 4633 2751 4693 adolescentia
2796 4630 2940 4684 nulla
2984 4623 3304 4715 damnabilia
3333 4635 3459 4715 pee-

1886 4711 2390 4793 cata—committant
2419 4768 2436 4795 ,
2486 4725 2572 4781 vel
2616 4724 2671 4778 in
2707 4720 2920 4791 ﬂagitiis
2946 4759 2963 4785 ,
3014 4714 3101 4771 vel
3142 4714 3194 4769 in
3248 4711 3453 4766 facino-

1884 4870 1968 4993 ὑιέ
1992 4875 2124 4938 ιρι,
2161 4860 2450 4927 inﬁrmiora.
2495 4858 2613 4908 Editi
2654 4854 2733 4905 alii
2775 4861 2828 4904 et
2870 4850 3093 4915 plerique
3134 4843 3458 4906 manusa'ipli:

1957 4941 2132 4980 enora.
2700 4976 2781 4993 ω,
2802 4975 2975 4993 _-__._.

1957 4941 2132 4980 enora.

1950 4975 1977 5024 ί
1986 4975 2128 5049 iss;
2154 4986 2438 5038 censuerim!
2465 4987 2561 5049 :_et
2580 4980 2651 5049 sic
2672 4976 2783 5049 alibi
2802 4975 2996 5049 passim.

1951 5054 1974 5087 ³
1998 5041 2133 5101 Vind.
2160 5057 2259 5097 Am.
2284 5053 2359 5096 Er.
2386 5050 2438 5094 et
2459 5041 2660 5105 aliquot.
2686 5046 2815 5099 Mss,
2837 5047 2971 5086 vera.

1953 5136 2157 5200 (a)__Hoc
2179 5133 2325 5200 etiam
2355 5129 2611 5200 dixerunt,
2624 5107 3461 5200 ρμξὲρθρνέιξμίιυίέξιὲωέἑὲοξὲῐέξ

1889 5175 2485 5250 aufaiEi'JrﬁiE'iaaiiim
2527 5175 2981 5250 posueruntINain'.
3023 5175 3103 5250 vt}!
3139 5175 3459 5250 ίοξξιῐξξῇνίξξξο

1890 5205 1974 5250 aut
2008 5199 2258 5245 diuturnas
2300 5199 2485 5241 tantum
2618 5199 2813 5233 uerunt.
2836 5199 2946 5228 nam
2966 5211 2981 5237 ,
3026 5199 3103 5227 νυι
3148 5199 3274 5243 υιιιιξι
3300 5199 3346 5231 γι
3359 5199 3459 5240 cum

1890 5259 2139 5322 εεροδίιοε-
2155 5257 2286 5322 bene
2304 5254 2473 5322 xime
2495 5199 2617 5311 vi:
2621 5236 3462 5322 391a!;eee-.‘3339_é.E‘.!P.§?.XE.E:

1892 5292 2838 5377 mmsia‘spissia'uab‘remiuei
2862 5292 3460 5377 τοιίςίονεξξςιὲθρέἐξξξὶὲξξηὲ

1893 5354 2175 5432 etiam"de
2193 5354 2651 5432 ﬁié'éiidhliuain’
2684 5365 2795 5414 mali
2818 5354 3170 5432 quantumlibet
3183 5354 3455 5432 fortunati:

1893 5416 2039 5505 ξῑξῑμῖ
2059 5416 2623 5505 ῑιδῖρξίνςιίρῷῷξῑιῑε
2644 5416 2963 5505 egeriae
2983 5424 3093 5505 59:5.
3329 5426 3460 5505 TE:

1896 5481 2355 5554 EEd"eiu"ﬁBiI}h6‘Jd
2368 5481 2421 5546 in
2437 5494 2597 5543 futura
2618 5488 2849 5553 promittit
2867 5486 2983 5545 vita,
3006 5481 3096 5532 sed
3111 5481 3256 5529 etiam
3273 5481 3322 5525 in
3340 5487 3464 5537 pra:-

2026 5599 2039 5612 .
2063 5568 2333 5611 LUDNIYES.

1890 5572 2039 5615 senti.
2063 5570 2333 5611 Lomvrvns.

1957 5625 2029 5687 az)
2063 5622 2322 5687 menaeus:
2345 5624 2396 5667 et
2417 5599 3325 5687 paeneprodjesisﬁepgeeae.‘l?££§‘
3345 5608 3464 5687 q$3.2:

1892 5663 2035 5734 modi)
2051 5663 2406 5733 εἶδἱέἶῖίῶθίιᾶ
2420 5663 2576 5741 'prosit
2598 5663 2648 5741 in
2680 5663 3465 5741 eajztatedece‘dentibustfgﬁ

1894 5725 2443 5809 sagacissime
2462 5725 2717 5801 Epistolam
2745 5732 2826 5797 98,
2850 5730 2911 5783 ad
2932 5725 3233 5782 Bonifacium-
3256 5729 3465 5771 ιωωυιο
