4072 6510
522 418 623 477 l9)

587 530 815 587 CAPUT
856 530 917 584 ll.
947 530 1092 584 —-'5.
1139 527 1355 597 Propter
1405 527 1561 597 [idem
1616 528 1946 581 christianam
2000 525 2106 579 sal-

516 626 707 681 vandos
757 643 863 682 esse
911 625 1186 695 baptizatos
1213 663 1227 687 ,
1283 620 1480 674 etiamsi
1534 636 1698 674 mores
1744 618 2106 689 quantumlibet

518 717 679 771 malos
721 733 821 771 non
876 714 1201 769 correxerint.
1267 711 1396 765 Mali
1448 712 1502 764 in
1559 710 1787 765 Ecclesia
1849 711 1921 765 sic
1973 708 2103 763 tole-

517 810 685 875 randi,
727 819 779 863 ut
827 826 930 863 non
981 810 1242 861 omittatur
1283 804 1531 873 correptio
1559 813 1605 857 et
1655 803 1945 872 disciplina.
1972 802 2104 869 Qui-

518 901 615 955 bus
636 901 989 970 respondens,
1033 899 1133 953 hoc
1174 898 1403 967 primum
1434 896 1576 962 dico,
1617 912 1685 951 ne
1716 897 1836 965 quis
1861 911 1922 951 ea
1952 898 2104 949 testi-

516 994 694 1046 monia
732 993 1161 1062 Scripturarum,
1202 1006 1321 1060 quis
1363 990 1801 1043 commixtionem
1844 990 2102 1044 bonorum

515 1090 571 1134 ει
603 1082 865 1136 malorum
900 1083 949 1134 in
986 1081 1219 1134 Ecclesia
1250 1080 1333 1134 vel
1367 1088 1686 1147 praesentem
1729 1078 1996 1143 iudieant,
2021 1079 2106 1132 vel

520 1174 752 1228 futuram
780 1174 1154 1243 praenuntiant,
1186 1174 1263 1226 sic
1301 1171 1548 1239 accipiat,
1580 1179 1638 1224 ut
1675 1170 1969 1239 disciplinae
2015 1184 2105 1224 se-

520 1265 803 1318 veritatem
833 1266 945 1318 sive
988 1263 1312 1333 diligentiam
1355 1261 1664 1317 solvendam
1695 1262 1915 1315 omnino
1944 1270 2105 1328 atque

518 1355 886 1421 omittendam,
927 1373 1033 1410 non
1066 1354 1170 1409 illis
1213 1354 1433 1409 edoctus
1460 1354 1694 1421 Litteris,
1740 1354 1832 1408 sed
1860 1368 1954 1407 sua
1985 1354 2103 1422 opi-

520 1445 738 1500 natione
766 1445 1021 1515 deceptus
1065 1446 1351 1499 existimet.
1398 1445 1578 1514 Neque
1603 1446 1769 1510 enim,
1811 1444 1933 1514 quia
1962 1444 2106 1497 illam

523 1534 681 1604 primi
721 1535 898 1604 populi
932 1534 1335 1603 permixtionem
1366 1533 1574 1604 Moyses
1611 1534 1701 1587 Dei
1746 1533 1973 1587 famulus
2012 1548 2108 1601 pa-

524 1626 839 1681 tientissime
864 1624 1186 1697 perferebat,
1219 1626 1339 1680 ideo
1365 1640 1470 1679 non
1500 1626 1550 1679 in
1584 1625 1779 1679 multos
1803 1626 1961 1679 etiam
1991 1625 2107 1694 gla-

522 1717 614 1771 dio
656 1717 959 1773 vindicavit.
995 1718 1060 1772 Et
1094 1717 1322 1772 Phiuees
1352 1717 1602 1771 sacerdos
1641 1717 1912 1771 adulteros
1948 1715 2108 1769 simul

522 1809 769 1865 inventos
796 1810 939 1866 ferro
961 1811 1130 1865 ultore
1156 1809 1376 1865 conﬁxit
1401 1808 1589 1882 (Num.
1619 1825 1762 1875 xxv,
1793 1808 1932 1878 5.8).
1957 1807 2110 1876 Quod

524 1901 705 1971 utique
753 1901 1218 1972 degntdationibus
1258 1910 1311 1955 et
1357 1900 1995 1955 excommunicationibus
2033 1900 2109 1953 si-

522 1994 831 2062 gnificatum
862 2004 945 2048 est
982 2009 1105 2049 esse
1143 1992 1440 2048 faciendum
1472 1993 1575 2048 hoc
1601 2002 1870 2062 tempore,
1897 2007 2017 2046 cum
2056 1992 2109 2046 in

525 2084 776 2138 Ecclesiae
805 2078 1082 2153 disciplina
1114 2082 1335 2138 visibilis
1360 2082 1533 2138 fuerat
1554 2083 1759 2153 gladius
1784 2094 2107 2138 cessaturus.

525 2170 654 2237 Nec,
684 2174 806 2243 quia
834 2173 1020 2227 beatus
1054 2173 1340 2242 Apostolus
1371 2174 1509 2229 inter
1537 2173 1700 2227 falsos
1738 2172 1930 2228 fratres
1970 2174 2107 2229 tole-

525 2263 831 2318 rantissime
866 2255 1214 2334 congemiscit
1259 2263 1323 2333 (11
1354 2263 1472 2318 Cor.
1506 2280 1581 2328 χι,
1621 2261 1737 2337 26),
1770 2273 1824 2319 ει
1852 2264 2110 2335 quosdam

525 2354 686 2409 etiam
726 2352 1006 2409 diabolicis
1046 2354 1351 2409 invidentia:
1395 2355 1627 2409 stimulis
1670 2355 1920 2425 agitatas,
1951 2352 2110 2411 Chri-

522 2453 663 2498 stum
696 2456 870 2499 tamen
902 2446 1191 2514 praedicare
1221 2447 1475 2516 permittit
1505 2446 1764 2519 (Philipp.
1797 2464 1843 2514 ι,
1878 2448 2105 2517 15-18);

522 2534 643 2589 ideo
674 2534 997 2604 parcendum
1027 2544 1211 2590 censet
1238 2537 1309 2590 illi
1334 2537 1424 2607 qui
1452 2552 1675 2592 uxorem
1706 2538 1869 2607 patris
1898 2539 1977 2592 sui
2008 2537 2108 2592 ha-

521 2626 666 2689 buit;
699 2640 853 2695 quem
887 2626 1127 2695 praecipit
1169 2636 1485 2698 congregata
1517 2628 1758 2683 Ecclesia
1791 2628 2107 2683 tradendum

505 2720 723 2773 Satanzn
772 2719 826 2772 in
859 2719 1130 2773 interitum
1166 2721 1365 2787 carnis,
1395 2730 1454 2774 ut
1497 2722 1716 2790 spiritus
1744 2722 1922 2776 salvus
1960 2723 2028 2776 sit
2056 2722 2109 2777 in

521 2809 609 2863 die
639 2809 847 2864 Domini
875 2811 1002 2865 Jesu
1030 2810 1075 2879 (1
1100 2810 1220 2865 Cor.
1253 2827 1306 2876 v,
1344 2810 1459 2882 1-5)
1494 2827 1507 2863 :
1538 2819 1631 2865 aut
1672 2811 1793 2866 ideo
1835 2813 1949 2881 ipse
1977 2813 2112 2867 alios

523 2915 629 2953 non
663 2900 1137 2965 tradiditSatame,
1185 2910 1244 2955 ut
1279 2902 1549 2956 discerent
1602 2918 1708 2956 non
1734 2903 2111 2972 blasphemare

523 2990 567 3061 (I
598 2989 727 3044 Tim.
763 3006 799 3053 ι,
823 2990 918 3059 ‘20)
952 3008 964 3041 :
996 3000 1091 3045 aut
1130 2992 1322 3046 frustra
1352 2993 1501 3055 dicit,
1534 2992 1732 3063 Scripsi
1760 2996 1893 3047 vobis
1917 2996 1969 3047 in
1997 2996 2109 3066 epi-

522 3081 654 3133 stola
682 3097 781 3133 non
806 3082 1119 3134 commisceri
1147 3082 1454 3150 fornicariis,
1485 3100 1586 3136 non
1617 3086 1784 3153 utique
1821 3085 2111 3155 fornicariis

530 3170 684 3240 hujus
709 3172 903 3236 mundi,
935 3182 1022 3224 aut
1052 3173 1237 3237 avaris,
1267 3184 1353 3226 aut
1379 3175 1683 3243 raptoribus,
1708 3186 1793 3228 aut
1823 3177 1975 3231 idolis
2005 3193 2111 3231 ser-

523 3261 798 3325 vientibus,-
853 3262 1080 3331 alioquin
1128 3262 1409 3317 debueratis
1441 3264 1504 3318 de
1551 3265 1646 3318 hoc
1699 3268 1888 3319 mundo
1928 3268 2065 3321 exire
2091 3283 2110 3321 :

525 3368 662 3405 nunc
687 3361 851 3405 autem
878 3354 1060 3421 scripsi
1087 3354 1225 3407 vobis
1254 3371 1355 3407 non
1381 3356 1712 3419 commisceri,
1750 3357 1796 3409 si
1820 3358 1932 3427 quis
1954 3362 2112 3427 frater

524 3442 813 3496 nominatur
839 3454 923 3495 aut
963 3443 1260 3512 fornicator,
1302 3454 1388 3497 aut
1417 3446 1570 3498 idolis
1598 3447 1837 3513 serviens,
1877 3457 1964 3501 aut
1986 3465 2109 3501 ava-

526 3550 636 3596 rus,
665 3543 753 3585 aut
778 3533 1079 3596 maledicus,
1121 3545 1209 3587 aut
1238 3536 1483 3601 ebriosus,
1513 3546 1599 3590 aut
1635 3555 1837 3609 rapax;
1865 3556 1981 3592 cum
2008 3541 2107 3594 hu-

516 3624 746 3694 jusmodi
784 3641 875 3678 nec
906 3625 1070 3678 cibum
1098 3626 1297 3695 quidem
1324 3643 1537 3681 sumere.
1584 3628 1696 3694 Quo
1738 3631 1873 3684 enim
1901 3634 2023 3685 mihi
2048 3634 2111 3687 de

522 3714 589 3766 iis
615 3715 699 3784 qui
730 3715 856 3785 foris
881 3726 999 3768 sunt
1027 3716 1305 3784 judicare?
1336 3716 1520 3771 Nonne
1548 3719 1612 3772 de
1634 3721 1697 3773 iis
1721 3722 1807 3790 qui
1832 3723 1967 3775 intus
1992 3732 2110 3776 sunt

522 3821 610 3857 vos
632 3805 920 3875 judicatis?
944 3804 1024 3858 De
1059 3807 1138 3859 his
1166 3817 1334 3860 autent
1361 3809 1447 3877 qui
1473 3810 1600 3880 foris
1637 3820 1755 3864 sunt
1774 3802 1919 3865 Deus
1958 3812 2107 3882 judi-

518 3897 672 3950 cubit.
706 3898 912 3968 Auferte
939 3897 1133 3951 malum
1160 3916 1224 3954 ea:
1271 3900 1408 3954 vobis
1456 3903 1580 3973 ipsis
1609 3901 1653 3970 (l
1695 3904 1813 3959 Cor.
1845 3922 1897 3969 v,
1935 3905 2105 3975 9-15).

523 3986 625 4042 Ubi
654 3989 867 4058 quidem
892 3990 1054 4059 aliqui
1080 3989 1129 4043 id
1161 3991 1301 4060 quod
1334 3992 1533 4046 dictum
1559 4002 1663 4055 est,
1704 4011 1767 4048 ea:
1793 3994 1932 4049 vobis
1961 3996 2106 4065 ipsis,

521 4080 592 4132 ita
646 4080 965 4150 intelligunt,
999 4090 1056 4134 ut
1105 4097 1171 4135 ex
1218 4097 1279 4137 se
1326 4085 1441 4152 ipso
1496 4086 1860 4156 unusquisque
1904 4087 2111 4142 auferat

520 4170 742 4233 malum,
762 4169 863 4223 hoc
877 4183 982 4234 est,
1006 4179 1064 4224 ut
1085 4173 1197 4240 ipse
1217 4174 1286 4225 sit
1311 4173 1500 4227 bonus.
1526 4174 1631 4229 Sed
1665 4177 1914 4232 utrolibet
1952 4177 2111 4232 modo

520 4260 863 4331 intelligatur,
881 4262 993 4315 sive
1010 4272 1066 4315 ut
1081 4264 1365 4317 severitate
1382 4264 1637 4320 Ecclesize
1655 4267 1777 4320 mali
1797 4284 2109 4322 excommu-

518 4353 872 4408 nicntiouibus
884 4353 1260 4423 corripiantur,
1280 4355 1393 4408 sive
1410 4364 1466 4408 ut
1486 4370 1548 4410 se
1570 4357 1794 4427 quisque
1814 4358 2111 4428 corripien-

519 4444 591 4498 do
607 4454 662 4499 et
685 4445 1003 4512 corrigendo
1026 4461 1055 4498 a
1077 4459 1135 4498 se
1158 4445 1271 4514 ipso
1287 4444 1492 4500 auferat
1518 4448 1750 4510 malum;
1776 4449 1905 4503 illud
1933 4458 2110 4504 tamen

519 4532 660 4604 quod
699 4549 859 4603 supra
884 4534 1083 4588 dictum
1113 4544 1216 4601 est,
1260 4550 1365 4589 non
1390 4536 1547 4591 habet
1568 4538 1988 4608 ambiguitatem,
2022 4540 2109 4595 ubi

520 4624 760 4693 praecipit
783 4641 888 4677 non
909 4626 1244 4679 commisceri
1260 4626 1340 4680 eis
1358 4626 1607 4682 fratribus
1622 4630 1711 4698 qui
1742 4631 1791 4683 in
1818 4630 1998 4700 aliquo
2022 4648 2113 4685 su-

521 4730 616 4786 pra
631 4717 773 4770 tlicto
799 4715 924 4769 vitio
946 4716 1302 4782 nominantur,
1328 4719 1378 4771 id
1399 4726 1502 4783 est,
1519 4721 1627 4774 nati
1655 4719 1952 4792 famosique
1965 4733 2105 4778 sunt.

590 4804 816 4860 CAPUT
872 4805 957 4859 Ill.
992 4834 1063 4844 —
1101 4805 1216 4872 Quo
1258 4809 1430 4860 animo
1470 4820 1731 4876 peccantes
1773 4814 2103 4883 corripiendi.

519 4897 729 4953 Domini
755 4906 1059 4967 praeceptum
1105 4900 1169 4950 de
1213 4900 1525 4969 corrigendis
1564 4901 1731 4956 malis.
1773 4904 1890 4971 Quo
1926 4917 2103 4962 autem

518 4993 699 5046 animo
737 5001 791 5047 et
834 5008 934 5061 qua
965 4991 1226 5045 charitate
1258 4991 1563 5047 misericors
1597 4994 1695 5048 ista
1725 4998 1982 5053 severitas
2006 5001 2105 5056 ad-

520 5083 749 5138 hibenda
801 5083 890 5148 sit,
946 5098 1052 5137 non
1095 5083 1268 5137 solum
1299 5098 1365 5137 eo
1397 5084 1514 5137 loco
1549 5085 1634 5138 ubi
1680 5088 1774 5151 ait,
1819 5100 1870 5141 ut
1899 5092 2105 5161 spiritus

516 5175 685 5243 salvus
711 5175 775 5228 sit
802 5175 853 5227 in
884 5174 967 5227 die
1016 5173 1223 5226 Domini
1256 5172 1414 5238 Jesu;
1452 5175 1545 5228 sed
1594 5176 1717 5231 alibi
1754 5196 1965 5251 quoque
1990 5186 2106 5239 evi-

514 5263 707 5318 denter
741 5264 973 5317 ostendit
1004 5263 1211 5325 dicens,
1256 5262 1317 5317 Si
1341 5264 1453 5331 quis
1476 5281 1577 5319 non
1606 5269 1811 5323 obaudit
1839 5273 1984 5328 verbo
2009 5293 2105 5330 no-

514 5366 620 5409 stro
650 5371 739 5425 per
770 5356 1062 5423 epistolam,
1100 5355 1234 5407 hunc
1276 5366 1472 5421 notate,
1518 5368 1565 5411 et
1601 5362 1756 5416 nolite
1797 5369 2103 5423 commisceri
2134 5408 2138 5413 -

514 5464 633 5500 cum
656 5463 733 5512 eo,
775 5457 829 5499 ut
854 5447 1146 5511 erubescat;
1176 5456 1221 5500 et
1257 5465 1358 5501 non
1387 5459 1441 5502 ut
1481 5452 1739 5509 inimicum
1778 5475 1892 5512 eum
1929 5464 2104 5516 existi-

520 5538 682 5599 metis,
708 5538 797 5591 sed
826 5537 1062 5605 corripite
1096 5547 1151 5590 ut
1178 5541 1387 5609 fratrem
1416 5540 1485 5611 (ll
1518 5542 1692 5600 Thess.
1726 5562 1802 5614 ιιι,
1831 5550 1918 5614 11,
1948 5552 2061 5623 15).

587 5630 641 5683 4.
670 5630 737 5682 Ει
756 5630 871 5698 ipse
893 5629 1147 5684 Dominus
1167 5634 1467 5701 exemplum
1499 5638 1765 5707 singulare
1794 5646 2061 5711 patientia:
2082 5692 2096 5711 ,

514 5721 603 5789 qui
634 5721 791 5774 etiam
829 5721 882 5774 in
911 5720 1191 5777 duodecim
1221 5726 1486 5794 Apostolis
1512 5744 1677 5801 usque
1705 5734 1771 5789 ad
1798 5738 2098 5805 passionem

509 5812 777 5867 diabolum
791 5814 1031 5880 pertulit;
1048 5825 1099 5870 et
1111 5817 1198 5885 qui
1212 5818 1351 5884 ait,S
1358 5819 1476 5875 inite
1492 5833 1699 5895 utraque
1709 5844 1927 5886 crescere
1937 5849 2093 5905 usque

1479 413 1568 468 DE
1608 413 1765 468 FIDE
1808 412 1895 468 ET
1933 409 2291 477 OPERIBUS,
2330 412 2389 470 S.
2432 415 2793 475 AUGUSTINI

3703 433 3816 491 200

2213 528 2283 580 ad
2311 544 2537 596 messem,
2563 548 2625 586 ne
2642 537 2774 604 forte
2800 534 2922 589 dum
2962 537 3113 592 vultis
3139 539 3379 612 colligere
3404 543 3625 609 zizania,
3653 548 3815 605 simul

2213 620 2476 675 eradicetis
2503 631 2549 675 et
2574 624 2795 678 triticum
2816 625 3026 698 (Matth.
3052 645 3164 697 xm,
3186 630 3279 695 29,
3303 634 3426 705 30);
3453 637 3695 707 retiaque
3718 639 3806 695 illa

2213 712 2266 767 in
2295 714 2638 773 similitudine
2667 718 2918 775 Ecclesiae
2946 738 3113 791 usque
3140 725 3205 779 ad
3226 726 3389 789 littus,
3410 728 3513 785 hoc
3539 743 3620 785 est
3641 747 3812 803 usque

2214 803 2278 857 ad
2303 807 2481 860 smculi
2513 806 2691 872 finem,
2725 808 2894 864 bonos
2921 819 2976 865 et
3001 814 3169 870 malos
3198 817 3370 883 pisces
3395 818 3642 873 habitura
3669 837 3807 890 pne-

2212 896 2373 959 dixit;
2406 908 2459 952 ct
2483 908 2697 965 cmtera,
2728 902 2774 954 si
2815 918 2917 973 qua
2955 903 3023 959 de
3060 908 3413 974 permixtione
3459 910 3729 967 bonorum
3754 922 3809 969 et

2215 988 2473 1042 malorum
2524 990 2636 1044 sive
2682 1001 2866 1061 aperte
2891 994 3005 1051 sive
3042 1011 3139 1065 per
3178 997 3560 1055 similitudines
3592 1003 3805 1059 locutus

2214 1088 2296 1132 est
2324 1096 2336 1131 :
2368 1095 2472 1133 non
2511 1080 2631 1136 ideo
2678 1090 2855 1138 tamen
2899 1087 3248 1143 omittendam
3293 1093 3503 1147 censuit
3548 1094 3806 1150 Ecclesia:

2212 1169 2541 1239 disciplinam
2562 1189 2578 1237 ;
2601 1172 2712 1228 imo
2737 1189 2867 1229 vero
2892 1177 3169 1233 admonuit
3190 1181 3569 1248 adhibendam,
3590 1187 3807 1256 quando

2213 1263 2318 1316 ait:
2352 1265 2603 1320 Attendite
2621 1266 2791 1333 vobis;
2817 1270 2862 1322 si
2888 1276 3161 1340 peccaverit
3188 1275 3239 1327 in
3256 1284 3303 1329 te
3320 1279 3476 1347 frater
3492 1288 3631 1343 tuus,
3656 1283 3803 1347 vade,

2214 1364 2261 1406 et
2285 1356 2484 1425 corripe
2514 1373 2627 1410 eum
2654 1360 2781 1412 inter
2810 1370 2857 1413 te
2908 1374 2955 1415 et
2978 1363 3143 1432 ipsum
3170 1368 3353 1419 solum.
3388 1367 3450 1423 Si
3474 1372 3692 1424 audierit
3738 1382 3802 1436 te,

2215 1444 2439 1500 lucratus
2466 1448 2565 1499 eris
2593 1448 2800 1518 fratrem
2841 1460 2999 1504 tuum.
3031 1453 3093 1508 Si
3118 1464 3285 1509 autem
3318 1474 3419 1512 non
3466 1460 3686 1513 audierit
3736 1473 3802 1524 te,

2214 1551 2416 1589 assume
2437 1547 2597 1591 tecum
2627 1556 2784 1593 unum
2814 1542 2892 1595 vel
2916 1542 3064 1608 duos,
3089 1555 3143 1597 ut
3163 1546 3216 1599 in
3243 1564 3330 1601 ore
3356 1549 3556 1602 testium
3585 1551 3806 1604 duorum

2215 1626 2291 1679 vel
2318 1628 2471 1680 trium
2500 1638 2593 1682 stet
2632 1646 2779 1684 omne
2806 1633 3027 1688 verbum.
3062 1634 3211 1700 Quod
3240 1638 3283 1691 si
3309 1655 3409 1692 non
3435 1642 3652 1695 audierit
3698 1660 3803 1703 eos,

2216 1715 2298 1770 dic
2330 1717 2585 1773 Ecclesia.
2610 1720 2671 1774 Si
2697 1732 2867 1776 autem
2892 1740 2981 1777 nec
3024 1726 3303 1780 Ecclesium
3345 1732 3586 1797 audierit,
3620 1734 3688 1787 sit
3718 1736 3807 1788 tibi

2216 1817 2456 1878 tanquam
2484 1812 2710 1867 ethnicus
2734 1824 2781 1868 et
2812 1817 3128 1884 publicanus.
3161 1820 3362 1877 Deinde
3390 1824 3555 1893 ipsius
3597 1830 3806 1882 severi-

2218 1902 2344 1955 tatis
2385 1914 2643 1958 terrorem
2684 1908 3057 1975 gravissimum
3109 1911 3302 1980 adjecit
3348 1918 3510 1970 etiam
3548 1932 3616 1971 eo
3664 1919 3804 1981 loco,

2216 1990 2398 2048 dicens
2427 2010 2439 2046 :
2477 1994 2603 2060 Qua:
2628 1996 2875 2051 solveritis
2901 1999 2952 2052 in
2976 2010 3129 2067 terra,
3150 2002 3314 2056 soluta
3338 2015 3483 2058 erunt
3501 2016 3547 2060 et
3571 2009 3625 2061 in
3648 2011 3803 2073 caelo,

2215 2091 2262 2135 et
2287 2099 2402 2153 quia
2435 2085 2707 2155 ligaveritis
2736 2088 2789 2142 in
2816 2101 2970 2151 terra.
2996 2092 3151 2162 ligata
3176 2108 3320 2148 erunt
3347 2106 3394 2149 et
3435 2098 3487 2151 in
3533 2100 3661 2153 caelo
3690 2099 3804 2173 (Id.

2216 2188 2365 2241 xvnt,
2399 2175 2611 2246 15-18).
2645 2177 2899 2234 Prohibet
2937 2182 3095 2236 etiam
3140 2194 3382 2240 sanctum
3424 2187 3539 2242 dari
3579 2191 3809 2247 canibus

2217 2263 2327 2334 (Id.
2358 2281 2453 2329 vn,
2502 2267 2582 2337 6).
2627 2268 2737 2325 Nec
2772 2274 3071 2328 contrarius
3098 2284 3179 2329 est
3217 2276 3504 2347 Apostolus
3555 2281 3806 2348 Domino,

2215 2354 2337 2423 quia
2378 2356 2525 2422 dicit,
2554 2358 2829 2416 Peccautes
2853 2380 3025 2418 coram
3067 2367 3295 2423 omnibus
3335 2387 3509 2443 argue,
3553 2384 3611 2426 ut
3638 2376 3811 2430 elateri

2216 2448 2445 2501 timorem
2467 2450 2682 2504 habeant
2704 2452 2748 2525 (l
2772 2452 2903 2507 Tim.
2925 2472 2976 2519 v,
2999 2456 3127 2529 20);
3154 2476 3273 2514 cum
3306 2462 3392 2517 ille
3415 2464 3579 2528 dicat,
3598 2465 3813 2537 Corripe

2215 2554 2329 2592 eum
2356 2540 2489 2594 inter
2508 2550 2555 2595 te
2584 2550 2630 2597 et
2655 2543 2841 2613 ipsum.
2879 2546 3173 2621 Utrumque
3193 2553 3337 2606 enim
3368 2553 3669 2609 faciendum
3700 2565 3807 2619 est,

2214 2629 2353 2683 sicut
2378 2629 2699 2688 infirmitatis
2725 2634 3003 2692 diversitas
3031 2639 3281 2697 admonet
3302 2658 3488 2699 eorum
3535 2662 3672 2717 quos
3703 2647 3810 2701 uti-

2214 2712 2453 2791 que'non
2489 2725 2819 2795 perdendos,
2886 2730 2979 2785 sed
3023 2733 3367 2804 corrigendos
3430 2712 3809 2811 curandosque

2216 2814 2584 2884 suscepimus;
2627 2827 2682 2871 et
2723 2818 2858 2873 alius
2887 2821 2983 2884 sic,
3031 2822 3167 2878 alius
3207 2836 3384 2881 autem
3414 2828 3493 2883 sic
3536 2830 3809 2885 sanandus

2216 2910 2317 2957 est.
2343 2903 2415 2958 Ita
2441 2905 2602 2962 etiam
2627 2917 2708 2962 est
2731 2911 2863 2964 ratio
2884 2911 3251 2970 dissimulandi
3278 2927 3332 2973 et
3353 2920 3614 2975 tolerandi
3638 2923 3810 2978 malos

2218 2994 2271 3048 in
2303 2995 2538 3051 Ecclesia
2571 3018 2583 3054 :
2611 3008 2666 3053 ει
2701 3010 2784 3055 est
2810 3018 2996 3059 rursus
3028 3008 3165 3062 ratio
3200 3011 3490 3079 castigandi
3542 3022 3595 3067 et
3633 3015 3809 3067 corri-

2217 3087 2410 3156 piendi,
2437 3103 2541 3143 non
2561 3090 2871 3147 admitteudi
2904 3098 2984 3152 vel
3009 3112 3037 3149 a
3065 3102 3443 3156 communione
3472 3104 3808 3159 removendi.

2287 3179 2511 3235 CAPUT
2551 3181 2639 3235 IV.
2664 3214 2734 3222 —
2762 3184 2816 3239 5.
2844 3183 3058 3241 Errores
3105 3206 3206 3243 non
3258 3194 3566 3246 servantium
3600 3196 3813 3249 modum

2216 3268 2267 3322 in
2290 3268 2569 3340 Scripturis
2590 3273 2943 3344 intelligendis.
2976 3277 3356 3335 Donatistarum
3382 3285 3542 3337 errori
3571 3287 3711 3339 alius
3731 3304 3815 3341 er-

2215 3376 2302 3413 ror
2329 3363 2611 3417 contrarius
2639 3380 2701 3418 ea:
2726 3366 3005 3437 Scripturis
3036 3388 3298 3443 perperam
3331 3376 3570 3445 acceptis.
3614 3377 3815 3433 Errant

2215 3461 2389 3504 autem
2436 3452 2711 3520 homines,
2758 3472 2863 3511 non
2905 3471 3182 3517 servantes
3209 3464 3464 3530 modum;
3510 3476 3715 3522 etcum
3756 3469 3812 3523 in

2215 3554 2373 3592 uuam
2403 3551 2605 3610 partem
2638 3546 2941 3613 procliviter
2968 3549 3043 3604 ire
3065 3554 3345 3622 coeperint,
3380 3571 3483 3609 non
3511 3558 3812 3626 respiciunt

2215 3630 2409 3684 divina:
2438 3635 2768 3690 auctoritatis
2792 3637 2893 3692 alia
2926 3641 3250 3710 testimonia,
3280 3646 3472 3714 quibus
3500 3649 3712 3716 possint
3742 3649 3813 3704 ab

2216 3726 2305 3779 illa
2338 3726 2630 3784 intentione
2682 3733 2941 3800 revocari,
2987 3744 3041 3789 et
3090 3736 3140 3789 in
3186 3753 3248 3792 ea
3291 3755 3409 3809 qua:
3446 3756 3513 3794 ex
3562 3742 3812 3811 utrisque

2216 3827 2505 3888 temperata
2533 3830 2617 3875 est
2668 3823 2891 3880 veritate
2936 3842 2999 3881 ac
3042 3828 3408 3886 moderatione
3460 3833 3809 3888 consistere:

2217 3926 2318 3966 nec
2340 3913 2389 3965 in
2425 3911 2524 3968 hac
2550 3930 2609 3968 re
2639 3924 2864 3981 tantum,
2909 3917 2977 3973 de
3006 3937 3108 3989 qua
3142 3937 3281 3977 nunc
3309 3926 3535 3993 quaestio
3574 3936 3679 3989 est,
3714 3928 3811 3983 sed

2216 4003 2373 4057 etiam
2399 4004 2448 4056 in
2476 4005 2593 4058 aliis
2619 4008 2815 4061 multis.
2841 4008 3478 4078 Namquidamintuentes
3502 4010 3810 4074 diviuafum

2219 4098 2519 4150 testimonia
2563 4097 2904 4168 Litterarum,
2934 4104 3127 4174 quibus
3180 4121 3318 4161 unus
3369 4107 3511 4163 Deus
3548 4110 3811 4167 colendus

2218 4186 2534 4253 in‘sinuatur,
2553 4192 2797 4246 eumdem
2818 4192 3026 4248 Patrem
3046 4196 3133 4265 qui
3156 4206 3239 4251 est
3258 4197 3444 4261 Filius,
3459 4210 3811 4271 sanctumque

2217 4276 2471 4346 Spiritum
2505 4292 2852 4349 putaverunt;
2902 4286 2988 4339 alii
3035 4303 3218 4343 rursus
3251 4292 3413 4345 veluti
3450 4293 3640 4347 morbo
3677 4310 3811 4348 con-

2217 4370 2384 4423 trario
2412 4371 2733 4439 laborantes,
2760 4392 2882 4430 cum
2912 4381 3248 4435 attenderem
3268 4398 3327 4436 ea
3356 4384 3548 4453 quibus
3573 4384 3811 4442 Trinitas

2216 4462 2540 4531 declaratur,
2566 4483 2665 4521 nec
2692 4469 2931 4524 valerent
2958 4472 3252 4544 intelligere
3278 4482 3549 4546 quomodo
3575 4482 3643 4534 sit
3673 4497 3810 4537 unus

2216 4553 2374 4617 Deus,
2403 4570 2522 4610 eum
2548 4566 2602 4610 et
2628 4558 2783 4614 Pater
2810 4576 2912 4615 non
2942 4564 3010 4617 sit
3031 4563 3213 4629 Filius,
3234 4583 3332 4622 nec
3350 4568 3391 4623 F
3396 4570 3514 4624 ilius
3535 4571 3604 4624 sit
3628 4573 3802 4638 Pater,

2216 4659 2315 4699 nec
2342 4645 2567 4715 Spiritus
2593 4660 2810 4705 sanctus
2838 4663 2929 4708 aut
2954 4655 3120 4711 Filius
3148 4670 3238 4711 aut
3261 4659 3439 4727 Pater,
3468 4662 3809 4720 diversitates

2215 4738 2374 4792 etiam
2409 4739 2821 4798 substantiarum
2849 4750 3169 4803 asserendas
3201 4761 3537 4820 putaverunt.
3580 4756 3808 4823 Quidam

2218 4829 2485 4885 intuentes
2528 4833 2579 4887 in
2628 4832 2922 4905 Scripturis
2971 4851 3169 4895 sancta:
3212 4843 3530 4908 virginitatis
3568 4849 3807 4916 laudem,

2213 4923 2475 4978 connubia
2506 4925 2892 4984 damnaverunt
2919 4950 2933 4987 :
2961 4933 3174 5003 quidam
3203 4952 3388 4991 rursus
3415 4953 3477 4992 ea
3500 4942 3809 4997 testimonia

2213 5027 2583 5073 consectantes
2604 5021 2797 5090 quibus
2824 5033 2968 5078 casta
2999 5027 3242 5097 eonjugia
3275 5030 3656 5098 prmdicantur,
3696 5036 3810 5088 vir-

2212 5106 2487 5173 ginitatem
2532 5113 2730 5180 nuptiis
2754 5126 3117 5183 mquaverunt.
3141 5120 3366 5188 Quidam
3393 5138 3516 5178 cum
3546 5126 3807 5196 legerent,

2212 5195 2411 5251 Bonum
2429 5210 2522 5267 est,
2544 5206 2746 5272 fratres,
2766 5222 2867 5261 non
2893 5210 3201 5266 manducare
3219 5229 3441 5279 carnem,
3467 5233 3626 5287 neque
3645 5220 3808 5273 bibere

2211 5289 2382 5342 vinum
2404 5288 2578 5360 (Rom.
2606 5309 2717 5360 xiv,
2739 5296 2855 5368 2i),
2894 5310 2951 5354 et
2974 5303 3227 5358 nonnulla
3248 5304 3474 5373 similia;
3502 5321 3807 5366 creaturam

2213 5379 2308 5434 Dei
2336 5390 2409 5443 et,
2434 5398 2566 5453 quas
2590 5386 2895 5456 voluerunt,
2936 5406 3087 5448 escas
3118 5396 3417 5454 immundas
3461 5415 3583 5456 esse
3612 5418 3803 5459 sense—

2210 5482 2335 5524 runt
2361 5491 2372 5525 :
2398 5474 2611 5542 quidam
2634 5492 2762 5532 vero
2792 5481 3048 5551 legentes,
3083 5487 3262 5545 Omnis
3288 5501 3518 5547 creatura
3548 5492 3649 5549 Dei
3674 5499 3808 5550 bona

2211 5573 2305 5627 est,
2336 5574 2380 5617 et
2431 5566 2559 5620 nihil
2591 5568 2929 5638 abjiciendum
2973 5578 3109 5647 quod
3154 5596 3268 5633 cum
3296 5585 3578 5653 gratiarum
3607 5590 3808 5642 actione

2212 5657 2486 5726 percipitur
2518 5659 2557 5729 (1
2584 5658 2718 5715 Tim.
2743 5679 2815 5729 Iv,
2840 5666 2918 5737 4),
2950 5669 3000 5722 in
3041 5673 3383 5729 voracitatem
3421 5677 3804 5733 vinolentiam-

2211 5762 2314 5816 que
2339 5749 2560 5819 collapsi
2582 5763 2736 5819 sunt;
2771 5771 2875 5811 non
2897 5759 2996 5813 sibi
3025 5763 3260 5819 valentes
3283 5766 3500 5822 auferre
3525 5770 3672 5833 vitia,
3701 5771 3804 5825 nist

2215 5839 2293 5892 eis
2322 5854 2352 5894 e
2374 5842 2646 5898 contrario
2672 5848 2750 5901 vel
2780 5858 2922 5905 tanta
2954 5854 3035 5907 vel
3066 5855 3264 5925 majora
3290 5860 3661 5917 succederent.
