3996 6582
255 425 362 480 753
382 474 383 477 η

322 536 376 591 2.
405 535 494 593 Sic
520 548 648 607 ergo
693 534 778 589 istl
811 534 997 589 volunt
1023 531 1208 605 judicii
1232 531 1327 588 Dei
1354 532 1817 588 comminationem

258 647 365 687 non
391 645 511 688 esse
551 629 862 685 mendacem
885 671 901 697 ,
929 630 1168 700 quamvis
1211 628 1281 683 sit
1306 627 1569 682 neminem
1600 626 1821 679 damna-

256 733 428 790 turus,
458 721 898 793 quemadmodum
920 722 1037 790 ejus
1056 720 1539 784 comminationem,
1571 733 1670 788 qua
1692 716 1825 771 dixit

256 829 564 870 eversurum
603 829 661 868 se
699 827 818 869 esse
854 812 1077 867 Niniven
1115 812 1383 866 civitatem
1432 808 1603 881 (Jonte
1627 825 1704 874 nt,
1739 809 1820 877 4),

256 905 565 961 mendacem
609 922 715 961 non
746 919 1026 976 possumus
1051 904 1265 968 dicere;
1308 911 1363 958 et
1400 912 1573 956 tamen
1612 917 1716 956 non
1748 901 1826 954 fa-

256 1006 399 1051 ctum
428 1005 543 1063 est,
587 997 868 1066 inquiunt,
901 994 1041 1065 quod
1079 995 1193 1048 sine
1223 994 1325 1047 ulla
1350 991 1653 1047 conditione
1682 1007 1825 1062 prae-

257 1088 408 1142 dixit.
437 1087 550 1141 Non
579 1088 721 1143 enim
748 1087 857 1153 ait,
893 1086 1078 1141 Ninive
1106 1093 1389 1148 evertetur,
1419 1084 1463 1137 si
1485 1098 1591 1137 non
1620 1083 1826 1152 egerint

258 1178 644 1248 ptenitentiam,
667 1193 831 1247 seque
851 1176 1177 1232 correxerint
1207 1194 1221 1230 :
1249 1175 1345 1230 sed
1382 1175 1481 1229 hoc
1508 1189 1611 1227 non
1641 1173 1822 1228 addito

257 1269 627 1337 praenuntiavit
647 1268 875 1323 futuram
894 1269 1222 1323 eversionem
1240 1267 1375 1320 illius
1395 1266 1639 1320 civitatis.
1656 1266 1823 1331 Quam

256 1359 724 1415 comminationem
750 1368 1027 1429 propterea
1054 1375 1294 1414 veracem
1318 1368 1498 1429 putant
1523 1401 1539 1424 ,
1572 1358 1691 1429 quia
1722 1357 1824 1412 hoc

258 1452 502 1519 prtedixit
531 1453 670 1508 Deus
710 1453 850 1523 quod
880 1468 1004 1509 vere
1043 1453 1185 1523 digni
1232 1462 1383 1509 erant
1412 1453 1518 1524 pati
1541 1494 1556 1519 ,
1588 1452 1828 1522 quamvis

258 1540 361 1598 hoc
385 1559 491 1598 non
518 1553 661 1600 esset
686 1545 801 1615 ipse
839 1545 1089 1600 facturus.
1135 1545 1266 1600 Nam
1311 1546 1409 1601 etsi
1452 1545 1828 1615 paenitentibus

257 1636 537 1703 pepercit,
590 1636 868 1706 inquiunt,
920 1637 1100 1707 utique
1143 1637 1261 1691 illos
1304 1637 1671 1704 paenitentiam
1721 1649 1825 1691 non

257 1724 535 1793 ignorabat
580 1734 811 1791 acturos,
852 1734 905 1780 et
928 1735 1103 1781 tamen
1138 1726 1379 1781 absolute
1404 1741 1466 1780 ac
1494 1725 1708 1779 delinite
1730 1739 1825 1779 eo-

256 1830 378 1870 rum
420 1817 751 1872 eversionem
797 1816 1032 1872 futuram
1063 1833 1179 1872 esse
1223 1817 1487 1887 praedixit.
1546 1817 1658 1871 Iloe
1700 1831 1827 1885 ergo

257 1918 374 1963 erat
396 1950 410 1975 ,
438 1910 712 1980 inquiunt,
745 1911 799 1966 in
827 1912 1049 1966 veritate
1087 1912 1383 1966 severitatis
1407 1951 1423 1977 ,
1450 1909 1570 1980 quia
1601 1908 1652 1963 id
1677 1917 1830 1964 erant

256 2000 440 2071 digni;
486 2002 581 2056 sed
614 2003 665 2056 in
710 2002 917 2059 ratione
962 2003 1316 2058 miserationis
1341 2018 1446 2057 non
1478 2010 1626 2063 erat,
1672 2015 1827 2069 quam

258 2105 366 2145 non
393 2092 654 2147 continuit
682 2093 736 2147 in
764 2094 841 2147 ira
871 2108 965 2148 sua
989 2134 1003 2160 ,
1036 2102 1094 2147 ut
1117 2093 1184 2148 ab
1210 2108 1271 2149 ea
1308 2108 1465 2162 pmna
1507 2091 1829 2161 supplicibus

258 2189 520 2248 parceret,
550 2197 711 2252 quam
750 2182 920 2238 fuerat
948 2184 1344 2238 contumacibus
1371 2183 1743 2238 comminatus.
1774 2182 1829 2236 Si

256 2283 386 2338 ergo
430 2278 555 2324 tunc
593 2273 859 2341 pepercit,
898 2274 1082 2341 aiunt,
1132 2274 1342 2343 quando
1386 2282 1627 2327 sanctum
1676 2288 1828 2326 suum

257 2359 579 2432 Prophetam
625 2365 799 2422 fuerat
833 2369 1099 2438 parcendo
1143 2368 1585 2433 eontristaturus,
1630 2377 1830 2436 quanto

254 2454 426 2521 magis
451 2462 576 2510 tunc
606 2457 954 2514 miserabilius
980 2458 1402 2529 supplicantibus
1430 2466 1634 2527 parcet,
1665 2472 1831 2527 quan-

257 2541 329 2596 do
353 2550 411 2596 ut
452 2556 635 2613 parcat
676 2563 862 2603 omnes
900 2549 1070 2605 sancti
1113 2549 1227 2619 ejus
1270 2548 1535 2603 orabunt?
1578 2546 1682 2603 Sed
1730 2546 1833 2601 hoc

254 2632 403 2703 quod
450 2634 553 2704 ipsi
603 2637 714 2693 suis
764 2640 1015 2695 cordibus
1059 2642 1426 2709 suspicantur,
1477 2638 1597 2694 ideo
1644 2644 1833 2707 putant

254 2720 559 2793 Scripturas
605 2729 831 2783 tacuisse
881 2730 1087 2785 divinas
1111 2772 1126 2796 ,
1166 2739 1223 2784 ut
1261 2731 1414 2785 multi
1454 2746 1514 2785 se
1542 2730 1827 2798 corrigant,

255 2814 345 2867 vel
388 2816 709 2883 prolixarum
746 2819 828 2873 vel
872 2829 1186 2875 teternarum
1222 2821 1419 2885 timore,
1444 2834 1745 2888 pmnarum,
1781 2826 1834 2871 et

257 2903 365 2956 sint
405 2905 495 2975 qui
540 2909 745 2975 possint
770 2924 923 2965 orare
967 2924 1065 2981 pro
1089 2911 1167 2965 eis
1189 2951 1205 2977 ,
1237 2911 1327 2980 qui
1363 2926 1421 2965 se
1449 2926 1555 2965 non
1584 2923 1831 2964 correxe-

226 2994 532 3052 .rint:nec
577 3008 751 3055 tamen
800 3003 1083 3071 opinantur
1128 3004 1273 3058 omni
1317 3001 1477 3057 modo
1528 3001 1580 3056 id
1622 3002 1832 3070 eloquia

258 3083 437 3138 divina
465 3088 714 3145 tacuisse.
763 3090 894 3145 Nam
929 3108 1033 3161 quo
1072 3093 1338 3160 pertinet,
1372 3092 1651 3162 inquiunt,
1688 3091 1830 3161 quod

258 3176 518 3245 scriptum
583 3189 708 3245 est,
776 3181 939 3247 Quam
995 3184 1153 3235 multa
1220 3182 1487 3236 multitudo
1547 3182 1825 3235 dulcedinis

261 3276 384 3335 tum,
420 3268 655 3337 Domine,
705 3289 855 3343 quam
900 3274 1203 3328 abscondisti
1237 3274 1560 3328 metuentibus
1579 3284 1626 3327 te
1657 3272 1831 3346 (Psal.

260 3373 389 3423 xxx,
414 3358 540 3430 20)!
570 3362 672 3415 nisi
700 3372 757 3416 ut
780 3363 1135 3433 intelligamus
1162 3373 1377 3435 propter
1404 3366 1645 3419 timorem
1675 3364 1836 3419 fuisse

260 3448 627 3505 absconditam
670 3452 1047 3508 misericordia:
1094 3454 1287 3509 div-inm
1326 3463 1433 3509 tam
1481 3456 1703 3509 multam
1750 3468 1834 3508 se-

262 3549 570 3610 cretamque
624 3542 1002 3597 dulcedinem?
1067 3544 1281 3598 Addunt
1332 3546 1491 3599 etiam
1552 3554 1833 3613 pr0pterea

263 3628 461 3685 dixisse
485 3632 794 3702 Apostolum
821 3672 835 3696 ,
864 3631 1121 3686 Conclusit
1146 3633 1279 3686 enim
1298 3630 1437 3687 Deus
1472 3650 1643 3686 omnes
1669 3634 1721 3686 in
1751 3633 1835 3685 in-

265 3719 506 3787 ﬁdelitate
529 3761 544 3785 ,
575 3729 628 3774 ut
653 3723 876 3777 omnium
922 3723 1215 3777 misereatur
1243 3721 1419 3793 (Rom.
1450 3739 1503 3776 χι
1524 3763 1539 3789 ,
1569 3721 1659 3792 52)
1685 3764 1698 3788 ,
1731 3737 1837 3791 quo

263 3810 586 3880 signiﬁcaret
607 3852 622 3877 ,
652 3813 795 3881 quod
831 3813 899 3867 ab
924 3813 1015 3867 illo
1042 3829 1200 3868 nemo
1227 3813 1583 3868 damnabitur.
1613 3813 1721 3867 Nec
1748 3813 1835 3867 isti

261 3908 440 3955 tamen
464 3903 552 3970 qui
580 3901 683 3957 hoc
704 3889 959 3970 sentiunt,
1000 3904 1136 3958 hanc
1160 3904 1462 3972 opinionem
1485 3919 1634 3958 suam
1668 3920 1835 3975 usque

259 3988 332 4042 ad
383 3989 751 4048 liberationem
800 3994 884 4048 vel
932 3994 1131 4047 nullam
1183 3994 1580 4048 damnationem
1639 3994 1836 4048 diaboli

259 4088 421 4146 atque
467 4084 775 4151 angelorum
818 4084 933 4154 ejus
980 4083 1294 4138 extendunt.
1355 4085 1597 4138 llumana
1640 4086 1836 4155 quippe

257 4169 405 4224 circa
432 4172 574 4228 solos
618 4173 860 4229 homines
898 4184 1178 4229 moventur
1218 4175 1601 4243 misericordia,
1628 4185 1683 4231 et
1704 4193 1837 4231 cau-

257 4274 377 4314 sant
426 4263 656 4320 maxime
703 4276 866 4335 agunt
910 4282 1099 4333 suam,
1142 4283 1236 4337 per
1260 4269 1560 4339 generalem
1590 4270 1641 4323 in
1669 4285 1837 4339 genus

260 4351 555 4407 humanum
581 4356 729 4424 quasi
757 4356 849 4410 Dei
894 4357 1289 4412 miserationem
1337 4358 1705 4427 impunitatem
1734 4357 1834 4413 fal-

260 4456 378 4495 sam
415 4444 527 4499 suis
573 4446 793 4514 perditis
841 4448 1077 4503 moribus
1124 4450 1437 4518 pollicentes
1465 4466 1480 4503 :
1509 4464 1572 4504 ac
1617 4466 1711 4518 per
1737 4450 1839 4506 hoc

260 4533 592 4599 superabunt
631 4551 725 4590 eos
766 4537 818 4590 in
846 4538 1179 4606 praedicanda
1216 4540 1310 4595 Dei
1336 4539 1720 4606 misericordia,
1747 4541 1838 4610 qui

262 4620 404 4675 hanc
448 4623 811 4692 impunitatem
858 4627 1019 4681 etiam
1064 4628 1289 4699 principi
1315 4627 1614 4684 daemonum
1642 4640 1695 4685 et
1720 4630 1837 4700 ejus

264 4713 584 4770 satellitibus
612 4717 951 4785 pollicentur.

263 4847 494 4904 CAPUT
520 4850 663 4904 XIX.
691 4879 763 4889 —
790 4850 866 4904 De
894 4852 971 4905 Itis
997 4852 1080 4921 qui
1100 4852 1451 4921 impunitatem
1471 4854 1693 4905 omnium
1715 4869 1835 4921 pec-

335 4950 562 4993 catorum
591 4943 885 5011 promittunt
909 4943 1057 4995 etiam
1082 4943 1326 4996 hwreticis
1350 4982 1366 5007 ,
1392 4952 1597 5013 prapter
1627 4943 1836 5012 partici-

332 5031 589 5100 pationem
616 5034 841 5103 corporis
861 5033 1065 5087 Christi.

335 5161 466 5217 Item
496 5172 620 5219 sunt
643 5164 767 5232 alii,
808 5166 875 5219 ab
918 5173 1118 5219 aeterno
1150 5164 1410 5233 supplicio
1439 5163 1831 5233 liberationem,

263 5269 365 5309 nec
407 5255 538 5324 ipsis
583 5257 771 5311 saltem
808 5256 1056 5310 omnibus
1096 5255 1399 5311 hominibus
1439 5256 1833 5325 promittentes,

264 5346 362 5401 sed
414 5348 783 5403 tantummodo
828 5347 1023 5403 Christi
1074 5348 1398 5418 Baptismate
1444 5348 1675 5414 ablutis,
1742 5349 1835 5418 qui

260 5438 549 5508 participes
573 5439 706 5492 ﬁunt
729 5439 968 5508 corporis
998 5440 1133 5508 ejus,
1156 5440 1559 5509 quomodolibet
1582 5440 1833 5507 vixerint,

262 5529 317 5582 in
343 5545 677 5600 quacumque
716 5531 903 5587 haeresi
930 5532 1013 5586 vel
1045 5533 1315 5604 impietate
1338 5532 1571 5599 fuerint,
1615 5542 1834 5603 propter

264 5618 395 5674 illud
413 5620 553 5689 quod
576 5622 649 5675 ait
672 5620 825 5675 Iesus
848 5639 862 5673 :
898 5621 946 5673 Η
953 5624 996 5675 ic
1016 5633 1088 5676 est
1115 5625 1260 5691 panis
1277 5624 1363 5692 qui
1391 5623 1454 5677 de
1474 5625 1597 5677 caelo
1622 5622 1833 5677 descen-

267 5709 358 5775 dit,
399 5720 455 5764 ut
493 5712 540 5764 si
574 5712 684 5782 quis
727 5728 789 5766 ea:
821 5712 931 5781 ipso
958 5715 1331 5766 manducauerit
1354 5755 1368 5779 ,
1413 5730 1514 5767 non
1567 5714 1829 5768 moriatur.

270 5794 381 5867 Ego
418 5816 527 5856 sunt
568 5803 713 5872 panis
749 5804 918 5872 vivus,
954 5804 1040 5873 qui
1066 5804 1127 5859 de
1157 5803 1280 5859 caelo
1322 5803 1557 5860 descendi
1585 5819 1604 5858 :
1641 5804 1684 5858 si
1720 5805 1834 5874 quis

1409 417 1615 476 LIBER
1653 416 1763 473 VIG
1773 414 1926 471 ESIM
1936 414 2015 471 US
2054 415 2320 477 PRIMUS.

3397 431 3497 487 73‘

1932 535 2303 590 manducauerit
2323 553 2384 592 ea:
2404 538 2496 592 hoc
2525 556 2656 609 pane
2676 580 2691 603 ,
2720 541 2846 593 vivet
2873 541 2924 595 in
2950 550 3189 597 teternum
3217 543 3391 615 (Joan.
3422 563 3495 611 vn,

1931 626 2143 696 50-52).
2192 627 2276 682 Ab
2313 638 2511 683 aeterna
2550 646 2676 701 ergo
2710 640 2917 696 morte,
2961 634 3236 703 inquiunt,
3276 651 3495 693 necesse

1932 726 2014 771 est
2048 718 2179 773 istos
2209 719 2353 786 erui,
2403 729 2458 775 ct
2480 720 2546 775 ad
2571 723 2729 776 vitam
2765 731 3018 779 aeternam
3047 725 3490 797 quandocumque

1934 808 2173 877 perduci.

1931 922 2154 978 CAPUT
2184 922 2302 977 XX.
2335 952 2408 963 —-
2444 923 2522 977 De
2546 925 2622 979 Itis
2642 926 2727 993 qui
2753 941 2851 979 non
2877 926 3106 979 omnibus
3126 967 3141 991 ,
3179 925 3267 979 sed
3291 926 3353 980 iis
3379 938 3497 979 tan-

1996 1022 2099 1065 tum
2122 1014 2209 1084 qui
2244 1013 2383 1082 apud
2414 1012 2694 1068 Cat/tolicos
2719 1025 2833 1067 sunt
2862 1017 3055 1079 renati,
3096 1016 3289 1069 etiamsi
3314 1025 3486 1084 postea

1990 1102 2043 1156 in
2069 1102 2228 1155 multa
2247 1104 2457 1157 crimina
2473 1120 2757 1174 erroresque
2781 1108 3117 1175 proruperint,
3131 1084 3495 1175 indulgentiam

2001 1195 2317 1264 pollicentur.

1956 1336 1958 1338 τ
2003 1309 2131 1363 Item
2158 1318 2283 1364 sunt
2312 1309 2398 1378 qui
2422 1309 2523 1364 hoc
2552 1324 2650 1364 nec
2674 1308 2919 1363 omnibus
2957 1308 3273 1363 habentibus
3319 1308 3499 1378 Bapti-

1933 1402 2119 1456 smatis
2157 1401 2354 1456 Christi
2392 1410 2446 1456 et
2491 1402 2605 1469 ejus
2647 1401 2886 1469 corporis
2931 1409 3357 1465 sacramentum,
3403 1398 3499 1452 sed

1930 1491 2059 1545 solis
2084 1490 2387 1556 Catholicis,
2406 1491 2644 1560 quamvis
2666 1491 2804 1545 male
2827 1491 3122 1545 viventibus
3150 1489 3497 1559 pollicentur;

1930 1582 2052 1651 quia
2080 1596 2184 1635 non
2227 1582 2343 1637 solo
2373 1591 2742 1647 sacramento,
2789 1581 2883 1636 sed
2922 1598 2979 1636 re
3008 1582 3119 1651 ipsa
3142 1581 3499 1636 manducave-

1931 1681 2260 1742 runtcorpus
2300 1674 2531 1737 Christi,
2582 1674 2634 1727 in
2671 1673 2786 1741 ipso
2811 1672 2927 1741 ejus
2952 1686 3178 1741 corpore
3206 1670 3499 1735 constituti,

1930 1763 1997 1818 de
2022 1781 2127 1834 quo
2143 1765 2271 1819 dicit
2298 1765 2603 1835 Apostolus,
2626 1764 2768 1819 Unus
2794 1765 2959 1833 panis,
2975 1780 3131 1817 unum
3155 1779 3339 1833 corpus
3359 1762 3503 1815 multi

1931 1871 2103 1909 sumus
2128 1856 2169 1925 (l
2197 1854 2313 1910 Cor.
2347 1872 2379 1909 ι
2405 1897 2420 1921 ,
2456 1857 2546 1925 I7)
2573 1864 2674 1911 :.ut
2706 1854 2913 1909 etiamsi
2958 1863 3140 1922 postea
3185 1854 3237 1907 in
3275 1852 3503 1920 aliquam

1934 1944 2176 1999 haeresim
2222 1947 2305 2001 vel
2346 1946 2503 2001 etiam
2550 1947 2601 2000 in
2648 1945 2928 2015 gentilium
2974 1943 3327 1998 idololatriam
3373 1940 3504 2010 lapsi

1932 2034 2163 2104 fuerint,
2210 2045 2412 2090 tantum
2443 2036 2565 2106 quia
2606 2037 2660 2089 in
2704 2048 2930 2103 corpore
2970 2033 3189 2097 Christi,
3229 2031 3283 2087 id
3324 2039 3406 2085 est
3448 2031 3504 2084 in

1934 2128 2170 2183 Ecclesia
2210 2128 2469 2187 catholica
2494 2169 2509 2193 ,
2551 2134 2894 2195 sumpserunt
2944 2124 3274 2194 Baptismum
3310 2122 3503 2177 Christi

1934 2230 1985 2275 ct
2014 2220 2465 2275 manducaverunt
2503 2232 2697 2287 corpus
2736 2216 2967 2281 Christi,
2996 2231 3102 2271 non
3129 2216 3425 2269 moriantur
3450 2214 3503 2267 in

1933 2319 2188 2364 aeternum
2208 2352 2223 2374 ,
2275 2310 2371 2365 sed
2402 2310 2560 2365 vitam
2586 2309 2901 2379 quandoque
2927 2316 3319 2375 consequantur
3344 2313 3508 2359 aeter-

1934 2418 2084 2466 nam;
2127 2413 2286 2471 atque
2312 2403 2402 2456 illa
2432 2401 2607 2457 omnis
2647 2401 2892 2470 impietas
2920 2408 3113 2468 quanto
3136 2397 3303 2465 major
3325 2396 3503 2458 fuerit,

1934 2509 2039 2547 non
2069 2494 2146 2547 eis
2167 2494 2340 2547 valeat
2368 2493 2430 2547 ad
2455 2496 2805 2548 mternitatem
2828 2534 2842 2558 ,
2888 2491 2979 2545 scd
3007 2490 3073 2544 ad
3098 2489 3500 2543 diuturnitatem

1937 2584 2459 2654 magnitudinemque
2486 2598 2783 2653 poenarum.

1918 2665 2156 2755 .CAPUT
2195 2696 2334 2752 XXI.
2391 2726 2463 2738 -—
2520 2696 2593 2749 De
2630 2696 2707 2748 Itis
2747 2696 2830 2764 qui
2878 2709 2962 2749 eos
3002 2691 3086 2761 qui
3123 2695 3413 2761 permanent
3454 2687 3507 2739 in

2005 2787 2255 2845 catholica
2284 2787 2384 2855 ﬁde
2405 2828 2419 2852 ,
2444 2787 2638 2840 etiamsi
2665 2785 2872 2854 pessime
2892 2782 3123 2843 vixerint,
3150 2790 3197 2833 et
3222 2780 3281 2831 ob
3308 2780 3399 2830 hoc
3429 2777 3509 2828 uri

2006 2882 2273 2936 meruerint
2296 2923 2310 2947 ,
2340 2890 2503 2933 tamen
2528 2888 2732 2949 propter
2752 2877 2872 2946 fidei
2899 2874 3280 2945 fundamentum
3306 2870 3509 2924 salvan-

2007 2975 2097 3028 dos
2119 2990 2223 3027 esse
2252 2973 2517 3041 deﬁniunt.

2008 3090 2143 3146 Sunt
2170 3098 2346 3144 autem
2375 3089 2464 3156 qui
2491 3094 2705 3156 propter
2738 3083 2790 3138 id
2819 3080 2957 3152 quod
2978 3080 3232 3149 scriptum
3262 3084 3373 3139 est,
3409 3074 3510 3138 Qui

1938 3179 2315 3251 perseveraverit
2344 3194 2496 3247 usque
2533 3177 2586 3229 in
2628 3177 2813 3243 ﬁnem,
2857 3174 2936 3225 hic
2973 3171 3139 3225 salvus
3178 3170 3271 3222 erit
3301 3167 3510 3236 (Matth.

1939 3286 2085 3335 xxrv,
2112 3258 2198 3340 l5)
2231 3287 2243 3323 :
2277 3283 2379 3322 non
2408 3268 2507 3321 nisi
2539 3266 2590 3320 in
2618 3264 2856 3319 Ecclesia
2882 3262 3137 3317 catholica
3164 3273 3513 3330 perseveran-

1940 3364 2080 3419 tibus
2104 3405 2119 3427 ,
2169 3361 2412 3433 quamvis
2438 3359 2491 3413 in
2522 3374 2583 3413 ea
2613 3358 2754 3412 male
2783 3355 3082 3411 viventibus
3103 3394 3119 3420 ,
3160 3353 3263 3406 hoc
3292 3348 3514 3419 promit-

1940 3465 2075 3521 lunt,
2107 3470 2201 3524 per
2220 3454 2394 3525 ignem
2414 3450 2659 3507 videlicet
2680 3447 2943 3503 salvandis
2961 3446 3147 3499 merito
3164 3438 3509 3500 fundamenti,

1939 3548 2007 3603 de
2031 3563 2137 3617 quo
2162 3548 2236 3599 ait
2271 3546 2556 3615 Apostolus
2580 3585 2595 3608 ,
2627 3541 3038 3596 Fundamentum
3064 3537 3195 3590 euiut
3220 3534 3358 3588 aliud
3373 3547 3513 3585 nemo

1939 3646 2099 3707 potest
2128 3650 2313 3705 ponere
2338 3676 2353 3703 ,
2404 3643 2585 3703 prteter
2617 3633 2671 3685 id
2716 3630 2851 3702 quod
2893 3628 3107 3698 positum
3146 3634 3217 3680 est
3241 3667 3256 3690 ,
3284 3622 3419 3692 quod
3446 3629 3516 3675 est

1939 3725 2167 3780 Christus
2186 3724 2356 3779 Iesus.
2386 3724 2447 3777 Si
2466 3724 2576 3793 quis
2604 3730 2770 3773 autem
2798 3719 3015 3787 wdiﬁrat
3040 3732 3189 3783 super
3207 3714 3512 3784 fundamen-

1941 3826 2047 3868 tum
2100 3815 2193 3869 Itoc
2242 3829 2461 3878 aurum,
2510 3821 2805 3881 argentum,
2838 3807 3030 3877 lapides
3060 3806 3321 3875 pretiosos,
3352 3803 3508 3871 ligna,

1940 3908 2147 3977 fenum,
2185 3905 2460 3974 stipulam,
2502 3902 2895 3971 uniuscujusque
2932 3914 3057 3968 Opus
3091 3893 3512 3964 manifestabitur.

1940 4002 2061 4055 Dies
2092 4001 2225 4054 enint
2265 3997 2570 4061 declarabit;
2608 3995 2846 4062 quoniam
2875 3993 2927 4045 in
2954 3991 3067 4060 igne
3092 3986 3421 4051 revelabitur,
3467 3993 3513 4037 et

1940 4093 2331 4162 uniuscujusque
2354 4106 2480 4159 apus
2512 4087 2658 4158 quale
2685 4088 2781 4151 sit,
2828 4085 2957 4154 ignis
2987 4080 3233 4152 probabit.
3284 4078 3344 4133 Si
3372 4077 3516 4145 cujus

1941 4200 2068 4255 Opus
2089 4183 2418 4251 permanserit
2441 4178 2576 4251 quod
2605 4175 3045 4247 superwdiﬁcavit,
3073 4170 3350 4225 mercedem
3378 4167 3513 4221 acci-

1941 4278 2041 4346 piet
2072 4291 2089 4328 :
2116 4276 2160 4327 si
2187 4274 2330 4343 cujus
2369 4288 2495 4341 opus
2533 4280 2702 4323 autem
2732 4267 2912 4321 arserit
2932 4307 2946 4331 ,
2987 4263 3229 4317 damnum
3258 4260 3513 4331 patietur;

1939 4368 2047 4438 ipse
2070 4374 2237 4419 autem
2259 4363 2430 4417 salvus
2450 4364 2540 4415 erit
2556 4402 2570 4425 ,
2595 4361 2666 4413 sic
2688 4369 2851 4412 tamen
2874 4357 3017 4427 quasi
3038 4370 3124 4425 per
3147 4354 3311 4423 ignem
3336 4350 3378 4419 (Ι
3397 4348 3513 4401 Cor.

1939 4473 2017 4520 tu,
2047 4456 2258 4526 11-15).
2313 4454 2504 4508 Dicunt
2544 4466 2672 4520 ergo
2721 4447 3002 4518 cujuslibet
3038 4445 3161 4499 vita:
3200 4440 3513 4497 catholicum

1939 4547 2297 4603 Christianum
2323 4543 2593 4598 Christum
2640 4540 2835 4594 habere
2864 4539 2916 4591 in
2961 4534 3305 4589 fundamento
3325 4571 3340 4595 ,
3374 4528 3516 4599 quod

1940 4641 2341 4696 fundamentum
2392 4635 2533 4689 nulla
2579 4631 2797 4686 haeresis
2840 4628 3001 4681 habet
3041 4641 3071 4679 a
3117 4622 3356 4693 corporis
3397 4620 3514 4688 ejus

1939 4731 2144 4786 unitate
2183 4727 2421 4798 prarcisa.
2471 4724 2541 4778 Et
2566 4723 2686 4777 ideo
2715 4728 2931 4791 propter
2960 4719 3062 4771 hoc
3088 4715 3513 4773 fundamentum,

1939 4822 2147 4879 etiamsi
2176 4820 2330 4875 malae
2351 4819 2473 4873 vitae
2492 4815 2653 4871 fuerit
2673 4813 2966 4871 catholicus
2988 4809 3346 4875 Christianus,
3370 4807 3514 4860 velut

1939 4913 2027 4984 qui
2048 4909 2546 4981 superaedilicaverit
2574 4907 2716 4978 ligna
2742 4948 2757 4973 ,
2787 4905 2964 4959 fenum
2985 4945 3000 4969 ,
3031 4902 3301 4971 stipulam,
3329 4905 3514 4968 putant

1939 5020 2060 5060 eum
2088 5003 2290 5057 salvum
2317 5000 2433 5056 ﬁeri
2459 5014 2554 5069 per
2582 4999 2779 5069 ignem,
2805 4996 2856 5050 id
2882 5004 2984 5061 est,
3016 5001 3137 5064 post
3162 5005 3345 5062 poenas
3372 4988 3507 5059 ignis

1936 5096 2079 5151 illius
2106 5092 2354 5162 liberari,
2399 5106 2504 5164 quo
2541 5091 2663 5162 igne
2689 5088 2743 5142 in
2774 5087 2961 5142 ultimo
2997 5084 3196 5155 judicio
3225 5081 3511 5152 punientur
3542 5158 3545 5159 ν

1938 5186 2064 5242 mali
2094 5185 2189 5258 (α).
2248 5251 2258 5258 ,

1939 5318 2165 5377 CAPUT
2198 5316 2366 5372 XXII.
2397 5344 2471 5356 —-
2505 5313 2587 5368 De
2615 5312 2691 5366 Itis
2717 5311 2802 5381 qui
2827 5316 3002 5381 putant
3030 5324 3091 5361 ea
3117 5304 3329 5360 crimina
3349 5344 3364 5369 ,
3403 5314 3515 5371 qua

2009 5411 2139 5465 inter
2157 5409 2581 5476 eleemosynarum
2601 5419 2755 5473 opera
2779 5401 3172 5464 committuntur,
3197 5395 3263 5449 ad
3292 5394 3511 5447 damna-

2011 5501 2161 5556 tionis
2183 5498 2436 5570 judicium
2458 5512 2558 5551 non
2585 5494 2772 5548 vocari.

2009 5630 2254 5703 Comperi
2294 5629 2453 5685 etiam
2495 5627 2749 5698 quosdam
2790 5634 2975 5696 putare
3012 5626 3104 5682 eos
3149 5619 3515 5680 tantummodo

2000 5809 2073 5873 (a)
2104 5805 2233 5859 cont.
2272 5804 2504 5857 Enchirid.
2528 5818 2578 5857 ιι.
2606 5803 2684 5866 ts,
2705 5803 2857 5855 Initio.
