3996 6534
545 420 651 476 735

547 549 764 590 arsuros
803 530 942 591 illius
979 533 1271 589 :eternitate
1313 532 1593 605 supplicii,
1634 533 1724 604 qui
1753 549 1847 605 pro
1876 532 2106 603 peccatis

546 624 657 677 suis
682 624 853 678 facere
878 624 1061 693 dignas
1084 624 1447 696 eleemosynas
1476 624 1748 695 negligunt
1766 665 1782 691 ,
1805 624 1952 694 juxta
1982 622 2110 677 illud

547 714 773 782 apostoli
798 713 979 768 Jacobi
1013 732 1024 768 :
1050 714 1309 767 .ludicium
1333 722 1498 768 autent
1534 716 1640 769 sine
1664 714 2005 769 misericordia
2032 713 2109 766 illi

542 806 628 871 qui
678 820 776 857 non
808 805 924 874 fecit
975 805 1366 859 misericordiam
1393 804 1591 873 (Jacobi
1614 820 1651 860 ιι
1673 804 1827 875 ,15).
1858 805 1957 872 Qui
1982 817 2108 874 ergo

548 892 749 959 fecerit,
789 895 1061 965 inquiunt,
1093 897 1329 966 quamvis
1354 912 1530 951 mores
1558 897 1612 952 in
1640 897 1828 953 melius
1855 912 1959 950 non
1988 911 2107 949 mu-

544 984 735 1038 taverit
752 1026 765 1051 ,
812 986 912 1043 sed
938 986 1077 1042 inter
1116 987 1256 1057 ipsas
1282 1002 1404 1043 suas
1427 988 1790 1060 eleemosynas
1815 987 2013 1043 nefarie
2044 1001 2107 1043 ac

540 1074 783 1144 nequiter
810 1075 1036 1143 vixerit,
1082 1076 1335 1147 judicium
1370 1078 1446 1133 illi
1483 1092 1602 1133 cum
1627 1078 1983 1133 misericordia
2013 1076 2102 1131 fu-

540 1172 716 1218 turum
742 1172 856 1231 est,
899 1173 1068 1221 utaut
1103 1167 1245 1221 nulla
1293 1167 1630 1223 damnatione
1668 1168 1931 1237 plectatur
1954 1206 1968 1232 ,
2015 1174 2105 1220 aut

538 1262 658 1322 post
682 1254 891 1326 aliquod
923 1264 1129 1326 tempus
1157 1258 1269 1314 sive
1296 1272 1512 1328 parvum
1534 1299 1548 1324 ,
1576 1259 1689 1313 sive
1714 1257 2000 1328 prolixum,
2034 1255 2102 1310 ab

536 1344 624 1398 illa
662 1344 1000 1402 damnatione
1024 1348 1295 1403 liberetur.
1341 1347 1464 1403 Ideo
1485 1348 1723 1404 Iudicem
1752 1349 1922 1419 ipsum
1948 1347 2097 1402 vivo-
2140 1428 2142 1430 ν

534 1450 652 1489 rum
677 1445 833 1507 atque
859 1446 1187 1494 mortuorum
1211 1439 1443 1495 noluisse
1467 1440 1770 1495 existimant
1792 1438 1930 1494 aliud
1959 1453 2102 1495 com-

532 1540 831 1583 memorare
868 1543 927 1584 se
952 1543 1073 1585 esse
1097 1529 1359 1585 dicturum
1384 1571 1398 1597 ,
1434 1531 1547 1586 sive
1572 1529 1772 1586 dextris
1799 1530 1989 1601 quibus
2018 1536 2101 1584 est

536 1615 700 1669 vitam
739 1617 959 1674 daturus
1000 1628 1251 1675 aeternam
1274 1660 1289 1685 ,
1338 1620 1451 1676 sive
1494 1620 1720 1675 sinistris
1745 1634 1878 1690 quos
1901 1627 2101 1675 mterno

531 1707 791 1775 supplicio
832 1709 1176 1766 damnaturus
1229 1710 1449 1784 (Matth.
1490 1728 1635 1780 xxv,
1676 1713 1745 1769 55
1786 1710 1956 1785 sqq.),
1996 1711 2100 1767 nisi

530 1797 895 1870 eleemosynas
941 1801 1053 1856 sive
1098 1801 1301 1871 factas,
1350 1803 1462 1860 sive
1507 1819 1615 1859 non
1652 1804 1835 1860 factas.
1891 1805 1973 1859 Ad
1997 1804 2100 1860 hoc

528 1888 792 1957 pertinere
822 1890 970 1945 aiunt
1000 1900 1055 1948 et
1081 1892 1133 1947 in
1171 1894 1411 1951 oratione
1440 1895 1713 1951 Dominica
1740 1894 2097 1966 quotidianam

529 1979 938 2047 postulationem
969 1999 981 2034 :
1012 1982 1221 2037 Dimitte
1261 1984 1401 2039 nobis
1439 1985 1605 2040 debita
1644 1995 1850 2053 nostra,
1895 1987 2022 2040 sicut
2050 1995 2096 2041 et

529 2085 623 2123 nos
648 2071 943 2126 dimittimus
969 2073 1270 2131 debitoribus
1302 2078 1485 2131 nostris
1523 2076 1635 2149 (Id.
1664 2094 1751 2145 vt,
1781 2076 1891 2149 12).
1937 2076 2096 2147 Quis-

525 2160 643 2228 quis
667 2161 808 2216 enim
828 2162 903 2217 illi
928 2164 1018 2233 qui
1045 2165 1097 2218 in
1121 2181 1242 2220 eum
1260 2168 1516 2237 peccavit,
1537 2168 1754 2224 dimittit
1773 2168 2095 2240 ignoscendo

527 2261 799 2319 peccatum
825 2294 840 2320 ,
890 2257 1072 2324 procul
1116 2256 1278 2313 dubio
1319 2259 1712 2332 eleemosynam
1749 2260 1893 2316 facit.
1925 2262 2092 2329 Quam

523 2356 637 2395 rem
668 2343 919 2399 Dominus
949 2346 1025 2400 sic
1063 2347 1177 2416 ipse
1201 2349 1620 2418 commendavit,
1667 2359 1726 2406 ut
1764 2351 1962 2407 diceret
1991 2370 2005 2406 :
2032 2351 2094 2407 Si

521 2434 655 2487 enim
692 2435 984 2492 dimiseritis
1025 2448 1229 2509 peccata
1265 2440 1545 2497 hominibus
1569 2483 1584 2507 ,
1629 2442 1842 2496 dimittet
1885 2442 2020 2497 vobis
2045 2451 2093 2497 et

522 2521 679 2577 Pater
718 2535 873 2580 vester
908 2538 1109 2598 peccata
1148 2540 1309 2585 vestra
1333 2547 1353 2585 :
1385 2533 1429 2585 si
1471 2540 1636 2587 autem
1674 2550 1776 2588 non
1802 2534 2093 2589 dimiseritis

525 2612 830 2682 hominibus,
866 2632 1025 2688 neque
1049 2617 1205 2673 Pater
1230 2628 1389 2676 vester
1413 2622 1498 2691 qui
1518 2624 1571 2676 in
1593 2622 1730 2677 caelis
1755 2634 1848 2689 est,
1880 2624 2127 2680 dimittet“

522 2701 659 2757 vobis
687 2703 872 2775 (Ibid.,
904 2707 991 2773 M,
1025 2709 1136 2780 l5).
1171 2710 1311 2781 Ergo
1348 2718 1402 2766 et
1433 2712 1499 2766 ad
1538 2712 1640 2768 hoc
1664 2728 1829 2784 genus
1857 2714 2092 2771 eleemo-

521 2806 772 2864 synarum
801 2798 1031 2866 pertinet
1069 2801 1209 2871 quod
1246 2802 1319 2857 ait
1345 2804 1621 2873 apostolus
1655 2805 1917 2875 Jacobus,
1943 2806 2090 2878 judi-

520 2883 662 2938 cium
716 2885 949 2943 l'uturum
995 2891 1111 2946 sine
1160 2892 1522 2949 misericordia
1569 2896 1620 2951 ei
1666 2897 1759 2967 qui
1814 2913 1921 2955 non
1968 2898 2093 2955 fecit

516 2975 957 3033 misericordiam.
988 2979 1097 3036 Nec
1128 2981 1262 3038 dixit
1298 2984 1572 3054 Dominus,
1606 2987 1870 3061 inquiunt,
1899 3005 2090 3060 magna

515 3065 599 3120 vel
621 3080 816 3135 parva;
866 3069 959 3125 sed
982 3110 999 3136 ,
1042 3069 1270 3126 Dimittet
1311 3074 1446 3130 vobis
1481 3076 1639 3131 Pater
1685 3088 1843 3134 vester
1888 3089 2093 3150 peccata

514 3164 712 3225 vestra,
756 3158 802 3212 si
841 3169 889 3213 et
930 3177 1015 3215 vos
1053 3163 1340 3219 dimiseritis
1386 3166 1688 3222 hominibus.
1738 3170 1816 3225 Ac
1855 3184 1951 3239 per
1988 3170 2090 3225 hoc

490 3257 701 3316 putant
727 3251 885 3306 etiam
911 3252 989 3307 eis
1016 3255 1107 3323 qui
1128 3255 1333 3325 perdite
1360 3258 1609 3324 vixerint,
1637 3259 1813 3316 donec
1837 3261 2089 3318 claudant

514 3338 656 3392 diem
697 3340 821 3395 vitae
862 3341 1019 3411 hu’jus
1065 3354 1360 3401 extremum
1384 3388 1400 3414 ,
1449 3362 1547 3417 per
1588 3349 1725 3405 hanc
1768 3352 2085 3421 orationem,

513 3427 919 3500 qualiacumque
937 3440 990 3486 et
1005 3443 1429 3525 quantacumque
1452 3436 1679 3508 fuerint,
1709 3442 1886 3496 omnia
1909 3444 2087 3512 quoti-

515 3519 603 3575 die
626 3534 842 3593 peccata
866 3527 1059 3583 dimitti
1082 3571 1101 3600 ,
1143 3531 1280 3587 sicut
1308 3519 1421 3603 ipsa
1447 3533 1685 3605 quotidie
1723 3535 2088 3605 frequentatur

515 3613 716 3682 oratio,
749 3616 794 3669 si
820 3615 921 3673 hoc
948 3622 1313 3679 tantummodo
1337 3624 1605 3682 custodire
1628 3626 2001 3695 meminerint,
2027 3634 2089 3684 ut

513 3704 725 3771 quando
747 3706 812 3762 ab
836 3708 916 3764 eis
946 3711 1155 3767 veniam
1182 3721 1403 3783 petunt,
1431 3715 1638 3786 quieos
1663 3724 1884 3788 peccato
1910 3718 2083 3788 quali-

511 3807 737 3865 cumque
764 3796 1044 3868 laeserunt,
1073 3817 1138 3857 ex
1165 3804 1327 3859 corde
1354 3804 1645 3861 dimittant.
1689 3806 1823 3862 Cum
1852 3808 1919 3862 ad
1960 3808 2077 3863 haec

511 3886 710 3953 omnia,
737 3888 846 3945 Deo
869 3888 1119 3962 donante,
1149 3895 1496 3966 respondero,
1526 3896 1661 3953 liber
1688 3897 1789 3954 iste
1812 3898 2069 3954 clauden-

510 3973 609 4029 dus
634 3985 715 4030 est
737 3978 833 4049 (a).

509 4062 735 4121 CAPUT
785 4069 1271 4129 XXlll.-—Contra
1324 4076 1608 4146 Opinionem
1661 4092 1831 4131 eorum
1871 4078 1955 4145 qui
1998 4077 2080 4131 di-

576 4167 730 4223 cunt,
762 4176 851 4214 nec
886 4163 1106 4232 diaboli,
1133 4182 1221 4219 nec
1261 4166 1519 4221 hominum
1560 4168 1806 4222 malorum
1844 4173 2082 4238 perpetua

575 4247 745 4315 futura
772 4251 1039 4320 supplicia.

577 4358 656 4411 Ac
684 4358 911 4428 primum
938 4363 1101 4431 quaeri
1129 4371 1339 4433 oportet
1365 4376 1523 4436 atque
1547 4368 1815 4437 cognosci,
1847 4385 1943 4425 cur
1970 4369 2079 4425 Ec-

507 4446 669 4501 clesia
701 4446 842 4504 ferre
884 4452 1181 4521 nequiverit
1208 4453 1480 4510 hominum
1509 4456 1936 4527 disputationem,
1962 4461 2079 4515 dia-

501 4537 629 4591 bolo
669 4538 828 4594 etiam
871 4550 992 4611 post
1015 4545 1271 4601 maximas
1313 4555 1366 4602 et
1406 4547 1831 4608 diuturnissimas
1858 4567 2075 4623 poenas,

502 4629 869 4698 purgationem
928 4632 1015 4688 vel
1062 4634 1440 4706 indulgentiam
1487 4639 1844 4709 pollicentem.
1896 4640 2079 4714 Neque

497 4722 641 4775 enim
684 4730 763 4777 tot
802 4726 970 4780 sancti
995 4735 1049 4782 et
1092 4731 1256 4785 sacris
1283 4731 1550 4787 veteribus
1586 4747 1648 4788 ac
1690 4734 1839 4789 novis
1865 4735 2080 4792 Litteris

498 4814 710 4882 eruditi,
738 4818 1135 4875 mundationem
1160 4828 1216 4876 et
1241 4823 1390 4894 regni
1416 4825 1672 4881 caelorum
1700 4826 2077 4884 beatitudinem

505 4912 627 4973 post
664 4907 1154 4980 qualiacumque'et
1182 4922 1608 4987 quantacumque
1634 4919 1917 4988 supplicia,
1945 4935 2079 4990 qua-

495 4995 862 5069 libuscumque
901 5009 957 5056 et
1005 5004 1445 5076 quantiscumque
1491 5008 1692 5078 angelis
1735 5009 2072 5065 inviderunt:

495 5086 591 5143 sed
634 5090 810 5160 p0tius
853 5091 1099 5149 viderunt
1146 5094 1380 5151 divinam
1432 5101 1643 5153 vacuari
1684 5100 1768 5155 vel
1816 5100 2073 5156 infirmari

494 5192 599 5232 non
648 5194 805 5249 posse
846 5185 1161 5239 sententiam
1186 5226 1201 5251 ,
1246 5202 1406 5257 quam
1452 5202 1512 5244 se
1542 5189 1792 5245 Dominus
1828 5207 2076 5261 praenun-

494 5272 642 5326 tiavit
666 5272 717 5326 in
743 5272 943 5344 judicio
969 5276 1294 5345 prolaturum
1322 5287 1480 5349 atque
1505 5280 1791 5349 dicturum,
1819 5281 2073 5338 Discedite

492 5379 526 5415 a
546 5380 643 5429 me,
674 5366 946 5435 maledicti,
967 5368 1022 5421 in
1042 5369 1207 5439 ignem
1234 5380 1495 5439 retentum,
1514 5373 1601 5443 qui
1630 5383 1834 5443 paratus
1860 5384 1931 5430 est
1953 5377 2071 5430 dia-

493 5453 605 5507 bolo
631 5463 678 5507 et
701 5458 891 5527 angelis
911 5461 1020 5530 ejus
1037 5460 1248 5531 (Matth.
1278 5478 1401 5530 xxv,
1424 5464 1537 5536 ﬂ).
1565 5464 1652 5520 Sic
1671 5466 1866 5537 quippe
1886 5480 2071 5523 osten-

492 5542 570 5595 dit
593 5553 791 5601 atterno
825 5549 945 5618 igne
980 5549 1245 5605 diabolum
1270 5560 1323 5608 et
1347 5554 1562 5623 angelos
1598 5555 1713 5624 ejus
1741 5571 1974 5612 arsuros.
2003 5559 2071 5614 Et

490 5632 631 5702 quod
656 5637 910 5706 scriptum
949 5649 1033 5696 est
1061 5641 1112 5695 in
1150 5642 1487 5716 Apocalypsi,
1514 5646 1760 5702 Diabolus
1799 5649 1882 5718 qui
1910 5650 2067 5705 sedu-

490 5723 626 5775 cebat
650 5738 754 5788 eos,
776 5725 956 5781 missus
975 5738 1047 5783 est
1071 5730 1123 5784 in
1160 5742 1393 5803 stagnum
1421 5734 1550 5806 ignis
1589 5747 1635 5793 et
1661 5739 1937 5809 sulptturts,
1966 5756 2064 5810 quo

551 5856 623 5916 (a)
655 5854 782 5907 Conf.
806 5856 1036 5909 Enchirld.
1071 5868 1154 5912 nn.
1185 5863 1255 5925 19,
1282 5863 1359 5915 ΞΟ.

1591 420 1679 477 DE
1700 419 2018 477 CIVITATE
2055 419 2189 486 DEI,
2227 420 2287 477 S.
2323 423 2684 483 AUGUSTINI

3709 432 3799 489 736

2216 542 2261 588 et
2291 534 2442 590 bestia
2468 547 2514 593 et
2534 540 2988 611 pseudopropheta;
3015 550 3060 598 et
3081 543 3443 599 cruciabuntur
3470 546 3557 599 die
3578 561 3642 600 ac
3664 560 3795 601 nocte

2210 622 2266 676 in
2287 627 2473 679 srccula
2490 636 2785 684 meatorum
2807 630 2983 701 (Apoc.
3008 649 3095 698 xx,
3118 635 3174 701 9,
3198 632 3308 708 10).
3331 636 3486 705 Quod
3508 637 3585 692 ibi
3605 637 3790 694 dictum

2211 723 2291 770 est
2314 756 2329 781 ,
2359 724 2641 784 wternum;
2668 718 2753 775 hic
2791 720 2985 777 dictum
3013 732 3134 789 est,
3161 726 3216 779 in
3240 726 3429 780 sarcula
3457 728 3789 799 mulorum:

2210 807 2402 876 quibus
2427 810 2605 869 verbis
2633 810 2761 865 nihil
2787 812 3055 883 Scriptura
3095 814 3275 871 divina
3319 816 3625 888 significare
3662 834 3787 874 cono

2208 902 2398 965 suevit,
2429 901 2531 956 nisi
2573 902 2713 972 quod
2754 902 2912 959 linem
2937 920 3042 960 non
3090 907 3252 962 habet
3291 910 3567 979 temporis.
3593 909 3787 977 Quam-

2207 990 2391 1046 obrem
2417 1006 2632 1061 prorsus
2659 1008 2761 1048 nec
2785 994 2887 1049 alia
2906 1007 3081 1062 causa,
3100 1012 3200 1053 nec
3214 998 3409 1069 justior
3435 1008 3595 1071 atque
3614 1002 3788 1056 mani-

2209 1079 2389 1136 festior
2414 1082 2639 1137 inveniri
2668 1092 2869 1152 potest,
2897 1099 2991 1141 cur
3019 1087 3295 1144 verissima
3324 1089 3522 1159 pietate
3545 1100 3784 1147 teneatur

2205 1170 2367 1225 fixum
2396 1180 2451 1228 et
2491 1172 2799 1242 immobile,
2843 1175 3045 1231 nullum
3085 1192 3385 1249 regressum
3415 1180 3481 1236 ad
3524 1181 3783 1250 justitiam

2204 1262 2470 1334 vitamque
2510 1274 2814 1322 sanctorum
2840 1266 3105 1324 diabolum
3134 1279 3189 1325 et
3227 1271 3444 1342 angelos
3470 1273 3589 1344 ejus
3633 1273 3783 1330 habi-

2204 1361 2370 1422 turos,
2393 1353 2492 1411 nisi
2512 1355 2633 1427 quia
2654 1356 2940 1428 Scriptura,
2961 1374 3079 1429 qua:
3098 1362 3363 1418 neminem
3382 1362 3537 1432 fallit,
3555 1364 3689 1419 dicit
3707 1367 3783 1420 eis

2202 1443 2366 1499 Deum
2394 1459 2500 1502 non
2546 1448 2847 1518 pepercisse
2890 1448 2973 1521 (ll
3000 1448 3143 1506 Petr.
3181 1468 3242 1521 ιι,
3270 1456 3305 1508 4
3324 1451 3363 1526 ),
3395 1462 3448 1509 et
3496 1455 3574 1509 sic
3599 1454 3671 1510 ab
3690 1455 3781 1510 illo

2201 1547 2322 1589 esse
2346 1534 2558 1591 interim
2582 1537 2989 1607 praedamnatos,
3011 1547 3070 1596 ut
3092 1542 3395 1599 carceribus
3418 1543 3667 1613 caliginis
3695 1545 3781 1599 in-

2199 1622 2298 1678 feri
2324 1625 2341 1656 ι
2369 1627 2561 1681 retrusi
2608 1627 2941 1686 traderentur
2964 1630 3250 1699 servandi,
3275 1642 3433 1704 atque
3458 1636 3649 1690 ultimo
3688 1636 3773 1705 ju-

2200 1714 2338 1772 dicio
2357 1718 2626 1787 puniendi,
2654 1721 2864 1791 quando
2884 1737 2977 1779 eos
2995 1732 3228 1781 aeternus
3254 1725 3391 1797 ignis
3413 1728 3661 1798 accipiet.
3687 1729 3777 1785 ubi

2199 1809 2570 1866 cruciabuntur
2594 1811 2651 1868 in
2679 1814 2871 1871 saecula
2909 1816 3245 1873 saeculorum.
3290 1817 3443 1885 Quod
3487 1821 3535 1875 si
3572 1821 3647 1875 ita
3675 1830 3775 1887 est,

2198 1901 2464 1968 quomodo
2484 1903 2552 1959 ab
2575 1901 2732 1974 hujus
2756 1905 3050 1961 aeternitate
3076 1922 3270 1978 plenae,
3300 1899 3384 1964 v‘el
3408 1910 3670 1977 universi,
3694 1912 3776 1967 vel

2196 1991 2407 2060 quidam
2433 1992 2676 2052 homines
2702 2005 2825 2066 post
2847 1999 3231 2068 quantumlibet
3260 2001 3514 2071 temporis
3549 2002 3769 2057 subtra-

2196 2080 2408 2149 hentur,
2432 2099 2493 2140 ac
2518 2102 2625 2143 non
2652 2088 2831 2144 statim
2856 2091 3195 2148 enervabitur
3219 2091 3371 2159 fides,
3405 2108 3508 2163 qua
3538 2093 3777 2148 creditur

2194 2176 2571 2245 sempiternum
2600 2178 2899 2237 daemonum
2926 2181 3161 2239 futurum
3190 2198 3310 2239 esse
3334 2184 3654 2254 supplicium
3669 2185 3694 2237 ἲ
3718 2185 3775 2240 Si

2194 2268 2333 2322 enim
2351 2268 2540 2339 quibus
2566 2271 2788 2341 dicetur,
2806 2273 3057 2330 Discedite
3077 2292 3108 2329 a
3130 2292 3228 2344 me,
3242 2276 3513 2345 maledicti,
3534 2278 3589 2329 in
3614 2277 3777 2347 ignaui

2194 2368 2453 2425 aeternum,
2479 2362 2564 2430 qui
2588 2372 2793 2432 paratus
2818 2374 2889 2419 est
2908 2365 3107 2421 diabolo
3132 2376 3178 2421 et
3204 2368 3394 2438 angelis
3419 2369 3532 2438 ejus
3556 2367 3776 2436 (Matth.

2194 2466 2323 2519 xxv,
2350 2452 2465 2523 «11),
2511 2455 2592 2509 vel
2632 2457 2863 2513 universi
2887 2460 2971 2513 vel
3000 2460 3160 2529 aliqui
3194 2473 3378 2515 eorum
3409 2476 3516 2516 non
3546 2476 3760 2533 semper

2194 2542 2266 2596 ibi
2292 2553 2483 2611 erunt;
2515 2546 2640 2615 quid
2667 2562 2838 2604 causae
2867 2557 2949 2604 est
2974 2564 3069 2604 cur
3093 2549 3338 2607 diabolus
3363 2560 3417 2606 et
3442 2553 3623 2622 angeli
3662 2553 3772 2623 ejus

2193 2649 2404 2705 semper
2431 2637 2502 2692 ibi
2530 2636 2690 2693 futuri
2735 2655 2853 2696 esse
2892 2641 3212 2697 credantur?
3238 2657 3307 2697 an
3336 2640 3475 2698 forte
3526 2643 3623 2697 Dei
3650 2659 3773 2699 seu-

2195 2726 2377 2790 tentia,
2401 2742 2518 2797 quae
2542 2728 2594 2783 in
2617 2729 2784 2784 malos
2803 2739 2857 2785 et
2874 2733 3094 2801 angelos
3112 2740 3165 2787 et
3184 2732 3426 2787 homines
3446 2732 3770 2802 proferetur,

2194 2816 2248 2870 in
2275 2817 2492 2887 angelos
2533 2834 2657 2875 vera
2687 2821 2805 2887 erit,
2836 2821 2890 2875 in
2920 2821 3160 2877 homines
3186 2822 3359 2877 falsa?
3382 2822 3457 2877 Ita
3487 2822 3649 2892 plane
3676 2824 3771 2877 hoc

2193 2906 2336 2972 erit,
2364 2907 2408 2961 si
2436 2922 2541 2962 non
2581 2909 2721 2979 quod
2761 2910 2898 2964 Deus
2939 2910 3090 2979 dixit,
3122 2910 3216 2966 sed
3255 2911 3395 2981 quod
3434 2914 3773 2982 suSpicantur

2193 2995 2435 3052 homines
2462 2998 2579 3068 plus
2604 2999 2819 3055 valebit.
2842 3001 2992 3067 Quod
3020 3002 3135 3056 ﬁeri
3164 3002 3284 3072 quia
3311 3017 3416 3056 non
3441 3013 3644 3072 potest,
3672 3018 3771 3057 non

2191 3090 2551 3157 argumentari
2583 3090 2837 3147 adversus
2863 3092 3052 3158 Deum,
3083 3094 3176 3149 sed
3201 3093 3382 3149 divino
3407 3096 3588 3166 potius
3608 3137 3623 3159 ,
3650 3096 3767 3150 dum

2192 3188 2401 3251 tempus
2438 3190 2540 3249 est,
2568 3182 2765 3238 debent
2787 3198 2976 3253 parere
3003 3194 3289 3255 praecepto.
3318 3187 3407 3256 qui
3438 3188 3767 3257 sempiterno

2196 3272 2416 3342 cupiunt
2459 3287 2642 3329 carere
2684 3275 2963 3345 supplicio.
2999 3276 3199 3332 Deinde
3222 3279 3378 3347 quale
3404 3287 3489 3333 est
3514 3289 3767 3334 aeternum

2190 3363 2505 3433 supplicium
2545 3379 2643 3435 pro
2673 3365 2795 3435 igne
2840 3366 3073 3421 diuturni
3096 3370 3353 3438 temporis
3391 3370 3701 3425 existimare
3723 3373 3765 3435 ’,

2190 3464 2245 3509 et
2291 3454 2456 3509 vitam
2498 3463 2753 3512 aeternam
2783 3457 3005 3514 credere
3041 3459 3156 3514 sine
3196 3458 3303 3515 line
3325 3501 3340 3527 ,
3371 3475 3494 3515 cum
3530 3461 3768 3516 Christus

2189 3542 2376 3598 eodem
2422 3544 2537 3614 ipso
2576 3545 2692 3601 loco
2712 3586 2728 3613 ,
2755 3546 2810 3601 in
2830 3562 2930 3601 una
2954 3547 3245 3619 eademque
3280 3550 3545 3604 sententia
3580 3550 3771 3605 dixerit

2188 3642 2472 3703 utrumque
2517 3635 2862 3705 complexus,
2913 3635 3002 3692 Sic
3028 3637 3170 3691 ibunt
3216 3638 3299 3693 isti
3342 3640 3396 3693 in
3445 3642 3753 3707 supplicium

2187 3735 2469 3793 cateruam;
2496 3729 2630 3800 justi
2665 3737 2830 3783 autem
2850 3769 2866 3797 ,
2896 3729 2951 3783 in
2978 3730 3130 3785 vitam
3148 3740 3387 3785 wternam
3411 3731 3590 3802 (Ibid.
3624 3733 3767 3803 ιδῃ

2185 3816 2243 3873 Si
2291 3826 2573 3888 utrumque
2610 3828 2888 3887 zeternum,
2930 3819 3170 3891 profecto
3195 3829 3287 3875 aut
3323 3829 3614 3891 utrumque
3640 3837 3759 3876 cum

2185 3908 2291 3964 line
2331 3909 2678 3978 diuturnum,
2730 3920 2822 3966 aut
2862 3921 3142 3981 utrumque
3180 3911 3298 3966 sine
3354 3912 3457 3967 line
3504 3922 3760 3982 perpetu-

2185 4017 2273 4057 um
2291 4000 2449 4057 debet
2468 4002 2707 4074 intelligi.
2730 4002 2832 4058 Par
2849 4003 2958 4073 pari
2986 4004 3127 4058 enim
3147 4003 3311 4059 relata
3333 4013 3479 4071 sunt,
3502 4005 3632 4060 hinc
3650 4019 3769 4074 sup-

2184 4094 2397 4164 plicium
2426 4103 2704 4161 aeternum,
2736 4095 2863 4150 inde
2894 4095 3001 4149 vita
3031 4104 3250 4151 aeterna.
3280 4095 3470 4151 Dicere
3504 4106 3682 4153 autem
3715 4098 3769 4151 in

2184 4185 2287 4240 hoc
2312 4200 2420 4241 uno
2442 4187 2737 4257 eodemque
2766 4202 2924 4242 sensu
2948 4227 2964 4253 ,
2990 4187 3109 4241 Vita
3141 4195 3343 4243 aeterna
3368 4189 3485 4243 sine
3511 4189 3619 4244 line
3644 4190 3763 4253 erit,

2183 4278 2503 4348 supplicium
2534 4286 2792 4333 aeternum
2832 4279 2991 4333 finem
3036 4278 3287 4346 habebit,
3329 4280 3552 4334 multum
3584 4280 3771 4335 absur-

2183 4368 2309 4423 dum
2334 4377 2436 4425 est.
2465 4366 2640 4436 Unde,
2680 4369 2800 4439 quia
2820 4370 2926 4423 vita
2955 4379 3152 4423 aeterna
3182 4380 3491 4425 sanctorum
3520 4370 3642 4425 sine
3666 4372 3767 4425 ﬁne

2182 4459 2302 4525 erit,
2334 4459 2651 4528 supplicium
2678 4474 2889 4529 quoque
2915 4468 3171 4515 aeternum
3199 4460 3400 4530 quibus
3423 4462 3523 4516 erit
3549 4502 3565 4526 ,
3597 4460 3763 4516 tinem

2182 4548 2369 4618 procul
2402 4548 2565 4604 dubio
2591 4563 2697 4604 non
2727 4548 2961 4605 habebit.

2180 4659 2407 4716 CAPUT
2443 4657 2925 4715 XXIV.—Contra
2966 4676 3136 4714 eorum
3177 4676 3422 4727 sensum,
3458 4660 3543 4733 qui
3589 4662 3642 4716 in
3674 4664 3766 4732 ju-

2252 4751 2384 4804 dicio
2413 4749 2508 4804 Dei
2532 4752 2760 4806 omnibus
2806 4752 2904 4806 reis
2930 4760 3133 4823 propter
3157 4761 3449 4807 sanctorum
3476 4769 3648 4823 preces
3670 4770 3765 4823 pu-

2252 4854 2360 4898 tant
2388 4859 2493 4898 esse
2516 4844 2842 4914 parcendum.

2252 4956 2305 5012 1.
2344 4955 2458 5011 Hoc
2483 4966 2659 5011 autem
2681 4965 2734 5010 et
2753 4954 3005 5010 adversus
3030 4970 3121 5010 eos
3141 4954 3306 5019 valet,
3330 4956 3419 5025 qui
3444 4969 3571 5010 suas
3596 4971 3763 5026 agen-

2179 5055 2259 5103 tes
2287 5060 2476 5102 causas
2500 5053 2683 5103 contra
2706 5045 2799 5101 Dei
2820 5047 3002 5101 venire
3028 5046 3207 5113 verba,
3232 5047 3376 5101 velut
3400 5047 3765 5102 misericordia

2180 5140 2383 5210 majore
2409 5148 2708 5207 conantur;
2738 5148 2797 5195 ut
2820 5140 2940 5196 ideo
2958 5140 3205 5196 videlicet
3228 5157 3357 5196 vera
3386 5142 3515 5209 sint,
3547 5142 3669 5212 quia
3699 5156 3762 5195 ea

2178 5247 2296 5301 qua:
2318 5230 2452 5287 dixit
2476 5231 2717 5287 homines
2743 5245 2861 5287 esse
2884 5246 3155 5301 passuros,
3183 5233 3287 5300 pati
3309 5232 3454 5301 digni
3478 5242 3628 5299 sunt,
3657 5247 3761 5286 nou

2178 5324 2303 5393 quia
2337 5323 2544 5394 passuri
2572 5331 2716 5378 sunt.
2745 5323 2971 5379 Donabit
2999 5325 3141 5379 enim
3171 5339 3268 5379 eos
3289 5366 3305 5389 ,
3338 5326 3617 5395 inquiunt,
3646 5341 3763 5396 pre-

2176 5415 2329 5470 cibus
2382 5424 2691 5471 sanctorum
2736 5430 2991 5483 suorum,
3029 5418 3189 5471 etiam
3232 5426 3363 5473 tunc
3400 5426 3556 5473 tanto
3597 5420 3762 5487 magis

2177 5506 2439 5559 orantium
2464 5519 2560 5575 pro
2585 5505 2813 5559 inimicis
2840 5506 2972 5569 suis,
3020 5516 3216 5575 quanto
3245 5516 3376 5561 sunt
3411 5508 3603 5577 utique
3644 5522 3762 5561 san-

2174 5598 2389 5666 ctiores,
2420 5612 2713 5668 eorumque
2727 5597 2995 5655 efficacior
3012 5607 3095 5655 est
3118 5598 3313 5667 oratio,
3340 5608 3395 5655 et
3418 5601 3761 5657 exauditione

2239 5755 2255 5819 ξ
2281 5759 2355 5819 sic
2374 5756 2479 5799 MSS.
2505 5750 2620 5800 [aliti
2638 5762 2772 5811 vero,
2792 5750 2987 5819 inferni.
3096 5814 3105 5819 _
3419 5813 3436 5819 _
3528 5811 3544 5819 _

2235 5813 2257 5842 ι
2280 5818 2352 5858 tr.
2381 5818 2433 5860 et
2465 5819 2595 5893 ιςοχη
2627 5826 2719 5865 ηοη
2742 5810 3033 5866 cxistmtare.
3061 5814 3220 5877 Abest,
3249 5813 3454 5893 non...»
3483 5811 3629 5863 edttts
3655 5810 3764 5864 alits

2179 5882 2232 5924 et
2254 5874 2605 5936 manuscriptis.
