3996 6520
225 403 329 464 757

226 521 318 576 Dei
338 517 563 589 dignior,
587 517 695 589 jam
718 516 919 573 nullum
936 511 1241 575 habentium
1258 508 1475 568 omnino
1500 513 1790 579 peccatum.

222 612 332 667 Cur
358 626 486 682 ergo
513 610 696 667 eadem
724 609 1107 680 perfectissima
1150 604 1465 670 sanctitate,
1509 607 1564 656 et
1603 605 1793 655 cuncta

224 702 509 772 impetrare
562 701 862 758 valentibus
909 698 1268 756 mundissimis
1310 703 1365 752 et
1409 690 1793 749 misericordis-

225 795 373 850 simis
400 793 667 864 precibus,
692 793 851 848 etiam
876 806 974 862 pro
997 789 1195 861 angelis
1215 802 1319 843 non
1340 785 1582 849 orabunt,
1605 781 1793 853 quibus

226 893 443 954 paratus
487 892 569 940 est
595 884 730 954 ignis
759 892 1009 949 aeternus,
1054 889 1113 935 ut
1138 879 1276 935 Deus
1300 875 1613 933 sententiam
1642 886 1792 928 suam

227 975 469 1045 mitiget,
523 982 578 1029 et
608 974 849 1031 reflectat
871 973 925 1028 in
965 972 1155 1028 melius
1185 1011 1201 1037 ,
1233 982 1429 1039 eosque
1455 967 1521 1021 ab
1541 965 1633 1020 illo
1674 963 1794 1033 igne

227 1066 387 1121 faciat
412 1066 648 1122 alienos?
677 1066 760 1121 An
783 1066 885 1121 erit
906 1063 1124 1119 forsitan
1162 1062 1457 1132 quisquam,
1487 1057 1575 1128 qui
1611 1064 1665 1112 et
1692 1055 1794 1110 hoc

227 1156 459 1212 futurum
481 1170 599 1212 esse
623 1163 939 1225 praesumat,
970 1153 1239 1209 afﬁrmans
1266 1152 1422 1205 etiam
1450 1157 1660 1204 sanctos
1683 1146 1793 1199 An-

225 1246 374 1315 gelos
400 1246 555 1300 simul
581 1260 700 1300 cum
731 1245 927 1300 sanctis
952 1242 1268 1306 hominibus,
1298 1240 1389 1311 qui
1416 1248 1538 1293 tunc
1564 1235 1793 1305 aequales

226 1336 615 1407 cruntAngelis
637 1336 748 1401 Dei,
780 1350 877 1405 pro
909 1331 1223 1389 damnandis
1250 1340 1302 1387 et
1322 1329 1519 1399 angelis
1541 1336 1595 1383 et
1624 1325 1794 1381 homi-

224 1431 381 1487 nibus
425 1439 690 1497 oraturos,
719 1438 779 1484 ut
803 1426 1165 1484 misericordia
1195 1440 1300 1479 non
1340 1423 1627 1493 patiantur,
1654 1416 1794 1488 quod

225 1521 449 1576 veritate
476 1529 747 1575 merentur
771 1519 919 1590 pati?
948 1516 1099 1583 Quod
1126 1530 1283 1571 nemo
1322 1528 1465 1569 same
1492 1512 1615 1566 ﬁdei
1640 1509 1792 1575 dixit,

224 1627 383 1666 nemo
411 1610 648 1666 dicturus
674 1618 773 1666 est.
801 1609 1011 1678 Alioqui
1038 1607 1179 1662 nulla
1223 1619 1381 1660 causa
1411 1610 1524 1670 est,
1562 1615 1658 1656 cur
1690 1614 1797 1654 non

223 1704 383 1759 etiam
410 1719 551 1758 nunc
579 1718 676 1772 pro
700 1701 912 1757 diabolo
941 1711 995 1756 et
1021 1699 1223 1770 angelis
1250 1698 1364 1768 ejus
1389 1706 1506 1752 oret
1531 1694 1792 1758 Ecclesia,

231 1808 389 1863 quam
434 1793 680 1863 Magister
710 1792 849 1848 Deus
878 1806 972 1861 pro
1015 1790 1240 1845 inimicis
1279 1788 1389 1842 suis
1426 1786 1582 1855 jussit
1621 1799 1792 1839 orare.

232 1882 357 1937 llaec
398 1883 559 1952 igitur
584 1896 765 1949 causa,
809 1897 911 1952 qua
941 1881 998 1934 ﬁt
1040 1889 1097 1934 ut
1127 1894 1265 1934 nunc
1295 1878 1529 1933 Ecclesia
1554 1891 1659 1931 non
1683 1882 1799 1930 oret

223 1988 322 2041 pro
341 1973 495 2027 malis
533 1973 753 2043 angelis,
784 1987 918 2043 quos
943 1986 1069 2025 suos
1091 1985 1210 2027 esse
1233 1969 1379 2028 novit
1420 1969 1680 2031 inimicos,
1710 1982 1798 2023 ea-

221 2063 343 2118 dem
374 2065 485 2133 ipsa
525 2078 685 2118 causa
728 2071 829 2128 est,
876 2078 976 2132 qua
1006 2062 1098 2117 ﬁet
1124 2071 1181 2117 ut
1230 2063 1285 2117 in
1312 2062 1403 2116 illo
1432 2070 1559 2116 tunc
1600 2059 1799 2130 judicio

223 2154 380 2208 etiam
406 2168 501 2223 pro
528 2153 825 2208 hominibus
844 2162 1045 2209 mterno
1074 2153 1195 2223 igne
1218 2151 1534 2215 cruciandis,
1562 2149 1798 2220 quamvis

222 2245 453 2314 perfecta
473 2246 541 2301 sit
567 2246 864 2312 sanctitate,
886 2260 991 2300 non
1024 2253 1161 2300 oret.
1194 2245 1341 2300 Nunc
1360 2245 1501 2301 enim
1521 2253 1799 2314 propterea

221 2349 322 2403 pro
348 2336 427 2391 eis
460 2344 595 2399 orat,
628 2351 766 2406 quos
789 2335 837 2389 in
868 2349 1063 2404 genere
1092 2334 1324 2390 humano
1353 2333 1511 2390 habet
1535 2334 1796 2399 inimicos,

222 2426 342 2495 quia
390 2435 598 2497 tempus
641 2435 723 2482 est
770 2427 1098 2496 pmnitentia:
1146 2427 1448 2482 fructuosae.
1498 2425 1630 2481 Nam
1672 2425 1799 2494 quid

230 2516 458 2572 maxime
485 2532 581 2587 pro
605 2517 683 2573 eis
708 2527 843 2581 orat,
874 2517 978 2573 nisi
1001 2526 1056 2571 ut
1081 2518 1163 2572 det
1191 2517 1294 2572 illis
1320 2517 1478 2583 Deus,
1503 2517 1641 2571 sicut
1666 2515 1797 2570 dicit

218 2607 526 2677 Apostolus,
570 2610 943 2679 paenitentiam,
992 2618 1038 2664 et
1078 2610 1369 2679 resipiscam
1409 2611 1471 2663 de
1507 2610 1691 2664 diaboli
1719 2610 1799 2663 fa-

217 2699 376 2765 queis,
405 2715 436 2752 a
459 2715 554 2768 quo
574 2699 755 2767 captivi
776 2708 1001 2753 tenentur
1023 2700 1298 2754 secundum
1318 2700 1478 2767 ipsius
1496 2700 1800 2754 voluntatem

219 2785 304 2856 (ll
325 2786 460 2844 Tim.
488 2804 543 2852 ιι,
585 2788 675 2854 25,
702 2788 770 2843 26
790 2789 849 2858 )?
873 2789 1105 2859 Denique
1126 2791 1170 2844 si
1191 2789 1258 2845 de
1278 2790 1538 2860 aliquibus
1560 2790 1631 2844 ita
1654 2798 1799 2845 certa

217 2884 394 2942 esset,
426 2885 482 2931 ut
525 2878 612 2947 qui
640 2878 745 2931 sint
773 2878 884 2943 illi,
917 2879 1078 2933 etiam
1108 2888 1331 2946 nosset,
1362 2880 1448 2949 qui
1475 2880 1601 2935 licet
1627 2880 1799 2937 adhuc

223 2965 277 3018 in
323 2964 424 3019 hac
461 2964 565 3020 vita
588 2967 694 3020 sint
734 2968 1040 3034 constituti,
1073 2977 1249 3024 tamen
1278 2970 1634 3039 prmdestinati
1678 2980 1802 3025 sunt

224 3055 280 3109 in
320 3064 574 3111 aeternum
602 3058 775 3127 ignem
798 3059 875 3114 ire
899 3074 1017 3113 cum
1045 3059 1292 3127 diabolo;
1327 3069 1431 3114 tam
1460 3075 1557 3130 pro
1584 3061 1663 3116 eis
1691 3076 1797 3116 non

220 3155 441 3214 oraret,
483 3164 638 3216 quam
666 3163 765 3203 nec
804 3164 900 3218 pro
931 3151 1065 3219 ipso.
1086 3149 1197 3206 Sed
1225 3152 1344 3221 quia
1370 3151 1436 3206 de
1475 3152 1618 3207 nullo
1655 3161 1800 3208 certa

217 3245 320 3303 est,
343 3246 456 3292 orat
481 3254 576 3308 pro
592 3238 834 3295 omnibus
850 3239 1101 3295 duntaxat
1121 3241 1421 3297 hominibus
1442 3242 1667 3298 inimicis
1690 3241 1800 3298 suis

219 3328 275 3382 in
302 3328 403 3383 hoc
436 3344 658 3399 corpore
697 3331 994 3387 constitutis
1028 3349 1042 3384 :
1082 3347 1181 3387 nec
1204 3340 1380 3388 tamen
1411 3347 1508 3403 pro
1555 3334 1802 3389 omnibus

218 3418 519 3473 exauditur.
549 3419 654 3474 Pro
682 3420 765 3474 his
785 3422 924 3475 enim
948 3422 1078 3476 solis
1104 3424 1417 3491 exauditur,
1446 3424 1556 3494 qui,
1583 3426 1684 3480 etsi
1706 3425 1799 3480 ad-

217 3517 497 3563 versantur
523 3509 793 3575 Ecclesitc,
834 3510 905 3564 ita
948 3521 1070 3565 sunt
1098 3519 1273 3566 tamen
1299 3513 1695 3583 praedestinati,
1742 3522 1801 3571 ut

226 3612 325 3665 pro
353 3599 431 3653 eis
456 3599 766 3654 exaudiatur
795 3599 1057 3665 Ecclesia,
1087 3612 1141 3655 et
1169 3601 1259 3656 ﬁlii
1288 3601 1587 3657 efficiantur
1608 3602 1798 3658 Eccle-

218 3687 335 3740 siae.
364 3689 421 3744 Si
444 3689 533 3759 qui
561 3699 737 3745 autem
762 3706 927 3760 usque
954 3690 1022 3745 ad
1048 3700 1273 3746 mortem
1301 3691 1567 3747 habebunt
1592 3693 1798 3749 corim-

219 3779 523 3848 paenitens,
553 3797 653 3838 nec
695 3797 763 3838 ex
806 3783 1034 3839 inimicis
1080 3792 1456 3838 convertentur
1511 3784 1566 3839 in
1617 3785 1792 3853 filios,

221 3869 476 3937 numquid
498 3870 608 3939 jam
639 3886 734 3941 pro
762 3873 859 3935 eis.
890 3874 941 3927 id
972 3882 1072 3937 est,
1100 3889 1198 3944 pro
1220 3874 1403 3929 talium
1427 3874 1796 3931 defunctorum

221 3961 522 4031 Spiritibus,
555 3971 675 4017 orat
700 3964 977 4019 Ecclesia?
1017 3965 1154 4032 Quid
1193 3965 1295 4030 ita,
1323 3965 1422 4020 nisi
1448 3966 1570 4036 quia
1604 3966 1712 4036 jam
1741 3967 1797 4021 in

220 4060 373 4122 parte
400 4052 595 4109 diaboli
621 4063 954 4124 computatur
991 4056 1103 4125 qui,
1146 4056 1273 4112 dum
1291 4064 1431 4113 esset
1474 4057 1529 4113 in
1552 4071 1791 4128 corpore,

220 4160 328 4199 non
358 4153 440 4201 est
467 4147 752 4203 translatus
776 4147 827 4202 in
856 4147 1167 4202 Christum?

291 4235 349 4292 2.
379 4236 577 4291 Eadem
620 4239 797 4308 itaque
839 4253 997 4294 causa
1028 4248 1110 4295 est
1130 4282 1145 4307 ,
1177 4255 1273 4295 cur
1311 4255 1417 4295 non
1460 4248 1642 4295 oretur
1670 4249 1797 4298 tunc

220 4341 320 4395 pro
346 4327 645 4385 hominibus
664 4339 866 4385 aeterno
894 4332 1016 4401 igne
1046 4331 1343 4400 puniendis,
1367 4346 1483 4402 quae
1508 4347 1667 4387 causa
1691 4341 1795 4401 est,

221 4426 283 4472 ut
307 4432 480 4487 neque
503 4434 663 4485 nunc,
694 4436 869 4491 neque
896 4431 1019 4475 tunc
1046 4432 1228 4477 oretur
1251 4436 1348 4491 pro
1374 4422 1575 4491 angelis
1606 4422 1795 4479 malis:

219 4525 345 4579 qua:
369 4511 550 4566 itidem
576 4527 733 4567 causa
761 4522 844 4569 est
865 4554 881 4576 .
909 4522 967 4568 ut
1004 4515 1243 4585 quamvis
1284 4529 1382 4583 pro
1429 4514 1730 4569 hominibus
1754 4516 1797 4581 ³,

220 4610 403 4655 tamen
428 4604 537 4670 jam
564 4615 663 4658 nec
684 4618 825 4658 nunc
852 4614 1036 4658 oretur
1064 4620 1160 4673 pro
1184 4603 1485 4659 infidelibus
1512 4604 1797 4673 impiisque

218 4692 487 4748 defunctis
506 4695 549 4748 ².
577 4693 707 4749 Nam
736 4710 833 4765 pro
854 4695 1115 4751 defunctis
1143 4695 1453 4765 quibusdam
1476 4735 1490 4760 ,
1524 4696 1605 4751 vel
1636 4695 1799 4766 ipsius

276 4824 308 4894 ᾖ
332 4823 451 4873 Editi
471 4832 609 4898 post,
629 4838 739 4898 .pro
780 4824 1062 4898 hominibus,
1102 4826 1298 4898 addunt,
1501 4823 1616 4898 vivis
1637 4832 1800 4898 oretur

218 4886 366 4950 etiam
384 4886 524 4950 malis
550 4900 568 4936 :
592 4886 851 4950 glossema,
886 4887 1011 4950 quod
1034 4898 1063 4934 a
1084 4888 1336 4950 veteribus
1358 4886 1493 4935 libris
1515 4887 1672 4950 abest.

288 4947 309 4977 ²
343 4952 437 4996 Hoc
456 4948 562 4998 loco
584 4947 768 4998 inserta
790 4947 977 4997 suntin
999 4947 1174 4996 Erasmi
1199 4948 1412 4997 editione
1430 4948 1664 5009 quaedam,
1685 4959 1800 5055 gnte

276 5006 422 5055 inime
444 5012 755 5055 reneriuntur
794 5011 843 5055 in
864 5007 970 5055 aliis
990 5007 1127 5055 libris
1163 5021 1327 5055 neque
1364 5021 1473 5055 cum
1510 5014 1683 5055 antece
1719 5022 1800 5055 eri-

218 5007 422 5071 minime
444 5012 755 5071 reperiuntur
794 5011 843 5058 in
864 5007 970 5057 aliis
990 5007 1127 5071 libris
1163 5021 1339 5071 neque
1364 5007 1473 5057 cum
1510 5007 1804 5071 anteceden-

222 5066 355 5115 tibus
378 5076 433 5133 et
466 5066 879 5133 subsequentibus
906 5070 1072 5133 verbis
1095 5066 1519 5133 _satis__'cohgmrent
1559 5082 1571 5117 :
1614 5068 1802 5119 scilicet

223 5132 353 5194 post,
376 5128 649 5194 impiisque"
667 5130 920 5194 defunctis.
945 5132 1014 5194 sic
1034 5130 1183 5179 habet
1205 5128 1463 5194 illaqeditiq
1478 5143 1491 5177 :
1524 5146 1546 5175 ι
1576 5137 1689 5177 Nam
1709 5143 1799 5194 pro

221 5185 465 5256 defunctis
484 5185 783 5256 quibusdam,
823 5192 919 5256 vel
937 5193 1088 5256 ipsius
1122 5190 1368 5256 Ecclesize,
1387 5189 1468 5256 vel
1489 5185 1801 5256 quorumdam

226 5251 413 5314 piorum
430 5252 685 5314 exauditur
707 5256 857 5302 oratio
878 5251 1003 5314 ejus,
1025 5253 1138 5302 licet
1152 5254 1235 5314 qui
1258 5253 1307 5314 in
1325 5251 1519 5300 Christo
1528 5253 1685 5314 renati
1707 5265 1801 5314 non

224 5308 350 5375 adeo
372 5310 436 5360 ita
454 5312 579 5375 male
602 5314 812 5375 vixerint
835 5315 882 5362 in
905 5308 1138 5375 corpore,
1161 5308 1217 5362 ut
1240 5312 1322 5361 tali
1358 5312 1683 5375 misericordia
1712 5312 1799 5375 ha,-

224 5371 434 5434 beantur
467 5373 666 5434 indigni,
702 5387 796 5422 nec
831 5375 977 5424 iidem
1003 5371 1081 5423 'sic
1117 5371 1268 5433 bene,
1294 5380 1348 5421 ut
1370 5374 1674 5422 inveniantur
1718 5373 1800 5421 tali

225 5432 555 5495 misericordia
574 5432 671 5482 non
710 5447 883 5495 egere.
920 5434 1061 5484 Tales
1082 5438 1226 5485 etiam
1263 5440 1449 5483 constat
1486 5439 1600 5482 ante
1638 5434 1801 5495 judicii

226 5491 365 5543 diem
390 5509 478 5558 per
501 5508 669 5558 pcenas
690 5491 1002 5557 temporales,
1017 5509 1139 5558 quas
1155 5509 1322 5544 eorum
1338 5496 1538 5556 spiritus
1555 5491 1801 5558 patiuntur

229 5556 455 5621 purgatos
482 5557 694 5617 receptis
711 5556 1012 5618 corporibus,
1037 5556 1228 5606 'teterni
1267 5558 1395 5619 ignis
1430 5556 1675 5664 supplliciis
1708 5569 1801 5604 non

229 5620 505 5664 tradendos.
524 5618 651 5664 Ouod
670 5619 711 5664 si
730 5619 794 5664 ita
820 5626 914 5664 est.
934 5618 1048 5664 ouid
1072 5618 1327 5664 dicendum
1357 5625 1433 5664 est
1448 5617 1511 5664 de
1563 5617 1620 5664 is.
1644 5618 1727 5664 aui
1754 5618 1801 5664 in

229 5617 711 5690 tt:ad’endos._ouod.si
730 5617 914 5690 ita’est,
934 5618 1048 5690 quid
1072 5617 1327 5690 dicendum
1345 5625 1433 5690 _est
1448 5617 1511 5665 de
1527 5617 1620 5690 his,
1644 5618 1727 5678 qui
1754 5618 1802 5690 in

232 5678 372 5740 simili
392 5683 488 5729 vita
513 5681 820 5729 inveniuntur
846 5680 895 5728 in
919 5678 1002 5728 die
1018 5679 1202 5740 judicii,
1222 5679 1266 5727 id
1287 5684 1380 5736 est,
1394 5690 1517 5740 quos
1530 5678 1801 5739 hujusmodi

232 5738 342 5788 dics
380 5740 463 5790 ille
486 5744 709 5791 viventes
740 5740 999 5799 invenerit,
1020 5738 1151 5789 cum
1188 5740 1393 5802 quodam
1415 5739 1555 5787 modo
1579 5752 1674 5787 uno
1696 5752 1799 5786 mo-

235 5807 397 5851 mento
421 5804 679 5855 moriantur
715 5809 765 5853 et
786 5807 1059 5866 resurgant,
1082 5809 1133 5853 et
1168 5815 1263 5853 non
1284 5803 1348 5853 sit
1382 5802 1604 5864 spatium,
1642 5806 1695 5850 ut
1713 5812 1797 5862 pro

1380 391 1583 453 LIBER
1626 385 1983 447 VlGESlMUS
2008 386 2275 449 PRIMUS.

3350 387 3458 446 758

1897 499 2152 556 Ecclesia:
2171 540 2187 569 ,
2214 500 2303 557 vel
2344 498 2691 572 quorumdam
2718 499 2929 572 piorum
2952 497 3230 556 exauditur
3251 502 3456 560 oratio:

1896 591 1992 647 sed
2036 605 2135 660 pro
2175 591 2260 647 his
2287 607 2511 662 quorum
2537 591 2592 647 in
2632 591 2843 647 Christo
2882 600 3312 662 regeneratorum
3355 606 3458 648 nec

1897 698 2067 754 usque
2093 683 2226 739 adeo
2268 686 2371 739 vita
2404 685 2457 740 in
2500 700 2721 755 corpore
2766 686 2905 741 male
2947 694 3095 756 gesta
3123 695 3236 752 est,
3284 696 3344 741 ut
3368 684 3464 741 tali

1895 774 2251 830 misericordia
2268 776 2563 846 judicentur
2581 777 2721 848 digni
2742 792 2845 833 non
2865 792 3003 845 esse,
3026 792 3123 833 nec
3145 792 3309 848 usque
3327 778 3463 833 adeo

1894 866 2052 934 bene,
2074 876 2132 922 ut
2151 868 2308 924 talem
2330 870 2740 926 misericordiam
2761 871 3091 940 reperiantur
3108 871 3462 927 necessariam

1896 971 2003 1011 non
2033 956 2248 1013 habere.
2280 956 2427 1013 Sicut
2453 959 2610 1013 etiam
2639 959 2772 1015 facta
2797 961 3181 1016 resurrectione
3223 970 3462 1016 mortuo-

1897 1063 2012 1102 rum
2044 1063 2149 1103 non
2178 1048 2402 1104 deerunt
2423 1050 2615 1120 quibus
2642 1059 2761 1120 post
2798 1066 3004 1121 pmnas,
3034 1068 3165 1123 quas
3194 1053 3461 1122 patiuntur

1896 1138 2113 1207 spiritus
2136 1148 2483 1206 mortuorum,
2531 1142 2858 1211 impertiatur
2877 1143 3241 1200 misericordia
3263 1186 3278 1210 ,
3300 1134 3365 1198 bt
3406 1143 3463 1198 in

1891 1227 2071 1306 ignem
2098 1244 2203 1285 non
2229 1232 2502 1287 mittantur
2544 1241 2822 1287 aeternum.
2852 1233 3029 1304 Neque
3068 1235 3207 1290 enim
3238 1235 3306 1290 de
3345 1237 3462 1305 qui-

1896 1318 2118 1376 busdam
2149 1323 2405 1377 veraciter
2432 1321 2718 1390 diceretur,
2745 1324 2885 1393 quod
2923 1340 3029 1380 non
3066 1326 3143 1381 eis
3163 1326 3463 1381 remittatur

1897 1426 2067 1481 neque
2102 1412 2155 1467 in
2201 1413 2301 1469 hoc
2340 1415 2555 1480 saeculo,
2593 1430 2765 1486 neque
2807 1416 2860 1471 in
2903 1417 3079 1473 futuro
3123 1416 3330 1491 (Matth.
3362 1434 3459 1485 xu,

1898 1501 1988 1571 52)
2008 1542 2022 1565 ,
2050 1503 2147 1557 nisi
2186 1513 2365 1559 essent
2387 1505 2599 1574 quibus,
2625 1507 2722 1561 etsi
2758 1522 2862 1561 non
2894 1507 2949 1561 in
2981 1507 3081 1562 isto
3104 1550 3120 1573 ,
3174 1517 3349 1563 tamen
3378 1524 3465 1563 re.

1898 1592 2134 1647 mittetur
2177 1594 2229 1649 in
2276 1593 2472 1651 futuro.
2509 1596 2614 1651 Sed
2656 1612 2778 1652 cum
2819 1597 3015 1653 dictum
3042 1597 3198 1653 fuerit
3223 1613 3251 1651 a
3278 1598 3463 1653 Judice

1898 1683 2135 1738 vivorum
2165 1694 2320 1754 atque
2357 1695 2707 1752 mortuorum,
2750 1686 2958 1753 Venite,
3003 1688 3243 1742 benedicti
3288 1686 3463 1741 Patris

1899 1775 2014 1841 mei,
2056 1777 2300 1845 possidete
2343 1788 2575 1847 paratum
2618 1779 2754 1833 vobis
2791 1795 2998 1849 regnum
3040 1794 3073 1831 a
3115 1778 3463 1832 constitutione

1898 1866 2074 1919 mundi
2100 1881 2119 1919 :
2143 1875 2196 1921 et
2222 1867 2341 1922 aliis
2359 1882 2390 1922 e
2416 1869 2705 1934 contrario,
2728 1867 2982 1923 Discedite
3006 1885 3037 1921 a
3060 1884 3159 1933 me,
3190 1868 3460 1932 maledicti,

1898 1954 1952 2010 in
1980 1957 2144 2027 ignem
2166 1968 2405 2015 internum
2422 1999 2439 2026 ,
2472 1961 2557 2031 qui
2583 1971 2790 2030 paratus
2813 1971 2884 2016 est
2909 1960 3109 2014 diabolo
3132 2001 3147 2026 ,
3187 1969 3235 2014 et
3275 1961 3467 2031 angelis

1901 2049 2043 2119 ejus;
2068 2057 2140 2116 et,
2170 2048 2324 2104 Ibunt
2352 2051 2433 2105 isti
2459 2052 2510 2104 in
2538 2053 2839 2121 supplicium
2866 2062 3124 2112 aeternum,
3147 2053 3276 2121 justi
3299 2062 3468 2106 autem

1899 2138 1955 2191 in
1992 2138 2142 2193 vitam
2181 2149 2419 2194 teter-nam
2456 2140 2585 2208 (Id.
2630 2158 2774 2207 xxv,
2824 2142 2927 2207 54,
2972 2143 3061 2207 41,
3090 2141 3239 2212 46);
3288 2142 3468 2197 nimiae

1900 2232 2325 2302 praesumptionis
2366 2241 2449 2288 est
2474 2233 2651 2289 dicere
2674 2274 2689 2298 ,
2715 2234 2959 2304 cuiquam
2990 2249 3171 2289 eorum
3210 2242 3466 2288 internum

1900 2323 2214 2393 supplicium
2253 2339 2356 2380 non
2394 2324 2660 2391 futurum,
2710 2340 2845 2396 quos
2876 2327 3012 2381 Deus
3050 2326 3215 2380 ituros
3260 2327 3312 2379 in
3342 2340 3468 2393 sup-

1901 2414 2115 2482 plicium
2159 2415 2293 2470 dixit
2321 2424 2608 2481 aeternum,
2650 2425 2709 2472 ut
2737 2433 2832 2486 per
2857 2417 3012 2485 hujus
3042 2416 3468 2486 prmsumptionis

1900 2508 2294 2576 persuasionem
2324 2509 2516 2575 facere,
2545 2520 2603 2565 ut
2625 2510 2693 2566 de
2730 2510 2841 2581 ipsa
2871 2524 3079 2580 quoque
3115 2509 3223 2564 vita
3260 2508 3347 2564 vel
3376 2508 3469 2563 de-

1899 2610 2143 2670 speretur
2165 2602 2247 2658 vel
2271 2602 2539 2659 dubitetur
2562 2612 2781 2658 aeterna.

1972 2692 2024 2746 '5.
2064 2690 2230 2747 Nemo
2254 2693 2430 2763 itaque
2471 2694 2548 2749 sic
2584 2694 2839 2763 intelligat
2863 2692 3128 2747 Psalmum
3167 2698 3466 2754 canentem,

1903 2782 2164 2855 Numquid
2198 2787 2509 2841 obliviscetur
2545 2788 2768 2845 misereri
2798 2786 2932 2841 Deus
2953 2827 2968 2853 ,
2999 2793 3087 2839 aut
3115 2783 3380 2839 continebit
3413 2785 3469 2838 in

1900 2877 1979 2930 ira
2003 2894 2095 2932 sua
2134 2880 2475 2934 miserationes
2515 2897 2632 2934 suas
2667 2880 2686 2948 (
2704 2879 2849 2934 Psal.
2883 2894 3063 2942 LXXVI,
3092 2878 3235 2948 40)?
3274 2886 3332 2931 ut
3356 2877 3471 2946 opi-

1902 2977 2058 3023 netur
2093 2969 2160 3025 de
2192 2969 2491 3026 hominibus
2530 2971 2685 3026 bonis
2722 2987 2899 3026 veram
2919 3013 2935 3038 ,
2961 2970 3027 3025 de
3055 2970 3208 3024 malis
3249 2968 3431 3023 falsam
3452 3009 3468 3031 .

1901 3068 1993 3113 aut
2020 3058 2087 3114 de
2109 3060 2262 3115 bonis
2291 3061 2593 3117 hominibus
2621 3071 2674 3116 et
2716 3063 2870 3117 malis
2912 3060 3116 3130 angelis
3153 3074 3333 3114 veram
3353 3100 3370 3124 ,
3400 3058 3469 3115 de

1902 3149 2058 3205 malis
2098 3160 2273 3207 autem
2312 3151 2613 3208 hominibus
2656 3152 2839 3207 falsam
2869 3152 2960 3206 Dei
2988 3166 3107 3207 esse
3131 3149 3469 3205 sententiam.

1903 3240 2017 3295 Hoc
2046 3243 2187 3297 enim
2216 3243 2358 3312 quod
2386 3245 2460 3298 ait
2505 3243 2746 3298 Psalmus
2766 3285 2781 3307 .
2828 3244 2896 3299 ad
2924 3257 3048 3297 vasa
3092 3240 3474 3297 misericordias

1903 3334 2150 3401 pertinet,
2175 3343 2231 3389 et
2256 3334 2323 3388 ad
2355 3334 2489 3390 filios
2516 3335 2900 3404 promissionis,
2929 3348 3158 3404 quorum
3197 3342 3311 3386 erat
3336 3345 3473 3386 unus

1900 3425 2060 3481 etiam
2085 3425 2198 3496 ipse
2219 3425 2519 3495 Propheta;
2546 3426 2637 3496 qui
2663 3441 2781 3482 cum
2809 3426 3047 3491 dixisset,
3077 3423 3338 3493 Numquid
3359 3422 3477 3476 obli-

1901 3514 2115 3567 viscetur
2155 3515 2380 3569 misereri
2409 3514 2543 3570 Deus
2561 3557 2576 3580 ,
2608 3525 2697 3569 aut
2726 3515 2994 3570 continebit
3019 3516 3071 3569 in
3101 3515 3179 3568 ira
3206 3530 3298 3568 sua
3322 3513 3475 3566 mise-

1900 3606 2118 3659 rationes
2157 3607 2315 3659 suas?
2339 3608 2592 3661 continuo
2611 3607 2854 3675 subjecit,
2887 3606 2952 3660 Et
2980 3607 3107 3670 dixi,
3136 3605 3289 3659 Nunc
3315 3605 3472 3672 carpi,

1901 3695 2009 3749 haec
2033 3705 2104 3750 est
2122 3696 2402 3749 immutatio
2428 3697 2645 3750 dextera:
2658 3697 2862 3751 Επειδί
2890 3695 3047 3766 (Ibid.
3077 3697 3188 3764 11).
3218 3695 3478 3763 Exposuit

1899 3786 2136 3856 profecto
2163 3786 2287 3857 quid
2331 3787 2555 3853 dixerit,
2587 3786 2853 3857 Numquid
2889 3787 3151 3841 continebit
3192 3788 3245 3839 in
3273 3786 3351 3839 ira
3378 3801 3473 3838 sua

1900 3875 2243 3930 miserationes
2276 3877 2432 3930 suas?
2478 3875 2559 3929 Ira
2603 3877 2744 3931 enim
2770 3876 2862 3931 Dei
2891 3886 2975 3931 est
3020 3876 3180 3930 etiam
3228 3876 3324 3931 ista
3364 3875 3475 3931 vita

1903 3966 2167 4033 mortalis,
2199 3967 2289 4022 ubi
2319 3966 2478 4023 homo
2502 3967 2717 4021 vanitati
2744 3968 2933 4023 similis
2958 3967 3127 4022 factus
3151 3976 3252 4032 est,
3284 3977 3335 4022 et
3361 3967 3476 4022 dies

1898 4056 2015 4127 ejus
2039 4057 2183 4113 velut
2205 4057 2392 4114 umbra
2422 4066 2743 4128 praetereunt
2770 4058 2938 4131 (Psat.
2965 4075 3145 4127 chm,
3173 4058 3250 4129 4).
3284 4059 3340 4113 1η
3365 4073 3472 4128 qua

1901 4156 2078 4205 tamen
2122 4149 2201 4204 ira
2240 4165 2346 4205 non
2385 4149 2717 4205 obliviscitur
2744 4150 2984 4205 misereri
3011 4149 3150 4204 Deus
3173 4190 3191 4217 ,
3236 4147 3477 4203 faciendo

1900 4239 2068 4294 solem
2103 4253 2257 4294 suum
2285 4240 2415 4294 oriri
2451 4255 2609 4310 super
2634 4241 2803 4296 bonos
2828 4250 2882 4295 et
2908 4240 3106 4303 malos,
3156 4249 3210 4294 et
3246 4237 3477 4311 pluendo

1902 4343 2062 4399 super
2101 4330 2274 4400 justos
2313 4340 2369 4387 et
2396 4331 2659 4400 injustas;
2690 4346 2753 4386 ac
2791 4332 2869 4387 sic
2909 4346 3015 4386 non
3044 4331 3281 4386 continet
3318 4330 3370 4383 in
3399 4328 3477 4383 ira

1901 4435 1997 4475 sua
2027 4420 2396 4477 miserationes
2424 4436 2546 4477 suas
2576 4421 2787 4492 (Matth.
2832 4438 2886 4487 v,
2914 4421 3038 4489 45):
3069 4422 3401 4488 maximeque
3424 4419 3476 4472 in

1901 4525 1967 4565 eo
1993 4511 2131 4580 quod
2157 4512 2417 4581 expressit
2440 4512 2525 4565 hic
2550 4511 2790 4566 Psalmus
2808 4553 2824 4577 ,
2851 4512 3101 4575 dicendo,
3135 4510 3289 4564 Nunc
3315 4511 3440 4577 cwpi
3458 4550 3477 4576 ,

1903 4601 2011 4654 haec
2047 4610 2119 4653 est
2148 4601 2427 4654 immutatio
2473 4600 2692 4654 dextera:
2717 4599 2923 4654 Επειεὶ
2942 4618 2962 4660 ;
3005 4600 3255 4669 quoniam
3298 4598 3350 4652 in
3378 4597 3478 4654 hac

1904 4688 2016 4760 ipsa
2045 4689 2492 4742 mrumnosissima
2518 4689 2644 4754 vita,
2673 4704 2791 4758 qua:
2818 4689 2894 4743 ira
2925 4689 3018 4744 Dei
3044 4696 3146 4751 est,
3173 4702 3298 4743 vasa
3319 4676 3479 4742 mise-

1901 4779 2146 4835 ricordiae
2165 4787 2335 4834 mutat
2352 4780 2404 4833 in
2426 4780 2638 4843 melius,
2662 4780 2903 4851 quamvis
2921 4778 3093 4833 adhuc
3111 4780 3165 4832 in
3186 4777 3340 4847 hujus
3359 4792 3481 4832 cor-

1902 4870 2162 4939 ruptionis
2191 4869 2399 4925 miseria
2420 4880 2633 4926 maneat
2656 4871 2732 4925 ira
2760 4871 2894 4941 ejus,
2922 4870 3041 4940 quia
3064 4884 3162 4925 nec
3186 4869 3237 4923 in
3265 4869 3376 4938 ipsa
3401 4868 3480 4922 ira

1903 4975 1997 5014 sua
2024 4960 2260 5014 continet
2296 4959 2665 5016 miserationes
2689 4975 2832 5015 suas.
2865 4960 2996 5014 Cum
3025 4973 3153 5029 ergo
3184 4959 3287 5013 isto
3314 4958 3476 5012 modo

1906 5050 2233 5119 compleatur
2260 5049 2420 5104 divini
2453 5051 2596 5105 illius
2637 5051 2827 5105 cantici
2857 5049 3086 5116 veritas,
3119 5063 3225 5103 non
3252 5057 3332 5103 est
3358 5062 3477 5102 eam

1905 5153 2123 5195 necesse
2152 5139 2312 5193 etiam
2364 5139 2474 5193 illic
2517 5140 2756 5210 intelligi,
2785 5140 2874 5194 ubi
2900 5154 3005 5193 non
3044 5138 3368 5209 pertinentes
3412 5135 3480 5191 ad

1905 5230 2174 5286 civitatem
2219 5229 2315 5285 Dei
2358 5231 2684 5301 sempiterno
2726 5230 2985 5300 supplicio
3023 5228 3325 5299 punientur.
3375 5226 3479 5281 Sed

1907 5370 1980 5418 eis
2001 5370 2084 5415 aut
2119 5361 2272 5411 oratio
2300 5369 2573 5425 sanctorum
2604 5363 2753 5425 possit
2775 5362 2945 5420 audiri,
2970 5366 3059 5425 aut
3076 5371 3243 5425 eorum
3265 5363 3380 5425 ante
3399 5358 3479 5420 ju-

1904 5432 2080 5479 dicium
2115 5424 2371 5492 temporali
2412 5437 2552 5492 paena
2599 5419 2828 5492 purgari?
2866 5419 3097 5492 Numquid
3127 5419 3325 5492 dicendi
3361 5419 3484 5492 sunt

1906 5500 2089 5540 aeterno
2112 5486 2211 5547 igni
2248 5482 2489 5547 nunquam
2510 5482 2786 5534 absolvendi
2810 5484 2932 5547 tradi
2957 5482 3099 5545 posse
3122 5489 3343 5547 tempore
3355 5482 3485 5547 judi-

1905 5555 1963 5603 cii
1982 5589 1995 5608 ,
2023 5542 2199 5613 quibus
2217 5542 2375 5613 vitam
2391 5544 2541 5591 talem
2557 5548 2725 5613 egisse
2742 5542 3067 5613 concedimus,
3090 5550 3144 5592 ut
3161 5544 3201 5591 si
3226 5542 3339 5591 ante
3359 5542 3485 5603 judi-

1906 5606 2229 5663 cium'mortui
2269 5614 2453 5665 essent,
2477 5606 2730 5668 temporali
2759 5606 3360 5668 suppliciogacsanctorum
3382 5616 3485 5652 ora-

1907 5674 2115 5735 tionibus
2132 5664 2477 5735 mundarentur
2492 5669 2516 5715 ’ἐ
2541 5664 2689 5735 Ipsius
2710 5664 2889 5735 quippe
2913 5667 3133 5735 Ecclesire
3150 5664 3484 5735 velquqrum-

1906 5737 2014 5785 dam
2040 5734 2224 5794 piorum
2241 5728 2494 5780 exauditur
2508 5726 2680 5792 oratio,
2706 5726 2806 5780 sed
2812 5726 2899 5793 pro
2914 5729 2991 5781 his
3004 5740 3209 5794 quorum
3233 5726 3283 5779 in
3304 5726 3486 5776 Christo

1906 5800 2326 5859 regeneratorum,
2359 5807 2381 5837 ι
2413 5798 2508 5842 etc.
