4118 6532
605 402 707 459 759

601 517 791 588 quibus
808 514 979 585 placet
999 513 1148 568 istam
1168 517 1478 566 sententiam
1494 519 1661 575 usque
1676 504 1743 559 ad
1762 503 1852 558 illa
1871 504 2152 588 impiorum

601 584 860 665 tormenta
891 604 1221 674 protendere,
1250 600 1435 656 saltem
1462 598 1538 653 sic
1563 596 1892 666 intelligant,
1923 605 1979 649 ut
2005 634 2020 661 ,
2044 584 2156 648 ina-

601 709 760 755 nente
790 700 840 769 in
869 698 945 753 eis
985 697 1058 750 ira
1088 695 1213 757 Dei,
1243 706 1357 762 qua:
1394 690 1447 744 in
1495 700 1695 743 artemo
1717 698 1800 741 est
1828 685 2157 755 pronuntiata

602 790 884 860 supplicio,
928 803 1035 843 non
1057 787 1322 841 contineat
1348 784 1481 837 Deus
1509 782 1561 834 in
1593 780 1691 834 hac
1712 780 1788 833 ira
1817 793 1911 832 sua
1940 776 2157 831 misera-

603 884 770 937 tiones
798 894 918 933 snas
939 919 951 943 ,
985 887 1037 932 et
1065 876 1220 930 iaciat
1248 890 1339 930 eos
1365 888 1468 926 non
1491 879 1629 925 tanta
1656 877 1845 938 quanta
1875 867 2015 936 digni
2038 873 2159 919 sunt

602 987 875 1044 poenarum
911 970 1184 1024 atrocitate
1221 965 1477 1029 cruciari;
1510 977 1612 1016 non
1652 970 1707 1014 ut
1751 975 1841 1014 eas
1868 973 2047 1028 pinnas
2075 959 2160 1012 vel

604 1077 866 1132 nunquam
905 1062 1159 1125 subeant,
1201 1059 1285 1111 vel
1328 1053 1606 1124 aliquando
1631 1054 1833 1117 ﬁniant,
1863 1050 1954 1104 sed
1975 1059 2031 1103 ut
2069 1064 2159 1104 eas

600 1155 834 1209 mitiores
858 1168 1013 1223 quam
1045 1151 1231 1206 merita
1262 1158 1383 1203 sunt
1403 1161 1584 1202 eorum
1612 1144 1938 1211 levioresque
1959 1141 2158 1210 patian-

602 1254 702 1299 tur.
730 1244 817 1299 Sic
842 1245 981 1298 enim
1004 1251 1057 1296 et
1080 1242 1156 1295 ira
1184 1240 1275 1293 Dei
1300 1236 1545 1297 manebit,
1571 1234 1695 1288 etin
1718 1234 1828 1301 ipsa
1848 1234 1921 1285 ira
1942 1247 2034 1286 sua
2059 1232 2160 1289 mi-

600 1335 895 1389 serationes
917 1348 1039 1387 suas
1060 1346 1162 1384 non
1184 1327 1488 1383 continebit.
1510 1323 1658 1391 Quod
1684 1323 1894 1393 quidem
1916 1337 2021 1376 non
2044 1320 2161 1375 ideo

600 1426 878 1491 conﬁrmo,
905 1424 1153 1494 quoniam
1184 1436 1287 1475 non
1316 1420 1520 1473 resisto.

670 1516 724 1569 4.
762 1515 1023 1569 Caeterum
1055 1528 1148 1567 eos
1177 1510 1266 1578 qui
1293 1517 1475 1581 putant
1502 1506 1773 1560 minaciter
1800 1503 1972 1573 potius
2007 1518 2162 1571 quam

600 1604 859 1661 veraciter
884 1602 1099 1665 dictum,
1134 1599 1377 1654 Discedite
1400 1616 1431 1650 a
1472 1613 1577 1661 me,
1610 1594 1881 1659 maledicti,
1922 1595 1971 1646 in
2000 1594 2161 1663 ignem

603 1705 865 1754 trternum;
878 1690 981 1752 etJ
990 1691 1106 1743 bunt
1119 1689 1196 1741 isti
1211 1689 1261 1740 in
1272 1686 1570 1755 supplicium
1582 1694 1814 1738 ceternum
1826 1682 2159 1753 (Matth.xxv,

601 1784 689 1848 41,
712 1783 780 1836 46
800 1782 852 1849 );
879 1789 965 1845 et,
993 1777 1352 1833 Cruciabuntur
1376 1776 1428 1828 in
1453 1772 1639 1828 swcula
1664 1773 1957 1826 surculorum
1983 1771 2160 1843 (Apoc.

607 1888 702 1936 xx,
738 1871 804 1926 10
823 1871 864 1942 ),
894 1881 945 1924 et
965 1910 980 1935 ,
1023 1868 1208 1922 Vermis
1229 1884 1396 1920 corum
1422 1883 1522 1919 non
1558 1864 1811 1929 morietur,
1844 1872 1888 1916 et
1916 1864 2043 1933 ignis
2068 1878 2165 1916 non

605 1961 941 2030 exstinguetur
965 1958 1114 2027 (Isai.
1140 1972 1276 2020 LXVI,
1297 1955 1417 2022 24),
1440 1966 1491 2010 et
1511 1962 1699 2007 cmtera
1720 1950 2036 2021 hujusmodi,
2062 1967 2166 2005 non

607 2060 712 2103 tam
733 2064 852 2119 ego,
879 2064 1033 2117 quam
1062 2049 1174 2116 ipsa
1199 2046 1465 2113 Scriptum
1494 2044 1665 2097 divina
1690 2042 1988 2110 planissime
2012 2048 2166 2109 atque

606 2145 908 2214 plenissime
946 2140 1211 2211 redarguit
1254 2154 1315 2193 ac
1355 2137 1569 2193 refellit.
1616 2135 1857 2189 Ninivitae
1895 2133 2085 2202 quippe
2113 2133 2164 2185 in

607 2235 704 2288 hac
738 2234 839 2287 vita
868 2240 1088 2301 egerunt
1120 2228 1481 2299 paenitentiam
1527 2225 1711 2295 (Iona:
1738 2240 1813 2288 ιιι,
1843 2224 1940 2292 7);
1969 2231 2021 2276 et
2050 2222 2167 2275 ideo

604 2326 921 2379 fructuosam
947 2364 962 2389 ,
1004 2323 1148 2375 velut
1188 2322 1239 2374 in
1270 2319 1371 2373 hoc
1415 2332 1541 2387 agro
1580 2316 1934 2377 seminantes,
1984 2314 2167 2382 inquo

606 2418 741 2472 Deus
763 2417 928 2471 voluit
951 2429 1070 2471 curn
1101 2411 1344 2482 lacrymis
1370 2408 1640 2469 seminari,
1672 2405 1809 2476 quod
1842 2413 2019 2473 postea
2047 2419 2165 2458 cum

602 2507 779 2560 laetitia
806 2513 1092 2559 meteretur
1124 2500 1143 2573 (
1167 2501 1304 2556 Psal.
1331 2514 1491 2563 cxxv,
1520 2496 1608 2569 6):
1639 2506 1691 2551 et
1717 2506 1889 2549 tamen
1916 2496 2033 2565 quis
2074 2509 2167 2549 ne-

601 2598 761 2665 gabit,
794 2595 933 2666 quod
964 2594 1216 2648 Dominus
1261 2590 1521 2661 prmdixit,
1555 2590 1606 2642 in
1635 2588 1713 2642 eis
1741 2586 1900 2641 fuisse
1930 2586 2166 2654 comple-

606 2699 735 2752 tum,
769 2687 867 2741 nisi
901 2700 1083 2754 parum
1115 2683 1370 2746 advertat,
1395 2679 1836 2750 quemadmodum
1866 2687 2167 2746 peccatores

602 2780 737 2833 Dens
757 2794 859 2832 non
881 2778 1047 2831 solum
1069 2776 1251 2840 iratus,
1270 2788 1449 2827 verum
1470 2772 1627 2826 etiam
1649 2771 1925 2824 miseratus
1942 2768 2167 2823 evertat?

600 2870 913 2925 Evertnntur
936 2868 1077 2924 enim
1108 2874 1404 2936 peccatores
1444 2863 1648 2917 duobus
1668 2860 1837 2915 modis
1857 2900 1872 2927 ,
1899 2868 1986 2914 aut
2030 2861 2167 2915 sicut

597 2960 902 3026 Sodomitas,
922 2972 977 3013 ut
997 2974 1093 3028 pro
1116 2961 1339 3027 peccatis
1363 2955 1471 3009 suis
1489 2954 1584 3023 ipsi
1608 2952 1843 3007 homines
1864 2952 2161 3021 puniantur,

602 3061 694 3104 aut
718 3051 851 3105 sicut
888 3048 1152 3113 Ninivitaz,
1199 3053 1258 3100 nt
1300 3046 1410 3113 ipsa
1449 3042 1718 3096 hominum
1746 3050 1955 3111 peccata
1996 3041 2165 3109 pteni-

594 3140 750 3195 tendo
789 3140 1153 3194 destruantur.
1199 3136 1415 3189 Factum
1460 3141 1543 3187 est
1581 3147 1707 3202 ergo
1750 3130 1890 3200 quod
1920 3129 2165 3198 praedixit

600 3232 770 3285 Dens:
801 3244 985 3284 eversa
1013 3236 1095 3282 est
1118 3227 1307 3282 Ninive
1332 3240 1450 3295 qtae
1478 3223 1616 3277 mala
1644 3230 1778 3288 erat,
1800 3231 1853 3275 et
1878 3222 2012 3275 bona
2038 3220 2163 3274 tedi-

594 3320 743 3373 ﬁcata
769 3328 850 3373 est
877 3334 993 3387 quae
1022 3332 1128 3371 non
1157 3325 1291 3368 erat.
1318 3312 1588 3368 Stantibus
1606 3311 1747 3365 enim
1774 3309 2036 3364 mtenibns
2078 3317 2161 3361 at-

601 3424 705 3479 que
726 3408 987 3472 domibus,
1011 3420 1193 3460 eversa
1213 3414 1293 3458 est
1313 3404 1496 3457 civitas
1517 3403 1566 3455 in
1585 3401 1798 3469 perditis
1815 3399 2045 3453 moribus
2063 3396 2158 3469 (a).

596 3503 672 3554 Ac
701 3499 778 3553 sic
801 3498 1039 3567 quamvis
1060 3496 1319 3563 Propheta
1347 3493 1503 3548 fuerit
1528 3490 1886 3557 contristatus,
1913 3491 2032 3559 quia
2055 3505 2157 3544 non

592 3598 678 3643 est
723 3588 917 3642 factum
965 3587 1104 3655 quod
1134 3586 1204 3638 illi
1231 3585 1471 3639 homines
1509 3584 1793 3637 timuerunt
1818 3581 1907 3636 illo
1932 3580 2158 3652 prophe-

593 3688 735 3733 tante
780 3688 1062 3732 venturum
1098 3673 1378 3745 (Jonanv,
1411 3673 1583 3743 1-5):
1634 3672 1827 3727 factum
1871 3682 1954 3726 est
1980 3681 2154 3726 tamen

591 3767 729 3837 quod
776 3766 946 3821 fuerat
993 3766 1103 3819 Deo
1153 3764 1464 3832 prtesciente
1512 3762 1853 3832 praedictum;
1906 3762 2155 3831 quoniam

592 3866 810 3911 noverat
836 3858 926 3927 qui
973 3855 1215 3926 praadixit
1237 3894 1252 3921 ,
1285 3854 1548 3925 quomodo
1577 3854 1628 3907 in
1672 3854 1862 3908 melius
1887 3862 2028 3908 esset
2053 3854 2154 3907 im-

594 3948 863 4019 piendum.

659 4041 712 4094 5.
756 4039 821 4094 Ut
847 4048 1019 4094 autem
1049 4037 1291 4092 noverint
1319 4036 1403 4091 isti
1429 4036 1479 4088 in
1506 4050 1811 4104 perversum
1859 4035 2158 4090 misericor-

593 4129 688 4182 des
734 4144 839 4198 quo
876 4129 1137 4198 pertineat
1176 4127 1314 4195 quod
1352 4128 1599 4193 scriptum
1630 4135 1743 4191 est,
1794 4126 1956 4191 Quam
1998 4127 2156 4179 multa

592 4218 858 4270 multitudo
906 4217 1180 4269 dulcedinis
1222 4226 1320 4268 tua:
1341 4255 1356 4280 ,
1388 4214 1603 4269 Domine
1623 4257 1639 4281 ,
1664 4232 1814 4286 quam
1855 4217 2156 4269 abscondisti

594 4304 871 4358 timentibus
915 4305 997 4358 te!
1039 4306 1216 4373 legant
1242 4303 1379 4372 quod
1402 4305 1655 4372 sequitur,
1712 4307 1961 4375 perfecisti
1988 4317 2154 4359 autem

593 4396 903 4462 sperantibus
927 4396 979 4447 in
1032 4404 1078 4448 te
1130 4392 1310 4462 (Psal.
1338 4408 1465 4456 χχχ,
1493 4392 1564 4447 20
1586 4393 1626 4461 ).
1649 4393 1785 4460 Quid
1803 4403 1904 4459 est,
1934 4395 2155 4448 Abscon-

594 4486 712 4539 disti
749 4486 1051 4550 timentibus,
1118 4484 1371 4554 perfeciin
1411 4484 1744 4551 sperantibus,
1790 4484 1888 4537 nisi
1910 4486 2028 4554 quia
2053 4486 2156 4538 illis

592 4577 681 4645 qui
730 4576 918 4631 timore
947 4591 1221 4646 poenarum
1266 4590 1415 4629 suam
1437 4575 1620 4628 volunt
1663 4574 1919 4643 justitiam
1963 4575 2155 4629 consti-

595 4678 741 4721 tuere
760 4680 878 4734 qute
902 4666 951 4718 in
979 4667 1091 4734 lege
1112 4673 1212 4730 est,
1240 4679 1344 4719 non
1369 4672 1450 4718 est
1469 4664 1666 4733 jnstitia
1680 4664 1769 4717 Dei
1791 4664 1955 4718 dulcis
1980 4664 2151 4735 (Rom.

594 4774 652 4825 χ,
681 4757 758 4826 5),
783 4756 903 4826 quia
928 4757 1169 4810 nesciunt
1191 4755 1335 4809 eam?
1352 4753 1466 4808 Non
1490 4755 1628 4808 enim
1650 4764 1987 4823 gnstaverunt
2013 4770 2149 4810 eam.

592 4847 648 4900 In
672 4862 729 4900 se
758 4860 982 4913 namque
1007 4853 1241 4913 sperant,
1268 4860 1373 4898 non
1390 4844 1442 4897 in
1469 4844 1618 4913 ipso:
1645 4854 1699 4898 et
1724 4844 1841 4898 ideo
1856 4846 1933 4899 eis
1959 4847 2155 4901 abcon-

590 4939 730 4991 ditur
756 4936 1037 4990 multitudo
1066 4936 1360 4989 dulcedinis
1388 4935 1516 4999 Dei;
1544 4935 1789 5003 quoniam
1830 4936 2012 4990 timent
2038 4938 2153 5005 qui-

591 5028 714 5082 dem
753 5027 939 5092 Deum,
971 5026 1062 5081 sed
1106 5027 1193 5079 illo
1236 5026 1424 5079 timore
1471 5025 1682 5090 servili,
1709 5025 1798 5093 qui
1842 5042 1945 5077 non
1994 5028 2151 5080 estin

590 5117 866 5181 charitate,
894 5117 1012 5184 quia
1038 5115 1267 5184 perfecta
1296 5115 1525 5169 charitas
1549 5116 1695 5168 foras
1722 5115 1881 5168 mittit
1907 5116 2149 5171 timorem

592 5208 635 5279 (l
649 5206 804 5262 Joan.
834 5223 907 5271 tv,
932 5206 1040 5276 18).
1066 5206 1188 5260 Ideo
1202 5206 1534 5274 sperantibus
1556 5206 1608 5258 in
1623 5219 1742 5258 eum
1763 5205 2152 5272 perlicitdnlce-

592 5298 765 5350 dinem
780 5310 951 5358 suam,
974 5295 1274 5364 inspirando
1290 5295 1368 5349 eis
1382 5294 1687 5348 charitatem
1707 5308 1877 5357 suam,
1897 5305 1948 5347 ut
1966 5297 2151 5350 timore

592 5394 756 5450 casto,
785 5401 889 5439 non
914 5400 1069 5455 quem
1092 5386 1322 5440 charitas
1343 5385 1481 5439 foras
1502 5386 1677 5447 mittit,
1700 5385 1790 5437 sed
1813 5396 2151 5451 permanente

591 5474 641 5527 in
698 5476 942 5528 saeculum
973 5477 1146 5529 saeculi
1173 5474 1339 5545 (Psal.
1366 5490 1510 5539 xvtn,
1536 5474 1645 5544 10),
1675 5489 1792 5527 cum
1843 5474 2146 5542 gloriantur,

592 5566 644 5620 in
677 5564 897 5619 Domino
920 5567 1443 5635 glorienturJustitia
1463 5566 1654 5640 quippe
1669 5568 1754 5622 Dei
1783 5566 2017 5622 ChriStus
2046 5579 2145 5634 est,

656 5764 729 5828 (α)
764 5762 893 5813 conf.
918 5768 1072 5813 Enarr.
1097 5766 1212 5815 t‘sal.
1240 5785 1281 5827 ι,
1306 5782 1353 5817 n.
1398 5771 1466 5817 ll.

1659 392 1748 448 DE
1782 389 2101 448 CIVITATE
2139 391 2270 459 DEI,
2310 389 2368 447 S.
2408 388 2767 448 AUGUSTINI

3697 395 3788 455 740

2262 505 2349 576 qui
2391 507 2550 576 factus
2572 516 2643 560 est
2683 506 2842 574 nobis,
2868 504 3003 561 sicut
3025 506 3152 562 dicit
3171 508 3451 577 Apostolus
3468 547 3485 574 ,
3514 508 3743 576 sapientia
3764 533 3793 571 α

2260 593 2390 661 Deo,
2411 605 2457 649 et
2473 596 2672 667 justitia
2694 613 2715 660 ;
2737 608 2783 651 et
2803 599 3149 666 sanctiﬁcatio,
3168 607 3213 651 et
3224 600 3495 667 redemptio
3518 614 3536 653 :
3556 611 3608 652 ut
3636 619 3793 671 quem-

2262 684 2529 737 admodum
2572 686 2809 755 scriptum
2843 696 2947 751 est,
2978 687 3077 753 Qui
3100 688 3362 757 gloriatur,
3387 688 3441 741 in
3464 687 3673 745 Domino
3695 694 3798 763 glo-

2260 777 2415 830 rietur
2440 778 2480 848 (l
2497 777 2610 833 Car.
2636 793 2673 845 ι,
2705 780 2772 834 50
2787 790 2832 832 et
2849 780 2906 833 51
2922 780 2957 849 ).
2986 780 3131 835 Hanc
3142 781 3233 835 Dei
3249 781 3526 849 justitiam,
3547 797 3695 852 quam
3714 786 3799 839 do-

2262 875 2355 919 nat
2368 868 2529 936 gratia
2546 868 2659 923 sine
2684 870 2902 935 meritis,
2926 871 3162 925 nesciunt
3187 871 3262 925 illi
3290 872 3379 941 qui
3398 873 3800 940 suamjnstitiam

2265 956 2445 1010 volunt
2466 960 2803 1027 constituere,
2831 970 2884 1015 et
2908 962 3025 1015 ideo
3043 960 3257 1030 justitire
3275 963 3391 1029 Dei,
3419 962 3558 1032 quod
3577 963 3801 1022 Christus

2263 1056 2362 1109 est,
2392 1063 2497 1102 non
2525 1058 2647 1105 sunt
2674 1051 2892 1119 subjecti
2912 1049 3099 1121 (Rom.
3126 1068 3179 1119 χ,
3207 1053 3284 1123 3).
3308 1053 3364 1106 In
3387 1066 3489 1123 qua
3511 1052 3704 1121 iustitia
3729 1066 3804 1109 est

2264 1138 2430 1192 multa
2456 1139 2734 1195 multitudo
2757 1141 3047 1196 dulcedinis
3064 1142 3185 1207 Dei,
3206 1152 3421 1212 propter
3446 1157 3602 1212 quam
3629 1144 3805 1199 dicitur

2264 1228 2317 1282 in
2342 1230 2567 1296 Psalmo,
2601 1231 2824 1297 Gustata,
2851 1242 2897 1286 et
2923 1233 3081 1287 videte
3106 1250 3255 1303 quam
3280 1235 3445 1287 dulcis
3473 1244 3547 1288 est
3573 1233 3804 1291 Dominus

2269 1320 2289 1391 (
2306 1321 2448 1375 Psal.
2480 1338 2662 1390 χχχιιι,
2689 1324 2781 1394 9).
2812 1326 2877 1379 Et
2906 1325 3038 1379 hanc
3071 1326 3283 1395 quidem
3327 1326 3381 1379 in
3436 1325 3537 1380 hac
3587 1328 3805 1396 peregri-

2265 1414 2475 1469 natione
2498 1424 2784 1485 gnstantes,
2808 1433 2910 1472 non
2933 1419 3000 1473 ad
3024 1420 3317 1474 satietatem
3341 1429 3631 1487 sumentes,
3655 1421 3801 1475 esuri:

2267 1517 2383 1556 mus
2410 1520 2526 1558 eam
2572 1507 2743 1573 potius
2770 1522 2831 1563 ac
2856 1508 3060 1562 sitimus
3078 1550 3092 1573 ,
3119 1519 3174 1563 nt
3197 1525 3259 1563 ea
3286 1518 3466 1578 postea
3490 1519 3805 1576 saturentur,

2266 1607 2388 1646 cum
2427 1594 2722 1649 videbimus
2768 1611 2885 1651 eum
2928 1600 3081 1653 sicuti
3106 1609 3187 1654 est
3217 1600 3447 1669 (lJoan.
3475 1616 3554 1665 ιιι,
3601 1600 3724 1668 2,),
3761 1612 3807 1656 et

2268 1684 2566 1753 implebitnr
2593 1687 2731 1755 quod
2759 1689 3009 1758 scriptum
3046 1699 3159 1755 est,
3194 1690 3491 1757 Saturabor,
3522 1706 3635 1743 cum
3660 1693 3809 1744 mani-

2269 1775 2524 1842 festabitur
2572 1778 2736 1845 gloria
2781 1787 2865 1831 tua
2909 1778 3094 1850 (Psal.
3148 1796 3270 1843 χνι,
3319 1782 3444 1850 15).
3503 1780 3577 1834 Ita
3624 1782 3811 1850 perﬁcit

2268 1862 2508 1919 Christus
2546 1868 2762 1921 multam
2794 1870 3179 1926 multitudinem
3220 1872 3523 1927 dulcedinis
3552 1886 3659 1925 sua:
3701 1887 3813 1941 Spe-

2268 1956 2504 2011 rantibus
2526 1957 2580 2010 in
2598 1971 2738 2011 eum.
2752 1958 2915 2013 Porro
2933 1971 3104 2016 autem
3125 1962 3166 2015 si
3188 1977 3326 2028 eam,
3351 1979 3509 2032 quam
3534 1964 3605 2016 illi
3627 1972 3811 2031 putant,

2247 2042 2593 2099 .dulcedinem
2615 2062 2760 2100 suam
2780 2048 2916 2103 Deus
2935 2050 3204 2106 abscondit
3226 2052 3533 2106 timentibus
3547 2068 3664 2106 eum
3687 2069 3779 2122 qua
3799 2054 3814 2085 ⁸

2270 2150 2373 2187 non
2402 2143 2482 2188 est
2503 2136 2689 2204 impios
2712 2136 3071 2205 damnaturus,
3099 2150 3155 2193 ut
3180 2140 3280 2194 hoc
3300 2142 3601 2196 nescientes
3620 2143 3815 2195 etdam-

2270 2226 2384 2278 nari
2425 2225 2669 2281 timentes
2711 2237 2854 2283 recte
2882 2230 3094 2294 vivant,
3145 2245 3208 2285 ac
3230 2231 3306 2284 sic
3333 2232 3540 2299 possint
3587 2247 3701 2287 esse
3739 2233 3817 2300 qui

2270 2324 2423 2370 orent
2441 2332 2535 2386 pro
2560 2334 2665 2373 non
2687 2330 2831 2373 recte
2858 2321 3181 2386 viventibus;
3206 2322 3470 2390 quomodo
3490 2338 3608 2377 eam
3633 2323 3817 2392 perlicit

2270 2408 2603 2475 Sperantibus
2632 2410 2684 2462 in
2714 2425 2831 2464 eum
2850 2453 2864 2477 ,
2891 2412 3307 2481 quandoquidem
3330 2453 3345 2478 ,
3371 2414 3511 2467 sicut
3536 2414 3817 2478 somniant,

2271 2513 2365 2567 per
2392 2499 2528 2555 hanc
2552 2501 2881 2557 dulcedinem
2921 2520 3023 2558 non
3055 2504 3396 2558 damnaturus
3443 2514 3530 2559 est
3573 2519 3702 2569 eos,
3743 2506 3818 2574 qui

2271 2609 2375 2648 non
2405 2604 2618 2664 sperant
2648 2596 2698 2649 in
2724 2596 2886 2649 eum?
2913 2596 3002 2650 Illa
3040 2597 3195 2666 igitur
3223 2598 3338 2665 ejus
3374 2597 3609 2651 dulcedo
3628 2611 3819 2665 quaera-

2272 2695 2357 2741 tur
2379 2703 2536 2757 quam
2566 2687 2770 2756 perlicit
2798 2688 3128 2757 sperantibus
3152 2688 3207 2743 in
3234 2704 3377 2751 eum,
3406 2705 3520 2743 non
3548 2704 3700 2758 quam
3724 2704 3821 2756 per.

2269 2778 2428 2833 ﬁcere
2481 2789 2691 2847 putatur
2750 2780 3210 2835 contemnentibus
3250 2789 3304 2835 et
3346 2780 3821 2849 blasphemantibns

2269 2884 2411 2924 eum.
2444 2869 2657 2924 Frustra
2694 2871 2869 2940 itaque
2893 2872 3051 2925 homo
3076 2881 3195 2940 post
3223 2871 3326 2925 hoc
3367 2886 3569 2940 corpus
3602 2871 3820 2940 inquirit,

2269 2958 2406 3028 quod
2436 2960 2488 3013 in
2526 2959 2627 3014 hoc
2652 2974 2872 3028 corpore
2898 2961 2997 3014 sibi
3018 2975 3327 3029 comparare
3353 2962 3593 3030 neglexit
3613 2964 3656 3013 ’.

2337 3051 2389 3106 6.
2430 3051 2559 3106 lllnd
2599 3067 2809 3121 quoque
2834 3052 3202 3121 apostolicum,
3232 3052 3490 3106 Conclusit
3528 3053 3661 3106 enim
3700 3050 3821 3105 Deus

2266 3160 2434 3197 omnes
2466 3144 2518 3196 in
2563 3144 2874 3212 inﬁdelitate,
2913 3154 2966 3195 ut
2988 3145 3207 3196 omnium
3236 3144 3570 3197 misereatur:
3594 3157 3695 3195 non
3717 3142 3821 3195 ideo

2264 3231 2459 3289 dictum
2482 3241 2582 3297 est;
2612 3233 2748 3303 quod
2777 3233 3036 3288 neminem
3061 3234 3128 3287 sit
3150 3234 3531 3288 damnaturus:
3558 3233 3651 3289 scd
3680 3246 3821 3300 supe-

2264 3323 2372 3377 rius
2398 3331 2616 3392 apparet
2652 3324 2793 3378 unde
2837 3324 2906 3377 sit
2948 3323 3168 3378 dictum.
3196 3323 3328 3377 Nam
3366 3340 3493 3379 cum
3540 3324 3606 3377 de
3642 3320 3821 3376 Judatis

2262 3422 2443 3483 postea
2474 3413 2752 3468 crctlitnris
2779 3415 3060 3481 Apostolus
3089 3414 3396 3482 loqueretur
3424 3413 3495 3467 ad
3527 3413 3737 3472 Gentes,
3765 3409 3823 3462 ad

2260 3519 2390 3572 quas
2437 3504 2617 3573 utique
2656 3505 2763 3573 jam
2816 3504 3091 3559 credentes
3128 3505 3505 3560 conscribebat
3552 3504 3819 3573 epistolas:

2260 3593 2402 3649 Sicut
2426 3596 2555 3649 enim
2589 3612 2674 3650 vos
2693 3638 2707 3662 ,
2740 3596 2923 3666 inquit,
2957 3596 3227 3666 aliquando
3252 3614 3351 3650 non
3378 3598 3669 3651 credidistis
3690 3595 3787 3649 Dea
3806 3633 3820 3657 ,

2259 3702 2391 3739 nunc
2416 3697 2578 3740 autem
2615 3688 3005 3741 misericordiam
3048 3689 3300 3742 consecuti
3327 3691 3442 3741 estis
3471 3688 3676 3742 illorum
3706 3684 3725 3714 ‘
3747 3684 3820 3735 in-

2258 3770 2582 3835 credulitate;
2610 3772 2682 3824 sic
2704 3781 2749 3824 et
2778 3773 2830 3825 lii
2855 3788 2986 3824 nunc
3015 3788 3113 3824 non
3135 3771 3456 3824 crediderunt
3484 3774 3540 3823 in
3561 3778 3719 3822 vestra
3742 3767 3823 3819 mi-

2258 3863 2549 3927 sericordia,
2572 3874 2627 3916 ut
2653 3873 2699 3916 et
2718 3864 2815 3930 ipsi
2839 3864 3228 3917 misericordiam
3255 3871 3634 3931 consequantur
3659 3858 3817 3927 (Rom.

2256 3970 2330 4020 χι,
2350 3957 2440 4022 '51,
2454 3954 2562 4026 5‘2).
2588 3957 2782 4012 Deinde
2802 3955 3043 4026 subjecit,
3060 3955 3196 4009 unde
3217 3955 3300 4009 isti
3320 3955 3420 4008 sibi
3444 3953 3675 4009 errando
3691 3951 3823 4004 blan-

2257 4047 2492 4112 diuntur,
2539 4056 2694 4118 atque
2721 4050 2810 4113 ait,
2840 4048 3092 4101 Conclusit
3120 4048 3252 4100 enim
3284 4045 3428 4098 Deus
3470 4061 3647 4098 omnes
3676 4043 3723 4094 in
3750 4042 3819 4092 in—

2259 4141 2513 4209 ﬁdelitate,
2546 4151 2599 4193 ut
2623 4141 2842 4193 omnium
2870 4140 3179 4193 misereatur.
3211 4138 3354 4205 Quos
3385 4152 3612 4201 omnes,
3645 4132 3739 4187 nisi
3765 4130 3821 4183 de

2258 4232 2446 4299 quibus
2478 4231 2787 4299 loquebatur
2809 4272 2823 4294 ,
2855 4238 3100 4298 tanquam
3129 4228 3313 4282 dicens
3332 4267 3347 4292 ,
3381 4235 3437 4281 et
3466 4240 3564 4280 vos
3604 4236 3657 4279 et
3684 4220 3820 4276 illos?

2259 4324 2398 4376 Deus
2425 4337 2551 4391 ergo
2590 4332 2642 4375 et
2668 4321 2901 4376 Gentiles
2942 4329 2994 4376 et
3021 4320 3233 4375 Jndaaos
3257 4361 3271 4384 ,
3301 4334 3438 4387 quos
3487 4315 3748 4387 prmscivit
3774 4319 3820 4364 ct

2258 4413 2651 4481 praedestinavit
2677 4414 2973 4467 conformes
3000 4412 3022 4443 ‘
3050 4411 3290 4481 imaginis
3310 4411 3431 4465 Filii
3459 4411 3544 4463 sui
3574 4407 3692 4479 (Id.
3720 4418 3817 4465 vm,

2256 4506 2325 4559 29
2350 4503 2400 4575 ),
2443 4520 2626 4557 omnes
2666 4504 2716 4556 in
2774 4503 3081 4557 inﬁdelitate
3117 4500 3417 4555 conclusit:
3452 4510 3516 4553 ut
3546 4500 3613 4553 de
3651 4493 3821 4550 amari-

2259 4600 2438 4652 tudine
2454 4596 2769 4651 inﬁtlelitatis
2789 4610 2894 4649 suae
2918 4595 3218 4663 paenitendo
3238 4594 3470 4658 confusi,
3503 4602 3561 4648 et
3581 4591 3645 4645 ad
3662 4589 3821 4643 dulce.

2258 4690 2433 4742 dinem
2454 4687 2825 4741 misericordiae
2850 4687 2939 4741 Dei
2961 4685 3226 4740 credendo
3252 4685 3526 4747 conversi,
3548 4683 3822 4738 clamarent

2257 4780 2385 4834 illud
2405 4781 2455 4833 in
2479 4779 2706 4841 Psalmo,
2740 4778 2902 4840 Quam
2935 4776 3093 4829 multa
3116 4775 3386 4828 multitudo
3413 4773 3699 4827 dulcedinis
3717 4778 3818 4820 true.

2256 4870 2488 4936 Domine,
2509 4884 2657 4938 quam
2675 4867 2973 4919 abscondisti
2996 4865 3276 4918 timentibus
3304 4874 3365 4927 te,
3394 4862 3657 4935 perfecisti
3676 4866 3822 4912 autem

2255 4962 2585 5032 sperantibus,
2607 4965 2782 5014 nonin
2809 4976 2885 5018 se.
2904 4957 2995 5013 sed
3020 4959 3072 5010 in
3098 4958 3178 5013 te!
3202 4958 3453 5010 Omnium
3484 4958 3666 5025 itaque
3682 4952 3820 5005 mi58°

2256 5065 2400 5109 retur
2428 5067 2671 5107 vasorum
2699 5050 3090 5105 miscricordize.
3133 5050 3269 5117 Quid
3300 5058 3421 5113 est,
3456 5042 3731 5102 omnium?
3768 5036 3819 5091 Εῑ

2254 5160 2438 5200 eorum
2463 5143 2665 5198 scilicet
2691 5156 2823 5210 quos
2849 5156 2916 5195 ex
2944 5139 3199 5195 Gentibus
3220 5181 3234 5204 ,
3288 5149 3343 5194 et
3382 5153 3579 5193 eorum
3618 5146 3744 5203 quos
3765 5145 3817 5182 ex

2254 5236 2449 5293 Judaeis
2464 5233 2869 5304 prmdestinavit,
2891 5230 3116 5296 vocavit,
3135 5228 3468 5298 justiﬁcavit,
3488 5222 3816 5297 gloriﬁcavit;

2912 5320 2931 5346 6

2318 5403 2335 5433 ³
2368 5399 2471 5449 Sola
2495 5400 2639 5449 editio
2658 5405 2786 5455 Lov.,
2806 5396 2917 5459 quia
2943 5409 2960 5449 :
2983 5396 3141 5459 minus
3156 5397 3306 5459 bene,

2315 5464 2336 5494 ³
2361 5447 2618 5509 (indum.
2659 5467 2709 5507 et
2732 5447 2829 5515 Er.,'
2849 5447 3047 5519 Frustra
3087 5458 3247 5519 itaque
3269 5456 3424 5519 homo
3458 5454 3715 5519 positusin

2254 5522 2774 5591 corpore,_occultorum
2796 5518 3087 5577 iudiciorum
3119 5516 3208 5567 Dei
3235 5516 3329 5567 sibi
3364 5516 3591 5566 notitiam
3612 5518 3821 5573 (irrogari

2290 5590 2514 5631 "882mm.

2254 5599 2571 5699 prieséiiiiiiin
2586 5641 2789 5691 illorum.
2817 5643 2975 5699 Abest,
2998 5641 3065 5698 in,
3084 5651 3111 5687 a
3132 5639 3495 5700 manuscriptis.

2317 5704 2338 5733 δ
2370 5686 3075 5763 ῖιῖὄὲιὶἰίιῶῑῖΒὶὶὲιέὶἱίιᾝὲἑῖἶ·
3092 5686 3241 5761 qua
3253 5686 3465 5749 assus
3474 5686 3540 5751 ἰιι
3562 5696 3749 5764 Epistula
3771 5686 3817 5736 ad

2261 5773 2501 5823 Romanos,
2520 5781 2577 5815 vn
2598 5800 2611 5825 ,
2638 5766 2711 5819 :29,
2739 5767 2988 5826 prieterire
3007 5763 3133 5813 solet
3154 5766 3467 5825 Augustinus.
