3996 6522
194 406 287 471 741

194 561 297 601 non
320 543 554 601 omnium
573 540 867 607 hominum,
897 536 989 595 sed
1011 534 1231 593 istorum
1250 531 1485 594 omnium
1504 526 1765 583 neminem

196 637 558 694 damnaturus.

196 766 419 823 CAPUT
466 764 633 822 XXV.
656 791 727 805 —-
766 762 846 817 An
880 762 933 815 lii
956 760 1040 832 qui
1083 761 1213 813 inter
1250 754 1507 812 htereticos
1532 749 1769 822 baptizati

263 868 400 924 sunt,
428 868 476 913 e.’
500 858 766 913 deteriores
794 863 963 925 postea
991 852 1122 907 male
1152 850 1356 905 vivendo
1381 848 1503 920 facti
1531 852 1668 911 sunt,
1695 850 1771 904 vel

268 952 321 1005 hi
339 950 424 1020 qui
448 949 593 1019 apud
638 947 920 1003 Catholicos
947 945 1109 999 renati
1153 942 1221 995 ad
1267 941 1480 995 hcereses
1511 944 1598 990 aut
1641 934 1772 989 schi—

266 1050 430 1094 smata
455 1040 757 1093 transierunt
782 1077 800 1106 ,
840 1036 916 1090 vel
943 1036 996 1088 lii
1018 1034 1100 1106 qui
1130 1050 1162 1086 a
1191 1031 1460 1087 Catholicis
1479 1027 1618 1098 apud
1646 1040 1771 1093 quos

263 1133 424 1186 renati
451 1141 587 1195 sunt,
619 1147 719 1184 non
742 1128 1040 1190 recedentes,
1068 1125 1332 1179 criminose
1352 1124 1515 1176 vivere
1545 1118 1770 1190 perstite-

264 1232 418 1287 runt,
448 1222 639 1291 possint
674 1218 934 1291 privilegio
961 1216 1408 1273 Sacrantentorum
1438 1210 1772 1266 remissionem

264 1314 439 1366 wterni
464 1329 669 1382 sperare
697 1309 955 1381 supplicii.

266 1447 319 1500 1.
349 1446 454 1501 Sed
472 1445 581 1515 jam
603 1442 1018 1513 respondeamus
1042 1438 1198 1494 etiam
1222 1436 1349 1500 illis,
1371 1433 1457 1505 qui
1478 1448 1580 1488 non
1600 1431 1773 1486 solum

195 1535 408 1590 diabolo
450 1545 503 1590 et
527 1534 728 1603 angelis
766 1533 913 1602 ejus,
953 1532 1088 1585 sicut
1117 1544 1217 1583 nec
1254 1528 1376 1591 isti,
1410 1524 1502 1580 sed
1534 1538 1603 1578 ne
1646 1520 1773 1591 ipsis

196 1627 410 1696 quidem
456 1626 704 1683 omnibus
749 1621 1050 1677 hominibus
1080 1619 1445 1674 liberationem
1482 1614 1549 1669 ab
1575 1622 1774 1667 aeterno

198 1718 316 1783 igne
348 1717 690 1785 promittunt;
722 1729 907 1767 verum
955 1712 1033 1766 eis
1061 1718 1265 1764 tantum
1310 1706 1399 1776 qui
1437 1704 1632 1759 Christi
1676 1702 1775 1755 Ba-

198 1808 447 1876 ptismate
472 1804 703 1859 ablutiet
725 1802 963 1873 corporis
981 1800 1095 1870 ejus
1116 1808 1169 1854 et
1192 1795 1464 1866 sanguinis
1492 1792 1774 1862 participes

201 1898 329 1953 facti
355 1906 497 1964 sunt,
522 1897 921 1967 quomodolibet
950 1892 1282 1959 vixerint,'in
1305 1903 1637 1960 quacumque
1662 1887 1774 1940 ha:-

198 1992 303 2044 resi
345 1991 427 2045 vel
474 1992 742 2059 impietate
787 1989 985 2044 fuerint
1032 1988 1133 2058 (a).
1185 1985 1290 2040 Sed
1335 1981 1648 2039 contradicit
1694 1978 1772 2034 eis

198 2082 504 2151 Apostolus,
534 2081 718 2137 dicens
743 2098 757 2136 :
780 2081 1053 2152 Manifesta
1078 2090 1245 2131 autem
1263 2084 1379 2130 sunt
1405 2088 1560 2145 opera
1588 2070 1773 2137 carnis,

199 2189 310 2243 qua:
336 2183 451 2228 sunt
492 2175 760 2245 fornicatio
784 2216 799 2239 ,
845 2171 1167 2227 immunditia
1191 2211 1207 2236 ,
1251 2169 1457 2223 luxuria
1480 2208 1496 2235 ,
1528 2164 1778 2219 idolorum

199 2265 439 2330 servitus,
461 2267 725 2333 veneﬁcia,
763 2264 1057 2329 inimicitiae,
1110 2260 1467 2321 contentiones,
1503 2255 1779 2311 temulatio-

197 2373 309 2425 nes,
337 2359 697 2426 animositates,
730 2359 1081 2421 dissensiones,
1110 2355 1340 2420 hereses,
1371 2349 1593 2415 invidiae,
1626 2347 1780 2402 ebrie-

200 2457 346 2512 tates,
379 2451 781 2514 comessationes,
814 2459 860 2503 et
884 2449 961 2503 his
985 2448 1210 2502 similia:
1239 2460 1350 2515 qua:
1378 2443 1596 2513 prwdico
1620 2440 1777 2502 vobis,

200 2539 325 2592 sicut
353 2542 567 2610 prwdixi
584 2583 598 2607 ,
633 2542 869 2611 quoniam
889 2542 975 2610 qui
992 2541 1113 2594 talio
1136 2546 1310 2609 agunt,
1336 2551 1541 2606 regnum
1568 2532 1665 2586 Dei
1681 2548 1781 2586 non

201 2631 525 2695 possidebunt
550 2630 747 2703 (Galat.
780 2648 833 2699 v,
863 2631 1050 2699 19,-?!
1075 2633 1114 2701 ).
1148 2631 1272 2684 Htec
1300 2628 1538 2698 profecto
1563 2632 1780 2693 aposto-

201 2720 300 2775 lica
327 2723 455 2777 falsa
483 2732 564 2778 est
592 2726 877 2789 sententia,
910 2725 955 2779 si
986 2725 1119 2778 tales
1148 2730 1268 2792 post
1297 2717 1622 2791 quantalibet
1650 2726 1782 2770 tem-

201 2825 330 2878 pora
359 2812 565 2866 liberati
596 2829 817 2883 regnum
851 2814 947 2867 Dei
993 2812 1360 2882 possidebunt.
1390 2807 1495 2863 Sed
1532 2808 1782 2876 quoniam

199 2897 334 2952 falsa
363 2915 468 2953 non
497 2909 598 2967 est,
632 2902 873 2970 profecto
899 2917 1120 2970 regnum
1153 2901 1245 2955 Dei
1273 2915 1376 2953 non
1406 2896 1778 2967 possidebunt.

201 2990 273 3043 Et
298 2991 342 3045 si
366 2992 417 3044 in
438 2994 587 3061 regni
614 2994 707 3047 Dei
729 2995 1063 3063 possessione
1084 3006 1354 3062 nunquam
1378 2996 1553 3052 erunt,
1583 2999 1784 3043 aeterno

126 3146 127 3151 η
201 3083 463 3149 supplicio
490 3084 845 3139 tenebuntur:
879 3087 1127 3153 quoniam
1150 3098 1256 3136 non
1282 3090 1363 3135 est
1385 3081 1533 3135 locus
1554 3079 1781 3143 medius,

204 3172 295 3225 ubi
323 3188 429 3227 non
449 3176 517 3230 sit
538 3175 593 3229 in
620 3175 898 3245 supplicio,
924 3176 1015 3245 qui
1037 3175 1129 3229 illo
1151 3188 1257 3228 non
1282 3172 1442 3227 fuerit
1466 3170 1785 3226 constitutus

204 3262 259 3316 in
286 3279 476 3332 regno.

274 3353 329 3407 3.
349 3354 701 3421 Quamobrem
723 3356 861 3425 quod
880 3356 953 3410 ait
976 3354 1231 3410 Dominus
1248 3354 1424 3417 Iesus,
1443 3353 1542 3406 Hic
1554 3360 1624 3405 est
1641 3352 1787 3419 panis

202 3441 290 3510 qui
310 3442 372 3495 de
399 3444 521 3496 coelo
544 3444 815 3510 descendit,
843 3453 897 3497 ut
923 3446 966 3497 si
999 3445 1108 3513 quis
1143 3459 1206 3497 ea:
1242 3444 1354 3511 ipso
1381 3441 1783 3506 manducaverit,

202 3548 306 3585 non
331 3534 595 3587 moriatur.
624 3534 734 3604 Ego
758 3551 871 3587 sum
896 3536 1043 3604 panis
1062 3535 1220 3598 rivus,
1251 3534 1335 3603 qui
1357 3532 1420 3585 de
1437 3533 1560 3584 cozlo
1579 3532 1786 3584 descen-

206 3621 258 3667 άά
277 3639 296 3681 .'
317 3624 361 3677 si
378 3625 486 3690 quis
512 3626 884 3678 manducauerit
909 3641 971 3678 ea:
998 3625 1091 3677 hoc
1117 3640 1247 3693 pane
1265 3662 1281 3687 ,
1312 3624 1437 3675 vivet
1462 3623 1514 3674 in
1547 3630 1787 3675 aeternum

210 3706 392 3775 (Ῑοαηο
420 3729 493 3773 VI.
525 3715 736 3785 50-52),
776 3715 1043 3785 quomodo
1080 3714 1151 3768 sit
1179 3713 1575 3784 accipiendum,
1599 3713 1788 3766 merito

209 3799 485 3867 qumritur.
518 3798 583 3853 Et
616 3806 682 3855 ab
718 3806 831 3859 istis
864 3805 1076 3874 quidem
1114 3804 1302 3873 quibus
1327 3817 1466 3856 nunc
1492 3800 1785 3871 responde-

210 3903 369 3954 mus,
418 3888 557 3943 hunc
599 3890 927 3947 intellectum
964 3894 1208 3949 auferunt
1252 3894 1327 3947 illi
1365 3893 1554 3962 quibus
1596 3891 1790 3946 deinde

211 3979 639 4047 respondendum
669 3990 749 4036 est
780 4000 793 4035 :
823 3982 876 4036 bi
904 3995 1027 4038 sunt
1046 3993 1219 4039 autem
1242 3984 1331 4053 qui
1352 3983 1488 4038 hanc
1514 3982 1789 4037 liberatio-

214 4084 359 4134 nem,
419 4084 520 4124 nec
556 4072 799 4126 omnibus
837 4072 1150 4128 habentibus
1187 4084 1571 4128 sacramentum
1609 4072 1790 4141 Bapti-

212 4160 402 4214 smatis
431 4170 486 4214 et
513 4162 749 4230 corporis
774 4160 991 4228 Christi,
1014 4164 1107 4218 sed
1134 4164 1261 4218 solis
1278 4164 1585 4229 Catholicis,
1607 4177 1793 4231 quam-

210 4251 295 4303 vis
329 4252 466 4306 male
494 4251 789 4307 viventibus
809 4295 822 4319 ,
853 4256 1167 4324 pollicentur
1196 4274 1209 4308 :
1239 4259 1359 4325 quia
1400 4270 1504 4309 non
1538 4256 1684 4315 solo,
1714 4254 1795 4306 in-

211 4340 419 4410 quiunt,
442 4353 794 4411 sacramento,
817 4346 909 4399 sed
926 4362 984 4402 re
1001 4348 1111 4416 ipsa
1130 4348 1579 4401 manducaverunt
1600 4360 1794 4414 corpus

211 4430 442 4497 Christi,
470 4433 523 4486 in
565 4434 681 4501 ipso
723 4436 925 4490 scilicet
967 4437 1083 4506 ejus
1116 4452 1342 4506 corpore
1379 4436 1648 4490 constituti
1682 4454 1695 4489 :
1728 4434 1795 4489 de

217 4534 328 4589 quo
351 4536 575 4590 corpore
606 4525 680 4577 ait
707 4525 1017 4594 Apostolus,
1053 4526 1196 4581 Unus
1231 4529 1396 4595 panis,
1434 4542 1589 4579 unum
1614 4541 1797 4593 corpus

215 4611 364 4663 multi
389 4628 573 4669 sumus.
608 4614 652 4681 (l
676 4613 793 4668 Cor.
820 4631 879 4681 κ,
909 4616 1023 4685 i7).
1055 4616 1155 4682 Qui
1185 4631 1313 4686 ergo
1340 4624 1421 4670 est
1452 4617 1505 4669 in
1532 4615 1646 4684 ejus
1674 4629 1796 4668 cor-

217 4702 363 4771 poris
383 4702 602 4767 unitate,
628 4703 681 4757 id
706 4714 807 4769 est,
837 4705 889 4758 in
913 4705 1335 4760 Christianorum
1358 4721 1612 4775 compage
1632 4721 1798 4760 mem-

216 4792 459 4860 brorum,
489 4794 642 4863 cujus
663 4797 903 4866 corporis
933 4806 1323 4851 sacramentum
1348 4796 1531 4850 ﬁdeles
1556 4810 1797 4850 commu—

218 4883 458 4939 nicantes
500 4885 568 4940 de
609 4887 764 4943 altari
799 4902 1012 4943 sumere
1050 4896 1474 4953 consueverunt,
1516 4887 1629 4956 ipse
1674 4902 1799 4940 vere

217 4973 476 5031 dicendus
519 4986 603 5031 est
642 4978 963 5033 manducare
1004 4993 1196 5047 corpus
1248 4977 1479 5042 Christi,
1524 4985 1577 5031 et
1617 4976 1799 5031 bibere

220 5068 530 5133 sanguinem
578 5070 797 5125 Christi.
829 5071 907 5125 Ae
943 5086 1039 5141 per
1058 5070 1166 5126 hoc
1198 5070 1435 5125 haeretici
1462 5078 1515 5124 et
1540 5068 1798 5124 schisma-

222 5154 312 5208 εἰεί
353 5154 421 5209 ab
456 5159 615 5226 hujus
656 5163 855 5218 unitate
875 5162 1117 5232 corporis
1141 5162 1372 5230 separati
1397 5169 1622 5230 possunt
1661 5159 1798 5213 idem

221 5246 501 5314 percipere
530 5260 915 5305 sacramentum
936 5294 951 5316 ,
983 5253 1077 5306 sed
1102 5266 1205 5305 non
1236 5251 1336 5305 sibi
1362 5251 1509 5315 utile,
1542 5250 1648 5303 imo
1675 5264 1803 5302 vero

224 5335 384 5389 etiam
410 5338 650 5402 noxium,
678 5356 783 5408 quo
807 5341 1112 5410 iudicentur
1137 5345 1369 5413 gravius,
1392 5358 1549 5412 quam
1579 5343 1664 5396 vel
1691 5351 1801 5395 tar-

226 5428 343 5485 dius
362 5430 673 5487 liberentur.
704 5432 819 5488 Non
851 5444 975 5489 sunt
998 5437 1192 5506 quippe
1218 5437 1271 5491 in
1295 5451 1360 5491 eo
1389 5435 1600 5490 vinculo
1634 5434 1797 5505 pacis,

225 5522 365 5590 quod
396 5524 487 5577 illo
510 5526 826 5594 exprimitur
849 5538 1202 5583 sacramento.

298 5614 350 5667 5.
390 5614 495 5670 Sed
523 5632 708 5672 rursus
746 5618 906 5673 etiam
942 5619 1029 5673 isti
1058 5621 1146 5691 qui
1176 5630 1321 5678 recte
1349 5620 1663 5691 intelligunt,
1697 5634 1800 5674 non

293 5786 364 5849 (a)
401 5791 513 5841 “de
535 5791 619 5843 hb.
644 5792 708 5844 de
726 5792 821 5843 Fid.
850 5800 900 5844 et
913 5800 1056 5856 Oper.

1345 391 1547 452 LIBER
1583 379 1945 443 VICESIMUS
1983 380 2255 436 PRIMUS.

3330 376 3433 433 752

1873 496 2153 553 dicendum
2208 510 2325 552 esse
2377 511 2498 553 eum
2552 494 2870 551 manducare
2899 494 2917 527 ί
2958 506 3151 564 corpus
3196 492 3434 562 Christi,

1870 589 1958 657 qui
1984 586 2038 642 in
2064 601 2285 656 corpore
2310 601 2413 641 non
2437 593 2519 641 est
2539 584 2768 653 Christi,
2799 600 2905 640 non
2942 595 3088 640 recte
3126 585 3438 654 promittunt

1874 681 1949 733 eis
1972 679 2059 749 qui
2087 678 2170 733 vel
2198 680 2252 734 in
2278 677 2541 745 haeresim,
2570 678 2654 732 vel
2680 677 2837 733 etiam
2872 678 2924 731 in
2950 677 3223 749 gentilium
3248 693 3435 748 super-

1872 770 2158 834 stitionem,
2195 784 2262 825 ex
2290 769 2426 823 illius
2450 769 2684 837 corporis
2714 770 2911 822 unitate
2940 768 3206 833 labuntur,
3240 768 3438 822 libera-

1874 862 2067 916 tionem
2096 861 2409 931 quandoque
2435 860 2503 915 ab
2527 859 2707 914 aeterni
2750 860 2867 929 igne
2887 860 3147 929 supplicii.
3179 859 3434 926 Primum,

1875 952 1997 1022 quia
2023 951 2222 1007 debent
2246 949 2541 1016 attendere,
2569 964 2722 1019 quam
2749 950 2819 1004 sit
2860 948 3188 1004 intolerabile
3218 957 3374 1018 atque
3405 963 3436 1001 a

1875 1059 2001 1098 sana
2026 1044 2260 1098 doctrina
2283 1042 2441 1098 nimis
2465 1042 2693 1105 devium,
2719 1054 2775 1096 ut
2798 1043 2947 1096 multi
2967 1058 3029 1097 ac
3058 1057 3194 1112 pene
3217 1057 3434 1108 omnes,

1874 1134 1961 1202 qui
1983 1132 2212 1188 bmreses
2240 1132 2427 1202 impias
2454 1131 2800 1185 condiderunt
2826 1140 3079 1186 exeuntes
3104 1132 3169 1186 de
3185 1130 3436 1186 Catholica

1876 1224 2133 1303 Ecclesia,
2162 1232 2215 1278 et
2242 1222 2362 1277 facti
2390 1233 2512 1278 sunt
2536 1222 2922 1289 breresiarchze,
2947 1223 3192 1278 meliores
3209 1223 3439 1277 habeant

1874 1330 2081 1379 causas,
2112 1329 2265 1383 quam
2297 1314 2348 1367 hi
2377 1315 2465 1384 qui
2488 1328 2753 1383 nunquam
2784 1313 2993 1367 luerunt
3019 1313 3293 1380 catholici,
3317 1328 3437 1367 cum

1875 1407 1926 1460 in
1971 1421 2155 1460 eorum
2194 1405 2409 1474 laqueos
2446 1404 2783 1468 incidissent;
2817 1404 2860 1458 si
2902 1403 3019 1457 illos
3059 1402 3440 1458 haeresiarchas

1876 1500 1975 1554 hoc
2007 1499 2132 1553 facit
2156 1499 2366 1552 liberari
2391 1512 2423 1551 a
2452 1500 2706 1568 supplicio
2736 1498 3078 1567 sempiterno,
3106 1498 3244 1567 quod
3270 1498 3320 1552 in
3348 1513 3440 1551 ca-

1878 1593 2067 1647 tholica
2092 1591 2326 1646 Ecclesia
2349 1591 2597 1660 baptizati
2625 1601 2775 1657 sunt,
2804 1599 2859 1645 et
2901 1600 3285 1645 sacramentum
3325 1605 3443 1644 σοι’-

1876 1684 2021 1751 poris
2046 1681 2242 1736 Christi
2286 1682 2337 1734 in
2368 1697 2496 1735 vero
2522 1682 2713 1735 Christi
2744 1696 2967 1750 corpore
3014 1681 3256 1750 primitus
3294 1693 3445 1733 acce-

1877 1782 2069 1844 perunt
2099 1790 2112 1826 :
2150 1770 2271 1827 eum
2313 1773 2461 1840 pejor
2482 1774 2662 1842 utique
2692 1772 2760 1825 sit
2788 1771 3025 1825 desertor
3050 1769 3171 1825 ﬁdei
3191 1781 3325 1825 etex
3354 1769 3445 1824 de-

1878 1876 2083 1919 sertore
2120 1871 2448 1934 oppugnator
2470 1862 2583 1931 ejus
2610 1860 2857 1923 ellectus,
2882 1877 3036 1930 quam
3085 1860 3171 1915 ille
3210 1860 3297 1930 qui
3340 1874 3445 1913 non

1879 1956 2111 2011 deseruit
2130 1970 2286 2025 quam
2310 1968 2576 2023 nunquam
2601 1953 2784 2007 tenuit.
2812 1951 3010 2006 Deinde
3030 1952 3150 2021 quia
3177 1958 3229 2004 et
3257 1950 3340 2005 his
3365 1964 3446 2004 oc-

1879 2047 2043 2101 currit
2068 2044 2351 2115 Apostolus
2380 2043 2564 2098 cadcm
2599 2042 2759 2096 verba
2800 2040 3103 2110 proferens,
3134 2048 3187 2094 et
3228 2055 3448 2095 enume-

1878 2138 2007 2191 ratis
2028 2136 2131 2189 illis
2150 2135 2325 2189 carnis
2348 2135 2595 2203 operibus
2636 2131 2822 2186 eadem
2857 2131 3079 2184 veritate
3120 2129 3443 2199 prmdicens,

1883 2230 2131 2298 Quoniam
2168 2228 2251 2299 qui
2278 2228 2398 2281 talia
2424 2234 2576 2296 agunt
2596 2265 2611 2291 ,
2640 2240 2844 2295 regnum
2874 2222 2968 2276 Dei
3004 2239 3103 2276 non
3134 2221 3452 2292 possidebunt

1882 2318 2073 2393 (Galat.
2100 2335 2155 2385 v,
2182 2316 2297 2387 ιΞΗ).

1951 2412 2005 2465 4.
2047 2410 2199 2466 Unde
2224 2424 2323 2463 nec
2360 2407 2433 2461 illi
2469 2406 2519 2459 in
2549 2404 2768 2475 perditis
2792 2412 2845 2457 et
2871 2401 3255 2459 damnabilibus
3284 2402 3452 2456 mori-

1882 2505 1980 2559 bus
2008 2504 2202 2558 debent
2227 2516 2346 2557 esse
2371 2498 2577 2564 securi,
2610 2497 2697 2567 qui
2744 2512 2907 2565 usque
2947 2496 2998 2550 in
3040 2495 3197 2548 linem
3236 2493 3450 2563 quidem

1883 2597 2026 2650 velut
2046 2595 2097 2647 in
2119 2590 2491 2648 communione
2521 2587 2775 2643 Ecclesia:
2795 2585 3068 2641 catholicae
3091 2594 3450 2655 perseverant,

1883 2686 2149 2740 intuentes
2173 2682 2317 2753 quod
2340 2682 2536 2736 dictum
2559 2687 2661 2745 est,
2690 2677 2789 2745 Qui
2823 2675 3197 2747 perseveraverit
3226 2690 3378 2744 usque
3400 2674 3454 2727 in

1883 2778 2055 2845 linem,
2083 2775 2163 2827 hic
2184 2775 2352 2827 salvus
2381 2772 2471 2826 erit
2493 2768 2703 2843 (Matth.
2734 2784 2787 2833 x,
2815 2767 2942 2837 22);
2971 2774 3024 2819 ct
3054 2781 3149 2834 per
3186 2764 3309 2819 vitae
3354 2765 3454 2818 ini-

1885 2867 2163 2936 quitatem,
2199 2864 2365 2933 ipsam
2390 2862 2514 2915 vita:
2532 2859 2814 2930 justitiam,
2847 2855 2986 2927 quod
3005 2856 3081 2910 eis
3097 2855 3335 2909 Christus
3351 2862 3453 2933 est,

1886 2960 2152 3023 deserunt,
2183 2958 2294 3011 sive
2318 2952 2648 3018 fornicando,
2680 2952 2790 3006 sive
2817 2951 2950 3006 alias
2980 2948 3335 3004 immunditias
3358 2935 3455 3002 lla-

1884 3053 2151 3123 gitiorum,
2180 3065 2309 3120 quas
2331 3063 2429 3103 nec
2449 3046 2735 3117 Apostolus
2763 3045 3062 3114 exprimere
3086 3041 3271 3107 voluit,
3288 3040 3338 3093 in
3360 3054 3458 3094 suo

1887 3158 2111 3212 corpore
2142 3138 2521 3210 perpetrando,
2574 3138 2683 3191 sive
2722 3133 3047 3203 turpitudine
3091 3131 3313 3185 luxuria:
3360 3128 3461 3183 dil-

1886 3233 2121 3299 ﬂuendo,
2149 3232 2258 3286 sive
2292 3228 2490 3299 aliquid
2528 3227 2669 3282 aliud
2696 3241 2878 3281 corum
2926 3222 3132 3294 agendo
3170 3221 3235 3276 de
3268 3220 3461 3290 quibus

1887 3328 1980 3394 ait,
2015 3327 2263 3393 Quoniam
2286 3326 2369 3393 qui
2397 3323 2519 3376 talia
2541 3330 2718 3391 agunt,
2752 3334 2963 3389 regnum
2994 3317 3083 3370 Dei
3111 3332 3211 3368 non
3248 3312 3463 3379 posside-

1887 3420 2029 3474 bunt.
2062 3420 2139 3473 Ac
2161 3433 2257 3488 per
2284 3417 2385 3470 hoc
2418 3414 2735 3483 quicumque
2761 3418 2923 3479 agunt
2946 3409 3090 3473 talia,
3117 3406 3216 3460 nisi
3248 3406 3299 3459 in
3322 3418 3465 3458 sem-

1888 3512 2098 3581 piterno
2124 3508 2382 3577 supplicio
2406 3520 2511 3560 non
2534 3513 2719 3569 erunt,
2748 3503 2866 3572 quia
2912 3502 2966 3554 in
3003 3498 3095 3553 Dei
3140 3510 3304 3567 regno
3342 3507 3462 3548 esse

1890 3619 1999 3659 non
2022 3607 2289 3670 poterunt.
2316 3598 2371 3650 ln
2403 3596 2484 3649 his
2505 3595 2647 3649 enim
2686 3590 3075 3662 perseverando
3096 3602 3262 3657 usque
3288 3586 3340 3639 in
3367 3584 3467 3637 hu-

1887 3698 1975 3765 jus
1998 3694 2119 3757 vita:
2145 3691 2339 3755 ﬁnem,
2371 3703 2478 3742 non
2513 3688 2695 3754 utique
2738 3681 2945 3737 dicendi
2992 3688 3114 3733 sunt
3157 3680 3210 3732 in
3254 3677 3467 3731 Christo

1892 3796 2266 3855 perseverasse
2294 3793 2458 3848 usque
2490 3776 2542 3829 in
2587 3776 2745 3828 ﬁnem
2770 3790 2784 3826 :
2818 3772 2937 3841 quia
2968 3772 3020 3824 in
3046 3769 3255 3823 Christo
3281 3780 3466 3837 perse-

1890 3889 2100 3941 verare,
2127 3881 2209 3928 est
2235 3873 2287 3926 in
2315 3872 2429 3939 ejus
2450 3868 2553 3923 ﬁde
2581 3878 2942 3937 perseverare.
2961 3863 3086 3928 Qua:
3108 3859 3255 3929 ﬁdes,
3278 3866 3467 3911 uteam

1892 3968 2076 4026 delinit
2100 3966 2237 4020 idem
2259 3962 2548 4032 apostolus,
2571 3975 2659 4029 per
2679 3956 2993 4010 dilectionem
3019 3960 3255 4021 Operatur
3272 3945 3464 4017 (Galat.

1892 4080 1947 4129 v,
1973 4062 2051 4128 6).
2080 4058 2295 4112 Dilectio
2322 4063 2517 4116 autem,
2546 4051 2681 4105 sicut
2704 4048 2817 4117 ipse
2845 4044 2967 4099 alibi
2992 4043 3138 4107 dicit,
3160 4042 3347 4093 malum
3368 4053 3469 4091 non

1895 4163 2131 4227 aperatur
2183 4151 2225 4223 (ι
2254 4149 2373 4204 Cor.
2403 4162 2516 4209 Illl,
2543 4146 2612 4209 4;
2646 4142 2795 4195 Rom.
2831 4154 2947 4202 xm,
2980 4135 3088 4205 10).
3115 4134 3225 4189 Nec
3241 4132 3325 4186 isti
3343 4144 3470 4199 ergo

1895 4224 2103 4306 dicendi
2130 4253 2255 4301 sunt
2274 4241 2593 4296 manducare
2624 4249 2817 4304 corpus
2843 4229 3041 4286 Christi
3064 4244 3079 4294 ;
3107 4224 3353 4296 quoniam
3376 4234 3473 4275 nec

1898 4345 1950 4398 in
1973 4338 2225 4396 membris
2248 4330 2584 4403 computandi
2606 4336 2732 4384 sunt
2754 4324 2972 4380 Christi.
2996 4321 3065 4377 Ut
3088 4318 3228 4374 enim
3264 4316 3363 4369 alia
3394 4322 3472 4367 ta-

1898 4450 2069 4499 ceam,
2100 4446 2205 4486 non
2236 4434 2460 4499 possunt
2494 4421 2648 4476 simul
2675 4432 2793 4474 esse
2835 4424 2889 4469 et
2919 4412 3153 4467 membra
3175 4404 3392 4468 Christi,
3420 4413 3475 4457 et

1900 4494 2134 4584 membra
2162 4494 2460 4579 meretricis
2511 4515 2551 4587 (l
2579 4513 2697 4569 Cor.
2726 4526 2799 4575 v1,
2824 4508 2936 4575 15).
2971 4502 3207 4570 Denique
3245 4499 3356 4566 ipse
3390 4494 3475 4548 di-

1898 4638 2047 4686 cens,
2080 4620 2177 4686 Qui
2202 4615 2475 4669 manducat
2496 4622 2695 4661 carnem
2723 4617 2904 4659 meam,
2937 4606 2983 4650 et
3022 4594 3140 4647 bibit
3183 4588 3474 4659 sanguinem

1902 4728 2084 4774 meum,
2115 4710 2168 4762 in
2190 4722 2269 4760 me
2297 4711 2483 4765 manet,
2506 4708 2553 4753 et
2582 4712 2670 4767 ego
2694 4694 2746 4747 in
2775 4708 2831 4744 eo
2862 4687 3039 4757 (Joan.
3065 4699 3137 4748 γι,
3168 4681 3280 4751 57);
3303 4686 3476 4731 osten-

1902 4808 1978 4859 dit
2003 4800 2128 4872 quid
2154 4799 2223 4853 sit
2252 4811 2357 4850 non
2386 4794 2717 4847 sacramento
2740 4793 2912 4845 tenus,
2935 4776 3028 4831 sed
3055 4789 3115 4872 re
3142 4786 3261 4825 vera
3273 4779 3476 4872 corpus

1903 4858 2099 4951 Christi
2118 4886 2455 4947 manducare,
2474 4888 2529 4935 et
2553 4878 2666 4945 ejus
2688 4871 2998 4942 sanguinem
3020 4864 3201 4919 bibere
3229 4877 3243 4913 :
3273 4858 3377 4951 hoc
3396 4863 3478 4951 est

1905 4946 2051 5042 enim
2080 4946 2132 5037 in
2165 4978 2377 5035 Christo
2425 4946 2664 5033 manere,
2692 4973 2747 5019 ut
2792 4965 2845 5018 in
2875 4960 2968 5015 illo
2998 4962 3208 5011 maneat
3236 4958 3288 5042 et
3321 4946 3476 5042 Chri-

1904 5090 2039 5135 stus.
2064 5076 2154 5131 Sie
2179 5073 2327 5128 enim
2354 5070 2456 5122 hoc
2492 5062 2644 5123 dixit,
2686 5067 2935 5124 tanquam
2976 5049 3200 5110 diceret,
3236 5040 3333 5108 Qui
3355 5051 3476 5135 ἰιοη

1904 5171 1959 5225 in
1984 5183 2069 5224 me
2093 5172 2293 5224 manet,
2324 5169 2378 5215 et
2402 5159 2455 5212 in
2484 5167 2588 5224 quo
2623 5165 2720 5220 ego
2750 5161 2853 5201 non
2890 5153 3098 5201 maneo,
3123 5150 3228 5189 non
3256 5145 3314 5229 se
3336 5127 3476 5229 dicat

1905 5352 2217 5422 sanguinem
2246 5356 2443 5399 meum.
2478 5336 2597 5392 Non
2628 5334 2804 5400 itaque
2829 5329 3045 5380 manent
3066 5318 3118 5372 in
3139 5306 3479 5422 Christqzlqui

1907 5396 2165 5499 nonosunt
2186 5435 2424 5493 membra
2444 5431 2580 5498 ejus.
2602 5424 2717 5478 Non
2736 5426 2859 5474 sunt
2878 5421 3051 5468 autem
3069 5401 3309 5500 membra
3328 5396 3483 5500 Chri-

1907 5536 1993 5601 sti,
2026 5532 2117 5605 qui
2144 5545 2202 5586 se
2232 5526 2427 5582 faciunt
2455 5487 2691 5575 membra
2728 5503 3049 5568 meretricis,
3070 5495 3174 5553 nisi
3196 5490 3391 5548 malum
3421 5487 3485 5542 il-

1972 5665 1989 5696 ι
2025 5659 2159 5709 Vind.
2188 5665 2284 5705 Am.
2305 5660 2398 5709 En.
2424 5660 2519 5699 non
2536 5641 2795 5709 ςίὶεεηάιιηι
2811 5645 2918 5685 em"
2939 5627 3273 5709 ΨΨΕἏΕΨΞ

1908 5690 2159 5777 esse'si‘s'é‘.’
2188 5690 2753 5775 iionmdicendum
2797 5709 2898 5751 esse
2919 5692 3247 5750 manducare;
3292 5690 3466 5733 ouusso

1912 5800 2036 5839 eum.
