4118 6534
625 385 728 440 743

629 495 720 552 lud
746 487 1042 562 paenitendo
1067 500 1183 542 esse
1209 483 1522 550 destiterint,
1547 490 1600 538 et
1636 483 1700 538 ad
1732 483 1832 540 hoc
1854 485 2050 541 bonum
2088 500 2173 541 re-

623 584 990 639 conciliatione
1012 578 1283 634 redierint.

624 693 844 752 CAPUT
882 692 1139 748 XXVl.——
1163 689 1296 756 Quid
1323 688 1385 742 sit
1410 687 1463 741 in
1485 687 1807 756 fundamento
1834 688 2010 743 habere
2033 687 2172 742 Chri-

691 794 857 848 stum,
902 791 948 836 et
989 781 1161 850 quibus
1202 778 1504 849 spondeatur
1548 777 1682 832 salus
1727 781 1870 845 quasi
1908 794 1996 848 per
2041 777 2169 847 ignis

691 882 936 926 usturam.

689 962 742 1014 1.
784 960 888 1014 Sed
928 959 1150 1020 habent,
1192 956 1466 1026 inquiunt,
1507 954 1790 1011 Christiani
1828 954 2068 1010 catholici
2114 957 2168 1010 in

622 1053 958 1107 fundamento
983 1050 1248 1104 Christum
1270 1090 1284 1114 ,
1310 1063 1340 1101 a
1374 1048 1520 1115 cujus
1551 1048 1748 1102 unitate
1790 1062 1892 1100 non
1933 1062 2168 1102 recesse-

620 1153 764 1211 runt,
809 1145 1015 1198 tametsi
1071 1142 1192 1198 huic
1245 1141 1582 1196 fundamento
1626 1141 2171 1210 superiediﬁcaverunt

620 1235 907 1304 quamlibet
934 1235 1215 1303 pessimam
1235 1232 1414 1295 vitam,
1438 1232 1578 1285 velut
1601 1231 1758 1299 ligna,
1787 1230 1980 1293 fenum,
2001 1231 2167 1298 stipu-

619 1326 724 1380 lam
763 1326 802 1395 (I
837 1324 952 1380 Cor.
993 1341 1070 1390 nt,
1110 1325 1196 1388 ll,
1245 1323 1330 1392 l2)
1362 1341 1373 1375 :
1407 1331 1545 1375 recta
1592 1322 1764 1390 itaque
1813 1321 1943 1375 ﬁdes
1992 1321 2032 1385 ⁸,
2077 1335 2170 1388 per

620 1431 778 1484 quam
803 1416 1042 1468 Christus
1072 1425 1150 1468 est
1175 1413 1587 1477 fundamentum,
1619 1412 1856 1480 quamvis
1875 1425 1992 1464 cum
2019 1410 2168 1464 dam-

621 1520 711 1570 no,
735 1507 980 1574 quoniam
1011 1505 1095 1558 illa
1123 1520 1238 1574 qua:
1265 1501 1674 1571 supersediﬁcata
1703 1510 1824 1555 sunt
1853 1509 2166 1563 exurentur,

622 1605 796 1650 tamen
827 1595 1016 1665 poterit
1054 1610 1143 1649 eos
1176 1594 1485 1663 quandoque
1525 1593 1590 1646 ab
1635 1591 1772 1646 illius
1810 1591 1942 1660 ignis
1985 1603 2170 1659 perpe-

624 1687 808 1741 tuitate
833 1687 1054 1740 salvare.
1085 1683 1417 1754 Respondeat
1444 1684 1519 1738 eis
1548 1683 1776 1737 breviter
1801 1681 2064 1751 apostolus
2089 1680 2170 1735 Ja-

622 1778 786 1832 cobus
825 1794 837 1828 :
872 1776 931 1830 Si
957 1778 1064 1844 quis
1094 1776 1223 1829 dicat
1251 1790 1302 1827 se
1328 1773 1475 1842 ﬁdem
1496 1773 1690 1839 habere,
1715 1788 1864 1842 Opera
1887 1779 2049 1824 autem
2070 1787 2171 1824 non

627 1865 826 1927 habeat,
855 1865 1091 1933 numquid
1121 1863 1298 1933 poterit
1339 1864 1462 1930 ﬁdes
1500 1863 1691 1916 salvare
1725 1877 1838 1914 eum
1877 1859 2075 1931 (Jacobi
2113 1876 2167 1925 11,

623 1954 739 2026 id)?
769 1955 836 2008 Et
869 1957 984 2022 quis
1026 1964 1124 2018 est,
1173 1953 1431 2021 inquiunt,
1480 1953 1544 2008 de
1587 1967 1689 2022 quo
1733 1953 1859 2007 dicit
1899 1955 2170 2022 apostolus

623 2044 836 2111 Paulus,
872 2043 990 2111 Ipse
1021 2054 1186 2097 autem
1223 2045 1386 2097 salvus
1429 2044 1538 2109 erit,
1580 2045 1651 2097 sic
1689 2053 1850 2097 tamen
1894 2046 2036 2114 quasi
2085 2063 2172 2115 per

621 2134 784 2203 ignem
816 2134 855 2201 (Ι
884 2133 998 2187 Cor.
1023 2133 1238 2202 111,15)?
1263 2132 1430 2188 Simul
1457 2133 1573 2202 quis
1592 2133 1688 2187 iste
1717 2135 1803 2200 sit,
1820 2134 2168 2203 inquiramus:

623 2223 760 2278 hunc
781 2233 952 2278 tamen
976 2239 1081 2278 non
1123 2239 1260 2288 esse,
1305 2225 1655 2279 certissimum
1698 2235 1797 2292 est,
1841 2242 1907 2282 ne
1949 2227 2171 2282 duorum

621 2315 989 2383 Apostolorum
1019 2314 1305 2369 sententias
1330 2314 1600 2368 mittamus
1636 2315 1687 2369 in
1729 2316 1916 2382 rixam,
1951 2317 1996 2370 si
2035 2333 2171 2373 unus

621 2405 768 2472 dicit,
798 2405 1013 2458 Etiamsi
1044 2407 1180 2460 mala
1209 2419 1369 2474 Opera
1393 2406 1509 2474 quis
1535 2405 1791 2473 habuerit,
1811 2408 2029 2463 salvabit
2048 2423 2169 2464 eum

620 2494 750 2549 ﬁdes
776 2509 870 2564 per
897 2495 1109 2564 ignem;
1141 2496 1272 2548 alius
1294 2503 1490 2562 autem,
1530 2495 1586 2550 Si
1625 2511 1783 2565 opera
1820 2513 1924 2552 non
1959 2497 2169 2568 habeat,

617 2588 867 2657 numquid
892 2589 1080 2656 poterit
1104 2588 1234 2643 ﬁdes
1263 2588 1468 2643 salvare
1504 2588 1662 2642 eum?

684 2681 738 2734 2.
780 2680 1107 2735 Inveniemus
1134 2695 1259 2750 ergo
1287 2681 1403 2749 quis
1431 2681 1596 2748 possit
1622 2680 1814 2736 salvari
1847 2697 1941 2751 per
1976 2681 2171 2751 ignem,

616 2769 663 2823 si
686 2769 828 2839 prius
853 2771 1205 2825 invenerimus
1234 2770 1356 2840 quid
1387 2770 1456 2823 sit
1498 2769 1693 2826 habere
1731 2771 1783 2825 in
1831 2771 2170 2827 fundamento

616 2859 900 2915 Christum.
940 2860 1090 2926 Quod
1132 2869 1189 2914 ut
1223 2860 1287 2914 de
1333 2860 1442 2930 ipsa
1482 2861 1823 2916 similitudine
1861 2863 2169 2931 quantocius

615 2950 1127 3005 advertamuszNihil
1152 2952 1203 3005 in
1220 2949 1440 3004 :ediﬁcio
1463 2951 1782 3019 przeponitur
1809 2951 2166 3016 fundamento;

613 3041 844 3109 quisquis
873 3042 1046 3110 itaque
1070 3041 1146 3095 sic
1168 3039 1322 3094 habet
1342 3040 1394 3093 in
1419 3040 1577 3095 corde
1601 3039 1888 3107 Christum,
1916 3043 2036 3096 utei
2065 3051 2169 3095 ter-

613 3145 742 3184 rena
768 3140 820 3184 et
856 3131 1157 3200 temporalia
1187 3146 1284 3186 nec
1308 3145 1370 3186 ea
1394 3146 1511 3200 quae
1541 3132 1679 3185 licita
1705 3141 1827 3186 sunt
1853 3141 2009 3202 atque
2043 3147 2171 3188 con-

612 3236 761 3276 cessa
786 3232 1076 3291 prteponat,
1100 3222 1493 3277 fundamentum
1521 3223 1680 3277 habet
1707 3222 1989 3278 Christum.
2007 3225 2061 3280 Si
2078 3241 2169 3280 au-

613 3319 720 3364 tern
753 3313 1025 3380 prazponit,
1045 3313 1145 3366 etsi
1174 3313 1418 3366 videatur
1437 3313 1634 3368 habere
1663 3313 1818 3367 ﬁdem
1833 3314 2169 3384 Christi,non

614 3409 698 3456 est
745 3411 915 3456 tamen
956 3405 1006 3457 in
1057 3418 1122 3458 eo
1166 3403 1562 3458 fundamentum
1609 3405 1867 3470 Christus,
1911 3409 1993 3460 cui
2045 3409 2169 3463 talia

615 3501 988 3560 praeponuntur
1030 3510 1043 3544 :
1085 3501 1282 3562 quanto
1325 3493 1509 3562 magis,
1541 3493 1586 3546 si
1628 3494 1872 3548 salutaria
1909 3504 2169 3564 przecepla

613 3596 953 3638 contemnens
981 3585 1271 3638 committat
1296 3583 1492 3650 illicita,
1515 3600 1616 3638 non
1645 3586 1994 3654 praeposuisse
2014 3587 2168 3640 Chri-

613 3683 773 3738 stum,
801 3674 891 3728 sed
921 3674 1274 3744 postposuisse
1299 3675 1644 3740 convincitur,
1673 3691 1830 3744 quem
1866 3676 2170 3745 posthabuit

612 3766 953 3842 imperantem
983 3767 1093 3820 sive
1136 3764 1531 3832 concedentem,
1567 3767 1689 3822 dum
1719 3777 1901 3821 contra
1927 3768 2040 3837 ejus
2066 3770 2168 3822 im-

609 3864 788 3924 perata
831 3856 940 3910 sive
980 3871 1228 3912 concessa
1275 3873 1422 3912 suam
1478 3873 1572 3927 per
1610 3858 1802 3928 ﬂagitia
1839 3859 2035 3930 delegit
2076 3876 2167 3914 ex-

609 3946 754 4014 plere
781 3945 1086 4001 libidinem?
1106 3947 1160 4002 Si
1187 3949 1302 4017 quis
1331 3950 1505 4016 itaque
1532 3949 1849 4003 christianus
1870 3949 2036 4018 diligit
2062 3964 2166 4003 me-

608 4035 872 4097 retricem,
899 4037 1053 4105 eique
1079 4037 1351 4092 adhaerens
1390 4055 1550 4091 unum
1573 4052 1763 4106 corpus
1794 4038 2017 4093 efﬁcitur
2046 4039 2160 4107 (Id.

607 4138 678 4189 Vl,
711 4123 822 4195 16),
850 4126 954 4193 jam
986 4129 1038 4180 in
1076 4127 1415 4183 fundamento
1451 4143 1555 4182 non
1592 4128 1748 4182 habet
1775 4128 2062 4184 Christum.
2105 4131 2163 4186 Si

608 4215 726 4282 quis
762 4225 936 4269 autem
964 4217 1132 4285 diligit
1155 4232 1370 4272 uxorem
1400 4233 1571 4282 suam,
1611 4220 1656 4272 si
1686 4219 1969 4272 secundum
2004 4221 2161 4275 Chri-

609 4314 748 4358 stum
776 4305 985 4374 (Ephes.
1013 4323 1067 4372 v,
1095 4308 1209 4375 25),
1240 4309 1358 4377 quis
1405 4310 1453 4363 ei
1486 4309 1687 4364 dubitet
1727 4311 1779 4363 in
1821 4310 2163 4367 fundamento

607 4410 727 4450 esse
749 4395 1056 4451 Christum?
1093 4396 1147 4452 Si
1179 4413 1306 4452 vero
1343 4399 1630 4453 secundum
1671 4399 1771 4455 hoc
1805 4401 2072 4467 saeculum,
2116 4401 2162 4458 si

607 4486 904 4550 carnaliter,
931 4487 974 4541 si
1005 4487 1056 4541 in
1102 4488 1286 4542 morbo
1325 4490 1890 4557 concupiscentiarum,
1939 4493 2072 4546 sicut
2108 4500 2162 4547 et

604 4585 788 4644 gentes
813 4591 926 4644 qua:
953 4577 1193 4646 ignorant
1227 4579 1389 4632 Deum
1416 4578 1457 4650 (1
1491 4578 1662 4633 Thess.
1689 4595 1760 4645 1v,
1789 4581 1868 4650 εἰ),
1891 4582 2160 4637 etiamhoc

603 4665 889 4719 secundum
921 4667 1125 4722 veniam
1153 4669 1392 4724 concedit
1435 4671 1733 4738 Apostolus,
1764 4671 1871 4728 imo
1904 4687 1997 4741 per
2019 4675 2161 4741 Apo-

602 4756 792 4810 stolum
816 4756 1074 4811 Christus.
1102 4757 1279 4813 Potest
1299 4775 1424 4830 ergo
1448 4769 1499 4815 et
1528 4761 1626 4816 iste
1648 4762 1843 4816 habere
1881 4764 1933 4817 in
1971 4763 2158 4818 funda-

602 4857 780 4902 mento
800 4848 1084 4903 Christum.
1113 4850 1169 4906 Si
1199 4852 1338 4906 enim
1373 4853 1419 4908 ei
1446 4853 1576 4907 nihil
1606 4855 1724 4908 talis
1750 4855 2040 4908 aliectionis
2062 4871 2158 4909 vo-

602 4938 918 5007 luptatisque
950 4950 1254 5009 praeponat,
1296 4945 1535 5011 quamvis
1571 4943 1955 5010 superardilicet
1995 4946 2150 5012 ligna,

603 5026 799 5090 fenum,
825 5029 1092 5096 stipulam,
1119 5030 1360 5085 Christus
1388 5040 1469 5085 est
1499 5032 1913 5094 fundamentum,
1941 5047 2154 5102 propter

601 5115 702 5170 hoc
735 5117 909 5170 salvus
944 5118 1044 5172 erit
1069 5134 1163 5187 per
1189 5121 1381 5189 ignem.
1412 5121 1636 5174 Delicias
1661 5121 1853 5190 quippe
1880 5122 2151 5189 hujusmo-

597 5207 650 5260 tli
677 5210 697 5238 '
737 5223 1048 5278 amoresque
1091 5220 1364 5272 terrenos,
1417 5221 1631 5280 propter
1667 5213 1990 5281 conjugalem
2033 5213 2152 5282 qui-

600 5297 718 5351 dem
746 5300 985 5367 copulam
1015 5317 1118 5354 non
1147 5302 1492 5367 damnabiles,
1525 5302 1873 5357 tribulationis
1903 5304 2034 5373 ignis
2056 5320 2150 5358 ex-

597 5396 713 5439 uret
743 5388 839 5440 :ad
862 5405 1016 5457 quem
1040 5391 1210 5458 ignem
1233 5394 1495 5458 pertinent
1537 5401 1589 5445 et
1614 5392 1882 5456 orbitates,
1914 5402 1967 5447 et
2005 5410 2150 5462 qua:-

599 5490 820 5546 cumque
845 5481 1162 5536 calamitates
1206 5497 1322 5550 qua:
1363 5481 1606 5536 auferunt
1642 5482 1774 5537 haec.
1811 5484 1888 5538 Ac
1920 5499 2013 5553 per
2051 5485 2152 5540 huc

659 5621 675 5652 ί
713 5626 786 5668 Fr.
813 5630 1014 5693 φησι,
1057 5626 1180 5688 ﬁdes
1216 5635 1303 5679 est.
1341 5631 1596 5690 Redundat,
1635 5637 1719 5693 est,
1752 5645 1842 5686 nec
1876 5633 2078 5685 habetur
2102 5637 2149 5685 in

594 5690 935 5744 manuscriptts.

657 5745 677 5774 ³
711 5743 875 5794 Plures
899 5755 1017 5810 Mss,
1046 5751 1185 5813 hujus
1205 5751 1392 5801 mundi.

1625 367 1712 424 DE
1751 369 2062 425 CIVITATE
2102 370 2230 440 DEI,
2271 372 2330 428 S.
2369 374 2729 433 AUGUSTINI
3713 387 3798 445 7M

2279 488 2329 543 ei
2351 490 2440 559 qui
2467 491 2764 558 aediﬁcavit,
2793 492 2892 548 erit
2928 492 3203 550 tediﬁcatio
3243 494 3343 551 ista
3376 495 3652 565 damnosa;
3693 508 3799 574 quia

2274 593 2380 637 non
2403 584 2612 642 habebit
2635 588 2773 657 quod
2797 589 3247 656 supermdiﬁcavit,
3274 599 3327 645 et
3344 605 3525 646 eorum
3541 595 3801 655 amissmne

2274 674 2610 743 crueiabitur,
2642 679 2830 747 quibus
2849 678 3070 734 fruendo
3093 681 3268 750 utique
3291 681 3585 736 laetabatur.
3601 684 3698 740 Sed
3720 705 3801 756 per

2276 767 2413 822 hunc
2440 769 2608 839 ignem
2631 769 2807 825 salvus
2831 772 2932 826 erit
2967 772 3156 826 merito
3189 771 3536 838 fundamenti,
3568 776 3679 844 quia
3714 781 3800 833 etsi

2272 867 2447 912 utrum
2475 860 2543 925 id,
2568 875 2633 914 an
2667 860 2932 916 Christum
2971 863 3168 918 habere
3201 863 3401 930 mallet,
3428 878 3458 918 a
3489 877 3802 933 persecutore

2273 959 2671 1016 proponeretur,
2696 949 2823 1005 illud
2852 950 3060 1006 Christo
3099 965 3201 1006 non
3235 964 3643 1021 praeponeretur.
3686 955 3803 1012 Vide

2273 1035 2327 1090 in
2357 1039 2590 1106 Apostoli
2620 1040 2794 1095 verbis
2829 1040 3093 1095 hominem
3129 1041 3479 1097 aediﬁcantem
3509 1059 3660 1112 super
3695 1046 3803 1101 lun-

2271 1125 2572 1183 damentum
2601 1131 2617 1161 ¹
2668 1146 2853 1186 aurum
2877 1173 2891 1197 ,
2922 1143 3235 1203 argentum,
3276 1135 3479 1203 lapides
3522 1138 3802 1205 pretiosos:

2276 1217 2378 1280 Qui
2399 1219 2502 1273 sine
2523 1236 2676 1275 uxore
2702 1231 2790 1286 est,
2815 1223 2998 1291 inquit,
3026 1225 3205 1294 cogitat
3240 1240 3351 1293 qua:
3394 1235 3510 1278 sunt
3549 1225 3657 1292 Dei,
3697 1246 3806 1298 quo-

2273 1310 2418 1362 modo
2443 1312 2634 1378 placeat
2670 1310 2796 1365 Deo.
2824 1312 2956 1366 Vide
2983 1312 3142 1366 alium
3183 1313 3532 1368 aediﬁcantem
3567 1315 3717 1384 ligna,
3743 1317 3808 1373 fe-

2273 1418 2418 1469 num,
2442 1404 2690 1472 stipulam
2725 1422 2736 1458 :
2765 1405 2864 1472 Qui
2883 1416 3047 1459 autem
3074 1404 3391 1459 matrimonio
3405 1409 3611 1478 junctus
3634 1419 3717 1475 est,
3739 1410 3808 1463 in-

2270 1497 2401 1564 quit,
2431 1497 2610 1566 cogitat
2634 1512 2744 1562 quae
2778 1506 2893 1550 sunt
2929 1498 3120 1560 mundi,
3166 1498 3412 1567 quomodo
3451 1498 3641 1566 placeat
3678 1501 3810 1552 uxori

2275 1587 2316 1657 (Ι
2365 1586 2480 1640 Cor.
2509 1604 2601 1653 v11,
2650 1589 2739 1654 52,
2785 1590 2895 1657 53).
2952 1589 3351 1658 Uniuscujusque
3393 1605 3521 1658 Opus
3557 1591 3576 1620 ¹
3617 1592 3810 1658 manife-

2273 1677 2478 1733 stabitur
2508 1695 2526 1732 :
2554 1679 2657 1732 dies
2680 1680 2807 1731 enim
2829 1679 3128 1742 declarabit;
3168 1678 3283 1733 dies
3323 1679 3499 1747 utique
3535 1679 3810 1734 tribulatio-

2273 1771 2354 1824 nis
2385 1770 2405 1801 ³
2448 1788 2459 1823 :
2500 1771 2732 1838 quoniam
2777 1771 2830 1824 in
2883 1773 3014 1841 igne,
3061 1772 3248 1841 inquit,
3285 1772 3580 1826 revelabitur
3607 1772 3708 1842 (Id.
3741 1791 3808 1839 Ill,

2275 1860 2386 1928 15).
2415 1861 2663 1916 Eamdem
2707 1861 3097 1916 tribulationem
3133 1863 3304 1931 ignem
3331 1871 3505 1926 vocat,
3543 1863 3672 1917 sicut
3701 1864 3812 1918 alibi

2275 1951 2482 2020 legitur,
2516 1951 2646 2006 Vasa
2682 1953 2826 2022 ﬁguli
2864 1952 3038 2022 probat
3080 1953 3284 2021 [οι-παπ,
3319 1961 3366 2007 et
3410 1954 3630 2006 homines
3663 1955 3813 2022 justas

2274 2044 2473 2095 tentatio
2497 2043 2829 2096 tribulationis
2851 2043 3032 2114 (Eccli.
3064 2059 3233 2109 xxvu,
3265 2041 3341 2113 6).
3380 2043 3468 2107 Et,
3505 2043 3816 2114 Uniuscujus-

2272 2149 2366 2202 que
2389 2150 2514 2200 opus
2541 2135 2686 2203 quale
2715 2135 2797 2199 sit,
2825 2136 2953 2204 ignis
2979 2134 3222 2205 probabit.
3265 2135 3327 2190 Si
3370 2137 3518 2205 cujus
3561 2151 3681 2203 Opus
3712 2151 3815 2204 per-

2275 2224 2511 2278 manserit
2536 2224 2833 2294 (permanet
2871 2227 3009 2279 enim
3045 2225 3186 2294 quod
3223 2227 3444 2295 quisque
3483 2225 3674 2294 cogitat
3713 2240 3816 2294 qua:

2273 2324 2396 2369 sunt
2425 2315 2538 2382 Dei,
2563 2316 2825 2384 quomodo
2856 2317 3055 2384 placeat
3093 2314 3242 2384 Deo),
3284 2317 3418 2386 quod
3457 2316 3815 2384 supersediﬁca-

2272 2405 2360 2470 vit,
2385 2406 2658 2459 mercedem
2677 2407 2882 2476 accipiet
2914 2422 2932 2460 :
2954 2405 3005 2460 id
3035 2415 3134 2472 est,
3159 2406 3298 2461 unde
3324 2407 3596 2475 cogitavit,
3619 2405 3716 2458 hoc
3740 2420 3815 2458 su-

2271 2504 2402 2549 met.
2433 2495 2663 2567 Sicujus
2701 2506 2875 2552 autem
2920 2514 3046 2568 opus
3080 2497 3276 2561 arserit,
3306 2497 3548 2550 damnum
3576 2498 3813 2567 patietur:

2273 2588 2520 2658 quoniam
2541 2589 2678 2659 quod
2699 2589 2972 2655 dilexerat,
2998 2604 3100 2644 non
3130 2589 3366 2645 habebit.
3399 2589 3523 2660 Ipse
3541 2599 3699 2641 autem
3729 2586 3818 2640 sal-

2272 2695 2361 2733 vus
2387 2679 2516 2745 erit;
2543 2681 2663 2749 quia
2688 2682 2830 2735 nulla
2870 2697 2988 2736 eum
3029 2681 3299 2736 tribulatio
3347 2681 3414 2736 ab
3467 2681 3610 2735 illius
3650 2679 3818 2732 funda-

2271 2770 2434 2822 menti
2467 2769 2748 2825 stabilitate
2790 2772 2952 2825 movit
2979 2790 2992 2824 :
3024 2772 3094 2824 sic
3122 2781 3285 2824 tamen
3320 2771 3467 2840 quasi
3501 2787 3592 2840 per
3611 2771 3762 2840 ignem
3781 2767 3816 2838 (l

2272 2859 2386 2915 Car.
2411 2877 2488 2926 ιιι,
2520 2863 2732 2932 13-15).
2765 2863 2915 2930 Quod
2939 2864 3077 2917 enim
3101 2864 3216 2918 sine
3243 2863 3500 2917 illiciente
3525 2876 3700 2916 amore
3723 2873 3816 2913 non

2271 2950 2473 3018 habuit,
2515 2954 2628 3009 sine
2658 2963 2840 3009 urente
2873 2954 3059 3010 dolore
3097 2970 3201 3009 non
3239 2953 3434 3023 perdit.
3477 2954 3636 3017 Ecce,
3668 2966 3815 3022 quarto

2271 3050 2379 3096 tum
2403 3043 2527 3096 mihi
2560 3043 2786 3110 videtur,
2826 3045 3069 3100 inventus
3108 3056 3187 3101 est
3214 3046 3366 3114 ignis,
3395 3044 3488 3114 qui
3519 3044 3716 3098 nullum
3733 3055 3813 3093 eo-

2269 3147 2384 3188 rum
2431 3133 2674 3201 damnet,
2710 3136 2804 3190 sed
2841 3151 3003 3190 unum
3046 3135 3196 3201 ditet,
3238 3134 3470 3190 alterum
3512 3129 3813 3192 damniﬁcet,

2269 3225 2450 3280 ambos
2480 3227 2683 3295 probet.

2341 3316 2395 3370 5.
2420 3315 2476 3369 Si
2515 3325 2688 3369 autem
2716 3315 2889 3385 ignem
2913 3315 3055 3370 illum
3089 3315 3189 3370 isto
3212 3315 3330 3370 loco
3357 3314 3680 3370 voluerimus
3697 3305 3815 3363 acci-

2269 3420 2414 3476 pere,
2443 3405 2508 3460 de
2533 3421 2638 3475 quo
2661 3406 2911 3460 Dominus
2943 3407 3083 3460 dicet
3110 3407 3359 3470 sinistris,
3389 3405 3644 3459 Discedite
3669 3418 3698 3454 a
3728 3415 3812 3462 me,

2269 3496 2538 3560 maledicti,
2567 3496 2620 3548 in
2646 3496 2808 3565 ignem
2827 3505 3066 3549 azternum
3109 3495 3321 3562 (Matth.
3350 3511 3483 3558 xxv,
3537 3495 3598 3548 41
3619 3493 3638 3563 )
3659 3509 3673 3557 ;
3696 3498 3746 3542 ut
3769 3488 3814 3540 in

2268 3587 2346 3640 eis
2392 3586 2548 3639 etiam
2579 3586 2663 3639 isti
2702 3600 2820 3640 esse
2867 3585 3171 3650 credantur,
3225 3585 3314 3652 qui
3371 3585 3641 3638 aediﬁcant
3677 3586 3814 3640 super

2269 3673 2658 3730 fundamentum
2686 3673 2843 3744 ligna,
2870 3673 3066 3739 fenum,
3109 3674 3381 3742 stipulam,
3419 3686 3620 3738 eosque
3644 3679 3704 3716 εἰ
3734 3661 3812 3713 ίΙΙο

2267 3767 2386 3836 igne
2407 3776 2523 3836 post
2552 3775 2755 3834 tempus
2771 3781 2866 3835 pro
2890 3767 3041 3820 malis
3068 3766 3270 3820 meritis
3302 3761 3628 3828 impertitum
3647 3755 3812 3808 liberet

2267 3855 2388 3910 boni
2419 3857 2660 3910 meritum
2681 3855 3004 3909 fundamenti
3031 3873 3044 3908 :
3067 3851 3190 3923 quid
3218 3849 3599 3904 arbitrabimur
3618 3844 3809 3898 dextros

2265 3947 2455 4016 quibus
2479 3946 2701 4010 dicetur,
2735 3945 2922 4011 Venite,
2957 3943 3196 3998 benedicti
3242 3940 3416 3994 Patris
3442 3938 3561 4004 mei,
3590 3932 3812 4006 possidete

2266 4046 2496 4106 paratum
2524 4037 2656 4090 vobis
2689 4053 2894 4108 regnum
2921 4035 2940 4107 (
2967 4034 3127 4099 Ibid.,
3156 4034 3225 4088 54
3247 4033 3266 4101 )
3292 4072 3306 4092 ,
3339 4030 3444 4084 nisi
3468 4043 3562 4083 eos
3587 4026 3671 4096 qui
3696 4022 3811 4076 tedi-

2264 4128 2550 4184 ﬁcaverunt
2600 4144 2757 4197 super
2804 4129 3197 4182 fundamentum
3253 4139 3482 4184 aurum,
3533 4125 3805 4188 argentum,

2264 4219 2463 4289 lapides
2489 4219 2781 4290 pretiosos?
2801 4219 2903 4272 Sed
2945 4219 2996 4270 in
3019 4217 3166 4271 illum
3189 4215 3386 4284 ignem,
3417 4213 3486 4267 de
3509 4225 3613 4280 quo
3633 4207 3806 4261 dictum

2263 4322 2363 4377 est,
2392 4313 2464 4366 sic
2488 4322 2651 4365 tamen
2677 4312 2818 4380 quasi
2846 4327 2932 4379 per
2955 4310 3139 4379 ignem,
3171 4307 3214 4361 si
3242 4307 3343 4360 hoc
3377 4304 3544 4358 modo
3567 4309 3647 4356 est
3669 4292 3807 4352 intel-

2263 4401 2525 4472 ligendus,
2557 4402 2765 4470 utrique
2785 4399 3024 4454 mittendi
3051 4406 3197 4460 sunt,
3227 4405 3280 4450 et
3318 4394 3498 4448 dextri
3527 4391 3735 4448 scilicet,
3763 4391 3808 4436 et

2261 4492 2478 4547 sinistri.
2509 4492 2604 4546 lllo
2646 4491 2840 4560 quippe
2880 4491 2999 4559 igne
3042 4489 3250 4555 utrique
3278 4483 3543 4553 probandi
3571 4487 3705 4540 sunt,
3749 4473 3806 4527 de

2258 4597 2364 4651 quo
2385 4582 2579 4635 dictum
2609 4589 2708 4644 est,
2742 4579 2860 4632 Dies
2885 4579 3015 4632 enim
3043 4575 3337 4640 declarabit,
3368 4575 3610 4644 quoniam
3637 4571 3686 4622 in
3711 4567 3808 4635 igne

2258 4675 2571 4740 revelabitur,
2590 4683 2634 4727 et
2655 4673 3040 4741 uniuscujusque
3065 4685 3190 4738 Opus
3218 4669 3364 4737 quale
3388 4666 3474 4730 sit,
3500 4667 3628 4735 ignis
3648 4657 3807 4730 proba-

2258 4765 2325 4818 bit
2355 4764 2404 4834 (I
2431 4765 2545 4818 Cor.
2593 4779 2668 4826 tn,
2701 4764 2810 4830 l5).
2839 4761 2892 4816 Si
2917 4776 3043 4830 ergo
3071 4769 3360 4828 utrumque
3391 4755 3640 4826 probabit
3667 4749 3804 4818 ignis.

2259 4864 2315 4908 ut
2341 4855 2384 4908 si
2413 4854 2563 4923 cujus
2587 4867 2720 4922 Opus
2750 4851 3120 4921 permanserit,
3146 4849 3194 4902 id
3248 4856 3350 4911 est,
3381 4862 3492 4900 non
3524 4842 3676 4897 fuerit
3705 4839 3807 4936 igne

2257 4953 2644 5013 consumptum,
2688 4941 2826 5012 quod
2864 4939 3322 5011 supertediﬁcavit,
3357 4936 3660 4993 mercedem
3685 4943 3807 4983 aect-

2257 5037 2397 5106 piat;
2429 5037 2472 5090 si
2501 5036 2650 5104 cujus
2678 5043 2851 5088 autem
2873 5047 3005 5101 opus
3030 5033 3240 5095 arserit,
3275 5031 3539 5084 damnum
3567 5024 3801 5095 patiatur:

2259 5129 2494 5197 profecto
2522 5141 2626 5180 non
2673 5137 2754 5179 est
2796 5127 2908 5194 ipse
2937 5133 3166 5178 :eternus
3211 5123 3301 5176 ille
3353 5123 3516 5191 ignis.
3567 5119 3621 5169 ln
3677 5112 3801 5164 illum

2254 5220 2394 5273 enim
2415 5219 2511 5274 soli
2553 5218 2750 5272 sinistri
2800 5215 3082 5271 novissima
3106 5222 3160 5268 et
3201 5218 3458 5280 perpetua
3489 5202 3806 5262 damnatione

2315 5391 2332 5421 ¹
2368 5389 2497 5450 Editi,
2523 5402 2664 5451 super
2707 5388 3065 5450 fundamentum
3107 5383 3213 5435 hoc.
3239 5385 3408 5443 Abest,
3443 5381 3552 5441 hoc,
3599 5392 3628 5428 a
3662 5383 3803 5424 mn!!-

2250 5453 2450 5501 scriptis.

2472 5511 2602 5570 editi,
2627 5510 2882 5559 veteribus
2899 5507 3035 5556 libris
3055 5505 3426 5570 dissentientes,
3466 5504 3658 5570 addunt.
3683 5494 3802 5570 augt?

2251 5572 2328 5636 sit.
2370 5557 2822 5636 Sectioni'contihuo
2841 5557 2986 5636 _post,
3029 5557 3456 5636 numifeslabitur',‘
3480 5567 3672 5636 habent.

2253 5634 2377 5682 enim
2403 5633 2585 5681 Domini
2609 5625 2907 5681 declarabit":
2932 5625 3026 5690 quo
3051 5625 3289 5684 loco'vox,
3312 5627 3526 5690 Domini,
3553 5641 3643 5674 non
3680 5626 3744 5668 est
3761 5625 3800 5662 In

2254 5696 2581 5753 manuSL'riptis
2604 5708 2694 5742 nec
2732 5695 2781 5739 in
2813 5688 3380 5753 grtecotextusjmstoli.
3442 5751 3469 5753 __
3526 5749 3534 5753 Δ
3593 5751 3599 5753 _
3663 5745 3672 5753 ι

2320 5757 2339 5788 ³
2364 5749 2607 5803 νίιιᾱ.Ἀω.
2634 5763 2683 5805 et
2704 5761 2796 5814 Er.,
2815 5749 2926 5804 Dies
2949 5751 3106 5814 utique
3129 5749 3234 5815 ira},
3254 5749 3356 5802 dies
3385 5749 3707 5804 h'ibulatianis.
