4118 6526
624 429 725 486 ἸιῚ

693 547 751 601 2.
782 542 888 600 Sed
933 542 1085 605 bene,
1116 537 1253 609 quod
1298 537 1382 594 isti
1430 538 1615 609 dignas
1655 550 1752 607 pro
1786 536 2014 606 peccatis
2039 549 2186 589 com-

631 646 846 693 monent
862 635 1225 701 eleemosynas
1252 643 1374 687 esse
1414 629 1685 684 faciendas
1714 645 1729 681 :
1754 629 2003 697 quoniam
2037 626 2083 680 si
2108 626 2189 679 di-

630 731 811 781 cerent
863 721 1271 791 qualescumque
1302 722 1668 788 eleemosynas
1730 730 1826 785 pro
1866 715 2095 784 peccatis
2140 721 2195 768 et

630 812 943 883 quotidianis
981 818 1035 863 et
1091 810 1296 879 magnis
1362 816 1415 863 et
1465 815 1882 877 quantacumque
1932 803 2193 858 scelerum

631 901 1007 960 consuetudine
1023 900 1437 955 misericordiam
1464 911 1621 968 posse
1640 899 1923 966 impetrare
1942 894 2191 958 divinam,

632 1006 688 1051 ut
706 1010 766 1050 ea
795 992 1093 1063 quotidiana
1113 992 1353 1047 remissio
1378 998 1702 1060 sequeretur,
1730 987 1969 1042 viderent
1994 1000 2105 1040 rem
2130 1000 2191 1039 se

630 1085 808 1140 dicere
830 1082 1109 1139 absurdam
1137 1091 1292 1151 atque
1328 1080 1625 1136 ridiculam.
1659 1079 1746 1134 Sic
1779 1077 1919 1132 enim
1944 1090 2197 1146 cogeren-

633 1183 717 1229 tur
751 1172 903 1229 fateri
937 1172 1047 1226 fieri
1065 1186 1239 1242 posse,
1267 1180 1325 1225 ut
1364 1169 1793 1239 opulentissimus
1820 1169 1978 1221 homo
2006 1166 2196 1221 decem

634 1263 922 1318 nummulis
975 1261 1177 1315 diurnis
1234 1262 1285 1315 in
1330 1261 1690 1330 eleemosynas
1714 1257 1986 1327 impensis,
2022 1255 2196 1311 homi-

602 1353 793 1417 'cidia,
814 1362 869 1406 et
895 1351 1171 1415 adulteria,
1192 1358 1248 1405 et
1266 1350 1459 1405 nefaria
1476 1364 1696 1419 quaeque
1725 1349 1857 1403 facta
1886 1347 2193 1402 redimeret.

635 1444 788 1511 Quod
831 1443 877 1498 si
917 1442 1347 1497 absurdissimum
1377 1451 1425 1495 et
1458 1440 1850 1494 insanissimum
1877 1446 1958 1493 est
1983 1437 2196 1493 dicere:

636 1534 875 1602 profecto
902 1534 945 1587 si
986 1541 1409 1603 qumratnr,qu:c
1447 1531 1618 1598 dignze
1659 1530 1763 1584 sint
1810 1543 1905 1599 pro
1957 1529 2192 1598 peccatis

635 1625 1016 1695 eleemosyme,
1041 1622 1109 1677 de
1135 1623 1323 1692 quibus
1371 1624 1527 1675 etiam
1553 1619 1743 1675 Christi
1790 1634 2083 1689 przecursor
2111 1619 2200 1673 ille

635 1713 861 1776 dicebat,
892 1711 1064 1764 Facite
1088 1727 1202 1781 ergo
1227 1716 1421 1781 fructus
1442 1711 1617 1779 dignas
1643 1711 1939 1779 paenitentia:
1982 1709 2196 1779 (Matth.

636 1817 712 1867 ιιι,
735 1802 806 1871 8)
829 1818 845 1865 ;
873 1802 1053 1872 procul
1085 1801 1246 1856 dubio
1269 1817 1374 1855 non
1406 1801 1741 1855 invenientur
1760 1816 1848 1856 eas
1870 1801 2060 1868 facere,
2110 1803 2198 1871 qui

637 1890 797 1944 vitam
821 1904 967 1944 suam
1016 1904 1181 1957 usque
1223 1888 1288 1943 ad
1314 1896 1535 1943 mortem
1560 1889 1979 1958 quotidianorum
2025 1891 2200 1944 crimi-

638 1994 764 2032 num
789 1979 1177 2047 perpctratione
1205 1978 1619 2048 coniodinnt(a).
1635 1978 1886 2046 Primum,
1904 1980 2085 2050 quiain
2104 1996 2199 2035 au—

643 2068 875 2124 ferendis
902 2068 1058 2123 rebus
1103 2068 1291 2123 alienls
1334 2068 1488 2138 longe
1511 2069 1661 2139 plura
1689 2070 1960 2140 diripiunt,
1992 2086 2056 2125 ex
2081 2072 2198 2141 qui-

639 2158 736 2212 bus
762 2157 1039 2228 perexigua
1073 2158 1388 2228 pauperibus
1414 2158 1714 2228 largiendo,
1743 2159 2002 2214 Christum
2038 2174 2097 2214 se
2133 2161 2198 2215 ad

636 2247 735 2301 hoc
760 2262 974 2316 pascere
993 2247 1321 2315 existimant,
1342 2256 1399 2301 ut
1420 2248 1699 2303 licentiam
1720 2248 2111 2303 malefactorem
2133 2251 2200 2305 ab

640 2337 731 2392 illo
772 2352 831 2392 se
855 2337 1070 2401 emisse,
1102 2337 1187 2391 vel
1210 2337 1443 2406 quotidie
1489 2338 1660 2407 potius
1689 2353 1865 2393 emere
1901 2339 2196 2407 credentes,

634 2427 805 2481 securi
847 2426 1157 2481 damnabilia
1200 2435 1342 2481 tanta
1382 2427 1732 2482 committant.
1754 2427 1855 2496 Qui
1880 2430 1923 2482 si
1973 2444 2066 2498 pro
2096 2444 2199 2484 uno

636 2514 838 2567 scelere
878 2515 1054 2567 omnia
1095 2529 1186 2567 sua
1234 2513 1608 2569 distribuerant
1653 2515 2007 2586 indigentibus
2035 2532 2200 2572 mem-

634 2605 745 2660 bris
771 2604 987 2667 Christi,
1016 2606 1114 2659 nisi
1140 2605 1454 2661 desisterent
1477 2622 1509 2662 a
1554 2607 1740 2662 talibus
1760 2607 1927 2672 factis,
1958 2608 2199 2664 habendo

634 2695 961 2757 charitatem,
994 2712 1112 2766 qua:
1141 2712 1245 2751 non
1289 2698 1691 2770 agitperperam
1721 2699 1778 2769 (1
1805 2698 1921 2756 Cor.
1949 2717 2066 2766 xm,
2098 2701 2195 2772 Δ),

636 2784 831 2854 aliquid
857 2786 934 2839 eis
980 2786 1236 2854 prodesse
1264 2802 1366 2841 non
1392 2798 1589 2857 posset.
1617 2788 1715 2855 Qui
1740 2804 1867 2859 ergo
1890 2790 2075 2861 dignas
2104 2806 2198 2859 pro

634 2872 744 2927 suis
764 2875 991 2941 peccatis
1018 2874 1378 2946 cleemosynas
1396 2874 1537 2939 facit,
1568 2878 1713 2946 prius
1737 2893 1827 2933 eas
1862 2879 2033 2935 facere
2063 2880 2196 2935 inci-

634 2965 741 3032 piat
763 2966 779 2997 ¹
810 2979 839 3017 a
868 2980 926 3019 se
956 2966 1089 3033 ipso.
1132 2965 1403 3036 Indignum
1429 2978 1511 3022 est
1548 2970 1709 3035 enim,
1738 2980 1794 3024 ut
1817 2971 1866 3025 in
1894 2986 1952 3025 se
1981 2987 2083 3026 non
2115 2971 2195 3027 fa-

636 3053 741 3106 ciat
765 3053 854 3123 qui
883 3052 1006 3107 facit
1032 3054 1085 3108 in
1116 3056 1431 3124 proximum,
1454 3072 1570 3111 cum
1596 3057 1772 3112 audiat
1796 3059 2056 3115 dicentem
2086 3062 2191 3115 Do-

632 3144 831 3197 mlnum
857 3184 873 3209 ,
922 3141 1116 3214 Diliges
1164 3146 1445 3212 proximum
1484 3156 1621 3200 tuum
1670 3158 1903 3218 tanquam
1941 3159 1987 3203 te
2032 3151 2197 3220 ipsum

634 3232 859 3299 (Matth.
908 3250 1037 3299 nu,
1089 3234 1216 3305 '59).
1262 3235 1495 3305 Itemque
1532 3235 1745 3302 audiat,
1804 3237 2040 3293 Miserere
2100 3250 2197 3295 tua:

638 3325 820 3378 anima:
841 3326 1041 3394 placens
1066 3325 1173 3379 Dea
1201 3325 1390 3385 (Eccli.
1414 3343 1538 3393 xxx,
1565 3327 1636 3382 24
1656 3325 1697 3397 ).
1724 3328 1869 3383 [Iane
1894 3332 2193 3405 eleemosy-

616 3426 785 3478 'nam,
815 3411 866 3467 id
896 3422 997 3475 est.
1032 3422 1089 3468 ut
1113 3414 1221 3469 Deo
1252 3415 1471 3483 placeat,
1500 3432 1603 3471 non
1635 3416 1827 3472 faciens
1850 3421 2037 3475 anima:
2062 3436 2188 3490 Sita},

634 3502 897 3570 quomodo
915 3503 1098 3573 dignas
1125 3519 1221 3574 pro
1251 3506 1476 3574 peccatis
1498 3507 1607 3561 suis
1627 3508 1988 3581 eleemosynas
2013 3512 2191 3571 facere

628 3591 885 3646 dicendus
919 3593 1049 3647 est?
1086 3593 1167 3648 Ad
1209 3594 1310 3650 hoc
1348 3596 1488 3650 enim
1529 3606 1584 3652 et
1612 3596 1737 3652 illud
1763 3601 2015 3671 scriptum
2065 3612 2189 3660 est:

629 3680 727 3748 Qui
754 3682 850 3736 sibi
885 3683 1132 3753 malignus
1166 3693 1255 3749 est,
1305 3684 1386 3738 cui
1435 3684 1590 3739 bonus
1626 3687 1719 3741 erit
1768 3686 1890 3758 (Id.
1934 3706 2041 3757 xxv,
2089 3693 2192 3764 5)?

624 3770 901 3825 Orationes
952 3772 1146 3841 quippe
1190 3771 1440 3842 adjuvant
1482 3773 1867 3846 eleemosynte.
1897 3777 1966 3833 Et
2011 3781 2190 3851 utique

626 3859 928 3915 intuendum
955 3872 1035 3915 est
1071 3861 1208 3931 quod
1240 3862 1463 3931 legimus
1490 3880 1504 3916 :
1537 3861 1665 3930 Fili,
1695 3868 1927 3935 peccasti,
1969 3885 2031 3923 ne
2056 3871 2189 3940 adii.

622 3949 726 4003 cias
755 3950 953 4015 iterum,
979 3960 1028 4004 et
1062 3951 1123 4005 de
1149 3953 1413 4021 prwteritis
1432 3952 1716 4021 deprecare,
1743 3965 1798 4009 ut
1823 3957 1912 4012 tibi
1934 3958 2189 4014 dimittan-

610 4050 703 4092 tur
746 4039 871 4109 (Id.
912 4056 1018 4105 xxi,
1060 4040 1152 4111 1).
1197 4042 1417 4112 Propter
1462 4042 1562 4098 hoc
1585 4059 1711 4114 ergo
1738 4046 2088 4119 eleemosyna:
2109 4049 2182 4103 fa-

621 4129 823 4184 ciendae
862 4140 1004 4196 sunt,
1026 4139 1082 4185 ut
1106 4146 1224 4186 cum
1266 4133 1333 4189 de
1361 4136 1641 4203 pneteritis
1670 4138 1899 4209 peccatis
1928 4138 2186 4208 depreca-

623 4233 764 4286 mur,
792 4219 1151 4284 esaudiamur,
1178 4236 1280 4276 non
1308 4232 1363 4276 ut
1397 4223 1449 4276 in
1471 4224 1548 4278 eis
1573 4235 1995 4293 perseverantes,
2016 4229 2185 4285 licen-

622 4307 750 4361 tiam
790 4307 1146 4363 malefaciendi
1190 4316 1285 4364 n‘os
1328 4328 1419 4380 per
1475 4314 1838 4385 eleemosynas
1880 4332 2185 4389 comparare

622 4394 917 4450 credamus.

691 4486 743 4538 5.
780 4484 900 4539 Ideo
924 4495 1097 4541 autem
1132 4487 1382 4542 Dominus
1412 4498 1463 4543 et
1488 4489 1696 4546 dextris
1720 4492 2089 4567 eleemosynas
2118 4500 2183 4555 ab

619 4577 698 4631 eis
719 4576 900 4643 factas,
928 4587 983 4634 et
1008 4580 1238 4635 sinistris
1266 4596 1368 4636 non
1398 4583 1560 4638 factas
1581 4600 1640 4640 se
1671 4586 2181 4657 imputaturumesse

618 4667 877 4736 praedixit,
906 4677 962 4723 ut
982 4669 1103 4725 hinc
1122 4672 1428 4730 ostenderet
1450 4689 1703 4744 quantum
1727 4679 1936 4735 valeant
1955 4683 2176 4739 eleemo.

616 4771 762 4829 syria:
786 4757 854 4812 ad
901 4758 1076 4829 priora
1118 4759 1341 4815 delenda
1366 4803 1381 4828 ,
1412 4780 1515 4818 non
1554 4765 1621 4819 ad
1668 4777 1925 4837 perpetua
1967 4770 2181 4842 impune

616 4849 989 4903 committenda
1018 4850 1251 4919 peccata.
1284 4850 1442 4908 Tales
1464 4864 1638 4910 autem
1673 4857 2043 4930 eleemosynas
2071 4879 2176 4917 non

619 4936 825 4991 dicendi
852 4949 975 4992 sunt
998 4938 1172 4993 facere
1196 4942 1283 5010 qui
1309 4943 1465 4995 vitam
1497 4944 1681 4999 nolunt
1725 4961 1756 4999 a
1795 4950 2176 5006 consuetudine

618 5026 880 5080 scelerum
902 5028 955 5082 in
981 5029 1172 5083 melius
1201 5043 1548 5087 commutare.
1588 5034 1720 5099 Quia
1750 5046 1801 5089 et
1825 5036 1877 5089 in
1906 5037 2007 5094 hoc
2031 5041 2172 5110 quod

616 5116 709 5180 ait,
736 5116 950 5182 Quando
976 5118 1067 5171 uni
1110 5136 1172 5174 ea:
1218 5121 1436 5177 minimis
1489 5125 1611 5178 meis
1653 5141 1751 5179 non
1795 5126 1980 5195 fecistis
2007 5170 2022 5195 ,
2053 5131 2177 5185 milii

619 5221 717 5258 non
758 5208 943 5277 fecistis
1002 5209 1021 5275 (
1043 5207 1227 5264 Matth.
1256 5227 1358 5266 xxv
1383 5251 1401 5278 ,
1444 5214 1515 5269 45
1548 5214 1566 5284 )
1606 5233 1619 5276 ;
1668 5217 1899 5271 ostendit
1931 5233 2024 5274 eos
2068 5237 2173 5275 non

616 5296 789 5353 facere
832 5301 988 5355 etiam
1043 5303 1253 5370 quando
1282 5318 1346 5359 se
1373 5304 1544 5360 facere
1587 5306 1911 5362 existimant.
1939 5308 1993 5364 Si
2028 5312 2169 5366 enim

616 5385 917 5444 Christiano
971 5392 1223 5447 esurienti
1283 5408 1473 5463 panem
1524 5406 1771 5466 tanquam
1819 5397 2169 5456 Christiano'

617 5474 844 5546 darent,
878 5481 1112 5551 profecto
1161 5484 1260 5541 sibi
1313 5501 1503 5556 panem
1558 5488 1778 5557 justitia:
1804 5530 1818 5556 ,
1870 5492 2010 5561 quod
2057 5493 2170 5565 ipse

676 5628 704 5699 ξ
728 5628 891 5699 glures
910 5641 1031 5692 Mss,
1052 5635 1234 5699 incipit.

683 5682 808 5763 isse
819 5703 987 5763 omnes
1264 5715 1397 5759 vero,
1420 5708 1648 5763 tanquam
1684 5704 1889 5755 Christo.

673 5742 746 5811 (α)
775 5750 905 5803 conf.
935 5742 1018 5803 tiu.
1040 5742 1103 5804 Ei
1264 5742 1399 5813 ὧΞί
1420 5742 1658 5829 Ἔδῖιὶῗὺῗ,
1684 5742 1898 5828 Ξίῖἐῖἱ,
1928 5794 1951 5817 .;

1661 419 1745 474 DE
1782 416 2111 473 ClVlTATE
2157 417 2285 482 DEI,
2327 417 2381 471 S.
2424 420 2783 478 AL'CUSTINI

3742 440 3833 496 743

2295 534 2536 593 Christus
2578 550 2659 595 est
2686 584 2701 607 ,
2754 559 2859 597 non
2905 554 3157 615 negarent
3200 564 3211 599 :
3266 548 3523 617 quoniam
3573 551 3834 619 Deus,uon

2294 630 2378 682 cui
2407 629 2591 697 detur,
2635 634 2728 687 sed
2760 649 2866 704 quo
2893 638 3077 691 animo
3102 639 3260 693 detur
3289 681 3306 703 ,
3339 642 3590 697 attendit.
3613 645 3704 713 Qui
3725 664 3835 720 ergo

2294 717 2562 774 Christum
2591 720 2760 792 diligit
2786 724 2837 778 in
2866 723 3172 781 Christiano
3196 768 3211 792 ,
3246 730 3352 784 hoc
3370 731 3556 787 animo
3575 734 3620 787 ei
3644 717 3837 809 porrigit

2296 811 2685 885 cleemosynam
2708 832 2814 887 quo
2837 819 3039 875 accedit
3065 821 3131 875 ad
3156 821 3432 877 Christum
3457 866 3472 890 ,
3504 841 3605 879 non
3627 844 3724 898 quo
3742 836 3840 889 vult

2299 901 2547 958 recedere
2592 906 2882 974 impunitus
2931 924 2963 963 a
3005 907 3238 965 Christo.
3286 912 3461 967 Tanto
3508 915 3647 970 enim
3695 926 3837 991 magis

2297 993 2517 1063 quisque
2546 994 2744 1050 deserit
2767 997 3039 1053 Christum
3060 1041 3076 1067 ,
3106 1011 3307 1069 quanto
3335 1005 3506 1073 magis
3532 1006 3693 1074 diligit
3719 1013 3837 1077 quod

2300 1082 2563 1151 improbat
2581 1085 2844 1141 Christus.
2874 1087 3004 1142 Nam
3036 1090 3162 1160 quid
3183 1092 3435 1161 cuiquam
3463 1095 3696 1162 prodest,
3722 1100 3841 1169 quod

2300 1169 2608 1240 baptizatur,
2633 1176 2677 1229 si
2707 1191 2809 1230 non
2834 1176 3185 1246 justilicatur?
3211 1181 3399 1237 Nonne
3424 1185 3517 1252 qui
3543 1185 3707 1250 dixit,
3747 1188 3865 1243 Nisi

2298 1262 2408 1329 quis
2449 1274 2649 1319 renatus
2684 1267 2836 1335 fuerit
2878 1284 2941 1321 ea:
2976 1284 3108 1339 aqua
3150 1280 3198 1323 ct
3244 1271 3449 1341 Spiritu
3506 1274 3727 1343 Sancto,
3763 1296 3851 1332 nou

2300 1351 2502 1405 intrabit
2522 1354 2573 1406 in
2602 1371 2810 1425 regnum
2832 1356 2931 1412 Dei
2947 1358 3121 1427 (Joan.
3148 1375 3227 1427 ιιι,
3257 1361 3315 1434 5)
3342 1379 3356 1428 ;
3390 1364 3508 1434 ipse
3532 1368 3686 1423 etiam
3712 1370 3849 1437 dixit,

2304 1441 2422 1495 Nisi
2460 1445 2783 1501 abundaverit
2821 1450 3028 1520 justitia
3072 1464 3239 1507 vestra
3282 1471 3436 1526 super
3480 1458 3767 1515 Scribarum
3813 1475 3854 1517 et

2305 1530 2701 1602 Pharisteorum,
2723 1553 2821 1591 non
2836 1540 3085 1594 intrabitis
3104 1541 3161 1595 in
3179 1559 3392 1614 regnum
3403 1547 3644 1603 caelorum
3660 1551 3851 1621 (Matth.

2302 1638 2335 1676 v
2353 1663 2367 1686 ,
2394 1622 2508 1693 20)
2532 1626 2556 1679 ’ἒ
2583 1623 2689 1679 Cur
2713 1627 2839 1681 illud
2868 1628 3103 1683 timendo
3135 1632 3287 1687 multi
3308 1647 3543 1692 currunt
3572 1637 3851 1709 baptizari,

2303 1724 2355 1768 et
2380 1714 2480 1769 hoc
2495 1731 2596 1771 non
2622 1718 2853 1774 timendo
2876 1736 2979 1775 non
2997 1724 3148 1778 multi
3166 1727 3697 1796 curantjustificari?
3722 1733 3858 1789 Sicut

2302 1819 2430 1874 ergo
2456 1820 2560 1859 non
2587 1806 2716 1862 dicit
2741 1808 2887 1863 fratri
2912 1825 3010 1866 suo
3034 1850 3051 1877 ,
3089 1811 3251 1868 Fatue
3276 1855 3294 1881 ,
3319 1818 3410 1886 qui
3436 1833 3563 1873 eum
3590 1819 3688 1876 hoc
3722 1823 3857 1888 dicit,

2305 1910 2407 1951 non
2450 1897 2550 1967 ipsi
2586 1898 2897 1956 fraternitati
2922 1943 2937 1967 ,
2968 1904 3063 1959 sed
3092 1916 3314 1974 peccato
3340 1909 3458 1978 ejus
3483 1911 3723 1969 infensus
3743 1926 3817 1971 est
3843 1933 3858 1982 ;
3890 1940 3898 1953 ι

2302 1988 2531 2058 alioquin
2545 2003 2671 2044 reus
2687 1990 2786 2045 erit
2801 1992 3058 2061 gehennae
3079 1995 3216 2065 ignis
3238 1996 3423 2069 (Ibid.,
3442 2000 3539 2072 22)
3564 2019 3577 2056 :
3606 2004 3675 2059 ita
3697 2022 3725 2061 e
3742 2022 3861 2063 con-

2306 2078 2485 2145 trario,
2510 2081 2597 2151 qui
2612 2082 2828 2153 porrigit
2847 2084 3240 2158 eleemosynam
3259 2089 3588 2160 Christiano,
3609 2111 3709 2153 non
3725 2097 3862 2153 Chri-

2304 2170 2475 2225 stiano
2502 2174 2739 2244 porrigit,
2778 2176 2866 2245 qui
2887 2192 2991 2231 non
3015 2178 3065 2232 in
3085 2194 3149 2234 eo
3166 2180 3337 2252 diligit
3353 2182 3652 2252 Christum;
3668 2204 3767 2243 non
3787 2207 3863 2245 an-

2304 2269 2411 2315 tem
2440 2261 2913 2335 diligitChristum,
2937 2268 3022 2337 qui
3037 2268 3318 2339 justilicari
3334 2286 3555 2331 recusat
3576 2278 3627 2333 in
3644 2280 3859 2338 Christo.

2306 2352 2368 2405 Et
2389 2353 2832 2421 quemadmodum
2849 2355 2894 2410 si
2922 2358 3040 2427 quis
3061 2374 3465 2433 praeoccupatus
3484 2365 3647 2423 fuerit
3663 2368 3758 2426 hoc
3782 2371 3863 2427 des

2302 2442 2448 2508 licto,
2476 2451 2533 2497 ut
2556 2442 2703 2498 fratri
2731 2461 2828 2500 suo
2848 2446 3011 2514 dicat,
3041 2449 3227 2517 Fatue,
3261 2454 3315 2508 id
3342 2464 3444 2521 est,
3471 2473 3582 2513 non
3616 2461 3733 2530 ejus
3753 2478 3864 2532 pec-

2301 2542 2473 2589 catum
2501 2536 2683 2591 volens
2715 2537 2923 2594 auferre
2948 2542 3275 2599 convicietur
3306 2546 3544 2616 injuste;
3588 2567 3768 2622 parum
3791 2564 3864 2610 est

2303 2624 2377 2678 illi
2415 2624 2480 2679 ad
2526 2625 2627 2680 hoc
2670 2629 3037 2686 redimendum
3082 2633 3462 2709 eleemosynas
3513 2640 3691 2699 facere
3721 2685 3734 2709 ,
3765 2646 3857 2699 nisi

2301 2716 2457 2770 etiam
2512 2717 2651 2786 quod
2704 2719 2774 2773 ibi
2821 2722 3061 2791 sequitur
3099 2727 3392 2783 remedium
3425 2735 3862 2791 reconciliationis

2301 2804 2568 2875 adjuugat.
2597 2806 2670 2861 lbi
2700 2808 2840 2863 enim
2880 2813 3121 2881 sequitur
3152 2832 3167 2869 :
3221 2816 3286 2871 Si
3311 2834 3432 2889 ergo
3475 2822 3632 2889 offers
3658 2826 3675 2856 ¹
3699 2842 3863 2879 munus

2300 2905 2437 2949 tuum
2462 2898 2529 2949 ad
2555 2897 2716 2953 altare
2737 2939 2752 2965 ,
2810 2911 2859 2957 et
2894 2903 2963 2957 ibi
3004 2908 3296 2962 recordatus
3322 2911 3485 2980 fueris
3514 2956 3530 2981 ,
3574 2917 3693 2986 quia
3722 2919 3862 2987 frater

2299 2989 2567 3044 tuushabet
2587 2992 2778 3062 aliquid
2800 2995 3065 3051 adversum
3086 3008 3151 3065 te,
3181 3002 3414 3074 relinque
3429 3005 3502 3060 ibi
3532 3024 3715 3062 munus
3734 3020 3862 3063 tuum

2300 3078 2367 3131 ad
2386 3078 2563 3146 altare,
2583 3088 2628 3134 et
2652 3082 2795 3149 rude,
2827 3086 2971 3154 prius
2990 3090 3320 3146 reconciliare
3345 3097 3506 3165 fratri
3531 3107 3618 3152 tuo
3636 3140 3650 3163 ,
3685 3109 3728 3153 et
3756 3110 3863 3154 tunc

2299 3167 2495 3221 veniens
2522 3169 2699 3236 o/I'eres
2722 3190 2900 3229 munus
2930 3186 3067 3231 tuum
3093 3177 3278 3250 (Ibid.,
3306 3184 3398 3250 25,
3422 3186 3545 3255 24).
3581 3188 3655 3242 lta
3695 3205 3862 3259 parum

2300 3266 2382 3312 est
2407 3258 2770 3334 eleemosynas
2810 3268 3166 3335 quarttaslibet
3204 3270 3383 3329 facere
3409 3291 3512 3345 pro
3542 3292 3861 3348 quocumque

2299 3350 2522 3418 scelere,
2553 3362 2607 3407 et
2637 3353 2688 3409 in
2715 3359 3101 3417 consuetudine
3126 3366 3397 3421 scelerum
3429 3384 3767 3437 permanere.

2368 3440 2421 3494 4.
2449 3440 2629 3497 Oratio
2652 3458 2779 3500 vero
2798 3450 3122 3517 quotidiana,
3153 3469 3313 3525 quam
3335 3456 3527 3513 docuit
3554 3460 3670 3530 ipse
3696 3460 3861 3514 Domi-

2298 3546 2398 3585 nus
2424 3533 2464 3606 '_,
2491 3533 2630 3590 unde
2670 3545 2725 3592 et
2775 3538 3046 3596 Dominica
3094 3546 3443 3616 nominatur,
3486 3550 3634 3606 delet
3666 3551 3863 3622 quidem

2298 3622 2598 3689 quotidiana
2646 3638 2858 3694 peccata
2890 3670 2905 3697 ,
2937 3646 3059 3686 cum
3115 3636 3357 3704 quotidie
3405 3639 3642 3708 dicitur,
3670 3641 3862 3696 Dimitte

2297 3711 2437 3765 nobis
2460 3713 2621 3767 debita
2648 3727 2817 3772 nostra
2840 3734 2855 3785 ;
2877 3730 3035 3792 atque
3049 3724 3098 3778 id
3127 3727 3269 3796 quod
3296 3731 3547 3800 sequitur
3570 3748 3677 3787 non
3706 3734 3863 3788 solum

2296 3802 2490 3859 dicitur
2515 3847 2531 3871 ,
2561 3806 2653 3861 sed
2679 3810 2837 3864 etiam
2869 3812 2927 3867 fit
2953 3854 2969 3879 ,
3001 3814 3130 3869 sicut
3158 3827 3205 3871 et
3230 3835 3325 3873 nos
3353 3821 3665 3878 dimittimus
3688 3824 3863 3878 debito-

2293 3894 2429 3949 ribus
2448 3898 2627 3951 nostris
2647 3897 2760 3967 (Id.
2789 3916 2863 3964 vr,
2899 3902 3025 3973 l2):
3057 3906 3151 3960 sed
3181 3909 3303 3977 quia
3329 3909 3467 3966 ﬁunt
3489 3924 3729 3983 peccata,
3758 3914 3864 3969 ideo

2292 3984 2515 4051 dicitur;
2546 4003 2651 4042 non
2682 3999 2739 4044 ut
2767 3992 2886 4047 ideo
2913 3994 3040 4049 fiant
3059 4038 3073 4062 ,
3098 4000 3221 4069 quia
3249 4001 3451 4059 dicitur
3481 4005 3584 4078 (a).
3614 4008 3714 4063 Per
3742 4008 3862 4062 hanc

2293 4076 2433 4131 enim
2466 4079 2618 4134 nobis
2656 4082 2819 4138 voluit
2843 4084 3087 4142 Salvator
3124 4092 3416 4150 ostendere
3438 4137 3454 4161 ,
3487 4076 3863 4169 quantumlibet

2286 4166 2430 4235 juste
2460 4168 2511 4221 in
2543 4168 2697 4239 hujus
2730 4174 2850 4228 vita:
2896 4177 3123 4248 caligine
3161 4192 3324 4252 atque
3371 4166 3694 4243 infirmitate
3725 4189 3859 4242 viva-

2291 4271 2424 4321 mus,
2445 4273 2549 4312 non
2572 4261 2721 4316 nobis
2741 4262 2928 4320 deesse
2957 4279 3169 4335 peccata
3198 4288 3294 4341 pro
3314 4276 3517 4343 quibus
3544 4279 3862 4335 dimittendis

2289 4346 2577 4401 debeamus
2617 4365 2773 4407 orare
2806 4394 2820 4419 ,
2866 4366 2919 4410 et
2956 4358 3034 4411 eis
3076 4361 3164 4429 qui
3210 4364 3260 4416 in
3292 4380 3392 4421 nos
3444 4380 3702 4437 peccant,
3730 4380 3784 4425 ut
3814 4381 3861 4424 et

2290 4438 2441 4491 nobis
2470 4438 2773 4507 ignoscatur
2799 4485 2812 4507 ,
2846 4446 3141 4515 ignoscere.
3190 4453 3307 4509 Non
3358 4458 3547 4531 itaque
3592 4472 3861 4533 propterea

2290 4528 2543 4582 Dominus
2563 4528 2655 4595 ait,
2686 4531 2747 4585 Si
2771 4534 3059 4593 dimiseritis
3085 4554 3292 4610 peccata
3320 4528 3638 4617 hominibus,
3666 4528 3864 4605 dimittet

2287 4620 2421 4673 vobis
2440 4629 2486 4672 et
2508 4618 2662 4674 Pater
2683 4634 2839 4677 vester
2868 4640 3073 4695 peccata
3120 4645 3284 4689 vestra
3325 4637 3526 4707 (lbid.,
3568 4645 3657 4715 14)
3679 4687 3692 4706 .
3724 4654 3772 4693 ul
3800 4639 3861 4695 de

2288 4708 2386 4762 hac
2413 4710 2649 4766 oratione
2677 4714 2860 4769 conﬁsi
2890 4757 2905 4781 ,
2934 4725 3108 4775 securi
3138 4726 3458 4792 quotidiana
3490 4708 3695 4784 scelera
3730 4732 3859 4783 face-

2284 4817 2482 4868 remus,
2503 4804 2585 4858 vel
2616 4808 2844 4875 potentia
2874 4826 2974 4880 qua
3005 4829 3109 4868 non
3144 4818 3465 4877 timeremus
3493 4823 3767 4878 hominum
3796 4823 3861 4876 Ic-

2281 4905 2394 4960 ges,
2426 4892 2507 4946 vel
2536 4895 2726 4949 astutia
2742 4913 2842 4966 qua
2869 4900 3012 4968 ipsos
3039 4903 3283 4963 homines
3310 4912 3664 4968 iallercmus:
3695 4913 3782 4967 sed
3813 4922 3859 4965 ut

2286 4997 2380 5050 per
2412 4983 2554 5037 illam
2583 4985 2930 5056 disceremus,
2967 5008 3070 5047 non
3102 5007 3291 5065 putare
3322 5017 3423 5057 nos
3451 5018 3581 5060 esse
3605 5006 3721 5060 sine
3749 5019 3861 5075 poc-

2281 5074 2414 5126 catis
2437 5112 2451 5136 ,
2484 5074 2691 5129 etiamsi
2718 5091 2746 5129 a
2769 5079 3082 5137 criminibus
3111 5101 3357 5144 essemus
3384 5092 3663 5150 immunes
3694 5114 3706 5149 :
3738 5074 3859 5149 sicut

2279 5165 2437 5218 etiam
2460 5164 2611 5234 Legis
2637 5168 2829 5223 veteris
2854 5172 3160 5229 sacerdotes
3182 5178 3283 5233 hoc
3314 5179 3494 5251 ipsum
3526 5184 3670 5240 Deus
3697 5184 3761 5239 de
3785 5198 3858 5237 sa-

2278 5253 2492 5309 crificiis
2518 5255 2829 5325 admonuit,
2866 5275 2983 5330 qua:
3003 5263 3167 5333 jussit
3191 5284 3288 5323 eos
3317 5274 3557 5339 primum
3587 5292 3685 5346 pro
3716 5277 3815 5330 suis
3840 5314 3854 5337 ,

2277 5342 2468 5433 deinde
2507 5358 2603 5413 pro
2643 5348 2823 5416 populi
2872 5350 3067 5408 oli‘erre
3120 5361 3357 5424 peccatis
3394 5342 3612 5433 (Levii.
3644 5380 3726 5419 χιί
3753 5403 3769 5429 ,
3795 5363 3853 5425 6;

2278 5431 2434 5486 Hebr.
2464 5448 2535 5488 vn
2569 5474 2585 5501 ,
2626 5433 2695 5490 27
2721 5438 2763 5506 ).
2796 5437 2924 5492 Nam
2963 5450 3018 5496 et
3042 5442 3156 5512 ipsa
3188 5449 3353 5503 verba
3384 5431 3527 5506 tanti
3556 5454 3784 5524 Magistri
3806 5462 3853 5509 et

2274 5526 2483 5582 Domini
2506 5528 2675 5582 nostri
2696 5528 2973 5599 vigilanter
3001 5533 3258 5594 intuenda
3277 5550 3424 5596 sunt.
3450 5542 3577 5601 Non
3603 5546 3741 5603 enim
3763 5544 3847 5612 ait,

2340 5648 2355 5674 ι
2392 5644 2613 5706 Plerique
2638 5652 2762 5703 Mss.,
2787 5645 2975 5707 Otreres.

2334 5706 2355 5735 ²
2389 5715 2566 5754 Omnes
2589 5712 2715 5761 Mss.,
2736 5706 2892 5755 Jestts.

2333 5765 2403 5830 (τι)
2435 5767 2565 5818 conf.
2591 5766 2822 5819 Enchirid.
2849 5780 2933 5817 nn.
2965 5765 3039 5828 ω,
3068 5766 3148 5829 20.
