3996 6520
211 455 317 511 ’ΝΩ

210 662 390 714 mittet
410 660 561 714 vobis
584 660 991 730 qualiacumque
1016 668 1233 732 peccata
1257 678 1270 717 :
1300 660 1395 716 sed
1421 662 1495 715 ait
1528 699 1545 725 ,
1584 670 1791 731 peccata

207 761 392 804 vestra.
414 751 787 817 Quotidianam
804 752 1000 821 quippe
1019 752 1314 807 orationem
1343 752 1599 820 docebat,
1633 761 1688 808 et
1705 752 1794 822 ju-

205 841 448 896 stiticatis
475 841 654 912 utique
676 842 953 912 discipulis
983 843 1319 913 loquebatur.
1358 843 1492 912 Quid
1532 852 1614 899 est
1638 859 1787 914 ergo,

207 941 413 999 peccata
438 941 619 997 vestra,
644 933 742 988 nisi
765 943 979 1003 peccata
1003 935 1119 989 sine
1147 935 1337 1004 quibus
1364 949 1463 990 nec
1490 950 1584 990 vos
1612 934 1785 1000 eritis,

204 1021 293 1089 qui
316 1021 591 1091 justiilcati
619 1031 673 1077 et
705 1023 1017 1077 sanetiiicati
1044 1024 1220 1077 estis?
1243 1023 1342 1079 Ubi
1368 1039 1497 1094 ergo
1528 1024 1601 1079 illi
1632 1063 1649 1090 ,
1696 1023 1789 1094 qui

204 1126 300 1179 per
357 1110 494 1166 hanc
560 1112 856 1167 orationem
910 1113 1246 1167 occasionem
1312 1112 1788 1183 perpetrandorum

202 1202 444 1269 quotidie
464 1204 723 1258 scelerum
753 1213 1001 1274 qumrunt
1019 1244 1034 1269 ,
1063 1204 1245 1259 dicunt
1273 1205 1555 1259 Dominum
1586 1204 1791 1275 signiﬁ-

200 1305 355 1347 casse
379 1293 543 1348 etiam
575 1308 763 1364 magna
793 1303 1009 1363 peccata
1033 1335 1048 1360 ,
1079 1296 1331 1363 quoniam
1356 1309 1462 1349 non
1488 1294 1624 1350 dixit
1648 1334 1663 1360 ,
1692 1294 1788 1349 Di-

200 1382 376 1436 mittet
400 1383 549 1438 vobis
580 1399 759 1453 parva,
789 1384 884 1439 sed
912 1395 1118 1454 peccata
1144 1396 1307 1440 vestra
1330 1400 1351 1440 :
1380 1386 1449 1440 ibi
1476 1401 1574 1441 nos
1601 1386 1784 1441 cousi-

199 1471 452 1527 derantes
483 1473 729 1542 qualibus
756 1474 1075 1545 loquebatur
1103 1516 1120 1542 ,
1168 1475 1520 1547 etandientes
1545 1476 1744 1531 dictum
1766 1518 1782 1544 ,

199 1572 404 1630 peccata
430 1573 589 1617 vestra
612 1604 627 1629 ,
675 1564 805 1619 nihil
840 1565 983 1620 aliud
1011 1566 1267 1621 debemus
1290 1568 1596 1622 existimare
1622 1583 1783 1639 quam

202 1667 386 1721 parva,
413 1655 662 1722 quoniam
708 1655 889 1710 talium
935 1655 1046 1726 jam
1091 1672 1198 1713 non
1243 1667 1397 1713 erant
1436 1674 1649 1729 magna.
1679 1658 1785 1715 Ve-

198 1754 495 1800 rumtamen
526 1761 627 1802 nec
656 1747 768 1817 ipsa
799 1762 1011 1818 magna,
1041 1764 1071 1804 a
1101 1748 1293 1819 quibus
1318 1752 1537 1805 omnino
1564 1752 1785 1808 mutatis

196 1834 250 1888 in
279 1835 469 1890 melius
497 1836 732 1892 moribus
763 1838 1117 1893 recedendum
1140 1847 1243 1905 est,
1267 1838 1606 1894 dimittuntur
1625 1856 1784 1896 oran-

196 1925 361 1992 tibus,
391 1926 493 1981 nisi
519 1926 611 1981 fiat
634 1927 776 1997 q-uod
800 1928 872 1983 ibi
892 1928 1107 1992 dicitur,
1138 1930 1267 1983 sicut
1294 1939 1341 1985 et
1362 1947 1453 1985 nos
1481 1931 1782 1986 dimittimus

192 2017 500 2072 debitoribus
523 2020 728 2075 nostris.
757 2019 813 2075 Si
834 2020 977 2074 enim
1001 2020 1220 2075 minima
1245 2030 1484 2090 peccata,
1507 2022 1625 2077 sine
1657 2021 1791 2092 quid

196 2108 299 2163 bus
327 2125 432 2171 non
460 2119 543 2165 est
569 2111 729 2165 etiam
759 2111 864 2166 vita
888 2111 1176 2181 justorum,
1199 2112 1354 2167 aliter
1378 2128 1482 2167 non
1502 2113 1782 2167 remittun-

198 2208 318 2253 tur:
344 2210 545 2270 quanto
566 2202 737 2272 magis
764 2202 947 2258 multis
971 2198 1032 2258 et'
1050 2204 1255 2271 magnis
1282 2204 1594 2259 criminibus
1626 2205 1780 2259 invo-

190 2290 333 2353 luti,
380 2291 590 2347 etiamsi
636 2308 698 2348 ea
733 2302 1046 2363 perpetrare
1088 2294 1197 2365 jam
1248 2293 1531 2359 desinant,
1581 2296 1777 2351 nullam

188 2382 577 2452 indulgentiam
610 2394 1011 2454 consequuntur
1033 2425 1049 2450 ,
1090 2386 1132 2439 si
1160 2385 1226 2439 ad
1255 2386 1632 2441 remittendum
1660 2387 1780 2444 aliis

187 2475 333 2543 quod
362 2476 414 2529 in
442 2490 536 2530 eos
562 2476 788 2546 quisque
816 2476 1141 2547 peccaverit,
1172 2476 1527 2533 inexorabiles
1558 2478 1776 2546 fuerint,

190 2582 316 2621 cum
341 2568 483 2622 dicat
501 2568 757 2623 Dominus
777 2609 792 2633 ,
834 2568 895 2622 Si
936 2577 1099 2622 autem
1130 2584 1228 2622 non
1250 2569 1539 2623 dimiseritis
1565 2570 1783 2623 homini-

184 2659 280 2713 bus
297 2659 339 2725 ¹,
364 2677 522 2730 neque
548 2660 708 2714 Pater
734 2670 893 2714 vester
922 2661 1135 2714 dimittet
1161 2662 1297 2715 vobis
1330 2660 1537 2733 (Matth.
1562 2678 1635 2728 vI,
1664 2661 1780 2732 ιδῃ

186 2749 271 2803 Ad
300 2749 402 2805 hoc
433 2752 576 2805 enim
609 2751 751 2807 valet
777 2751 919 2822 qmd
942 2751 1102 2806 etiam
1132 2751 1363 2806 Jacobus
1385 2752 1658 2822 apostolus
1681 2751 1776 2817 ait,

182 2842 447 2912 judicium
476 2842 708 2898 futurum
739 2844 856 2899 sine
886 2844 1248 2899 misericordia
1281 2845 1353 2899 illi
1385 2845 1473 2915 qui
1516 2860 1620 2899 non
1656 2844 1780 2900 fecit

183 2933 617 2989 misericordiam
661 2932 883 3008 (Jacobi
911 2952 968 3001 ιι,
1000 2934 1133 3009 15).
1178 2937 1373 2991 Venire
1399 2938 1595 3007 quippe
1618 2936 1779 2993 debet

182 3025 240 3078 in
276 3032 511 3079 mentem
553 3025 713 3079 etiam
751 3040 941 3080 servus
970 3026 1059 3080 ille
1090 3067 1106 3093 ,
1149 3027 1234 3082 cui
1264 3027 1488 3083 debitori
1525 3028 1776 3084 dominus

182 3116 337 3185 ejus'
361 3117 621 3171 relaxavit
645 3116 830 3173 decem
859 3117 1021 3172 millia
1046 3118 1365 3174 talentorum
1389 3134 1404 3185 ;
1446 3135 1567 3189 qua:
1594 3129 1778 3190 postea

182 3208 346 3275 jussit
376 3215 433 3261 ut
471 3206 760 3273 redderet,
814 3208 936 3278 quia
982 3207 1096 3278 ipse
1126 3224 1233 3263 non
1256 3208 1507 3265 misertus
1532 3220 1614 3264 est
1642 3224 1776 3264 con-

184 3299 332 3353 servi
360 3298 592 3369 sui,qui
623 3300 672 3353 ei
699 3298 930 3354 debebat
977 3309 1192 3355 centum
1242 3298 1492 3356 denarios
1542 3300 1774 3374 (Matth.

183 3403 335 3454 xvnt,
368 3388 439 3443 25
465 3388 621 3462 sqq).
655 3390 708 3444 In
740 3389 821 3445 his
849 3405 978 3460 ergo
1004 3391 1093 3461 qui
1128 3391 1223 3446 filii
1250 3401 1375 3447 sunt
1407 3393 1778 3463 promissionis

183 3488 244 3534 et
269 3495 392 3533 vasa
417 3480 824 3546 misericordiae,
855 3481 999 3537 valet
1023 3484 1165 3552 quod
1192 3484 1268 3538 ait
1302 3484 1444 3539 idem
1476 3487 1772 3554 apostolus,

185 3583 585 3641 consequenter
607 3572 932 3642 adjnngens,
968 3573 1355 3643 Super-exsultat
1382 3585 1547 3629 autem
1577 3577 1773 3630 miseri-

190 3660 371 3714 cordia
403 3661 605 3732 judicio
630 3661 659 3692 ⁸
694 3660 913 3733 (Jacobi
935 3678 990 3727 ιι,
1025 3663 1092 3718 l5
1117 3662 1157 3734 ).
1177 3663 1438 3730 Quoniam
1467 3674 1518 3720 et
1550 3666 1624 3720 illi
1644 3666 1774 3736 justi

181 3755 277 3824 qui
307 3765 449 3808 tanta
489 3755 773 3810 sanctitate
816 3755 1101 3822 vixerunt,
1150 3766 1207 3810 ut
1231 3756 1366 3811 alios
1392 3772 1602 3827 quoque
1634 3760 1773 3813 reci-

182 3847 338 3916 piant
366 3847 416 3900 in
440 3846 777 3902 tabernacula
799 3854 996 3901 mterna
1018 3888 1034 3914 ,
1081 3848 1273 3918 quibus
1314 3848 1469 3903 amici
1496 3848 1618 3904 facti
1646 3857 1777 3906 sunt

184 3936 257 3992 de
284 3953 586 3991 mammona
615 3937 905 4009 iniquitatis
923 3936 1074 4007 (Luc.
1107 3954 1217 4003 xvr,
1237 3938 1315 4008 9),
1338 3948 1393 3992 ut
1423 3939 1555 3993 tales
1569 3949 1770 4006 essent,

186 4028 553 4083 misericordia
583 4028 791 4083 liberati
815 4038 940 4084 sunt
963 4030 1031 4084 ab
1060 4045 1124 4085 eo
1151 4030 1238 4100 qui
1259 4029 1771 4102 justifieatimpium,

186 4118 459 4187 impntans
487 4120 789 4175 mercedem
822 4119 1115 4175 secundum
1146 4121 1371 4190 gratiam
1398 4162 1413 4185 ,
1443 4137 1547 4175 non
1579 4137 1771 4176 secun-

185 4212 316 4265 dum
337 4210 596 4265 debitum.
618 4210 671 4265 ln
698 4227 882 4266 eorum
900 4210 1094 4281 quippe
1106 4225 1329 4267 numero
1358 4220 1440 4266 est
1466 4212 1770 4281 Apostolus,

185 4305 279 4375 qui
308 4304 468 4359 dicit:
522 4305 929 4359 Misericordiam
973 4314 1271 4357 consecutus
1317 4320 1467 4368 sum,
1520 4313 1575 4357 ut
1610 4304 1775 4373 ﬁdelis

185 4411 345 4449 essem
368 4394 412 4467 (ι
438 4395 555 4449 Cor.
588 4411 683 4462 vn,
713 4395 828 4465 25).

260 4487 315 4541 5.
363 4487 442 4542 llli
476 4497 652 4543 autem
678 4487 768 4557 qui
806 4487 1134 4557 recipiuntur
1162 4500 1191 4541 a
1220 4485 1413 4541 talibus
1439 4486 1490 4540 in
1524 4484 1773 4540 taberna-

184 4579 306 4634 cula
335 4589 557 4642 aeterna,
590 4578 861 4633 fatendum
890 4588 973 4632 est
1000 4578 1141 4648 quod
1165 4593 1270 4632 non
1293 4578 1398 4631 sint
1431 4577 1512 4632 his
1538 4577 1775 4632 moribus

188 4670 434 4738 praediti,
477 4678 535 4724 ut
581 4671 660 4725 eis
689 4668 979 4725 liberandis
1018 4670 1135 4722 sine
1174 4667 1430 4739 suffragio
1466 4677 1773 4722 sanctorum

188 4773 287 4814 sua
317 4760 483 4829 possit
520 4761 627 4815 vita
661 4760 905 4815 sufficere
935 4801 951 4825 ,
989 4775 1054 4815 ac
1081 4773 1177 4828 per
1214 4759 1318 4813 hoc
1352 4757 1521 4812 multo
1546 4758 1775 4829 amplius

189 4853 243 4905 in
275 4851 353 4906 eis
380 4852 774 4921 superexsultat
809 4850 1177 4907 misericordia
1199 4849 1421 4920 judicio.
1453 4847 1563 4904 Nec
1595 4859 1771 4904 tamen

188 4940 317 4996 ideo
353 4942 619 5011 putandus
653 4952 734 4997 est
775 4942 1053 5012 quisquam
1088 4939 1533 4994 sceleratissimus
1570 4954 1775 5008 nequa-

184 5034 485 5103 quam-vita
513 5034 593 5087 vel
621 5034 759 5087 bona
804 5032 887 5088 vel
912 5032 1275 5087 tolerabiliore
1305 5039 1536 5084 mutatus
1557 5070 1572 5095 ,
1607 5029 1773 5101 recipi

188 5126 243 5179 in
278 5126 619 5181 tabernacula
649 5136 846 5180 aeterna
868 5166 883 5191 ,
915 5125 1167 5193 quoniam
1213 5122 1500 5177 obsecutus
1527 5130 1609 5176 est
1643 5136 1773 5175 san-

184 5218 289 5273 clis
317 5218 386 5272 de
402 5233 704 5273 mammona
730 5216 1045 5287 iniquitatis,
1076 5215 1125 5269 id
1151 5222 1234 5269 est
1254 5256 1267 5278 ,
1296 5214 1365 5268 de
1395 5213 1617 5283 pecunia
1640 5252 1656 5279 ,
1688 5209 1773 5266 vel

183 5308 427 5374 divitiis,
469 5323 589 5378 quae
632 5308 771 5362 male
813 5308 1023 5362 fuerant
1065 5305 1376 5375 acquisitaa;
1424 5311 1517 5358 aut
1557 5301 1770 5357 etiamsi

184 5398 347 5464 bene,
376 5414 483 5453 non
514 5408 694 5454 tamen
716 5398 886 5464 veris,
913 5396 1007 5453 sed
1032 5412 1164 5468 quas
1191 5396 1442 5467 iniquitas
1477 5402 1626 5465 putat
1651 5408 1773 5449 esse

250 5597 268 5627 ⁸
304 5596 386 5669 [tie
408 5596 458 5645 in
490 5595 637 5647 editis
666 5594 885 5655 addimr,
928 5600 1126 5658 peccata
1140 5607 1160 5656 ;
1194 5592 1325 5657 quod
1361 5593 1504 5644 abest
1545 5602 1575 5641 ιι
1608 5602 1776 5641 manu-

180 5663 391 5718 Scriptis.

251 5722 270 5749 ³
295 5720 369 5767 sic
399 5724 508 5767 Mss.
534 5724 589 5768 At
607 5717 742 5776 editi,
771 5714 993 5767 dominus
1013 5730 1147 5767 suus.

250 5779 271 5811 ³
305 5780 440 5839 Edili,
464 5780 798 5842 supereaqattat
820 5778 1156 5842 adserit-ordia
1166 5775 1431 5839 judicium.
1452 5781 1615 5825 Altera
1634 5781 1775 5825 vete-

173 5852 303 5904 tum
316 5839 630 5904 quorumdam
645 5839 894 5904 (librorum
934 5839 1083 5904 lectio
1103 5846 1430 5893 consentanea
1467 5845 1545 5889 est
1588 5849 1771 5901 graeco,

177 5899 266 5952 hui
288 5899 654 5959 htitukauchdtai
669 5902 794 5955 dicos
816 5899 1017 5954 kriscds.

1377 455 1573 512 LIBER
1615 456 1888 513 VIGESlM
1897 456 1980 514 US
2018 458 2290 517 PRIMUS.

211 570 267 625 Si
294 568 608 624 dimiseritis
637 580 852 638 peccata
881 568 1202 633 hominibus,
1244 580 1295 624 et
1324 568 1481 625 Pater
1509 580 1685 626 vester
1708 570 1789 625 di—
1826 626 1847 641 ,

3370 469 3475 526 750

1901 570 2135 637 divitias,
2153 573 2405 641 quoniam
2426 574 2723 646 nescitquae
2743 575 2853 632 sint
2874 588 3014 632 vera:
3038 577 3259 646 divitiaz,
3284 580 3478 650 quibus

1904 660 1978 715 illi
2006 662 2317 728 abundant,
2349 664 2438 733 qui
2465 674 2520 719 et
2537 665 2673 720 alios
2698 664 2962 734 rccipiunt
2986 667 3038 722 in
3067 677 3265 724 aeterna
3292 671 3473 726 taber-

1900 751 2107 806 nacula.
2140 751 2237 807 Est
2265 753 2440 823 itaque
2454 755 2666 825 quidam
2686 757 2806 811 vitm
2827 757 3037 821 modus,
3057 774 3155 814 nee
3176 768 3281 815 tam
3299 763 3475 829 malm,

1901 850 1959 894 ut
1984 840 2066 895 his
2088 842 2179 913 qui
2204 858 2321 896 eam
2350 845 2529 899 vivunt
2566 845 2611 911 ⁸,
2650 845 2775 900 nihil
2808 847 2975 916 prosit
2999 847 3066 901 ad
3088 851 3473 918 capessendum

1900 947 2123 1003 regnum
2175 935 2437 989 cmlorum
2479 935 2695 1006 largitas
2732 938 3195 1009 eleemosynarum
3222 982 3239 1008 ,
3286 944 3479 1012 quibus

1898 1024 2057 1078 etiam
2080 1024 2347 1093 justorum
2376 1035 2705 1082 sustentatur
2728 1029 2903 1099 inopia
2924 1070 2939 1094 ,
2961 1040 3017 1085 et
3041 1032 3174 1086 [lunt
3199 1034 3357 1089 amici
3387 1035 3477 1104 qui

1898 1113 1951 1167 in
1980 1112 2319 1170 tabernacula
2342 1125 2541 1171 aeterna
2574 1118 2902 1188 suscipiant;
2940 1135 3041 1175 nec
3069 1129 3175 1177 tam
3197 1122 3352 1178 bonas
3371 1164 3386 1188 ,
3418 1134 3478 1179 ut

1895 1203 1963 1259 ad
2011 1213 2211 1260 tantam
2249 1205 2629 1263 beatitudinem
2658 1208 3054 1277 adipiscendam
3082 1211 3161 1266 eis
3191 1212 3303 1281 ipsa
3330 1215 3480 1267 suffi-

1882 1296 2020 1362 ciat,
2049 1298 2152 1352 nisi
2174 1312 2360 1354 eorum
2386 1299 2594 1354 meritis
2614 1315 2750 1372 quos
2779 1301 2982 1355 amicos
3021 1301 3280 1370 fecerint,
3313 1305 3477 1359 mise-

1893 1385 2177 1441 ricordiam
2217 1399 2634 1458 consequantur.
2665 1389 2685 1461 (
2711 1390 2888 1444 Mirari
2905 1399 3084 1447 autem
3117 1393 3267 1448 soleo
3308 1394 3473 1448 etiam

1891 1476 2031 1546 apud
2074 1476 2350 1547 Virgilium
2394 1479 2549 1535 istam
2593 1480 2805 1535 Domini
2848 1482 3073 1550 reperiri
3101 1484 3421 1541 sententiam
3452 1524 3469 1550 ,

1892 1568 1980 1623 ubi
2010 1568 2084 1623 ait
2107 1587 2121 1623 :
2154 1568 2335 1624 Facite
2360 1571 2497 1625 vobis
2517 1571 2707 1625 amicos
2735 1572 2798 1626 de
2822 1588 3110 1628 mammona
3149 1574 3432 1643 iniquitatis
3454 1617 3470 1640 ,

1890 1667 1947 1711 ut
1968 1668 2016 1712 et
2044 1659 2143 1726 ipsi
2168 1660 2416 1731 recipiant
2440 1676 2527 1714 vos
2555 1661 2607 1714 in
2630 1661 2951 1716 tabernacula
2969 1672 3159 1718 wterna
3184 1662 3336 1735 (Luc.
3358 1682 3472 1732 xvn,

1889 1748 1969 1818 9).
2009 1747 2178 1817 Cujus
2205 1759 2286 1804 est
2315 1759 2369 1805 et
2399 1749 2487 1804 illa
2515 1751 2807 1817 simillima,
2849 1752 2950 1816 Qui
2970 1753 3146 1822 recipit
3171 1754 3472 1824 prophetam

1887 1840 1940 1893 in
1969 1841 2170 1894 nomine
2196 1841 2454 1910 prophetia
2479 1881 2495 1907 ,
2523 1840 2801 1896 mercedem
2840 1842 3100 1914 praphetat
3134 1844 3343 1914 accipiet
3360 1886 3378 1910 ,
3422 1856 3471 1900 et

1886 1930 1972 1999 qui
1992 1930 2173 1998 recipit
2192 1930 2391 2000 justum
2411 1931 2463 1985 in
2492 1932 2691 1986 nomine
2709 1933 2857 2004 justi,
2880 1936 3156 1989 mercedem
3172 1935 3305 2006 justi
3324 1937 3466 1989 acci-

1887 2022 1989 2091 piet
2016 2021 2036 2092 (
2064 2022 2250 2077 Matth.
2278 2039 2334 2091 x,
2362 2024 2423 2078 il
2456 2023 2501 2094 ).
2528 2023 2658 2078 Nam
2688 2040 2808 2079 cunt
2834 2025 3043 2097 Elysios
3066 2041 3284 2096 campos
3309 2037 3463 2098 poeta

1887 2113 1979 2169 ille
1998 2114 2348 2182 describeret,
2370 2116 2458 2170 ubi
2476 2126 2661 2186 putant
2682 2116 2922 2172 habitare
2942 2118 3150 2173 animas
3170 2118 3469 2187 beatorum,

1887 2221 1993 2260 non
2021 2205 2193 2260 solum
2216 2205 2287 2260 ibi
2308 2207 2487 2275 posuit
2512 2221 2624 2273 eos,
2658 2208 2748 2278 qui
2769 2208 3000 2278 propriis
3020 2209 3225 2264 meritis
3249 2209 3317 2265 ad
3347 2210 3467 2267 illas

1885 2288 2040 2345 sedes
2066 2289 2344 2359 pervenire
2373 2299 2680 2360 potuerunt,
2708 2291 2802 2347 sed
2822 2291 3040 2362 adjecit,
3062 2300 3226 2363 atque
3254 2294 3331 2349 ait
3357 2334 3375 2361 ,

1946 2420 2132 2483 Quique
2151 2422 2225 2471 sui
2244 2434 2486 2473 memores
2502 2422 2622 2473 alios
2644 2422 2811 2485 fecere
2834 2424 3071 2475 merendo
3094 2439 3111 2485 ;

2502 2486 2523 2547 (
2547 2484 2730 2537 mid.
2756 2484 2840 2536 tib.
2854 2486 2904 2547 6,
2924 2499 3050 2537 vers.
3072 2484 3227 2552 664.)

1885 2580 1939 2637 id
1961 2592 2044 2639 est
2067 2624 2082 2650 ,
2110 2584 2199 2655 qui
2231 2595 2641 2656 promeruerunt
2667 2587 2800 2643 alios
2819 2629 2835 2655 ,
2868 2603 3067 2659 eosque
3086 2590 3169 2645 sui
3200 2600 3466 2647 metueres

1885 2674 2243 2742 promerendo
2264 2675 2526 2731 fecerunt.
2545 2677 2772 2732 Prorsus
2795 2688 3045 2748 tanquam
3062 2680 3141 2734 eis
3159 2679 3399 2736 dicerent
3414 2683 3459 2744 ³.

1884 2763 2025 2834 quod
2054 2764 2421 2836 frequentatur
2439 2783 2533 2822 ore
2547 2768 2867 2831 Christiano,
2899 2785 3017 2823 cum
3052 2784 3111 2825 se
3130 2770 3320 2841 cuique
3345 2787 3469 2826 ssn-

1885 2866 2092 2914 ctorum
2119 2858 2334 2913 humilis
2361 2860 2586 2930 quisque
2615 2861 2974 2926 commendat,
3002 2870 3057 2916 et
3088 2862 3238 2928 dicit,
3270 2862 3469 2917 Memor

1884 2950 1989 3005 mei
2021 2960 2170 3006 esto:
2202 2962 2360 3022 atque
2373 2962 2429 3006 ut
2458 2952 2510 3006 id
2531 2966 2653 3007 esse
2669 2954 2858 3023 possit,
2877 2953 3230 3022 promerendo
3254 2952 3466 3024 eftieit.)

1884 3041 1991 3098 Sed
2033 3043 2154 3113 quis
2199 3042 2300 3099 iste
2337 3044 2408 3098 sit
2440 3042 2665 3107 modus,
2693 3053 2749 3099 et
2787 3058 2908 3115 qua:
2934 3045 3040 3099 sint
3068 3045 3181 3114 ipsa
3208 3053 3423 3116 peccata
3447 3086 3465 3109 ,

1884 3149 2004 3205 qua:
2030 3134 2102 3190 ita
2130 3135 2430 3206 impediunt
2453 3135 2857 3205 perventionem
2891 3136 2955 3190 ad
2990 3151 3212 3207 regnum
3242 3137 3335 3192 Dei
3363 3176 3379 3198 ,
3411 3147 3468 3191 ut

1884 3236 2063 3283 tamen
2095 3237 2399 3283 sanctorum
2418 3228 2712 3283 amicorum
2741 3227 2949 3283 meritis
2979 3228 3266 3297 impetrent
3292 3227 3467 3282 indul-

1883 3322 2138 3390 gentiam,
2166 3320 2537 3376 difficillimum
2564 3329 2648 3377 est
2674 3320 2933 3388 invenire,
2953 3321 3467 3391 periculosissimum

1882 3409 2130 3468 definire.
2181 3412 2295 3483 Ego
2334 3423 2481 3470 certe
2524 3429 2693 3485 usque
2728 3413 2794 3469 ad
2826 3414 2927 3470 hoc
2960 3424 3170 3484 tempus
3190 3429 3313 3469 cum
3342 3414 3465 3469 inde

1882 3510 2202 3572 satagerem,
2228 3502 2294 3556 ad
2322 3518 2509 3558 eorum
2536 3503 2836 3574 indaginem
2852 3504 3133 3573 pervenire
3152 3519 3265 3559 anon
3293 3505 3459 3574 potui.

1882 3591 1951 3645 Et
1978 3591 2223 3646 fortassis
2251 3603 2532 3662 propterea
2563 3594 2765 3660 latent,
2801 3610 2868 3649 ne
2888 3593 3124 3649 studium
3154 3594 3462 3661 proficiendi

1882 3681 1947 3735 ad
1977 3682 2156 3736 omnia
2182 3690 2405 3751 peccata
2428 3682 2662 3737 cavenda
2693 3684 2976 3752 pigrescat.
3007 3683 3267 3750 Quoniam
3288 3684 3333 3737 si
3362 3685 3459 3738 sci.

1882 3782 2068 3829 rentur
2104 3789 2223 3844 qua:
2247 3774 2333 3829 vel
2361 3775 2536 3844 qualia
2560 3775 2668 3829 sint
2696 3774 2890 3829 delicta
2914 3812 2931 3841 ,
2964 3789 3063 3844 pro
3086 3774 3280 3844 quibus
3302 3775 3461 3829 etiam

1882 3865 2317 3934 permanentibus
2344 3880 2441 3920 nec
2469 3864 2711 3933 profectu
2741 3865 2861 3919 vita:
2899 3864 3134 3919 melioris
3170 3863 3468 3934 absumptis

1882 3956 2196 4010 intercessio
2225 3957 2292 4011 sit
2324 3955 2634 4026 inquirenda
2673 3964 2736 4010 et
2772 3955 3034 4026 speranda
3059 3955 3362 4026 justorum,
3385 3957 3465 4011 eis

1882 4064 2070 4104 secura
2117 4065 2176 4105 se
2205 4050 2515 4104 obvolveret
2544 4050 2773 4104 humana
2814 4048 3069 4119 segnities
3097 4089 3113 4115 ,
3162 4063 3261 4103 nec
3288 4048 3461 4104 evolvi

1884 4143 2076 4197 talibus
2096 4142 2506 4212 implicamentis
2534 4142 2694 4198 ullius
2713 4142 2923 4197 virtutis
2951 4141 3290 4212 expeditione
3310 4157 3467 4196 cura-

1882 4232 2012 4297 ret',
2044 4233 2138 4288 sed
2167 4233 2536 4289 tantummodo
2556 4242 2823 4303 quaereret
2848 4233 3073 4289 aliorum
3103 4234 3306 4289 meritis
3336 4233 3467 4289 libe-

1882 4323 2011 4390 rari,
2042 4339 2176 4394 quos
2212 4324 2412 4379 amicos
2434 4324 2533 4379 sibi
2557 4326 2625 4381 de
2663 4340 2966 4379 mammona
2990 4325 3283 4395 iniquitatis
3322 4326 3467 4380 elee-

1882 4430 2226 4487 mosynarum
2278 4416 2562 4486 largitione
2609 4416 2631 4449 ³
2672 4417 2907 4472 fecisset.
2956 4417 3108 4472 Nunc
3156 4433 3285 4472 vero
3336 4417 3462 4471 dum

1882 4507 2107 4562 venialis
2152 4505 2493 4577 iniquitatis,
2529 4506 2742 4562 etiamsi
2783 4514 3091 4576 perseveret
3121 4546 3136 4572 ,
3194 4508 3471 4576 ignoratur

1883 4597 2113 4661 modus,
2152 4596 2393 4666 profecto
2435 4606 2491 4652 et
2538 4597 2774 4652 studium
2807 4597 2859 4650 in
2899 4596 3122 4651 meliora
3152 4596 3465 4666 proficiendi

1882 4689 2109 4744 orationi
2136 4689 2386 4744 instando
2414 4687 2437 4720 ⁵
2463 4688 2772 4759 vigilantius
2801 4688 3085 4743 adhibetur
3108 4728 3124 4755 ,
3156 4696 3210 4743 et
3238 4687 3465 4743 faciendi

1881 4780 1951 4836 de
2002 4794 2304 4835 mammona
2352 4779 2647 4849 iniquitatis
2688 4787 2904 4836 sanctos
2947 4777 3150 4833 amicos
3179 4794 3307 4833 cura
3355 4793 3460 4832 non

1882 4870 2171 4924 spernitur.

1947 4885 2171 4924 ernnur.

1911 4885 2008 5014 p6.
2050 4959 2247 5015 Verum
2280 4960 2375 5013 ista
2396 4958 2638 5013 liberatio
2665 4973 2785 5028 quae
2811 4957 2868 5012 fit
2895 4958 3006 5012 sive
3032 4957 3143 5011 suis
3167 4956 3467 5027 quibusque

1882 5050 2213 5106 orationibus
2235 5092 2249 5115 ,
2281 5051 2392 5105 sive
2421 5047 2874 5104 intercedentibus
2907 5047 3105 5102 sanctis
3128 5089 3145 5114 ,
3177 5047 3227 5101 id
3269 5045 3376 5115 agit
3410 5055 3466 5100 ut

1882 5141 1935 5197 in
1965 5141 2139 5211 ignem
2169 5140 2391 5211 quisque
2415 5156 2519 5195 non
2545 5140 2781 5194 mittatur
2802 5146 3061 5193 :eternum
3091 5155 3104 5191 :
3130 5153 3233 5192 non
3264 5143 3322 5191 ut
3343 5152 3463 5191 cum

1880 5233 2040 5289 fuerit
2087 5234 2317 5299 missus,
2364 5240 2488 5303 post
2538 5239 3024 5302 quantumcumque
3075 5238 3283 5299 tempus
3341 5226 3465 5283 inde

1880 5332 2117 5381 eruatur.
2145 5323 2276 5378 Nam
2304 5334 2360 5378 et
2389 5323 2462 5377 illi
2483 5322 2571 5390 qui
2592 5329 2781 5393 putant
2800 5321 2877 5375 sic
2901 5319 3298 5390 intelligendqu
3323 5333 3463 5386 esse,

1881 5418 2023 5488 quod
2070 5417 2325 5486 scriptum
2368 5424 2482 5480 est,
2530 5414 2722 5470 afferre
2772 5422 2970 5469 terram
3017 5411 3208 5465 bonam
3244 5409 3466 5465 uberem

1883 5508 2146 5578 fructum,
2183 5509 2340 5564 aliam
2391 5509 2651 5564 tricenum
2674 5546 2691 5574 ,
2712 5506 2872 5561 aliam
2922 5520 3280 5576 sexagenum,
3308 5504 3469 5559 aliam

1945 5648 1963 5680 ί
1997 5653 2107 5696 nov.
2133 5644 2218 5710 qui
2236 5657 2295 5695 ea
2316 5641 2492 5694 vivunt.
2515 5640 2633 5692 Editi
2650 5638 2732 5690 alii
2753 5652 2864 5691 cum
2887 5638 3244 5701 manuscriptis,
3268 5636 3353 5703 qui
3366 5649 3473 5689 eam

1868 5708 2056 5760 vivunt.

1950 5774 1969 5803 ²
2005 5778 2067 5819 tta
2091 5780 2262 5817 omnes
2284 5773 2390 5815 Mss.
2418 5772 2473 5815 Αι
2498 5764 2634 5826 editi,
2660 5761 2860 5815 diceret.

1949 5834 1969 5865 ³
2007 5838 2055 5879 tn
2080 5839 2168 5879 Mss
2191 5863 2207 5889 ,
2231 5827 2470 5890 largitate.

1949 5894 1969 5927 δ
2006 5894 2137 5943 ﬁnd.
2166 5881 2265 5943 A'm.
2287 5881 2340 5943 οἳ
2362 5889 2531 5954 pfures
2550 5886 2882 5952 manuscripti,
2901 5884 3088 5937 orando
3110 5891 3154 5936 et
3169 5881 3405 5935 instando.
