4118 6528
581 452 673 504 an
950 425 953 427 ’
1630 436 1716 490 DE
1755 433 2070 489 CIVITATE
2114 432 2241 497 om,
2282 430 2339 486 s.
2383 429 2744 486 AUGUSTI)"
3697 433 3787 490 752

581 569 862 616 centenum
882 555 1087 627 (Matth.
1123 567 1237 617 inn,
1269 551 1322 618 8)
1349 568 1359 602 :
1392 556 1451 603 ut
1497 549 1662 601 sancti
1695 561 1790 614 pro
1817 558 2029 598 suorum
2057 542 2140 596 di-

584 650 832 704 versitate
857 650 1162 700 meritorum
1182 684 1195 706 ,
1224 642 1308 695 alii
1347 641 1574 694 tricenos
1604 637 1844 691 homines
1884 635 2106 688 liberent
2124 672 2139 696 ,

582 740 672 793 alii
697 750 986 810 sexagenos
1008 776 1021 802 ,
1053 733 1138 786 alii
1165 741 1452 786 centenos:
1484 727 1586 782 hoc
1622 727 1674 780 in
1695 726 1779 779 die
1799 724 1976 793 judicii
2003 722 2142 775 futu-

584 843 700 881 rum
747 826 1000 895 suspicari
1043 823 1216 877 solent
1237 863 1252 886 ,
1278 835 1383 874 non
1423 827 1544 888 post
1582 816 1856 886 judicium.
1884 814 1993 879 Qua
2027 813 2143 880 opi-

585 921 742 974 nione
771 917 982 987 quidam
1010 929 1128 970 cum
1157 913 1358 969 videret
1385 910 1627 965 homines
1655 907 2016 976 impunitatem
2046 901 2143 954 sibi

584 1007 983 1078 perversissime
1021 1004 1332 1073 pollicentes
1353 1040 1367 1065 ,
1396 1014 1462 1054 eo
1483 997 1622 1068 quod
1650 1007 1834 1050 omnes
1862 993 1962 1046 isto
1989 989 2145 1042 modo

581 1100 645 1152 ad
680 1097 1041 1152 liberationem
1071 1093 1334 1162 pertinuere
1364 1104 1518 1159 posse
1538 1087 1834 1149 videantur,
1863 1081 2144 1150 elegantis-

582 1189 716 1241 sime
741 1184 1077 1254 respondisse
1105 1181 1428 1251 perhibetur,
1458 1179 1592 1232 bene
1619 1176 1789 1245 potius
1811 1185 1926 1226 esse
1957 1171 2146 1223 viven-

580 1276 740 1340 dum,
773 1284 830 1328 ut
858 1276 994 1327 inter
1039 1288 1133 1327 eos
1171 1270 1397 1340 quisque
1435 1268 1746 1337 reperiatur,
1776 1261 1865 1332 qui
1903 1275 1995 1329 pro
2031 1258 2147 1312 aliis

583 1366 923 1421 intercessuri
956 1371 1077 1417 sunt
1107 1359 1432 1424 liberandis;
1466 1373 1532 1412 ne
1567 1366 1674 1409 tam
1719 1352 1869 1422 pauci
1916 1349 2023 1404 sint
2045 1390 2059 1415 ,
2092 1357 2148 1402 ut

581 1458 688 1511 cito
711 1457 776 1510 ad
798 1468 1074 1510 numerum
1097 1466 1248 1505 smnn
1279 1450 1361 1504 vel
1389 1448 1668 1512 tricenum,
1692 1445 1772 1498 vel
1799 1454 2144 1510 sexagenum,

2246 542 2327 597 vel
2357 552 2636 597 centenum
2682 553 2997 610 unoquoque
3038 553 3223 594 eorum
3264 541 3636 609 perveniente,
3661 547 3792 601 multi

2248 642 2557 689 remaneant
2580 633 2668 701 qui
2693 633 2807 686 erui
2828 631 2936 700 jam
2971 631 3037 686 de
3081 631 3252 701 pannis
3301 633 3512 687 illorum
3562 631 3792 692 interces-

2245 721 2396 776 sione
2426 737 2530 775 non
2561 722 2791 790 possint,
2821 730 2874 775 et
2919 723 2970 774 in
3009 721 3088 776 eis
3121 722 3418 776 inveniatur
3447 723 3678 792 quisquis
3706 728 3792 782 sibi

2246 826 2393 880 spem
2435 812 2632 865 fructus
2654 811 2809 865 alieni
2855 811 3150 865 temeritate
3187 812 3474 866 vanissima
3523 815 3792 882 pollicetur.

2249 901 2372 955 ιιωο
2422 917 2507 956 me
2554 901 2889 970 respondisse
2938 901 3039 955 illis
3073 901 3376 968 suffecerit,
3403 903 3494 972 qui
3550 919 3797 962 sacrarum

2247 992 2564 1046 Litterarum
2593 1033 2608 1058 ,
2639 1007 2769 1062 quas
2795 1006 3105 1046 communes
3131 992 3384 1047 habemus
3407 1033 3424 1059 ,
3453 997 3796 1052 auctoritatem

2249 1099 2352 1138 non
2381 1092 2676 1152 spernunt,
2708 1084 2800 1137 sed
2842 1098 2933 1137 eas
2960 1085 3098 1139 male
3141 1085 3514 1155 intelligendo,
3546 1101 3647 1140 non
3675 1090 3801 1157 quod

2248 1173 2353 1227 illae
2391 1174 2709 1242 loquuntur,
2735 1172 2827 1227 sed
2874 1173 2978 1228 hoc
3003 1174 3175 1242 potius
3215 1183 3398 1243 putant
3429 1176 3658 1230 futurum
3695 1194 3802 1235 esse

2249 1263 2389 1332 quod
2417 1265 2514 1332 ipsi
2545 1265 2729 1318 volunt
2755 1261 2850 1334 (α).
2881 1264 2990 1319 Hac
3019 1266 3194 1334 itaque
3216 1268 3566 1335 responsione
3593 1270 3802 1338 reddita,

2253 1357 2446 1410 librum
2466 1397 2481 1422 ,
2512 1358 2646 1410 sicut
2673 1357 3012 1431 promisimus
3035 1397 3050 1423 ,
3079 1358 3445 1412 terminamus.

2314 1466 2385 1530 (α)
2417 1465 2548 1517 Conf.
2564 1469 2706 1530 Epist.
2736 1467 2838 1527 19.0,
2863 1481 2915 1517 ιι.
2942 1468 3016 1517 i3.

583 1597 3805 1630 ______________________________________________

992 1682 1461 1790 LIBER
1548 1667 2383 1782 VIGESIMUS
2459 1667 3240 1776 SECUNDUS
3293 1672 3416 1777 (α).

586 1901 655 1943 ne
675 1894 772 1942 nne
793 1892 958 1941 debito
973 1888 1176 1938 civitatis
1195 1887 1296 1942 Dei.
1316 1885 1405 1948 hoc
1423 1889 1499 1931 est
1518 1881 1589 1948 ds.
1605 1886 1788 1948 aeterne
1805 1871 2343 1948 ῖθὲίςίιίὲἑε
2355 1866 3159 1948 ε’ἒξέἱὲίῖὲίὲεέξῖἐῗξηίξ,ἰτέἓυεῖῗςξὶὲἱφὶιὲἓ
3181 1884 3459 1948 ίφιῖιξοτιξῐηυ
3487 1881 3540 1924 ει
3560 1875 3813 1948 explicatur

645 1928 1592 2016 's-irtl'uuiﬁicionquid
1636 1937 1785 1987 acturi
1831 1935 1926 1983 sint
1964 1933 2010 1979 in
2039 1928 2317 1988 corporibus
2355 1928 2696 1976 immortalibus
2727 1937 2874 1990 atque
2909 1931 3235 1990 sl'iritualibus
3257 1928 3460 1995 sanctis,
3508 1928 3811 1998 opus'termi-

650 2023 804 2064 natur.

2034 2092 2314 2119 ηιΞῗέἓῖτίν-’ΣἹ

2034 2103 2047 2108 -
2056 2103 2065 2118 Ι
2077 2096 2154 2119 mf
2193 2094 2218 2111 “.'
2227 2096 2314 2112 μί’-⁵4

2019 2094 2376 2148 staﬁva—.231

598 2242 841 2300 .CAPUT
878 2238 1156 2294 PRIMUM.
1184 2264 1254 2275 ——
1296 2233 1370 2286 De
1409 2228 1690 2287 conditione
1727 2221 2026 2292 Angelornm
2071 2223 2114 2264 ct

1229 2323 1504 2377 hominum.

654 2445 705 2499 1.
738 2444 882 2499 Sient
923 2442 975 2494 in
1003 2439 1242 2510 proximo
1286 2435 1423 2489 libro
1455 2429 1728 2501 superiore
1776 2421 2144 2494 promisimus,

585 2538 684 2592 iste
725 2534 881 2602 hujus
927 2532 1085 2586 totius
1143 2527 1318 2598 operis
1364 2525 1578 2578 ultimus
1627 2515 2030 2588 disputationem
2079 2509 2147 2566 de

583 2625 809 2681 civitatis
835 2622 928 2678 Dei
953 2632 1150 2675 alterna
1191 2615 1515 2673 beatitudine
1542 2607 1852 2666 continebit.
1881 2604 2009 2672 Quae
2039 2616 2144 2656 non

582 2727 799 2787 pr0pter
824 2714 996 2770 aetatis
1020 2726 1115 2781 per
1139 2709 1300 2764 multa
1325 2706 1518 2762 saecula
1548 2699 1942 2772 longitudinem,
1968 2703 2144 2796 tamen

581 2806 1018 2878 quandocumque
1044 2799 1346 2864 finiendam,
1369 2794 1677 2852 aeternitatis
1705 2804 1898 2846 nomen
1919 2792 2140 2878 accepit,

581 2876 676 2955 sed
701 2893 1145 2967 quemadmodum
1169 2891 1420 2960 scriptum
1450 2896 1532 2944 est
1557 2887 1607 2940 in
1639 2881 1923 2952 Evangelio
1941 2919 1956 2946 ,
1983 2876 2144 2948 Regni

580 2990 689 3058 ejus
723 3003 825 3041 non
853 2985 946 3039 erit
988 2982 1270 3053 ﬁnis(Luc.
1301 2996 1339 3044 ι.
1366 2980 1478 3050 ⁸55).
1507 2976 1615 3032 Nec
1661 2976 1731 3030 ita
1774 2981 1833 3027 ut
1861 2970 1978 3026 aliis
2024 2981 2142 3058 mo-

579 3055 764 3132 riendo
806 3073 1181 3130 decedentibus
1202 3111 1219 3138 ,
1257 3069 1375 3124 aliis
1427 3062 1832 3122 succedentibus
1882 3055 2142 3120 oriende;

581 3165 788 3236 species
817 3165 868 3219 in
898 3178 961 3219 ea
989 3159 1353 3232 perpetuitatis
1380 3163 1668 3226 appareat,
1700 3153 1837 3246 sicut
1876 3149 1928 3203 in
1955 3146 2144 3246 arbore

580 3235 702 3326 qua:
729 3253 946 3324 perenni
975 3250 1160 3306 fronde
1185 3249 1424 3312 vestitur,
1456 3243 1640 3300 eadem
1670 3240 1878 3294 videtur
1920 3235 2142 3289 virilitas

580 3325 940 3414 permanere,
977 3341 1102 3396 dum
1159 3338 1458 3394 labentibus
1513 3345 1568 3389 et
1612 3330 1918 3387 cadentibus
1982 3325 2138 3391 foliis,

580 3433 805 3489 subinde
827 3433 931 3486 alia
957 3445 1074 3500 quae
1102 3437 1420 3491 nascuntur,
1455 3425 1641 3479 faciem
1669 3425 1988 3478 conservant
2012 3431 2139 3487 opa-

579 3520 914 3577 citatisased
956 3533 1141 3573 omnes
1192 3519 1241 3572 in
1291 3532 1350 3571 ea
1395 3516 1537 3570 cives
1587 3511 1909 3567 immortales
1949 3518 2137 3572 erunt,

578 3609 985 3679 adipiscentibus
1029 3618 1082 3662 et
1121 3607 1452 3671 hominibus,
1487 3603 1624 3674 quod
1663 3617 1928 3672 nunquam
1971 3599 2138 3654 sancti

578 3701 761 3770 Angeli
798 3699 1156 3770 perdiderunt.
1201 3698 1379 3752 Faciet
1408 3697 1508 3751 hoc
1547 3697 1686 3750 Dens
1732 3694 2136 3762 omnipotentis.

574 3792 740 3846 simus
765 3791 878 3860 ejus
903 3790 1163 3845 conditor.
1190 3789 1434 3842 Promisit
1459 3788 1600 3841 enim
1624 3826 1639 3851 ,
1672 3799 1769 3840 nec
1798 3783 2007 3838 mentiri
2041 3799 2133 3851 po-

578 3893 711 3948 test;
738 3893 792 3938 et
836 3883 1026 3953 quibus
1073 3883 1228 3938 fidem
1274 3882 1397 3937 hinc
1437 3896 1646 3952 quoque
1690 3880 1927 3943 faceret,
1976 3879 2136 3932 multa

577 3988 700 4038 sua,
726 3983 782 4029 et
805 3989 908 4028 non
939 3973 1194 4042 promissa
1214 4015 1226 4033 ,
1257 3983 1312 4027 et
1341 3975 1595 4042 promissa
1619 3973 1726 4040 jam
1760 3971 1897 4026 fecit.

643 4062 700 4117 2.
740 4063 855 4132 Ipse
881 4071 963 4118 est
987 4065 1160 4126 enim,
1190 4064 1276 4132 qui
1317 4064 1367 4117 in
1416 4064 1672 4132 principio
1711 4062 1942 4117 condidit
1985 4077 2138 4114 mnu-

575 4153 721 4219 dum,
753 4153 966 4222 plenum
991 4153 1142 4206 bonis
1167 4155 1409 4220 omnibus
1437 4151 1729 4206 visibilibus
1756 4162 1912 4222 atque
1941 4152 2135 4205 intelli-

575 4241 821 4310 gibilibus
849 4242 1041 4308 rebus,
1075 4242 1126 4296 in
1169 4258 1272 4312 quo
1313 4244 1440 4296 nihil
1485 4243 1674 4297 melius
1709 4242 1930 4296 instituit
1980 4258 2134 4311 quam

577 4331 792 4399 spiritus
814 4372 829 4396 ,
853 4333 1046 4401 quibus
1076 4333 1472 4402 intelligentiam
1497 4334 1661 4396 dedit,
1688 4343 1742 4388 et
1767 4347 1874 4388 suae
1903 4345 2138 4389 contem-

578 4421 823 4491 plationis
845 4421 1046 4477 habiles
1075 4438 1399 4492 capaccsque
1423 4423 1504 4478 sui
1545 4424 1820 4492 praestitit,
1849 4434 2001 4494 atque
2035 4442 2136 4481 una

574 4511 828 4567 societate
857 4513 1127 4578 devinxit,
1160 4529 1316 4584 quam
1344 4524 1578 4569 sanetam
1618 4525 1670 4570 et
1696 4531 1974 4585 supernam
2005 4517 2136 4571 dici-

575 4616 692 4657 mus
714 4603 976 4657 civitatem
1002 4645 1018 4670 ,
1051 4605 1099 4658 in
1126 4620 1228 4674 qua
1253 4622 1336 4661 res
1366 4623 1467 4677 qua
1497 4617 1858 4662 sustententur
1895 4608 2136 4677 beatique

572 4691 696 4756 sint,
720 4693 854 4747 Deus
877 4694 987 4762 ipse
1010 4694 1112 4748 illis
1138 4705 1216 4750 est
1240 4736 1254 4760 ,
1289 4706 1530 4767 tanquam
1555 4699 1656 4752 vita
1689 4701 1958 4768 victusque
1985 4716 2132 4754 emn-

578 4781 772 4833 mnnis.
800 4781 896 4848 Qui
921 4782 1144 4838 liberum
1173 4787 1446 4839 arbitrium
1482 4787 1662 4842 eidem
1684 4789 2137 4862 intellectualina-

574 4881 704 4924 tura:
731 4871 911 4926 tribuit
936 4873 1039 4927 tale
1058 4915 1073 4940 ,
1101 4882 1156 4926 ut
1181 4876 1222 4927 si
1252 4875 1443 4941 vellet,
1467 4877 1736 4933 desereret
1765 4879 2134 4946 Deum,bcati-

572 4959 802 5015 tudinem
829 4962 1029 5017 scilicet
1065 4979 1211 5018 suam
1235 5006 1250 5031 ,
1281 4968 1531 5022 continuo
1582 4969 1791 5022 miseria
1818 4983 2057 5026 secutura
2091 4973 2131 5027 ³.

571 5051 809 5118 Quicum
849 5055 1118 5122 praesciret
1145 5059 1358 5125 angelos
1389 5059 1642 5121 quosdam
1690 5075 1784 5127 per
1828 5062 2129 5133 elationem,

571 5158 674 5211 qua
703 5143 802 5211 ipsi
833 5145 932 5198 sibi
961 5145 1024 5198 ad
1049 5147 1251 5202 beatam
1281 5152 1442 5204 vitam
1475 5153 1720 5207 sufficere
1747 5154 1970 5221 vellent,
2005 5163 2132 5215 tanti

492 5277 494 5280 ,
576 5234 699 5288 'noni
719 5235 1020 5292 desertores
1048 5237 1278 5304 futurus,
1309 5259 1415 5297 non
1440 5246 1517 5298 eis
1535 5245 1733 5300 ademit
1761 5245 1893 5301 hanc
1915 5260 2136 5318 potesta-

573 5333 699 5388 tem,
728 5328 989 5393 potentius
1015 5338 1068 5383 et
1092 5331 1281 5385 melius
1310 5349 1428 5389 esse
1461 5335 1706 5405 judicans
1742 5339 1898 5392 etiam
1925 5340 1990 5395 de
2019 5359 2132 5397 ma-

575 5413 639 5468 iis
668 5415 800 5471 bene
819 5418 990 5473 facere
1010 5461 1025 5488 ,
1048 5437 1202 5491 quam
1231 5426 1366 5478 mala
1405 5441 1523 5484 esse
1549 5443 1652 5482 non
1684 5429 1859 5486 sinere
1882 5430 1974 5504 (ὁ).
2005 5434 2132 5502 Quae
2167 5415 2174 5423 ’

634 5546 668 5617 ιγ
687 5546 986 5617 ιιιιᾷριιιι-θεμε
1006 5553 1254 5617 veteribus
1275 5557 1425 5606 libris.
1454 5560 1565 5608 Editi
1594 5574 1726 5611 vero.
1753 5568 1802 5610 ut
1830 5563 1874 5613 si
1896 5564 2028 5616 relch
2045 5569 2133 5617 dc-

939 5612 1271 5665 bentizudinem
1292 5617 1472 5669 scilicet
1508 5634 1660 5679 suam,
1696 5612 1911 5674 continuo
1928 5612 2135 5680 intisei'ia

634 5727 708 5841 (αξ
740 5730 1150 5836 δετίἐξιιιδοὶτοὶιθι·
1168 5736 1351 5786 initium
1371 5742 1482 5788 anni
1509 5741 1614 5792 4°27.

634 5788 682 5839 ib
737 5795 828 5836 Con
891 5791 975 5840 lib.
1005 5791 1056 5841 11
1077 5794 1139 5841 de
1168 5802 1283 5841 Gen.
1312 5802 1368 5841 ml
1396 5803 1521 5841 ιλιι.-
1555 5817 1583 5841 n

630 5788 701 5841 un
737 5788 855 5836 Conf
891 5791 975 5840 an.
1005 5791 1056 5841 ιι
1077 5794 1139 5842 de
1168 5802 1283 5848 Gen.
1312 5802 1371 5851 ad
1394 5788 1613 5863 unﬁt?
1640 5804 1697 5852 ιε
1721 5813 1769 5855 et
1792 5819 1932 5872 seqq.

2247 2212 2462 2266 omnino
2492 2213 2630 2268 nulla
2657 2225 2833 2270 essent
2858 2259 2872 2280 ,
2907 2217 3005 2272 nisi
3034 2228 3218 2274 natura
3251 2222 3546 2289 mutabilis,
3577 2230 3808 2295 quamvis

2254 2301 2417 2371 bona,
2447 2314 2554 2360 eta
2579 2321 2784 2363 summo
2829 2309 2938 2364 Deo
2978 2320 3137 2380 atque
3178 2312 3597 2370 incommutabiii
3645 2318 3813 2382 bono.

2177 2397 2182 2406 '
2253 2395 2342 2464 qui
2373 2395 2518 2454 bona.
2536 2400 2713 2454 omnia
2739 2401 3004 2468 condidit,
3031 2404 3298 2472 instituta,
3326 2410 3601 2476 peccando
3625 2427 3686 2467 ea
3727 2414 3819 2469 sibi

2254 2485 2352 2556 ipsi
2393 2488 2625 2544 fecisset.
2657 2492 2772 2558 Quo
2818 2495 2974 2548 etiam
3023 2508 3239 2565 peccato
3279 2513 3377 2553 suo
3421 2507 3563 2558 teste
3609 2507 3818 2561 convin-

2253 2580 2405 2646 citur,
2438 2581 2630 2637 bonam
2670 2585 2937 2640 conditam
2978 2603 3038 2642 se
3080 2605 3199 2644 esse
3240 2602 3506 2656 naturam.
3549 2595 3659 2651 Nisi
3689 2601 3821 2654 enim

2254 2686 2497 2740 maguum
2519 2682 2572 2726 et
2605 2673 2715 2742 ipsa
2738 2716 2754 2741 ,
2787 2675 2909 2730 licet
2930 2693 3033 2731 non
3062 2681 3264 2749 aequale
3284 2682 3566 2739 Conditori
3590 2728 3605 2752 ,
3636 2688 3820 2743 bonum

2252 2770 2427 2828 esset,
2455 2761 2697 2832 profecto
2719 2763 2950 2821 desertio
2976 2767 3067 2822 Dei
3095 2779 3340 2840 tanquam
3368 2774 3587 2832 luminis
3608 2779 3688 2832 sui
3720 2797 3821 2833 ma-

2253 2849 2360 2903 lum
2401 2851 2515 2920 ejus
2543 2867 2662 2907 esse
2686 2870 2789 2908 non
2815 2867 2992 2925 posset
3017 2857 3112 2930 (ιι).
3136 2860 3265 2915 Nam
3289 2865 3428 2918 sicut
3455 2867 3672 2922 caecitas
3695 2871 3822 2924 oculi

2251 2941 2432 2995 vitium
2460 2951 2576 3009 est,
2607 2953 2658 3000 et
2697 2945 2836 3000 idem
2878 2949 3048 3017 ipsum
3085 2951 3280 3006 indicat
3313 2955 3378 3008 ad
3427 2956 3614 3014 lumen
3647 2961 3822 3015 viden-

2249 3030 2373 3084 dum
2417 3033 2626 3087 oculum
2667 3050 2786 3091 esse
2833 3050 3108 3107 creatum,
3141 3057 3203 3099 ac
3243 3059 3336 3112 per
3376 3045 3482 3102 hoc
3524 3050 3688 3105 etiam
3716 3053 3823 3122 ipso

2250 3121 2376 3176 vitio
2386 3137 2482 3177 suo
2494 3124 2836 3181 excellentius
2852 3129 3146 3185 ostenditur
3156 3137 3367 3192 caeteris
3385 3140 3648 3198 membris
3667 3121 3826 3199 mem-

2249 3211 2400 3268 brum
2426 3229 2587 3286 capax
2615 3217 2825 3272 luminis
2843 3219 2968 3289 (non
2990 3224 3133 3277 enim
3158 3226 3257 3279 alia
3288 3243 3447 3284 causa
3475 3241 3624 3289 esset
3649 3234 3825 3289 vitium

2248 3305 2364 3374 ejus
2392 3321 2576 3362 carere
2599 3307 2820 3381 lumine)
2856 3329 2868 3364 :
2903 3312 2970 3366 ita
3000 3323 3186 3370 natura
3218 3333 3336 3386 quae
3363 3320 3649 3379 fruebatur
3685 3325 3822 3392 Deo,

2247 3398 2494 3466 optimam
2539 3414 2597 3454 se
2639 3401 2932 3457 institutam
2964 3403 3119 3460 docet
3154 3408 3314 3463 etiam
3363 3410 3483 3480 ipso
3530 3415 3661 3469 vitio
3685 3457 3701 3482 ,
3727 3431 3826 3486 quo

2250 3488 2369 3543 ideo
2411 3491 2603 3546 misera
2652 3502 2772 3560 est,
2803 3498 2924 3565 quia
2969 3511 3074 3552 non
3120 3498 3310 3556 fruitur
3341 3503 3490 3569 Deo;
3534 3507 3626 3577 qui
3655 3523 3823 3562 casum

2245 3580 2552 3647 angelorum
2594 3583 2946 3640 voluntarium
2971 3589 3264 3656 justissima
3299 3608 3456 3661 pmna
3489 3599 3826 3668 sempiterna:

2247 3669 2564 3726 infelicitatis
2590 3673 2904 3742 obstrinxit,
2929 3691 3085 3748 atque
3114 3680 3166 3734 in
3195 3696 3261 3736 eo
3292 3698 3509 3740 summo
3540 3688 3682 3743 bono
3708 3703 3822 3760 per-

2249 3763 2579 3818 manentibns
2605 3767 2808 3821 caeteris
2834 3808 2847 3831 ,
2882 3777 2937 3822 ut
2964 3769 3028 3823 de
3050 3785 3143 3825 sua
3173 3773 3289 3829 sine
3316 3775 3424 3832 ﬁne
3457 3781 3827 3846 permansione

2247 3854 2381 3907 certi
2413 3865 2622 3923 essent,
2663 3867 2908 3928 tanquam
2941 3861 3102 3930 ipsius
3129 3869 3406 3934 praemium
3439 3870 3824 3940 permansionis

2245 3945 2407 4000 dedit.
2443 3947 2541 4013 Qui
2573 3948 2692 4004 fecit
2723 3950 2991 4008 hominem
3021 3955 3190 4024 ipsum
3241 3960 3404 4015 etiam
3450 3975 3664 4018 rectum
3710 3979 3824 4019 cum

2248 4036 2434 4091 eodem
2466 4039 2632 4094 libero
2661 4042 2880 4098 arbitrio
2904 4085 2917 4108 ,
2949 4057 3216 4102 terrenum
3243 4052 3461 4121 quidem
3487 4055 3713 4121 animal,
3737 4041 3823 4110 sed

2243 4128 2379 4182 coelo
2421 4129 2664 4200 dignum,
2715 4134 2758 4187 si
2824 4149 2920 4189 suo
2975 4139 3271 4196 cohaereret
3330 4147 3546 4200 auctori
3577 4165 3590 4199 :
3623 4147 3825 4201 miseria

2244 4219 2512 4287 similiter,
2542 4223 2584 4276 si
2616 4239 2734 4277 eum
2767 4223 3074 4294 desereret,
3119 4242 3389 4298 secutura,
3419 4238 3605 4306 qualis
3633 4245 3825 4292 naturae

2246 4309 2543 4378 liujusmodi
2579 4317 2905 4370 conveniret.
2935 4318 3101 4386 Quem
3130 4322 3378 4379 similiter
3404 4341 3534 4383 eum
3576 4329 3827 4398 praevari-

2243 4403 2450 4457 catione
2498 4404 2626 4473 legis
2667 4406 2756 4460 Dei
2805 4424 2908 4476 per.
2938 4410 3028 4464 Dei
3075 4411 3437 4472 desertioncm
3489 4430 3825 4488 peccaturum

2245 4510 2362 4550 esse
2394 4497 2664 4565 praesciret
2690 4539 2704 4564 ,
2738 4513 2835 4555 nec
2869 4501 2940 4555 illi
2985 4504 3182 4559 ademit
3224 4506 3384 4563 liberi
3427 4512 3646 4567 arbitrii
3688 4522 3829 4581 pote-

2244 4595 2455 4652 statem,
2481 4588 2637 4642 simul
2669 4591 2966 4658 praevidens
2992 4634 3006 4657 ,
3038 4595 3166 4664 quid
3191 4595 3316 4652 boni
3345 4599 3416 4656 de
3442 4602 3594 4657 malo
3623 4603 3736 4672 ejus
3758 4616 3828 4656 es-

2247 4688 2331 4731 set
2380 4679 2492 4748 ipse
2555 4679 2814 4744 facturus.
2847 4684 2934 4753 qui
2974 4685 3040 4739 de
3087 4690 3297 4744 mortali
3337 4695 3608 4766 progenie
3646 4693 3830 4749 merito

2239 4768 2484 4838 justeque
2513 4769 2757 4826 damnata
2790 4782 2988 4829 tantum
3020 4778 3272 4846 populum
3317 4783 3496 4851 gratia
3540 4799 3639 4838 sua
3682 4783 3826 4837 colli-

2243 4859 2354 4929 git,
2381 4870 2437 4914 nt
2468 4861 2589 4916 inde
2617 4864 2891 4932 suppleat,
2917 4876 2971 4919 et
3000 4867 3264 4925 instauret
3285 4882 3505 4942 partem
3535 4891 3657 4945 qua:
3691 4874 3827 4943 lapsa

2243 4961 2324 5007 est
2347 4953 2776 5024 angelorum;ac
2803 4959 2879 5012 sic
2919 4959 3007 5013 illa
3033 4959 3224 5016 dilecta
3266 4974 3322 5018 et
3364 4981 3611 5036 superna
3650 4967 3828 5022 civitas

2244 5057 2349 5096 non
2391 5045 2658 5099 fraudetur
2696 5062 2909 5102 suorum
2961 5066 3183 5106 numero
3225 5055 3422 5111 civium
3447 5100 3464 5124 ,
3495 5060 3635 5130 quin
3678 5061 3827 5115 etiam

2242 5131 2478 5210 fortassis
2506 5146 2558 5190 et
2588 5137 2831 5194 uberiore
2859 5141 3062 5195 laetetur
3095 5144 3184 5215 (b).

2242 5246 2465 5302 CAPUT
2489 5247 2704 5303 ll.—De
2727 5261 2913 5304 aeterna
2941 5252 3035 5307 Dei
3056 5265 3100 5308 et
3128 5255 3539 5317 iucommutabili
3561 5263 3827 5318 voluntate.

2315 5377 2366 5431 1.
2406 5378 2563 5432 Multa
2594 5381 2735 5434 enim
2769 5381 2896 5436 fiunt
2919 5384 3132 5452 quidem
3163 5402 3193 5441 a
3225 5389 3376 5443 malis
3409 5402 3612 5446 contra
3648 5392 3829 5446 volnu-

2243 5475 2400 5522 tatem
2437 5469 2568 5524 Dei‘:
2598 5472 2689 5525 sed
2714 5481 2870 5526 tanta:
2897 5485 2979 5528 est
3010 5476 3099 5530 ille
3127 5479 3403 5548 sapientia:
3434 5492 3714 5556 tantaeque
3739 5485 3830 5538 vir-

2243 5559 2406 5626 tutis,
2438 5569 2499 5614 ut
2542 5560 2595 5614 in
2653 5578 2744 5616 eos
2787 5565 2962 5621 exitus
3005 5567 3118 5623 sive
3163 5568 3334 5640 fines,
3368 5588 3516 5642 quos
3567 5575 3738 5632 bonos
3782 5584 3830 5630 cl

2301 5752 2373 5820 (ᾳ)
2411 5756 2508 5820 vid.
2531 5754 2784 5820 Enchirid.,
2811 5770 2862 5808 ιι.
2887 5757 2936 5809 4.

2303 5817 2372 5877 ευ)
2413 5818 2545 5866 una.
2569 5829 2622 5868 n.
2651 5817 2701 5869 ει.
