  <div class='ocr_page' id='page_1' title='image "/cluster/home/n/w/nwhite01/storage/ocr_20150623/40-41/uc1.31175026811482/108.png"; bbox 0 0 4072 6502; ppageno 0'>
   <div class='ocr_carea' id='block_1_1' title="bbox 232 431 2109 490">
    <p class='ocr_par' dir='ltr' id='par_1_1' title="bbox 232 431 2109 490">
     <span class='ocr_line' id='line_1_1' title="bbox 232 431 2109 490; baseline -0.002 -1"><span class='ocrx_word' id='word_1_1' title='bbox 232 436 322 489; x_wconf 70' lang='lat' dir='ltr'><strong>aut</strong></span> <span class='ocrx_word' id='word_1_2' title='bbox 1671 431 1871 486; x_wconf 71' lang='lat' dir='ltr'><strong>LIBER</strong></span> <span class='ocrx_word' id='word_1_3' title='bbox 1914 433 2109 490; x_wconf 75' lang='lat' dir='ltr'><strong>UNUS.</strong></span> 
     </span>
    </p>
   </div>
   <div class='ocr_carea' id='block_1_2' title="bbox 300 548 1821 619">
    <p class='ocr_par' dir='ltr' id='par_1_2' title="bbox 300 548 1821 619">
     <span class='ocr_line' id='line_1_2' title="bbox 300 548 1821 619; baseline -0.003 -13"><span class='ocrx_word' id='word_1_4' title='bbox 300 555 347 606; x_wconf 82' lang='lat' dir='ltr'><strong>ti.</strong></span> <span class='ocrx_word' id='word_1_5' title='bbox 372 551 461 604; x_wconf 83' lang='lat' dir='ltr'><strong>Sic</strong></span> <span class='ocrx_word' id='word_1_6' title='bbox 483 549 645 605; x_wconf 88' lang='lat' dir='ltr'><strong>etiam</strong></span> <span class='ocrx_word' id='word_1_7' title='bbox 673 549 725 603; x_wconf 90' lang='lat' dir='ltr'><strong>in</strong></span> <span class='ocrx_word' id='word_1_8' title='bbox 759 548 858 606; x_wconf 86' lang='lat' dir='ltr'><strong>hac</strong></span> <span class='ocrx_word' id='word_1_9' title='bbox 875 563 1053 613; x_wconf 88' lang='lat' dir='ltr'><strong>causa,</strong></span> <span class='ocrx_word' id='word_1_10' title='bbox 1081 562 1200 619; x_wconf 64' lang='lat' dir='ltr'><strong>quae</strong></span> <span class='ocrx_word' id='word_1_11' title='bbox 1229 548 1455 603; x_wconf 88' lang='lat' dir='ltr'><strong>habetur</strong></span> <span class='ocrx_word' id='word_1_12' title='bbox 1483 548 1532 601; x_wconf 90' lang='lat' dir='ltr'><strong>in</strong></span> <span class='ocrx_word' id='word_1_13' title='bbox 1558 549 1821 615; x_wconf 85' lang='lat' dir='ltr'><strong>manibus,</strong></span> 
     </span>
    </p>
   </div>
   <div class='ocr_carea' id='block_1_3' title="bbox 231 638 1825 713">
    <p class='ocr_par' dir='ltr' id='par_1_3' title="bbox 231 638 1825 713">
     <span class='ocr_line' id='line_1_3' title="bbox 231 638 1825 713; baseline 0 -19"><span class='ocrx_word' id='word_1_14' title='bbox 231 643 440 713; x_wconf 86' lang='lat' dir='ltr'><strong>quidam</strong></span> <span class='ocrx_word' id='word_1_15' title='bbox 467 639 743 695; x_wconf 72' lang='lat' dir='ltr'><strong>intuentes</strong></span> <span class='ocrx_word' id='word_1_16' title='bbox 769 648 1034 710; x_wconf 69' lang='lat' dir='ltr'><strong>praecepta</strong></span> <span class='ocrx_word' id='word_1_17' title='bbox 1070 640 1393 706; x_wconf 73' lang='lat' dir='ltr'><strong>severitatis,</strong></span> <span class='ocrx_word' id='word_1_18' title='bbox 1426 638 1618 710; x_wconf 82' lang='lat' dir='ltr'><strong>quibus</strong></span> <span class='ocrx_word' id='word_1_19' title='bbox 1637 639 1825 694; x_wconf 58' lang='lat' dir='ltr'><strong>admoo</strong></span> 
     </span>
    </p>
   </div>
   <div class='ocr_carea' id='block_1_4' title="bbox 233 728 1823 801">
    <p class='ocr_par' dir='ltr' id='par_1_4' title="bbox 233 728 1823 801">
     <span class='ocr_line' id='line_1_4' title="bbox 233 728 1823 801; baseline 0 -17"><span class='ocrx_word' id='word_1_20' title='bbox 233 746 413 785; x_wconf 79' lang='lat' dir='ltr'><strong>ttcmut&#39;</strong></span> <span class='ocrx_word' id='word_1_21' title='bbox 436 730 712 800; x_wconf 81' lang='lat' dir='ltr'><strong>corripere</strong></span> <span class='ocrx_word' id='word_1_22' title='bbox 742 730 1029 801; x_wconf 89' lang='lat' dir='ltr'><strong>inquietos,</strong></span> <span class='ocrx_word' id='word_1_23' title='bbox 1054 744 1159 785; x_wconf 92' lang='lat' dir='ltr'><strong>non</strong></span> <span class='ocrx_word' id='word_1_24' title='bbox 1177 728 1307 785; x_wconf 91' lang='lat' dir='ltr'><strong>dare</strong></span> <span class='ocrx_word' id='word_1_25' title='bbox 1330 738 1573 785; x_wconf 85' lang='lat' dir='ltr'><strong>sanctum</strong></span> <span class='ocrx_word' id='word_1_26' title='bbox 1584 730 1823 797; x_wconf 89' lang='lat' dir='ltr'><strong>canibus,</strong></span> 
     </span>
    </p>
   </div>
   <div class='ocr_carea' id='block_1_5' title="bbox 234 819 1826 890">
    <p class='ocr_par' dir='ltr' id='par_1_5' title="bbox 234 819 1826 890">
     <span class='ocr_line' id='line_1_5' title="bbox 234 819 1826 890; baseline 0.003 -16"><span class='ocrx_word' id='word_1_27' title='bbox 234 831 283 874; x_wconf 89' lang='grc' dir='ltr'><strong>ιιι</strong></span> <span class='ocrx_word' id='word_1_28' title='bbox 310 820 582 875; x_wconf 87' lang='lat' dir='ltr'><strong>ethnicum</strong></span> <span class='ocrx_word' id='word_1_29' title='bbox 615 820 815 876; x_wconf 88' lang='lat' dir='ltr'><strong>habere</strong></span> <span class='ocrx_word' id='word_1_30' title='bbox 863 819 1125 875; x_wconf 70' lang='lat' dir='ltr'><strong>Ecclesire</strong></span> <span class='ocrx_word' id='word_1_31' title='bbox 1150 828 1594 890; x_wconf 89' lang='lat' dir='ltr'><strong>contemptorem,</strong></span> <span class='ocrx_word' id='word_1_32' title='bbox 1622 836 1651 875; x_wconf 92' lang='lat' dir='ltr'><strong>a</strong></span> <span class='ocrx_word' id='word_1_33' title='bbox 1677 836 1826 877; x_wconf 92' lang='lat' dir='ltr'><strong>com-</strong></span> 
     </span>
    </p>
   </div>
   <div class='ocr_carea' id='block_1_6' title="bbox 231 910 1822 982">
    <p class='ocr_par' dir='ltr' id='par_1_6' title="bbox 231 910 1822 982">
     <span class='ocr_line' id='line_1_6' title="bbox 231 910 1822 982; baseline 0.001 -16"><span class='ocrx_word' id='word_1_34' title='bbox 231 926 359 982; x_wconf 88' lang='lat' dir='ltr'><strong>page</strong></span> <span class='ocrx_word' id='word_1_35' title='bbox 402 911 647 982; x_wconf 89' lang='lat' dir='ltr'><strong>corporis</strong></span> <span class='ocrx_word' id='word_1_36' title='bbox 674 910 976 967; x_wconf 87' lang='lat' dir='ltr'><strong>membrum</strong></span> <span class='ocrx_word' id='word_1_37' title='bbox 1025 910 1166 981; x_wconf 90' lang='lat' dir='ltr'><strong>quod</strong></span> <span class='ocrx_word' id='word_1_38' title='bbox 1196 911 1519 966; x_wconf 82' lang='lat' dir='ltr'><strong>scandalizat</strong></span> <span class='ocrx_word' id='word_1_39' title='bbox 1553 911 1822 976; x_wconf 85' lang='lat' dir='ltr'><strong>avellere;</strong></span> 
     </span>
    </p>
   </div>
   <div class='ocr_carea' id='block_1_7' title="bbox 230 1003 1821 1075">
    <p class='ocr_par' dir='ltr' id='par_1_7' title="bbox 230 1003 1821 1075">
     <span class='ocr_line' id='line_1_7' title="bbox 230 1003 1821 1075; baseline -0.001 -15"><span class='ocrx_word' id='word_1_40' title='bbox 230 1006 297 1060; x_wconf 87' lang='lat' dir='ltr'><strong>ita</strong></span> <span class='ocrx_word' id='word_1_41' title='bbox 326 1005 637 1075; x_wconf 78' lang='lat' dir='ltr'><strong>perturbant</strong></span> <span class='ocrx_word' id='word_1_42' title='bbox 663 1003 918 1060; x_wconf 71' lang='lat' dir='ltr'><strong>Ecclesia:</strong></span> <span class='ocrx_word' id='word_1_43' title='bbox 939 1019 1146 1073; x_wconf 89' lang='lat' dir='ltr'><strong>pacem,</strong></span> <span class='ocrx_word' id='word_1_44' title='bbox 1176 1013 1234 1059; x_wconf 91' lang='lat' dir='ltr'><strong>ut</strong></span> <span class='ocrx_word' id='word_1_45' title='bbox 1253 1012 1513 1059; x_wconf 89' lang='lat' dir='ltr'><strong>conentur</strong></span> <span class='ocrx_word' id='word_1_46' title='bbox 1538 1012 1663 1060; x_wconf 84' lang='lat' dir='ltr'><strong>ante</strong></span> <span class='ocrx_word' id='word_1_47' title='bbox 1684 1012 1821 1059; x_wconf 88' lang='lat' dir='ltr'><strong>tem-</strong></span> 
     </span>
    </p>
   </div>
   <div class='ocr_carea' id='block_1_8' title="bbox 229 1094 1821 1165">
    <p class='ocr_par' dir='ltr' id='par_1_8' title="bbox 229 1094 1821 1165">
     <span class='ocr_line' id='line_1_8' title="bbox 229 1094 1821 1165; baseline -0.001 -16"><span class='ocrx_word' id='word_1_48' title='bbox 229 1112 323 1164; x_wconf 87' lang='lat' dir='ltr'><strong>pus</strong></span> <span class='ocrx_word' id='word_1_49' title='bbox 344 1109 596 1165; x_wconf 86' lang='lat' dir='ltr'><strong>separare</strong></span> <span class='ocrx_word' id='word_1_50' title='bbox 618 1095 845 1162; x_wconf 82' lang='lat' dir='ltr'><strong>zizania,</strong></span> <span class='ocrx_word' id='word_1_51' title='bbox 876 1105 1038 1164; x_wconf 88' lang='lat' dir='ltr'><strong>atque</strong></span> <span class='ocrx_word' id='word_1_52' title='bbox 1064 1094 1169 1150; x_wconf 88' lang='lat' dir='ltr'><strong>hoc</strong></span> <span class='ocrx_word' id='word_1_53' title='bbox 1186 1109 1371 1149; x_wconf 90' lang='lat' dir='ltr'><strong>errore</strong></span> <span class='ocrx_word' id='word_1_54' title='bbox 1390 1095 1572 1150; x_wconf 72' lang='lat' dir='ltr'><strong>ctecati</strong></span> <span class='ocrx_word' id='word_1_55' title='bbox 1601 1094 1699 1165; x_wconf 89' lang='lat' dir='ltr'><strong>ipsi</strong></span> <span class='ocrx_word' id='word_1_56' title='bbox 1723 1108 1821 1163; x_wconf 86' lang='lat' dir='ltr'><strong>po-</strong></span> 
     </span>
    </p>
   </div>
   <div class='ocr_carea' id='block_1_9' title="bbox 229 1186 1820 1256">
    <p class='ocr_par' dir='ltr' id='par_1_9' title="bbox 229 1186 1820 1256">
     <span class='ocr_line' id='line_1_9' title="bbox 229 1186 1820 1256; baseline 0 -14"><span class='ocrx_word' id='word_1_57' title='bbox 229 1189 331 1242; x_wconf 85' lang='lat' dir='ltr'><strong>tius</strong></span> <span class='ocrx_word' id='word_1_58' title='bbox 362 1203 391 1241; x_wconf 89' lang='lat' dir='ltr'><strong>a</strong></span> <span class='ocrx_word' id='word_1_59' title='bbox 419 1188 617 1243; x_wconf 87' lang='lat' dir='ltr'><strong>Christi</strong></span> <span class='ocrx_word' id='word_1_60' title='bbox 646 1186 852 1242; x_wconf 89' lang='lat' dir='ltr'><strong>unitate</strong></span> <span class='ocrx_word' id='word_1_61' title='bbox 879 1195 1215 1256; x_wconf 84' lang='lat' dir='ltr'><strong>separentur.</strong></span> <span class='ocrx_word' id='word_1_62' title='bbox 1260 1186 1446 1253; x_wconf 86' lang='lat' dir='ltr'><strong>Qualis</strong></span> <span class='ocrx_word' id='word_1_63' title='bbox 1475 1187 1628 1243; x_wconf 91' lang='lat' dir='ltr'><strong>nobis</strong></span> <span class='ocrx_word' id='word_1_64' title='bbox 1660 1201 1820 1242; x_wconf 79' lang='lat' dir='ltr'><strong>causa</strong></span> 
     </span>
    </p>
   </div>
   <div class='ocr_carea' id='block_1_10' title="bbox 226 1276 1818 1347">
    <p class='ocr_par' dir='ltr' id='par_1_10' title="bbox 226 1276 1818 1347">
     <span class='ocr_line' id='line_1_10' title="bbox 226 1276 1818 1347; baseline -0.001 -15"><span class='ocrx_word' id='word_1_65' title='bbox 226 1287 307 1333; x_wconf 83' lang='lat' dir='ltr'><strong>est</strong></span> <span class='ocrx_word' id='word_1_66' title='bbox 327 1278 582 1334; x_wconf 89' lang='lat' dir='ltr'><strong>adversus</strong></span> <span class='ocrx_word' id='word_1_67' title='bbox 607 1276 838 1332; x_wconf 90' lang='lat' dir='ltr'><strong>schisma</strong></span> <span class='ocrx_word' id='word_1_68' title='bbox 866 1277 1077 1333; x_wconf 87' lang='lat' dir='ltr'><strong>Donati.</strong></span> <span class='ocrx_word' id='word_1_69' title='bbox 1108 1277 1174 1331; x_wconf 86' lang='lat' dir='ltr'><strong>Et</strong></span> <span class='ocrx_word' id='word_1_70' title='bbox 1194 1276 1297 1333; x_wconf 85' lang='lat' dir='ltr'><strong>hoc</strong></span> <span class='ocrx_word' id='word_1_71' title='bbox 1323 1292 1427 1332; x_wconf 92' lang='lat' dir='ltr'><strong>non</strong></span> <span class='ocrx_word' id='word_1_72' title='bbox 1450 1291 1569 1332; x_wconf 92' lang='lat' dir='ltr'><strong>cum</strong></span> <span class='ocrx_word' id='word_1_73' title='bbox 1599 1277 1703 1332; x_wconf 91' lang='lat' dir='ltr'><strong>illis</strong></span> <span class='ocrx_word' id='word_1_74' title='bbox 1729 1278 1818 1347; x_wconf 86' lang='lat' dir='ltr'><strong>qui</strong></span> 
     </span>
    </p>
   </div>
   <div class='ocr_carea' id='block_1_11' title="bbox 227 1368 1819 1436">
    <p class='ocr_par' dir='ltr' id='par_1_11' title="bbox 227 1368 1819 1436">
     <span class='ocr_line' id='line_1_11' title="bbox 227 1368 1819 1436; baseline -0.003 -10"><span class='ocrx_word' id='word_1_75' title='bbox 227 1377 492 1426; x_wconf 84' lang='lat' dir='ltr'><strong>noverunt</strong></span> <span class='ocrx_word' id='word_1_76' title='bbox 513 1369 882 1436; x_wconf 65' lang='lat' dir='ltr'><strong>Careilianum,</strong></span> <span class='ocrx_word' id='word_1_77' title='bbox 913 1384 1020 1423; x_wconf 90' lang='lat' dir='ltr'><strong>non</strong></span> <span class='ocrx_word' id='word_1_78' title='bbox 1041 1369 1203 1433; x_wconf 89' lang='lat' dir='ltr'><strong>veris,</strong></span> <span class='ocrx_word' id='word_1_79' title='bbox 1233 1368 1329 1424; x_wconf 90' lang='lat' dir='ltr'><strong>sed</strong></span> <span class='ocrx_word' id='word_1_80' title='bbox 1351 1368 1697 1424; x_wconf 84' lang='lat' dir='ltr'><strong>calumniosis</strong></span> <span class='ocrx_word' id='word_1_81' title='bbox 1717 1369 1819 1424; x_wconf 86' lang='lat' dir='ltr'><strong>cri-</strong></span> 
     </span>
    </p>
   </div>
   <div class='ocr_carea' id='block_1_12' title="bbox 228 1459 1816 1531">
    <p class='ocr_par' dir='ltr' id='par_1_12' title="bbox 228 1459 1816 1531">
     <span class='ocr_line' id='line_1_12' title="bbox 228 1459 1816 1531; baseline -0.001 -15"><span class='ocrx_word' id='word_1_82' title='bbox 228 1461 458 1516; x_wconf 85' lang='lat' dir='ltr'><strong>minibus</strong></span> <span class='ocrx_word' id='word_1_83' title='bbox 491 1461 805 1531; x_wconf 89' lang='lat' dir='ltr'><strong>appetitnm,</strong></span> <span class='ocrx_word' id='word_1_84' title='bbox 834 1467 889 1515; x_wconf 86' lang='lat' dir='ltr'><strong>et</strong></span> <span class='ocrx_word' id='word_1_85' title='bbox 914 1460 1268 1529; x_wconf 88' lang='lat' dir='ltr'><strong>perniciosam</strong></span> <span class='ocrx_word' id='word_1_86' title='bbox 1309 1459 1629 1514; x_wconf 88' lang='lat' dir='ltr'><strong>sententiam</strong></span> <span class='ocrx_word' id='word_1_87' title='bbox 1664 1472 1816 1515; x_wconf 88' lang='lat' dir='ltr'><strong>suam</strong></span> 
     </span>
    </p>
   </div>
   <div class='ocr_carea' id='block_1_13' title="bbox 226 1548 1816 1621">
    <p class='ocr_par' dir='ltr' id='par_1_13' title="bbox 226 1548 1816 1621">
     <span class='ocr_line' id='line_1_13' title="bbox 226 1548 1816 1621; baseline -0.003 -14"><span class='ocrx_word' id='word_1_88' title='bbox 226 1552 499 1607; x_wconf 80' lang='lat' dir='ltr'><strong>mortifero</strong></span> <span class='ocrx_word' id='word_1_89' title='bbox 520 1551 728 1621; x_wconf 89' lang='lat' dir='ltr'><strong>pudore</strong></span> <span class='ocrx_word' id='word_1_90' title='bbox 758 1565 863 1605; x_wconf 92' lang='lat' dir='ltr'><strong>non</strong></span> <span class='ocrx_word' id='word_1_91' title='bbox 889 1550 1170 1615; x_wconf 88' lang='lat' dir='ltr'><strong>deserunt;</strong></span> <span class='ocrx_word' id='word_1_92' title='bbox 1203 1548 1298 1605; x_wconf 89' lang='lat' dir='ltr'><strong>sed</strong></span> <span class='ocrx_word' id='word_1_93' title='bbox 1338 1562 1462 1605; x_wconf 89' lang='lat' dir='ltr'><strong>cum</strong></span> <span class='ocrx_word' id='word_1_94' title='bbox 1489 1549 1594 1605; x_wconf 86' lang='lat' dir='ltr'><strong>illis</strong></span> <span class='ocrx_word' id='word_1_95' title='bbox 1622 1548 1816 1620; x_wconf 88' lang='lat' dir='ltr'><strong>quibus</strong></span> 
     </span>
    </p>
   </div>
   <div class='ocr_carea' id='block_1_14' title="bbox 225 1638 1814 1710">
    <p class='ocr_par' dir='ltr' id='par_1_14' title="bbox 225 1638 1814 1710">
     <span class='ocr_line' id='line_1_14' title="bbox 225 1638 1814 1710; baseline -0.002 -13"><span class='ocrx_word' id='word_1_96' title='bbox 225 1642 451 1697; x_wconf 87' lang='lat' dir='ltr'><strong>dicimus</strong></span> <span class='ocrx_word' id='word_1_97' title='bbox 480 1659 493 1695; x_wconf 94' lang='lat'><strong>:</strong></span> <span class='ocrx_word' id='word_1_98' title='bbox 528 1640 751 1695; x_wconf 80' lang='lat' dir='ltr'><strong>Etiamsi</strong></span> <span class='ocrx_word' id='word_1_99' title='bbox 791 1639 916 1694; x_wconf 82' lang='lat' dir='ltr'><strong>ntali</strong></span> <span class='ocrx_word' id='word_1_100' title='bbox 946 1639 1193 1710; x_wconf 60' lang='lat' dir='ltr'><strong>luissen.</strong></span> <span class='ocrx_word' id='word_1_101' title='bbox 1211 1646 1432 1709; x_wconf 86' lang='lat' dir='ltr'><strong>propter</strong></span> <span class='ocrx_word' id='word_1_102' title='bbox 1454 1652 1590 1710; x_wconf 82' lang='lat' dir='ltr'><strong>quos</strong></span> <span class='ocrx_word' id='word_1_103' title='bbox 1632 1638 1684 1692; x_wconf 92' lang='lat' dir='ltr'><strong>in</strong></span> <span class='ocrx_word' id='word_1_104' title='bbox 1710 1638 1814 1694; x_wconf 88' lang='lat' dir='ltr'><strong>Ec-</strong></span> 
     </span>
    </p>
   </div>
   <div class='ocr_carea' id='block_1_15' title="bbox 222 1730 1815 1802">
    <p class='ocr_par' dir='ltr' id='par_1_15' title="bbox 222 1730 1815 1802">
     <span class='ocr_line' id='line_1_15' title="bbox 222 1730 1815 1802; baseline 0.001 -14"><span class='ocrx_word' id='word_1_105' title='bbox 222 1735 379 1789; x_wconf 89' lang='lat' dir='ltr'><strong>clesia</strong></span> <span class='ocrx_word' id='word_1_106' title='bbox 407 1748 516 1788; x_wconf 92' lang='lat' dir='ltr'><strong>non</strong></span> <span class='ocrx_word' id='word_1_107' title='bbox 540 1733 694 1800; x_wconf 90' lang='lat' dir='ltr'><strong>estis,</strong></span> <span class='ocrx_word' id='word_1_108' title='bbox 708 1747 804 1788; x_wconf 86' lang='lat' dir='ltr'><strong>vos</strong></span> <span class='ocrx_word' id='word_1_109' title='bbox 829 1740 1005 1788; x_wconf 87' lang='lat' dir='ltr'><strong>tamen</strong></span> <span class='ocrx_word' id='word_1_110' title='bbox 1023 1746 1120 1788; x_wconf 88' lang='lat' dir='ltr'><strong>eos</strong></span> <span class='ocrx_word' id='word_1_111' title='bbox 1138 1730 1359 1788; x_wconf 83' lang='lat' dir='ltr'><strong>ferendo</strong></span> <span class='ocrx_word' id='word_1_112' title='bbox 1380 1746 1515 1802; x_wconf 90' lang='lat' dir='ltr'><strong>quos</strong></span> <span class='ocrx_word' id='word_1_113' title='bbox 1529 1730 1815 1789; x_wconf 87' lang='lat' dir='ltr'><strong>emendare</strong></span> 
     </span>
    </p>
   </div>
   <div class='ocr_carea' id='block_1_16' title="bbox 223 1823 1814 1897">
    <p class='ocr_par' dir='ltr' id='par_1_16' title="bbox 223 1823 1814 1897">
     <span class='ocr_line' id='line_1_16' title="bbox 223 1823 1814 1897; baseline -0.001 -16"><span class='ocrx_word' id='word_1_114' title='bbox 223 1838 308 1882; x_wconf 86' lang='lat' dir='ltr'><strong>aut</strong></span> <span class='ocrx_word' id='word_1_115' title='bbox 344 1840 628 1897; x_wconf 80' lang='lat' dir='ltr'><strong>segregare</strong></span> <span class='ocrx_word' id='word_1_116' title='bbox 660 1825 882 1881; x_wconf 89' lang='lat' dir='ltr'><strong>minimc</strong></span> <span class='ocrx_word' id='word_1_117' title='bbox 912 1825 1189 1897; x_wconf 74' lang='lat' dir='ltr'><strong>poteratis,</strong></span> <span class='ocrx_word' id='word_1_118' title='bbox 1221 1824 1275 1880; x_wconf 92' lang='lat' dir='ltr'><strong>in</strong></span> <span class='ocrx_word' id='word_1_119' title='bbox 1324 1823 1565 1881; x_wconf 82' lang='lat' dir='ltr'><strong>Ecclesia</strong></span> <span class='ocrx_word' id='word_1_120' title='bbox 1603 1839 1814 1895; x_wconf 85' lang='lat' dir='ltr'><strong>perma-</strong></span> 
     </span>
    </p>
   </div>
   <div class='ocr_carea' id='block_1_17' title="bbox 222 1916 1809 1987">
    <p class='ocr_par' dir='ltr' id='par_1_17' title="bbox 222 1916 1809 1987">
     <span class='ocr_line' id='line_1_17' title="bbox 222 1916 1809 1987; baseline -0.002 -12"><span class='ocrx_word' id='word_1_121' title='bbox 222 1935 345 1976; x_wconf 91' lang='lat' dir='ltr'><strong>nere</strong></span> <span class='ocrx_word' id='word_1_122' title='bbox 370 1919 659 1975; x_wconf 83' lang='lat' dir='ltr'><strong>debuistis.</strong></span> <span class='ocrx_word' id='word_1_123' title='bbox 693 1917 918 1986; x_wconf 86' lang='lat' dir='ltr'><strong>Quidam</strong></span> <span class='ocrx_word' id='word_1_124' title='bbox 935 1930 1110 1973; x_wconf 89' lang='lat' dir='ltr'><strong>veroe</strong></span> <span class='ocrx_word' id='word_1_125' title='bbox 1134 1916 1401 1973; x_wconf 88' lang='lat' dir='ltr'><strong>contrario</strong></span> <span class='ocrx_word' id='word_1_126' title='bbox 1428 1916 1809 1987; x_wconf 83' lang='lat' dir='ltr'><strong>periclitantes,</strong></span> 
     </span>
    </p>
   </div>
   <div class='ocr_carea' id='block_1_18' title="bbox 221 2007 1812 2081">
    <p class='ocr_par' dir='ltr' id='par_1_18' title="bbox 221 2007 1812 2081">
     <span class='ocr_line' id='line_1_18' title="bbox 221 2007 1812 2081; baseline -0.004 -12"><span class='ocrx_word' id='word_1_127' title='bbox 221 2028 337 2069; x_wconf 89' lang='lat' dir='ltr'><strong>cum</strong></span> <span class='ocrx_word' id='word_1_128' title='bbox 393 2012 662 2067; x_wconf 87' lang='lat' dir='ltr'><strong>bonorum</strong></span> <span class='ocrx_word' id='word_1_129' title='bbox 707 2010 1078 2081; x_wconf 87' lang='lat' dir='ltr'><strong>malorumque</strong></span> <span class='ocrx_word' id='word_1_130' title='bbox 1130 2008 1562 2065; x_wconf 79' lang='lat' dir='ltr'><strong>commixtionem</strong></span> <span class='ocrx_word' id='word_1_131' title='bbox 1608 2007 1661 2063; x_wconf 92' lang='lat' dir='ltr'><strong>in</strong></span> <span class='ocrx_word' id='word_1_132' title='bbox 1712 2008 1812 2063; x_wconf 83' lang='lat' dir='ltr'><strong>Ec-</strong></span> 
     </span>
    </p>
   </div>
   <div class='ocr_carea' id='block_1_19' title="bbox 221 2100 1806 2171">
    <p class='ocr_par' dir='ltr' id='par_1_19' title="bbox 221 2100 1806 2171">
     <span class='ocr_line' id='line_1_19' title="bbox 221 2100 1806 2171; baseline -0.003 -13"><span class='ocrx_word' id='word_1_133' title='bbox 221 2103 375 2159; x_wconf 86' lang='lat' dir='ltr'><strong>clesia</strong></span> <span class='ocrx_word' id='word_1_134' title='bbox 405 2103 831 2157; x_wconf 86' lang='lat' dir='ltr'><strong>demonstratam</strong></span> <span class='ocrx_word' id='word_1_135' title='bbox 843 2101 927 2157; x_wconf 90' lang='lat' dir='ltr'><strong>vel</strong></span> <span class='ocrx_word' id='word_1_136' title='bbox 948 2100 1254 2171; x_wconf 79' lang='lat' dir='ltr'><strong>praedictam</strong></span> <span class='ocrx_word' id='word_1_137' title='bbox 1272 2115 1394 2156; x_wconf 91' lang='lat' dir='ltr'><strong>esse</strong></span> <span class='ocrx_word' id='word_1_138' title='bbox 1419 2100 1806 2171; x_wconf 84' lang='lat' dir='ltr'><strong>perspexerint,</strong></span> 
     </span>
    </p>
   </div>
   <div class='ocr_carea' id='block_1_20' title="bbox 222 2190 1811 2265">
    <p class='ocr_par' dir='ltr' id='par_1_20' title="bbox 222 2190 1811 2265">
     <span class='ocr_line' id='line_1_20' title="bbox 222 2190 1811 2265; baseline -0.003 -14"><span class='ocrx_word' id='word_1_139' title='bbox 222 2206 272 2251; x_wconf 87' lang='lat' dir='ltr'><strong>et</strong></span> <span class='ocrx_word' id='word_1_140' title='bbox 290 2194 562 2264; x_wconf 67' lang='lat' dir='ltr'><strong>patientia:</strong></span> <span class='ocrx_word' id='word_1_141' title='bbox 583 2202 855 2265; x_wconf 80' lang='lat' dir='ltr'><strong>praecepta</strong></span> <span class='ocrx_word' id='word_1_142' title='bbox 877 2192 1163 2249; x_wconf 88' lang='lat' dir='ltr'><strong>didicerint</strong></span> <span class='ocrx_word' id='word_1_143' title='bbox 1195 2192 1336 2264; x_wconf 81' lang='lat' dir='ltr'><strong>(quae</strong></span> <span class='ocrx_word' id='word_1_144' title='bbox 1356 2193 1427 2248; x_wconf 88' lang='lat' dir='ltr'><strong>ita</strong></span> <span class='ocrx_word' id='word_1_145' title='bbox 1451 2207 1549 2248; x_wconf 93' lang='lat' dir='ltr'><strong>nos</strong></span> <span class='ocrx_word' id='word_1_146' title='bbox 1568 2190 1811 2248; x_wconf 80' lang='lat' dir='ltr'><strong>ﬁrmissi-</strong></span> 
     </span>
    </p>
   </div>
   <div class='ocr_carea' id='block_1_21' title="bbox 223 2282 1810 2351">
    <p class='ocr_par' dir='ltr' id='par_1_21' title="bbox 223 2282 1810 2351">
     <span class='ocr_line' id='line_1_21' title="bbox 223 2282 1810 2351; baseline -0.001 -11"><span class='ocrx_word' id='word_1_147' title='bbox 223 2301 332 2340; x_wconf 90' lang='lat' dir='ltr'><strong>mos</strong></span> <span class='ocrx_word' id='word_1_148' title='bbox 371 2284 609 2340; x_wconf 88' lang='lat' dir='ltr'><strong>reddunt</strong></span> <span class='ocrx_word' id='word_1_149' title='bbox 632 2324 649 2351; x_wconf 90' lang='lat'><strong>,</strong></span> <span class='ocrx_word' id='word_1_150' title='bbox 678 2292 738 2338; x_wconf 91' lang='lat' dir='ltr'><strong>ut</strong></span> <span class='ocrx_word' id='word_1_151' title='bbox 762 2284 921 2339; x_wconf 89' lang='lat' dir='ltr'><strong>etiam</strong></span> <span class='ocrx_word' id='word_1_152' title='bbox 949 2284 995 2338; x_wconf 91' lang='lat' dir='ltr'><strong>si</strong></span> <span class='ocrx_word' id='word_1_153' title='bbox 1045 2282 1297 2339; x_wconf 86' lang='lat' dir='ltr'><strong>videntur</strong></span> <span class='ocrx_word' id='word_1_154' title='bbox 1330 2282 1385 2339; x_wconf 92' lang='lat' dir='ltr'><strong>in</strong></span> <span class='ocrx_word' id='word_1_155' title='bbox 1421 2282 1661 2339; x_wconf 75' lang='lat' dir='ltr'><strong>Ecclesia</strong></span> <span class='ocrx_word' id='word_1_156' title='bbox 1689 2296 1810 2339; x_wconf 90' lang='lat' dir='ltr'><strong>esse</strong></span> 
     </span>
    </p>
   </div>
   <div class='ocr_carea' id='block_1_22' title="bbox 221 2371 1809 2444">
    <p class='ocr_par' dir='ltr' id='par_1_22' title="bbox 221 2371 1809 2444">
     <span class='ocr_line' id='line_1_22' title="bbox 221 2371 1809 2444; baseline -0.001 -15"><span class='ocrx_word' id='word_1_157' title='bbox 221 2377 438 2439; x_wconf 81' lang='lat' dir='ltr'><strong>zizania,</strong></span> <span class='ocrx_word' id='word_1_158' title='bbox 468 2391 574 2429; x_wconf 91' lang='lat' dir='ltr'><strong>non</strong></span> <span class='ocrx_word' id='word_1_159' title='bbox 605 2382 786 2429; x_wconf 86' lang='lat' dir='ltr'><strong>tamen</strong></span> <span class='ocrx_word' id='word_1_160' title='bbox 814 2373 1134 2444; x_wconf 86' lang='lat' dir='ltr'><strong>impediatur</strong></span> <span class='ocrx_word' id='word_1_161' title='bbox 1156 2380 1246 2428; x_wconf 86' lang='lat' dir='ltr'><strong>aut</strong></span> <span class='ocrx_word' id='word_1_162' title='bbox 1271 2371 1422 2440; x_wconf 80' lang='lat' dir='ltr'><strong>ﬁdes,</strong></span> <span class='ocrx_word' id='word_1_163' title='bbox 1454 2379 1546 2427; x_wconf 89' lang='lat' dir='ltr'><strong>aut</strong></span> <span class='ocrx_word' id='word_1_164' title='bbox 1578 2371 1809 2427; x_wconf 80' lang='lat' dir='ltr'><strong>Charitas</strong></span> 
     </span>
    </p>
   </div>
   <div class='ocr_carea' id='block_1_23' title="bbox 222 2463 1804 2535">
    <p class='ocr_par' dir='ltr' id='par_1_23' title="bbox 222 2463 1804 2535">
     <span class='ocr_line' id='line_1_23' title="bbox 222 2463 1804 2535; baseline -0.001 -16"><span class='ocrx_word' id='word_1_165' title='bbox 222 2478 418 2531; x_wconf 84' lang='lat' dir='ltr'><strong>nostra,</strong></span> <span class='ocrx_word' id='word_1_166' title='bbox 454 2474 510 2520; x_wconf 92' lang='lat' dir='ltr'><strong>ut</strong></span> <span class='ocrx_word' id='word_1_167' title='bbox 533 2465 787 2535; x_wconf 89' lang='lat' dir='ltr'><strong>quoniam</strong></span> <span class='ocrx_word' id='word_1_168' title='bbox 814 2464 1015 2520; x_wconf 85' lang='lat' dir='ltr'><strong>zizania</strong></span> <span class='ocrx_word' id='word_1_169' title='bbox 1044 2478 1165 2520; x_wconf 88' lang='lat' dir='ltr'><strong>esse</strong></span> <span class='ocrx_word' id='word_1_170' title='bbox 1194 2465 1247 2519; x_wconf 90' lang='lat' dir='ltr'><strong>in</strong></span> <span class='ocrx_word' id='word_1_171' title='bbox 1266 2463 1498 2518; x_wconf 87' lang='lat' dir='ltr'><strong>Ecclesia</strong></span> <span class='ocrx_word' id='word_1_172' title='bbox 1515 2463 1804 2531; x_wconf 90' lang='lat' dir='ltr'><strong>cernimus,</strong></span> 
     </span>
    </p>
   </div>
   <div class='ocr_carea' id='block_1_24' title="bbox 222 2552 1808 2628">
    <p class='ocr_par' dir='ltr' id='par_1_24' title="bbox 222 2552 1808 2628">
     <span class='ocr_line' id='line_1_24' title="bbox 222 2552 1808 2628; baseline -0.002 -17"><span class='ocrx_word' id='word_1_173' title='bbox 222 2560 313 2628; x_wconf 85' lang='lat' dir='ltr'><strong>ipsi</strong></span> <span class='ocrx_word' id='word_1_174' title='bbox 330 2558 394 2613; x_wconf 87' lang='lat' dir='ltr'><strong>de</strong></span> <span class='ocrx_word' id='word_1_175' title='bbox 422 2557 668 2612; x_wconf 86' lang='lat' dir='ltr'><strong>Ecclesia</strong></span> <span class='ocrx_word' id='word_1_176' title='bbox 699 2555 1050 2627; x_wconf 88' lang='lat' dir='ltr'><strong>recedamus),</strong></span> <span class='ocrx_word' id='word_1_177' title='bbox 1080 2553 1471 2610; x_wconf 88' lang='lat' dir='ltr'><strong>destitueudam</strong></span> <span class='ocrx_word' id='word_1_178' title='bbox 1498 2562 1686 2623; x_wconf 91' lang='lat' dir='ltr'><strong>putant</strong></span> <span class='ocrx_word' id='word_1_179' title='bbox 1704 2552 1808 2608; x_wconf 84' lang='lat' dir='ltr'><strong>Ec-</strong></span> 
     </span>
    </p>
   </div>
   <div class='ocr_carea' id='block_1_25' title="bbox 218 2643 1806 2717">
    <p class='ocr_par' dir='ltr' id='par_1_25' title="bbox 218 2643 1806 2717">
     <span class='ocr_line' id='line_1_25' title="bbox 218 2643 1806 2717; baseline -0.003 -14"><span class='ocrx_word' id='word_1_180' title='bbox 218 2650 387 2703; x_wconf 79' lang='lat' dir='ltr'><strong>clesia:</strong></span> <span class='ocrx_word' id='word_1_181' title='bbox 407 2647 752 2716; x_wconf 88' lang='lat' dir='ltr'><strong>disciplinam</strong></span> <span class='ocrx_word' id='word_1_182' title='bbox 777 2647 816 2711; x_wconf 78' lang='grc' dir='ltr'><strong>ί,</strong></span> <span class='ocrx_word' id='word_1_183' title='bbox 850 2645 1137 2717; x_wconf 88' lang='lat' dir='ltr'><strong>quamdam</strong></span> <span class='ocrx_word' id='word_1_184' title='bbox 1163 2643 1616 2715; x_wconf 89' lang='lat' dir='ltr'><strong>perversissimam</strong></span> <span class='ocrx_word' id='word_1_185' title='bbox 1646 2657 1806 2700; x_wconf 91' lang='lat' dir='ltr'><strong>secu-</strong></span> 
     </span>
    </p>
   </div>
   <div class='ocr_carea' id='block_1_26' title="bbox 219 2737 1808 2811">
    <p class='ocr_par' dir='ltr' id='par_1_26' title="bbox 219 2737 1808 2811">
     <span class='ocr_line' id='line_1_26' title="bbox 219 2737 1808 2811; baseline -0.002 -17"><span class='ocrx_word' id='word_1_186' title='bbox 219 2742 421 2795; x_wconf 85' lang='lat' dir='ltr'><strong>ritatem</strong></span> <span class='ocrx_word' id='word_1_187' title='bbox 452 2740 754 2811; x_wconf 68' lang='lat' dir='ltr'><strong>prmpositis</strong></span> <span class='ocrx_word' id='word_1_188' title='bbox 777 2739 1090 2805; x_wconf 88' lang='lat' dir='ltr'><strong>tribuentes,</strong></span> <span class='ocrx_word' id='word_1_189' title='bbox 1129 2748 1187 2793; x_wconf 88' lang='lat' dir='ltr'><strong>ut</strong></span> <span class='ocrx_word' id='word_1_190' title='bbox 1210 2737 1278 2793; x_wconf 92' lang='lat' dir='ltr'><strong>ad</strong></span> <span class='ocrx_word' id='word_1_191' title='bbox 1304 2752 1396 2793; x_wconf 91' lang='lat' dir='ltr'><strong>cos</strong></span> <span class='ocrx_word' id='word_1_192' title='bbox 1418 2751 1524 2792; x_wconf 90' lang='lat' dir='ltr'><strong>non</strong></span> <span class='ocrx_word' id='word_1_193' title='bbox 1547 2738 1808 2807; x_wconf 85' lang='lat' dir='ltr'><strong>pertineat</strong></span> 
     </span>
    </p>
   </div>
   <div class='ocr_carea' id='block_1_27' title="bbox 220 2826 1806 2902">
    <p class='ocr_par' dir='ltr' id='par_1_27' title="bbox 220 2826 1806 2902">
     <span class='ocr_line' id='line_1_27' title="bbox 220 2826 1806 2902; baseline -0.002 -16"><span class='ocrx_word' id='word_1_194' title='bbox 220 2832 317 2886; x_wconf 90' lang='lat' dir='ltr'><strong>nisi</strong></span> <span class='ocrx_word' id='word_1_195' title='bbox 342 2832 521 2887; x_wconf 85' lang='lat' dir='ltr'><strong>dicere</strong></span> <span class='ocrx_word' id='word_1_196' title='bbox 543 2830 671 2902; x_wconf 89' lang='lat' dir='ltr'><strong>quid</strong></span> <span class='ocrx_word' id='word_1_197' title='bbox 684 2830 983 2887; x_wconf 86' lang='lat' dir='ltr'><strong>cavendum</strong></span> <span class='ocrx_word' id='word_1_198' title='bbox 1000 2828 1192 2900; x_wconf 88' lang='lat' dir='ltr'><strong>quidve</strong></span> <span class='ocrx_word' id='word_1_199' title='bbox 1207 2827 1503 2885; x_wconf 82' lang='lat' dir='ltr'><strong>faciendum</strong></span> <span class='ocrx_word' id='word_1_200' title='bbox 1518 2828 1608 2896; x_wconf 86' lang='lat' dir='ltr'><strong>sit,</strong></span> <span class='ocrx_word' id='word_1_201' title='bbox 1630 2826 1806 2899; x_wconf 87' lang='lat' dir='ltr'><strong>quod-</strong></span> 
     </span>
    </p>
   </div>
   <div class='ocr_carea' id='block_1_28' title="bbox 219 2920 1342 2992">
    <p class='ocr_par' dir='ltr' id='par_1_28' title="bbox 219 2920 1342 2992">
     <span class='ocr_line' id='line_1_28' title="bbox 219 2920 1342 2992; baseline -0.002 -17"><span class='ocrx_word' id='word_1_202' title='bbox 219 2922 339 2977; x_wconf 80' lang='lat' dir='ltr'><strong>libet</strong></span> <span class='ocrx_word' id='word_1_203' title='bbox 358 2933 540 2977; x_wconf 87' lang='lat' dir='ltr'><strong>autem</strong></span> <span class='ocrx_word' id='word_1_204' title='bbox 573 2922 799 2992; x_wconf 86' lang='lat' dir='ltr'><strong>quisque</strong></span> <span class='ocrx_word' id='word_1_205' title='bbox 825 2920 985 2976; x_wconf 78' lang='lat' dir='ltr'><strong>faciat</strong></span> <span class='ocrx_word' id='word_1_206' title='bbox 1007 2934 1114 2975; x_wconf 92' lang='lat' dir='ltr'><strong>non</strong></span> <span class='ocrx_word' id='word_1_207' title='bbox 1135 2934 1342 2974; x_wconf 88' lang='lat' dir='ltr'><strong>curare.</strong></span> 
     </span>
    </p>
   </div>
   <div class='ocr_carea' id='block_1_29' title="bbox 281 3010 1805 3081">
    <p class='ocr_par' dir='ltr' id='par_1_29' title="bbox 281 3010 1805 3081">
     <span class='ocr_line' id='line_1_29' title="bbox 281 3010 1805 3081; baseline -0.001 -13"><span class='ocrx_word' id='word_1_208' title='bbox 281 3012 508 3069; x_wconf 82' lang='lat' dir='ltr'><strong>CAPUT</strong></span> <span class='ocrx_word' id='word_1_209' title='bbox 529 3012 725 3068; x_wconf 80' lang='lat' dir='ltr'><strong>V.-—7.</strong></span> <span class='ocrx_word' id='word_1_210' title='bbox 744 3010 889 3068; x_wconf 77' lang='lat' dir='ltr'><strong>Sana</strong></span> <span class='ocrx_word' id='word_1_211' title='bbox 909 3011 1137 3066; x_wconf 79' lang='lat' dir='ltr'><strong>doctrina</strong></span> <span class='ocrx_word' id='word_1_212' title='bbox 1158 3020 1232 3065; x_wconf 76' lang='lat' dir='ltr'><strong>est</strong></span> <span class='ocrx_word' id='word_1_213' title='bbox 1247 3018 1301 3064; x_wconf 87' lang='lat' dir='ltr'><strong>ut</strong></span> <span class='ocrx_word' id='word_1_214' title='bbox 1316 3024 1405 3064; x_wconf 80' lang='lat' dir='ltr'><strong>nec</strong></span> <span class='ocrx_word' id='word_1_215' title='bbox 1425 3018 1630 3081; x_wconf 86' lang='lat' dir='ltr'><strong>prapter</strong></span> <span class='ocrx_word' id='word_1_216' title='bbox 1642 3010 1805 3066; x_wconf 77' lang='lat' dir='ltr'><strong>maloa</strong></span> 
     </span>
    </p>
   </div>
   <div class='ocr_carea' id='block_1_30' title="bbox 215 3101 1805 3174">
    <p class='ocr_par' dir='ltr' id='par_1_30' title="bbox 215 3101 1805 3174">
     <span class='ocr_line' id='line_1_30' title="bbox 215 3101 1805 3174; baseline -0.002 -16"><span class='ocrx_word' id='word_1_217' title='bbox 215 3106 474 3159; x_wconf 78' lang='lat' dir='ltr'><strong>recedatur</strong></span> <span class='ocrx_word' id='word_1_218' title='bbox 527 3104 593 3159; x_wconf 87' lang='lat' dir='ltr'><strong>ab</strong></span> <span class='ocrx_word' id='word_1_219' title='bbox 638 3104 889 3169; x_wconf 70' lang='lat' dir='ltr'><strong>Ecclesia,</strong></span> <span class='ocrx_word' id='word_1_220' title='bbox 930 3120 1021 3158; x_wconf 86' lang='lat' dir='ltr'><strong>nec</strong></span> <span class='ocrx_word' id='word_1_221' title='bbox 1059 3103 1113 3157; x_wconf 86' lang='lat' dir='ltr'><strong>in</strong></span> <span class='ocrx_word' id='word_1_222' title='bbox 1151 3101 1311 3157; x_wconf 78' lang='lat' dir='ltr'><strong>malos</strong></span> <span class='ocrx_word' id='word_1_223' title='bbox 1352 3102 1489 3174; x_wconf 76' lang='lat' dir='ltr'><strong>ipsos</strong></span> <span class='ocrx_word' id='word_1_224' title='bbox 1523 3102 1805 3174; x_wconf 79' lang='lat' dir='ltr'><strong>negligatur</strong></span> 
     </span>
    </p>
   </div>
   <div class='ocr_carea' id='block_1_31' title="bbox 214 3192 1804 3268">
    <p class='ocr_par' dir='ltr' id='par_1_31' title="bbox 214 3192 1804 3268">
     <span class='ocr_line' id='line_1_31' title="bbox 214 3192 1804 3268; baseline 0 -17"><span class='ocrx_word' id='word_1_225' title='bbox 214 3197 503 3268; x_wconf 76' lang='lat' dir='ltr'><strong>disciplina.</strong></span> <span class='ocrx_word' id='word_1_226' title='bbox 536 3196 645 3252; x_wconf 86' lang='lat' dir='ltr'><strong>Nos</strong></span> <span class='ocrx_word' id='word_1_227' title='bbox 675 3210 803 3252; x_wconf 86' lang='lat' dir='ltr'><strong>vero</strong></span> <span class='ocrx_word' id='word_1_228' title='bbox 845 3194 914 3250; x_wconf 88' lang='lat' dir='ltr'><strong>ad</strong></span> <span class='ocrx_word' id='word_1_229' title='bbox 966 3209 1150 3257; x_wconf 83' lang='lat' dir='ltr'><strong>sanam</strong></span> <span class='ocrx_word' id='word_1_230' title='bbox 1190 3192 1485 3250; x_wconf 80' lang='lat' dir='ltr'><strong>doctrinam</strong></span> <span class='ocrx_word' id='word_1_231' title='bbox 1531 3195 1804 3264; x_wconf 87' lang='lat' dir='ltr'><strong>pertinere</strong></span> 
     </span>
    </p>
   </div>
   <div class='ocr_carea' id='block_1_32' title="bbox 214 3284 1802 3357">
    <p class='ocr_par' dir='ltr' id='par_1_32' title="bbox 214 3284 1802 3357">
     <span class='ocr_line' id='line_1_32' title="bbox 214 3284 1802 3357; baseline -0.001 -14"><span class='ocrx_word' id='word_1_232' title='bbox 214 3289 540 3343; x_wconf 80' lang='lat' dir='ltr'><strong>arbitramur</strong></span> <span class='ocrx_word' id='word_1_233' title='bbox 567 3304 633 3343; x_wconf 75' lang='lat' dir='ltr'><strong>ex</strong></span> <span class='ocrx_word' id='word_1_234' title='bbox 660 3288 901 3357; x_wconf 88' lang='lat' dir='ltr'><strong>utrisque</strong></span> <span class='ocrx_word' id='word_1_235' title='bbox 922 3284 1241 3341; x_wconf 88' lang='lat' dir='ltr'><strong>testimoniis</strong></span> <span class='ocrx_word' id='word_1_236' title='bbox 1264 3285 1426 3340; x_wconf 88' lang='lat' dir='ltr'><strong>vitam</strong></span> <span class='ocrx_word' id='word_1_237' title='bbox 1452 3287 1802 3341; x_wconf 89' lang='lat' dir='ltr'><strong>sententiam-</strong></span> 
     </span>
    </p>
   </div>
   <div class='ocr_carea' id='block_1_33' title="bbox 211 3375 1801 3448">
    <p class='ocr_par' dir='ltr' id='par_1_33' title="bbox 211 3375 1801 3448">
     <span class='ocr_line' id='line_1_33' title="bbox 211 3375 1801 3448; baseline 0.001 -16"><span class='ocrx_word' id='word_1_238' title='bbox 211 3394 309 3448; x_wconf 88' lang='lat' dir='ltr'><strong>que</strong></span> <span class='ocrx_word' id='word_1_239' title='bbox 331 3380 603 3435; x_wconf 86' lang='lat' dir='ltr'><strong>moderari</strong></span> <span class='ocrx_word' id='word_1_240' title='bbox 632 3381 676 3444; x_wconf 85' lang='grc'><strong>²,</strong></span> <span class='ocrx_word' id='word_1_241' title='bbox 708 3387 766 3434; x_wconf 84' lang='grc' dir='ltr'><strong>ιιι</strong></span> <span class='ocrx_word' id='word_1_242' title='bbox 789 3386 845 3433; x_wconf 86' lang='lat' dir='ltr'><strong>et</strong></span> <span class='ocrx_word' id='word_1_243' title='bbox 866 3392 1029 3433; x_wconf 90' lang='lat' dir='ltr'><strong>canes</strong></span> <span class='ocrx_word' id='word_1_244' title='bbox 1042 3376 1096 3431; x_wconf 92' lang='lat' dir='ltr'><strong>in</strong></span> <span class='ocrx_word' id='word_1_245' title='bbox 1122 3375 1362 3433; x_wconf 89' lang='lat' dir='ltr'><strong>Ecclesia</strong></span> <span class='ocrx_word' id='word_1_246' title='bbox 1382 3386 1602 3448; x_wconf 83' lang='lat' dir='ltr'><strong>prOpter</strong></span> <span class='ocrx_word' id='word_1_247' title='bbox 1616 3393 1801 3447; x_wconf 91' lang='lat' dir='ltr'><strong>pacem</strong></span> 
     </span>
    </p>
   </div>
   <div class='ocr_carea' id='block_1_34' title="bbox 212 3470 1802 3542">
    <p class='ocr_par' dir='ltr' id='par_1_34' title="bbox 212 3470 1802 3542">
     <span class='ocr_line' id='line_1_34' title="bbox 212 3470 1802 3542; baseline 0.001 -17"><span class='ocrx_word' id='word_1_248' title='bbox 212 3472 462 3528; x_wconf 73' lang='lat' dir='ltr'><strong>Ecclesia:</strong></span> <span class='ocrx_word' id='word_1_249' title='bbox 506 3472 819 3539; x_wconf 89' lang='lat' dir='ltr'><strong>toleremus,</strong></span> <span class='ocrx_word' id='word_1_250' title='bbox 851 3478 907 3526; x_wconf 91' lang='lat' dir='ltr'><strong>et</strong></span> <span class='ocrx_word' id='word_1_251' title='bbox 950 3470 1178 3525; x_wconf 89' lang='lat' dir='ltr'><strong>canibus</strong></span> <span class='ocrx_word' id='word_1_252' title='bbox 1220 3478 1466 3524; x_wconf 89' lang='lat' dir='ltr'><strong>sanctum</strong></span> <span class='ocrx_word' id='word_1_253' title='bbox 1494 3510 1509 3535; x_wconf 94' lang='lat'><strong>,</strong></span> <span class='ocrx_word' id='word_1_254' title='bbox 1564 3470 1654 3525; x_wconf 90' lang='lat' dir='ltr'><strong>ubi</strong></span> <span class='ocrx_word' id='word_1_255' title='bbox 1699 3486 1802 3542; x_wconf 84' lang='lat' dir='ltr'><strong>pax</strong></span> 
     </span>
    </p>
   </div>
   <div class='ocr_carea' id='block_1_35' title="bbox 212 3560 1800 3631">
    <p class='ocr_par' dir='ltr' id='par_1_35' title="bbox 212 3560 1800 3631">
     <span class='ocr_line' id='line_1_35' title="bbox 212 3560 1800 3631; baseline -0.001 -13"><span class='ocrx_word' id='word_1_256' title='bbox 212 3563 461 3618; x_wconf 67' lang='lat' dir='ltr'><strong>Ecclesiae</strong></span> <span class='ocrx_word' id='word_1_257' title='bbox 517 3572 626 3618; x_wconf 85' lang='lat' dir='ltr'><strong>tuta</strong></span> <span class='ocrx_word' id='word_1_258' title='bbox 653 3573 756 3631; x_wconf 88' lang='lat' dir='ltr'><strong>est,</strong></span> <span class='ocrx_word' id='word_1_259' title='bbox 810 3577 919 3617; x_wconf 85' lang='lat' dir='ltr'><strong>non</strong></span> <span class='ocrx_word' id='word_1_260' title='bbox 970 3562 1179 3617; x_wconf 91' lang='lat' dir='ltr'><strong>demus.</strong></span> <span class='ocrx_word' id='word_1_261' title='bbox 1222 3560 1354 3616; x_wconf 86' lang='lat' dir='ltr'><strong>Cum</strong></span> <span class='ocrx_word' id='word_1_262' title='bbox 1401 3576 1530 3631; x_wconf 90' lang='lat' dir='ltr'><strong>ergo</strong></span> <span class='ocrx_word' id='word_1_263' title='bbox 1558 3563 1671 3616; x_wconf 84' lang='lat' dir='ltr'><strong>sive</strong></span> <span class='ocrx_word' id='word_1_264' title='bbox 1704 3577 1800 3631; x_wconf 91' lang='lat' dir='ltr'><strong>per</strong></span> 
     </span>
    </p>
   </div>
   <div class='ocr_carea' id='block_1_36' title="bbox 207 3653 1800 3727">
    <p class='ocr_par' dir='ltr' id='par_1_36' title="bbox 207 3653 1800 3727">
     <span class='ocr_line' id='line_1_36' title="bbox 207 3653 1800 3727; baseline -0.001 -18"><span class='ocrx_word' id='word_1_265' title='bbox 207 3657 581 3727; x_wconf 73' lang='lat' dir='ltr'><strong>negligentiam</strong></span> <span class='ocrx_word' id='word_1_266' title='bbox 606 3656 1033 3727; x_wconf 75' lang='lat' dir='ltr'><strong>prmpositorum,</strong></span> <span class='ocrx_word' id='word_1_267' title='bbox 1062 3654 1180 3709; x_wconf 84' lang='lat' dir='ltr'><strong>sive</strong></span> <span class='ocrx_word' id='word_1_268' title='bbox 1206 3669 1301 3723; x_wconf 90' lang='lat' dir='ltr'><strong>per</strong></span> <span class='ocrx_word' id='word_1_269' title='bbox 1326 3653 1554 3723; x_wconf 89' lang='lat' dir='ltr'><strong>aliquam</strong></span> <span class='ocrx_word' id='word_1_270' title='bbox 1580 3668 1800 3709; x_wconf 81' lang='lat' dir='ltr'><strong>excusa-</strong></span> 
     </span>
    </p>
   </div>
   <div class='ocr_carea' id='block_1_37' title="bbox 210 3746 1796 3818">
    <p class='ocr_par' dir='ltr' id='par_1_37' title="bbox 210 3746 1796 3818">
     <span class='ocr_line' id='line_1_37' title="bbox 210 3746 1796 3818; baseline -0.003 -14"><span class='ocrx_word' id='word_1_271' title='bbox 210 3749 361 3805; x_wconf 92' lang='lat' dir='ltr'><strong>bilem</strong></span> <span class='ocrx_word' id='word_1_272' title='bbox 390 3751 805 3815; x_wconf 87' lang='lat' dir='ltr'><strong>necessitatem,</strong></span> <span class='ocrx_word' id='word_1_273' title='bbox 825 3749 937 3803; x_wconf 90' lang='lat' dir='ltr'><strong>sive</strong></span> <span class='ocrx_word' id='word_1_274' title='bbox 959 3763 1054 3818; x_wconf 88' lang='lat' dir='ltr'><strong>per</strong></span> <span class='ocrx_word' id='word_1_275' title='bbox 1080 3747 1315 3802; x_wconf 88' lang='lat' dir='ltr'><strong>occultas</strong></span> <span class='ocrx_word' id='word_1_276' title='bbox 1339 3746 1682 3817; x_wconf 90' lang='lat' dir='ltr'><strong>obreptiones</strong></span> <span class='ocrx_word' id='word_1_277' title='bbox 1712 3749 1796 3801; x_wconf 91' lang='lat' dir='ltr'><strong>in-</strong></span> 
     </span>
    </p>
   </div>
   <div class='ocr_carea' id='block_1_38' title="bbox 116 3838 1798 3910">
    <p class='ocr_par' dir='ltr' id='par_1_38' title="bbox 116 3838 1798 3910">
     <span class='ocr_line' id='line_1_38' title="bbox 116 3838 1798 3910; baseline 0.001 -16"><span class='ocrx_word' id='word_1_278' title='bbox 116 3842 121 3845; x_wconf 84' lang='grc'><em>’</em></span> <span class='ocrx_word' id='word_1_279' title='bbox 218 3843 455 3897; x_wconf 81' lang='lat' dir='ltr'><strong>venimus</strong></span> <span class='ocrx_word' id='word_1_280' title='bbox 488 3842 548 3896; x_wconf 86' lang='lat' dir='ltr'><strong>in</strong></span> <span class='ocrx_word' id='word_1_281' title='bbox 575 3842 814 3897; x_wconf 85' lang='lat' dir='ltr'><strong>Ecclesia</strong></span> <span class='ocrx_word' id='word_1_282' title='bbox 854 3841 1044 3907; x_wconf 90' lang='lat' dir='ltr'><strong>malos,</strong></span> <span class='ocrx_word' id='word_1_283' title='bbox 1076 3853 1210 3910; x_wconf 89' lang='lat' dir='ltr'><strong>quos</strong></span> <span class='ocrx_word' id='word_1_284' title='bbox 1236 3838 1593 3894; x_wconf 83' lang='lat' dir='ltr'><strong>ecclesiastica</strong></span> <span class='ocrx_word' id='word_1_285' title='bbox 1634 3839 1798 3896; x_wconf 84' lang='lat' dir='ltr'><strong>disci-</strong></span> 
     </span>
    </p>
   </div>
   <div class='ocr_carea' id='block_1_39' title="bbox 207 3928 1796 4005">
    <p class='ocr_par' dir='ltr' id='par_1_39' title="bbox 207 3928 1796 4005">
     <span class='ocr_line' id='line_1_39' title="bbox 207 3928 1796 4005; baseline -0.001 -16"><span class='ocrx_word' id='word_1_286' title='bbox 207 3936 340 4005; x_wconf 83' lang='lat' dir='ltr'><strong>plina</strong></span> <span class='ocrx_word' id='word_1_287' title='bbox 364 3935 648 4005; x_wconf 82' lang='lat' dir='ltr'><strong>corrigere</strong></span> <span class='ocrx_word' id='word_1_288' title='bbox 678 3945 768 3988; x_wconf 89' lang='lat' dir='ltr'><strong>aut</strong></span> <span class='ocrx_word' id='word_1_289' title='bbox 796 3948 1050 3988; x_wconf 90' lang='lat' dir='ltr'><strong>coercere</strong></span> <span class='ocrx_word' id='word_1_290' title='bbox 1076 3947 1181 3987; x_wconf 90' lang='lat' dir='ltr'><strong>non</strong></span> <span class='ocrx_word' id='word_1_291' title='bbox 1208 3945 1526 4001; x_wconf 89' lang='lat' dir='ltr'><strong>possumus;</strong></span> <span class='ocrx_word' id='word_1_292' title='bbox 1554 3937 1681 3985; x_wconf 87' lang='lat' dir='ltr'><strong>tunc</strong></span> <span class='ocrx_word' id='word_1_293' title='bbox 1705 3928 1796 4003; x_wconf 91' lang='lat' dir='ltr'><strong>(ne</strong></span> 
     </span>
    </p>
   </div>
   <div class='ocr_carea' id='block_1_40' title="bbox 205 4022 1793 4093">
    <p class='ocr_par' dir='ltr' id='par_1_40' title="bbox 205 4022 1793 4093">
     <span class='ocr_line' id='line_1_40' title="bbox 205 4022 1793 4093; baseline -0.001 -16"><span class='ocrx_word' id='word_1_294' title='bbox 205 4028 452 4081; x_wconf 84' lang='lat' dir='ltr'><strong>aseendat</strong></span> <span class='ocrx_word' id='word_1_295' title='bbox 498 4027 551 4081; x_wconf 92' lang='lat' dir='ltr'><strong>in</strong></span> <span class='ocrx_word' id='word_1_296' title='bbox 585 4041 681 4081; x_wconf 89' lang='lat' dir='ltr'><strong>cor</strong></span> <span class='ocrx_word' id='word_1_297' title='bbox 714 4034 953 4080; x_wconf 90' lang='lat' dir='ltr'><strong>nostrum</strong></span> <span class='ocrx_word' id='word_1_298' title='bbox 1002 4023 1164 4093; x_wconf 89' lang='lat' dir='ltr'><strong>impia</strong></span> <span class='ocrx_word' id='word_1_299' title='bbox 1213 4030 1267 4077; x_wconf 89' lang='lat' dir='ltr'><strong>et</strong></span> <span class='ocrx_word' id='word_1_300' title='bbox 1305 4022 1605 4092; x_wconf 86' lang='lat' dir='ltr'><strong>perniciosa</strong></span> <span class='ocrx_word' id='word_1_301' title='bbox 1656 4037 1793 4092; x_wconf 73' lang='lat' dir='ltr'><strong>prae—</strong></span> 
     </span>
    </p>
   </div>
   <div class='ocr_carea' id='block_1_41' title="bbox 205 4111 1790 4190">
    <p class='ocr_par' dir='ltr' id='par_1_41' title="bbox 205 4111 1790 4190">
     <span class='ocr_line' id='line_1_41' title="bbox 205 4111 1790 4190; baseline -0.006 -19"><span class='ocrx_word' id='word_1_302' title='bbox 205 4122 450 4190; x_wconf 85' lang='lat' dir='ltr'><strong>sumptio,</strong></span> <span class='ocrx_word' id='word_1_303' title='bbox 478 4134 589 4189; x_wconf 88' lang='lat' dir='ltr'><strong>qua</strong></span> <span class='ocrx_word' id='word_1_304' title='bbox 617 4117 984 4173; x_wconf 78' lang='lat' dir='ltr'><strong>existimemus</strong></span> <span class='ocrx_word' id='word_1_305' title='bbox 1004 4130 1101 4169; x_wconf 92' lang='lat' dir='ltr'><strong>nos</strong></span> <span class='ocrx_word' id='word_1_306' title='bbox 1120 4114 1188 4168; x_wconf 88' lang='lat' dir='ltr'><strong>ab</strong></span> <span class='ocrx_word' id='word_1_307' title='bbox 1205 4113 1289 4168; x_wconf 90' lang='lat' dir='ltr'><strong>his</strong></span> <span class='ocrx_word' id='word_1_308' title='bbox 1314 4128 1431 4167; x_wconf 66' lang='lat' dir='ltr'><strong>esse</strong></span> <span class='ocrx_word' id='word_1_309' title='bbox 1448 4111 1790 4190; x_wconf 75' lang='lat' dir='ltr'><strong>separandos,</strong></span> 
     </span>
    </p>
   </div>
   <div class='ocr_carea' id='block_1_42' title="bbox 206 4188 1795 4278">
    <p class='ocr_par' dir='ltr' id='par_1_42' title="bbox 206 4188 1795 4278">
     <span class='ocr_line' id='line_1_42' title="bbox 206 4188 1795 4278; baseline -0.002 -17"><span class='ocrx_word' id='word_1_310' title='bbox 206 4220 255 4261; x_wconf 91' lang='lat' dir='ltr'><strong>ut</strong></span> <span class='ocrx_word' id='word_1_311' title='bbox 285 4188 514 4278; x_wconf 76' lang='lat' dir='ltr'><strong>peccatis</strong></span> <span class='ocrx_word' id='word_1_312' title='bbox 552 4222 740 4262; x_wconf 88' lang='lat' dir='ltr'><strong>eorum</strong></span> <span class='ocrx_word' id='word_1_313' title='bbox 791 4221 897 4261; x_wconf 93' lang='lat' dir='ltr'><strong>nou</strong></span> <span class='ocrx_word' id='word_1_314' title='bbox 948 4203 1306 4275; x_wconf 91' lang='lat' dir='ltr'><strong>inquinemur,</strong></span> <span class='ocrx_word' id='word_1_315' title='bbox 1359 4213 1518 4273; x_wconf 89' lang='lat' dir='ltr'><strong>atque</strong></span> <span class='ocrx_word' id='word_1_316' title='bbox 1564 4203 1635 4257; x_wconf 87' lang='lat' dir='ltr'><strong>ita</strong></span> <span class='ocrx_word' id='word_1_317' title='bbox 1674 4188 1795 4273; x_wconf 69' lang='lat' dir='ltr'><strong>po§t</strong></span> 
     </span>
    </p>
   </div>
   <div class='ocr_carea' id='block_1_43' title="bbox 203 4294 1792 4365">
    <p class='ocr_par' dir='ltr' id='par_1_43' title="bbox 203 4294 1792 4365">
     <span class='ocr_line' id='line_1_43' title="bbox 203 4294 1792 4365; baseline -0.001 -14"><span class='ocrx_word' id='word_1_318' title='bbox 203 4314 295 4351; x_wconf 75' lang='lat' dir='ltr'><strong>nos</strong></span> <span class='ocrx_word' id='word_1_319' title='bbox 322 4300 539 4354; x_wconf 88' lang='lat' dir='ltr'><strong>trahere</strong></span> <span class='ocrx_word' id='word_1_320' title='bbox 561 4313 821 4352; x_wconf 89' lang='lat' dir='ltr'><strong>conemur</strong></span> <span class='ocrx_word' id='word_1_321' title='bbox 843 4297 1008 4351; x_wconf 90' lang='lat' dir='ltr'><strong>veluti</strong></span> <span class='ocrx_word' id='word_1_322' title='bbox 1029 4294 1256 4350; x_wconf 91' lang='lat' dir='ltr'><strong>mundos</strong></span> <span class='ocrx_word' id='word_1_323' title='bbox 1281 4306 1597 4365; x_wconf 89' lang='lat' dir='ltr'><strong>sanctosque</strong></span> <span class='ocrx_word' id='word_1_324' title='bbox 1634 4294 1792 4350; x_wconf 86' lang='lat' dir='ltr'><strong>disci-</strong></span> 
     </span>
    </p>
   </div>
   <div class='ocr_carea' id='block_1_44' title="bbox 204 4387 1791 4460">
    <p class='ocr_par' dir='ltr' id='par_1_44' title="bbox 204 4387 1791 4460">
     <span class='ocr_line' id='line_1_44' title="bbox 204 4387 1791 4460; baseline -0.001 -17"><span class='ocrx_word' id='word_1_325' title='bbox 204 4393 367 4460; x_wconf 83' lang='lat' dir='ltr'><strong>pulos,</strong></span> <span class='ocrx_word' id='word_1_326' title='bbox 393 4393 463 4447; x_wconf 87' lang='lat' dir='ltr'><strong>ab</strong></span> <span class='ocrx_word' id='word_1_327' title='bbox 487 4390 715 4445; x_wconf 85' lang='lat' dir='ltr'><strong>unitatis</strong></span> <span class='ocrx_word' id='word_1_328' title='bbox 735 4403 991 4458; x_wconf 79' lang='lat' dir='ltr'><strong>compage</strong></span> <span class='ocrx_word' id='word_1_329' title='bbox 1013 4388 1161 4458; x_wconf 91' lang='lat' dir='ltr'><strong>quasi</strong></span> <span class='ocrx_word' id='word_1_330' title='bbox 1188 4402 1217 4440; x_wconf 89' lang='lat' dir='ltr'><strong>a</strong></span> <span class='ocrx_word' id='word_1_331' title='bbox 1237 4388 1495 4442; x_wconf 90' lang='lat' dir='ltr'><strong>malorum</strong></span> <span class='ocrx_word' id='word_1_332' title='bbox 1521 4387 1791 4442; x_wconf 91' lang='lat' dir='ltr'><strong>consortio</strong></span> 
     </span>
    </p>
   </div>
   <div class='ocr_carea' id='block_1_45' title="bbox 202 4477 1788 4555">
    <p class='ocr_par' dir='ltr' id='par_1_45' title="bbox 202 4477 1788 4555">
     <span class='ocr_line' id='line_1_45' title="bbox 202 4477 1788 4555; baseline -0.001 -22"><span class='ocrx_word' id='word_1_333' title='bbox 202 4481 529 4555; x_wconf 68' lang='lat' dir='ltr'><strong>segregatos)</strong></span> <span class='ocrx_word' id='word_1_334' title='bbox 563 4482 782 4537; x_wconf 90' lang='lat' dir='ltr'><strong>veniant</strong></span> <span class='ocrx_word' id='word_1_335' title='bbox 809 4481 861 4535; x_wconf 90' lang='lat' dir='ltr'><strong>in</strong></span> <span class='ocrx_word' id='word_1_336' title='bbox 898 4489 1131 4534; x_wconf 89' lang='lat' dir='ltr'><strong>mentem</strong></span> <span class='ocrx_word' id='word_1_337' title='bbox 1162 4478 1267 4533; x_wconf 70' lang='lat' dir='ltr'><strong>illa:</strong></span> <span class='ocrx_word' id='word_1_338' title='bbox 1292 4477 1361 4533; x_wconf 91' lang='lat' dir='ltr'><strong>de</strong></span> <span class='ocrx_word' id='word_1_339' title='bbox 1401 4477 1688 4548; x_wconf 89' lang='lat' dir='ltr'><strong>Scripturis</strong></span> <span class='ocrx_word' id='word_1_340' title='bbox 1713 4479 1788 4532; x_wconf 86' lang='lat' dir='ltr'><strong>si-</strong></span> 
     </span>
    </p>
   </div>
   <div class='ocr_carea' id='block_1_46' title="bbox 200 4568 1786 4638">
    <p class='ocr_par' dir='ltr' id='par_1_46' title="bbox 200 4568 1786 4638">
     <span class='ocr_line' id='line_1_46' title="bbox 200 4568 1786 4638; baseline -0.002 -14"><span class='ocrx_word' id='word_1_341' title='bbox 200 4575 524 4628; x_wconf 86' lang='lat' dir='ltr'><strong>militudines</strong></span> <span class='ocrx_word' id='word_1_342' title='bbox 549 4583 607 4627; x_wconf 89' lang='lat' dir='ltr'><strong>et</strong></span> <span class='ocrx_word' id='word_1_343' title='bbox 638 4571 816 4627; x_wconf 87' lang='lat' dir='ltr'><strong>divina</strong></span> <span class='ocrx_word' id='word_1_344' title='bbox 843 4570 1060 4625; x_wconf 88' lang='lat' dir='ltr'><strong>oracula</strong></span> <span class='ocrx_word' id='word_1_345' title='bbox 1091 4568 1176 4623; x_wconf 89' lang='lat' dir='ltr'><strong>vel</strong></span> <span class='ocrx_word' id='word_1_346' title='bbox 1200 4568 1496 4623; x_wconf 89' lang='lat' dir='ltr'><strong>certissima</strong></span> <span class='ocrx_word' id='word_1_347' title='bbox 1522 4568 1786 4638; x_wconf 83' lang='lat' dir='ltr'><strong>exempla,</strong></span> 
     </span>
    </p>
   </div>
   <div class='ocr_carea' id='block_1_47' title="bbox 198 4660 1788 4737">
    <p class='ocr_par' dir='ltr' id='par_1_47' title="bbox 198 4660 1788 4737">
     <span class='ocr_line' id='line_1_47' title="bbox 198 4660 1788 4737; baseline -0.001 -21"><span class='ocrx_word' id='word_1_348' title='bbox 198 4669 385 4737; x_wconf 80' lang='lat' dir='ltr'><strong>quibus</strong></span> <span class='ocrx_word' id='word_1_349' title='bbox 414 4669 849 4723; x_wconf 88' lang='lat' dir='ltr'><strong>demonstratum</strong></span> <span class='ocrx_word' id='word_1_350' title='bbox 880 4672 935 4719; x_wconf 90' lang='lat' dir='ltr'><strong>et</strong></span> <span class='ocrx_word' id='word_1_351' title='bbox 963 4662 1371 4732; x_wconf 67' lang='lat' dir='ltr'><strong>prmnuntiatum</strong></span> <span class='ocrx_word' id='word_1_352' title='bbox 1402 4670 1505 4727; x_wconf 90' lang='lat' dir='ltr'><strong>est,</strong></span> <span class='ocrx_word' id='word_1_353' title='bbox 1537 4661 1705 4715; x_wconf 90' lang='lat' dir='ltr'><strong>malos</strong></span> <span class='ocrx_word' id='word_1_354' title='bbox 1735 4660 1788 4715; x_wconf 90' lang='lat' dir='ltr'><strong>in</strong></span> 
     </span>
    </p>
   </div>
   <div class='ocr_carea' id='block_1_48' title="bbox 202 4752 1784 4830">
    <p class='ocr_par' dir='ltr' id='par_1_48' title="bbox 202 4752 1784 4830">
     <span class='ocr_line' id='line_1_48' title="bbox 202 4752 1784 4830; baseline -0.005 -16"><span class='ocrx_word' id='word_1_355' title='bbox 202 4762 437 4815; x_wconf 60' lang='lat' dir='ltr'><strong>Ecclesia</strong></span> <span class='ocrx_word' id='word_1_356' title='bbox 468 4759 771 4830; x_wconf 77' lang='lat' dir='ltr'><strong>permixtus</strong></span> <span class='ocrx_word' id='word_1_357' title='bbox 798 4756 951 4810; x_wconf 89' lang='lat' dir='ltr'><strong>bonis</strong></span> <span class='ocrx_word' id='word_1_358' title='bbox 978 4769 1144 4823; x_wconf 90' lang='lat' dir='ltr'><strong>usque</strong></span> <span class='ocrx_word' id='word_1_359' title='bbox 1172 4753 1223 4807; x_wconf 91' lang='lat' dir='ltr'><strong>in</strong></span> <span class='ocrx_word' id='word_1_360' title='bbox 1251 4754 1409 4808; x_wconf 85' lang='lat' dir='ltr'><strong>tinem</strong></span> <span class='ocrx_word' id='word_1_361' title='bbox 1440 4752 1619 4807; x_wconf 70' lang='lat' dir='ltr'><strong>smeuli</strong></span> <span class='ocrx_word' id='word_1_362' title='bbox 1651 4762 1784 4807; x_wconf 83' lang='lat' dir='ltr'><strong>tem-</strong></span> 
     </span>
    </p>
   </div>
   <div class='ocr_carea' id='block_1_49' title="bbox 201 4844 1788 4923">
    <p class='ocr_par' dir='ltr' id='par_1_49' title="bbox 201 4844 1788 4923">
     <span class='ocr_line' id='line_1_49' title="bbox 201 4844 1788 4923; baseline -0.004 -20"><span class='ocrx_word' id='word_1_363' title='bbox 201 4868 395 4923; x_wconf 80' lang='lat' dir='ltr'><strong>pusque</strong></span> <span class='ocrx_word' id='word_1_364' title='bbox 433 4851 624 4922; x_wconf 87' lang='lat' dir='ltr'><strong>jndicii</strong></span> <span class='ocrx_word' id='word_1_365' title='bbox 678 4850 904 4910; x_wconf 82' lang='lat' dir='ltr'><strong>futuros,</strong></span> <span class='ocrx_word' id='word_1_366' title='bbox 946 4856 1001 4901; x_wconf 88' lang='lat' dir='ltr'><strong>et</strong></span> <span class='ocrx_word' id='word_1_367' title='bbox 1030 4845 1161 4900; x_wconf 83' lang='lat' dir='ltr'><strong>nihil</strong></span> <span class='ocrx_word' id='word_1_368' title='bbox 1206 4845 1359 4899; x_wconf 91' lang='lat' dir='ltr'><strong>bonis</strong></span> <span class='ocrx_word' id='word_1_369' title='bbox 1417 4844 1469 4897; x_wconf 92' lang='lat' dir='ltr'><strong>in</strong></span> <span class='ocrx_word' id='word_1_370' title='bbox 1494 4844 1695 4897; x_wconf 90' lang='lat' dir='ltr'><strong>unitate</strong></span> <span class='ocrx_word' id='word_1_371' title='bbox 1724 4857 1788 4897; x_wconf 88' lang='lat' dir='ltr'><strong>ac</strong></span> 
     </span>
    </p>
   </div>
   <div class='ocr_carea' id='block_1_50' title="bbox 200 4934 1784 5013">
    <p class='ocr_par' dir='ltr' id='par_1_50' title="bbox 200 4934 1784 5013">
     <span class='ocr_line' id='line_1_50' title="bbox 200 4934 1784 5013; baseline -0.004 -18"><span class='ocrx_word' id='word_1_372' title='bbox 200 4945 603 5013; x_wconf 81' lang='lat' dir='ltr'><strong>participatione</strong></span> <span class='ocrx_word' id='word_1_373' title='bbox 626 4936 1207 5005; x_wconf 84' lang='lat' dir='ltr'><strong>Sacratnentorumqui</strong></span> <span class='ocrx_word' id='word_1_374' title='bbox 1249 4951 1434 4991; x_wconf 91' lang='lat' dir='ltr'><strong>eorum</strong></span> <span class='ocrx_word' id='word_1_375' title='bbox 1475 4934 1628 4989; x_wconf 81' lang='lat' dir='ltr'><strong>factis</strong></span> <span class='ocrx_word' id='word_1_376' title='bbox 1676 4952 1784 4989; x_wconf 87' lang='lat' dir='ltr'><strong>non</strong></span> 
     </span>
    </p>
   </div>
   <div class='ocr_carea' id='block_1_51' title="bbox 198 5028 1784 5098">
    <p class='ocr_par' dir='ltr' id='par_1_51' title="bbox 198 5028 1784 5098">
     <span class='ocr_line' id='line_1_51' title="bbox 198 5028 1784 5098; baseline -0.003 -13"><span class='ocrx_word' id='word_1_377' title='bbox 198 5038 568 5090; x_wconf 74' lang='lat' dir='ltr'><strong>rottsrnserint</strong></span> <span class='ocrx_word' id='word_1_378' title='bbox 605 5034 907 5087; x_wconf 80' lang='lat' dir='ltr'><strong>oblaturos.</strong></span> <span class='ocrx_word' id='word_1_379' title='bbox 954 5031 1085 5085; x_wconf 87' lang='lat' dir='ltr'><strong>Cum</strong></span> <span class='ocrx_word' id='word_1_380' title='bbox 1121 5044 1249 5083; x_wconf 89' lang='lat' dir='ltr'><strong>vero</strong></span> <span class='ocrx_word' id='word_1_381' title='bbox 1276 5029 1356 5083; x_wconf 89' lang='lat' dir='ltr'><strong>eis</strong></span> <span class='ocrx_word' id='word_1_382' title='bbox 1400 5043 1495 5098; x_wconf 86' lang='lat' dir='ltr'><strong>per</strong></span> <span class='ocrx_word' id='word_1_383' title='bbox 1519 5042 1651 5097; x_wconf 89' lang='lat' dir='ltr'><strong>quos</strong></span> <span class='ocrx_word' id='word_1_384' title='bbox 1680 5028 1784 5081; x_wconf 78' lang='lat' dir='ltr'><strong>Ec-</strong></span> 
     </span>
    </p>
   </div>
   <div class='ocr_carea' id='block_1_52' title="bbox 195 5120 1784 5197">
    <p class='ocr_par' dir='ltr' id='par_1_52' title="bbox 195 5120 1784 5197">
     <span class='ocr_line' id='line_1_52' title="bbox 195 5120 1784 5197; baseline -0.004 -16"><span class='ocrx_word' id='word_1_385' title='bbox 195 5130 347 5183; x_wconf 84' lang='lat' dir='ltr'><strong>clesia</strong></span> <span class='ocrx_word' id='word_1_386' title='bbox 376 5129 609 5197; x_wconf 86' lang='lat' dir='ltr'><strong>regitur,</strong></span> <span class='ocrx_word' id='word_1_387' title='bbox 633 5125 784 5179; x_wconf 84' lang='lat' dir='ltr'><strong>adest</strong></span> <span class='ocrx_word' id='word_1_388' title='bbox 814 5124 955 5178; x_wconf 78' lang='lat' dir='ltr'><strong>Salva</strong></span> <span class='ocrx_word' id='word_1_389' title='bbox 982 5138 1114 5193; x_wconf 86' lang='lat' dir='ltr'><strong>pace</strong></span> <span class='ocrx_word' id='word_1_390' title='bbox 1154 5120 1407 5175; x_wconf 84' lang='lat' dir='ltr'><strong>Ecclesiae</strong></span> <span class='ocrx_word' id='word_1_391' title='bbox 1438 5130 1673 5190; x_wconf 90' lang='lat' dir='ltr'><strong>potestas</strong></span> <span class='ocrx_word' id='word_1_392' title='bbox 1703 5121 1784 5175; x_wconf 78' lang='lat' dir='ltr'><strong>di-</strong></span> 
     </span>
    </p>
   </div>
   <div class='ocr_carea' id='block_1_53' title="bbox 195 5210 1782 5288">
    <p class='ocr_par' dir='ltr' id='par_1_53' title="bbox 195 5210 1782 5288">
     <span class='ocr_line' id='line_1_53' title="bbox 195 5210 1782 5288; baseline -0.004 -17"><span class='ocrx_word' id='word_1_393' title='bbox 195 5221 427 5288; x_wconf 77' lang='lat' dir='ltr'><strong>sciplina:</strong></span> <span class='ocrx_word' id='word_1_394' title='bbox 457 5218 727 5272; x_wconf 88' lang='lat' dir='ltr'><strong>adversus</strong></span> <span class='ocrx_word' id='word_1_395' title='bbox 760 5215 1033 5284; x_wconf 87' lang='lat' dir='ltr'><strong>improbos</strong></span> <span class='ocrx_word' id='word_1_396' title='bbox 1072 5220 1164 5266; x_wconf 88' lang='lat' dir='ltr'><strong>aut</strong></span> <span class='ocrx_word' id='word_1_397' title='bbox 1193 5210 1424 5266; x_wconf 80' lang='lat' dir='ltr'><strong>nefarios</strong></span> <span class='ocrx_word' id='word_1_398' title='bbox 1449 5212 1782 5277; x_wconf 71' lang='lat' dir='ltr'><strong>exercendm,</strong></span> 
     </span>
    </p>
   </div>
   <div class='ocr_carea' id='block_1_54' title="bbox 196 5300 1786 5371">
    <p class='ocr_par' dir='ltr' id='par_1_54' title="bbox 196 5300 1786 5371">
     <span class='ocr_line' id='line_1_54' title="bbox 196 5300 1786 5371; baseline -0.003 -10"><span class='ocrx_word' id='word_1_399' title='bbox 196 5320 311 5363; x_wconf 89' lang='lat' dir='ltr'><strong>tunc</strong></span> <span class='ocrx_word' id='word_1_400' title='bbox 333 5324 553 5371; x_wconf 84' lang='lat' dir='ltr'><strong>rursus,</strong></span> <span class='ocrx_word' id='word_1_401' title='bbox 584 5321 651 5360; x_wconf 90' lang='lat' dir='ltr'><strong>ne</strong></span> <span class='ocrx_word' id='word_1_402' title='bbox 676 5304 914 5360; x_wconf 88' lang='lat' dir='ltr'><strong>socordia</strong></span> <span class='ocrx_word' id='word_1_403' title='bbox 944 5302 1273 5371; x_wconf 85' lang='lat' dir='ltr'><strong>segnitiaque</strong></span> <span class='ocrx_word' id='word_1_404' title='bbox 1293 5300 1639 5363; x_wconf 89' lang='lat' dir='ltr'><strong>dormiamus,</strong></span> <span class='ocrx_word' id='word_1_405' title='bbox 1666 5301 1786 5356; x_wconf 84' lang='lat' dir='ltr'><strong>aliis</strong></span> 
     </span>
    </p>
   </div>
   <div class='ocr_carea' id='block_1_55' title="bbox 192 5391 1785 5469">
    <p class='ocr_par' dir='ltr' id='par_1_55' title="bbox 192 5391 1785 5469">
     <span class='ocr_line' id='line_1_55' title="bbox 192 5391 1785 5469; baseline -0.006 -16"><span class='ocrx_word' id='word_1_406' title='bbox 192 5401 386 5455; x_wconf 84' lang='lat' dir='ltr'><strong>aculeis</strong></span> <span class='ocrx_word' id='word_1_407' title='bbox 404 5406 822 5469; x_wconf 66' lang='lat' dir='ltr'><strong>prasceptorum,</strong></span> <span class='ocrx_word' id='word_1_408' title='bbox 844 5410 962 5463; x_wconf 75' lang='lat' dir='ltr'><strong>qua:</strong></span> <span class='ocrx_word' id='word_1_409' title='bbox 982 5393 1047 5447; x_wconf 94' lang='lat' dir='ltr'><strong>ad</strong></span> <span class='ocrx_word' id='word_1_410' title='bbox 1077 5391 1413 5446; x_wconf 86' lang='lat' dir='ltr'><strong>severitatem</strong></span> <span class='ocrx_word' id='word_1_411' title='bbox 1449 5391 1785 5445; x_wconf 85' lang='lat' dir='ltr'><strong>coercitionis</strong></span> 
     </span>
    </p>
   </div>
   <div class='ocr_carea' id='block_1_56' title="bbox 192 5482 1781 5555">
    <p class='ocr_par' dir='ltr' id='par_1_56' title="bbox 192 5482 1781 5555">
     <span class='ocr_line' id='line_1_56' title="bbox 192 5482 1781 5555; baseline -0.005 -13"><span class='ocrx_word' id='word_1_412' title='bbox 192 5493 479 5555; x_wconf 81' lang='lat' dir='ltr'><strong>pertinent,</strong></span> <span class='ocrx_word' id='word_1_413' title='bbox 503 5487 772 5543; x_wconf 79' lang='lat' dir='ltr'><strong>excitandi</strong></span> <span class='ocrx_word' id='word_1_414' title='bbox 800 5502 1005 5550; x_wconf 78' lang='lat' dir='ltr'><strong>sumus,</strong></span> <span class='ocrx_word' id='word_1_415' title='bbox 1039 5496 1095 5537; x_wconf 92' lang='lat' dir='ltr'><strong>ut</strong></span> <span class='ocrx_word' id='word_1_416' title='bbox 1120 5496 1337 5553; x_wconf 89' lang='lat' dir='ltr'><strong>gressus</strong></span> <span class='ocrx_word' id='word_1_417' title='bbox 1367 5491 1579 5536; x_wconf 90' lang='lat' dir='ltr'><strong>nostros</strong></span> <span class='ocrx_word' id='word_1_418' title='bbox 1608 5483 1657 5535; x_wconf 90' lang='lat' dir='ltr'><strong>in</strong></span> <span class='ocrx_word' id='word_1_419' title='bbox 1700 5482 1781 5535; x_wconf 92' lang='lat' dir='ltr'><strong>via</strong></span> 
     </span>
    </p>
   </div>
   <div class='ocr_carea' id='block_1_57' title="bbox 194 5570 1784 5647">
    <p class='ocr_par' dir='ltr' id='par_1_57' title="bbox 194 5570 1784 5647">
     <span class='ocr_line' id='line_1_57' title="bbox 194 5570 1784 5647; baseline -0.008 -11"><span class='ocrx_word' id='word_1_420' title='bbox 194 5582 398 5637; x_wconf 84' lang='lat' dir='ltr'><strong>Domini</strong></span> <span class='ocrx_word' id='word_1_421' title='bbox 430 5597 503 5636; x_wconf 77' lang='lat' dir='ltr'><strong>ex</strong></span> <span class='ocrx_word' id='word_1_422' title='bbox 533 5578 773 5647; x_wconf 84' lang='lat' dir='ltr'><strong>utrisque</strong></span> <span class='ocrx_word' id='word_1_423' title='bbox 797 5574 1118 5631; x_wconf 84' lang='lat' dir='ltr'><strong>testimoniis</strong></span> <span class='ocrx_word' id='word_1_424' title='bbox 1141 5574 1232 5628; x_wconf 90' lang='lat' dir='ltr'><strong>illo</strong></span> <span class='ocrx_word' id='word_1_425' title='bbox 1259 5572 1393 5625; x_wconf 88' lang='lat' dir='ltr'><strong>duce</strong></span> <span class='ocrx_word' id='word_1_426' title='bbox 1432 5579 1591 5640; x_wconf 89' lang='lat' dir='ltr'><strong>atque</strong></span> <span class='ocrx_word' id='word_1_427' title='bbox 1633 5570 1784 5640; x_wconf 81' lang='lat' dir='ltr'><strong>adju-</strong></span> 
     </span>
    </p>
   </div>
   <div class='ocr_carea' id='block_1_58' title="bbox 249 5726 1785 5794">
    <p class='ocr_par' dir='ltr' id='par_1_58' title="bbox 249 5726 1785 5794">
     <span class='ocr_line' id='line_1_58' title="bbox 249 5726 1785 5794; baseline -0.004 -9"><span class='ocrx_word' id='word_1_428' title='bbox 249 5739 263 5769; x_wconf 84' lang='grc'>¹</span> <span class='ocrx_word' id='word_1_429' title='bbox 303 5745 367 5787; x_wconf 85' lang='lat' dir='ltr'><strong>tta</strong></span> <span class='ocrx_word' id='word_1_430' title='bbox 404 5746 515 5784; x_wconf 75' lang='lat' dir='ltr'><strong>\tss.</strong></span> <span class='ocrx_word' id='word_1_431' title='bbox 556 5734 671 5783; x_wconf 62' lang='lat' dir='ltr'><strong>mliti</strong></span> <span class='ocrx_word' id='word_1_432' title='bbox 692 5742 872 5794; x_wconf 88' lang='lat' dir='ltr'><strong>autem,</strong></span> <span class='ocrx_word' id='word_1_433' title='bbox 892 5730 1231 5783; x_wconf 80' lang='lat' dir='ltr'><strong>instituendam</strong></span> <span class='ocrx_word' id='word_1_434' title='bbox 1253 5733 1421 5792; x_wconf 83' lang='lat' dir='ltr'><strong>putant</strong></span> <span class='ocrx_word' id='word_1_435' title='bbox 1443 5739 1544 5778; x_wconf 76' lang='lat' dir='ltr'><strong>esse</strong></span> <span class='ocrx_word' id='word_1_436' title='bbox 1559 5732 1605 5777; x_wconf 82' lang='lat' dir='ltr'><strong>et</strong></span> <span class='ocrx_word' id='word_1_437' title='bbox 1628 5726 1785 5779; x_wconf 80' lang='lat' dir='ltr'><strong>Eccle-</strong></span> 
     </span>
    </p>
   </div>
   <div class='ocr_carea' id='block_1_59' title="bbox 187 5794 1383 5863">
    <p class='ocr_par' dir='ltr' id='par_1_59' title="bbox 187 5794 1383 5863">
     <span class='ocr_line' id='line_1_59' title="bbox 187 5794 1383 5863; baseline 0.013 -14"><span class='ocrx_word' id='word_1_438' title='bbox 187 5797 373 5851; x_wconf 66' lang='lat' dir='ltr'><strong>demet</strong></span> <span class='ocrx_word' id='word_1_439' title='bbox 393 5794 729 5858; x_wconf 79' lang='lat' dir='ltr'><strong>disciplinam.</strong></span> <span class='ocrx_word' id='word_1_440' title='bbox 882 5861 936 5863; x_wconf 10' lang='grc' dir='ltr'><strong><em>Α</em></strong></span> <span class='ocrx_word' id='word_1_441' title='bbox 1006 5852 1037 5863; x_wconf 76' lang='lat'><strong>_,</strong></span> <span class='ocrx_word' id='word_1_442' title='bbox 1237 5850 1249 5863; x_wconf 92' lang='lat'><strong>.</strong></span> <span class='ocrx_word' id='word_1_443' title='bbox 1372 5851 1383 5862; x_wconf 88' lang='lat'><strong>.</strong></span> 
     </span>
    </p>
   </div>
   <div class='ocr_carea' id='block_1_60' title="bbox 248 5850 1399 5915">
    <p class='ocr_par' dir='ltr' id='par_1_60' title="bbox 248 5850 1399 5915">
     <span class='ocr_line' id='line_1_60' title="bbox 248 5850 1399 5915; baseline -0.01 -4"><span class='ocrx_word' id='word_1_444' title='bbox 248 5863 270 5894; x_wconf 82' lang='lat'>&#39;</span> <span class='ocrx_word' id='word_1_445' title='bbox 301 5850 402 5910; x_wconf 71' lang='lat' dir='ltr'><strong>Am.</strong></span> <span class='ocrx_word' id='word_1_446' title='bbox 432 5868 489 5909; x_wconf 88' lang='lat' dir='ltr'><strong>et</strong></span> <span class='ocrx_word' id='word_1_447' title='bbox 513 5850 621 5915; x_wconf 64' lang='grc' dir='ltr'><strong>ιίικ,</strong></span> <span class='ocrx_word' id='word_1_448' title='bbox 654 5864 805 5907; x_wconf 82' lang='lat' dir='ltr'><strong>tutam</strong></span> <span class='ocrx_word' id='word_1_449' title='bbox 836 5852 1116 5906; x_wconf 81' lang='lat' dir='ltr'><strong>sententiam</strong></span> <span class='ocrx_word' id='word_1_450' title='bbox 1138 5850 1399 5903; x_wconf 82' lang='lat' dir='ltr'><strong>moderari.</strong></span> 
     </span>
    </p>
   </div>
   <div class='ocr_carea' id='block_1_61' title="bbox 477 5938 931 6002">
    <p class='ocr_par' dir='ltr' id='par_1_61' title="bbox 477 5938 931 6002">
     <span class='ocr_line' id='line_1_61' title="bbox 477 5938 931 6002; baseline -0.004 0"><span class='ocrx_word' id='word_1_451' title='bbox 477 5944 756 6002; x_wconf 74' lang='lat' dir='ltr'><strong>PA1‘tt0t..</strong></span> <span class='ocrx_word' id='word_1_452' title='bbox 808 5938 931 6000; x_wconf 73' lang='lat' dir='ltr'><strong>XL.</strong></span> 
     </span>
    </p>
   </div>
   <div class='ocr_carea' id='block_1_62' title="bbox 3425 459 3526 517">
    <p class='ocr_par' dir='ltr' id='par_1_62' title="bbox 3425 459 3526 517">
     <span class='ocr_line' id='line_1_62' title="bbox 3425 459 3526 517; baseline 0.04 -4"><span class='ocrx_word' id='word_1_453' title='bbox 3425 459 3526 517; x_wconf 68' lang='lat'><strong>203</strong></span> 
     </span>
    </p>
   </div>
   <div class='ocr_carea' id='block_1_63' title="bbox 1942 553 3522 646">
    <p class='ocr_par' dir='ltr' id='par_1_63' title="bbox 1942 553 3522 646">
     <span class='ocr_line' id='line_1_63' title="bbox 1942 553 3522 646; baseline 0.018 -42"><span class='ocrx_word' id='word_1_454' title='bbox 1942 562 2055 606; x_wconf 77' lang='lat' dir='ltr'><strong>lure</strong></span> <span class='ocrx_word' id='word_1_455' title='bbox 2085 553 2437 646; x_wconf 75' lang='lat' dir='ltr'><strong>dirigentes‘,</strong></span> <span class='ocrx_word' id='word_1_456' title='bbox 2467 577 2564 617; x_wconf 91' lang='lat' dir='ltr'><strong>nec</strong></span> <span class='ocrx_word' id='word_1_457' title='bbox 2592 568 2857 635; x_wconf 73' lang='lat' dir='ltr'><strong>patientire</strong></span> <span class='ocrx_word' id='word_1_458' title='bbox 2888 572 3100 628; x_wconf 91' lang='lat' dir='ltr'><strong>nomine</strong></span> <span class='ocrx_word' id='word_1_459' title='bbox 3126 581 3522 646; x_wconf 84' lang='lat' dir='ltr'><strong>torpescamus,</strong></span> 
     </span>
    </p>
   </div>
   <div class='ocr_carea' id='block_1_64' title="bbox 1938 645 2910 720">
    <p class='ocr_par' dir='ltr' id='par_1_64' title="bbox 1938 645 2910 720">
     <span class='ocr_line' id='line_1_64' title="bbox 1938 645 2910 720; baseline 0.022 -24"><span class='ocrx_word' id='word_1_460' title='bbox 1938 658 2037 699; x_wconf 88' lang='lat' dir='ltr'><strong>nec</strong></span> <span class='ocrx_word' id='word_1_461' title='bbox 2058 645 2279 702; x_wconf 89' lang='lat' dir='ltr'><strong>obtentu</strong></span> <span class='ocrx_word' id='word_1_462' title='bbox 2300 648 2585 720; x_wconf 71' lang='lat' dir='ltr'><strong>diligentia:</strong></span> <span class='ocrx_word' id='word_1_463' title='bbox 2608 660 2910 716; x_wconf 67' lang='lat' dir='ltr'><strong>satviamus.</strong></span> 
     </span>
    </p>
   </div>
   <div class='ocr_carea' id='block_1_65' title="bbox 2004 734 3518 818">
    <p class='ocr_par' dir='ltr' id='par_1_65' title="bbox 2004 734 3518 818">
     <span class='ocr_line' id='line_1_65' title="bbox 2004 734 3518 818; baseline 0.016 -29"><span class='ocrx_word' id='word_1_464' title='bbox 2004 734 2229 792; x_wconf 81' lang='lat' dir='ltr'><strong>CAPUT</strong></span> <span class='ocrx_word' id='word_1_465' title='bbox 2247 737 2332 794; x_wconf 83' lang='lat' dir='ltr'><strong>Vl.</strong></span> <span class='ocrx_word' id='word_1_466' title='bbox 2354 741 2488 798; x_wconf 89' lang='lat'><strong>——8.</strong></span> <span class='ocrx_word' id='word_1_467' title='bbox 2506 743 2584 798; x_wconf 82' lang='lat' dir='ltr'><strong>Ad</strong></span> <span class='ocrx_word' id='word_1_468' title='bbox 2597 744 2910 818; x_wconf 77' lang='lat' dir='ltr'><strong>Baptismum</strong></span> <span class='ocrx_word' id='word_1_469' title='bbox 2926 768 2992 807; x_wconf 88' lang='lat' dir='ltr'><strong>an</strong></span> <span class='ocrx_word' id='word_1_470' title='bbox 3008 754 3345 811; x_wconf 75' lang='lat' dir='ltr'><strong>admittendus</strong></span> <span class='ocrx_word' id='word_1_471' title='bbox 3364 757 3488 812; x_wconf 77' lang='lat' dir='ltr'><strong>adut</strong></span> <span class='ocrx_word' id='word_1_472' title='bbox 3499 788 3518 799; x_wconf 83' lang='lat'><strong>-</strong></span> 
     </span>
    </p>
   </div>
   <div class='ocr_carea' id='block_1_66' title="bbox 1932 832 3515 913">
    <p class='ocr_par' dir='ltr' id='par_1_66' title="bbox 1932 832 3515 913">
     <span class='ocr_line' id='line_1_66' title="bbox 1932 832 3515 913; baseline 0.015 -36"><span class='ocrx_word' id='word_1_473' title='bbox 1932 832 2008 879; x_wconf 90' lang='lat' dir='ltr'><strong>ter</strong></span> <span class='ocrx_word' id='word_1_474' title='bbox 2027 835 2073 879; x_wconf 89' lang='lat' dir='ltr'><strong>et</strong></span> <span class='ocrx_word' id='word_1_475' title='bbox 2095 839 2327 896; x_wconf 79' lang='lat' dir='ltr'><strong>peccator</strong></span> <span class='ocrx_word' id='word_1_476' title='bbox 2357 849 2455 887; x_wconf 84' lang='lat' dir='ltr'><strong>non</strong></span> <span class='ocrx_word' id='word_1_477' title='bbox 2477 847 2746 894; x_wconf 77' lang='lat' dir='ltr'><strong>correctus.</strong></span> <span class='ocrx_word' id='word_1_478' title='bbox 2779 842 2857 894; x_wconf 83' lang='lat' dir='ltr'><strong>An</strong></span> <span class='ocrx_word' id='word_1_479' title='bbox 2884 854 3134 913; x_wconf 73' lang='lat' dir='ltr'><strong>prterepta</strong></span> <span class='ocrx_word' id='word_1_480' title='bbox 3158 845 3279 900; x_wconf 86' lang='lat' dir='ltr'><strong>bene</strong></span> <span class='ocrx_word' id='word_1_481' title='bbox 3318 847 3515 902; x_wconf 81' lang='lat' dir='ltr'><strong>vivendi</strong></span> 
     </span>
    </p>
   </div>
   <div class='ocr_carea' id='block_1_67' title="bbox 1930 918 3513 1006">
    <p class='ocr_par' dir='ltr' id='par_1_67' title="bbox 1930 918 3513 1006">
     <span class='ocr_line' id='line_1_67' title="bbox 1930 918 3513 1006; baseline 0.015 -38"><span class='ocrx_word' id='word_1_482' title='bbox 1930 931 2030 969; x_wconf 85' lang='lat' dir='ltr'><strong>non</strong></span> <span class='ocrx_word' id='word_1_483' title='bbox 2054 918 2196 987; x_wconf 76' lang='lat' dir='ltr'><strong>prius</strong></span> <span class='ocrx_word' id='word_1_484' title='bbox 2226 922 2473 977; x_wconf 84' lang='lat' dir='ltr'><strong>tradenda</strong></span> <span class='ocrx_word' id='word_1_485' title='bbox 2495 934 2645 993; x_wconf 85' lang='lat' dir='ltr'><strong>quam</strong></span> <span class='ocrx_word' id='word_1_486' title='bbox 2672 928 2985 999; x_wconf 75' lang='lat' dir='ltr'><strong>Baptiamus.</strong></span> <span class='ocrx_word' id='word_1_487' title='bbox 3020 933 3127 989; x_wconf 82' lang='lat' dir='ltr'><strong>[lac</strong></span> <span class='ocrx_word' id='word_1_488' title='bbox 3156 951 3284 1006; x_wconf 84' lang='lat' dir='ltr'><strong>ergo</strong></span> <span class='ocrx_word' id='word_1_489' title='bbox 3318 952 3513 993; x_wconf 81' lang='lat' dir='ltr'><strong>secun-</strong></span> 
     </span>
    </p>
   </div>
   <div class='ocr_carea' id='block_1_68' title="bbox 1928 1008 3515 1090">
    <p class='ocr_par' dir='ltr' id='par_1_68' title="bbox 1928 1008 3515 1090">
     <span class='ocr_line' id='line_1_68' title="bbox 1928 1008 3515 1090; baseline 0.014 -29"><span class='ocrx_word' id='word_1_490' title='bbox 1928 1008 2052 1063; x_wconf 91' lang='lat' dir='ltr'><strong>dum</strong></span> <span class='ocrx_word' id='word_1_491' title='bbox 2080 1024 2263 1067; x_wconf 83' lang='lat' dir='ltr'><strong>sanam</strong></span> <span class='ocrx_word' id='word_1_492' title='bbox 2282 1014 2578 1073; x_wconf 87' lang='lat' dir='ltr'><strong>doctrinam</strong></span> <span class='ocrx_word' id='word_1_493' title='bbox 2603 1020 2965 1080; x_wconf 89' lang='lat' dir='ltr'><strong>moderatione</strong></span> <span class='ocrx_word' id='word_1_494' title='bbox 2986 1035 3215 1090; x_wconf 83' lang='lat' dir='ltr'><strong>servata.</strong></span> <span class='ocrx_word' id='word_1_495' title='bbox 3240 1029 3515 1084; x_wconf 88' lang='lat' dir='ltr'><strong>videamus</strong></span> 
     </span>
    </p>
   </div>
   <div class='ocr_carea' id='block_1_69' title="bbox 1928 1101 3510 1189">
    <p class='ocr_par' dir='ltr' id='par_1_69' title="bbox 1928 1101 3510 1189">
     <span class='ocr_line' id='line_1_69' title="bbox 1928 1101 3510 1189; baseline 0.012 -34"><span class='ocrx_word' id='word_1_496' title='bbox 1928 1101 2067 1157; x_wconf 89' lang='lat' dir='ltr'><strong>unde</strong></span> <span class='ocrx_word' id='word_1_497' title='bbox 2090 1104 2283 1175; x_wconf 90' lang='lat' dir='ltr'><strong>agitur,</strong></span> <span class='ocrx_word' id='word_1_498' title='bbox 2314 1106 2364 1162; x_wconf 90' lang='lat' dir='ltr'><strong>id</strong></span> <span class='ocrx_word' id='word_1_499' title='bbox 2385 1118 2486 1177; x_wconf 92' lang='lat' dir='ltr'><strong>est,</strong></span> <span class='ocrx_word' id='word_1_500' title='bbox 2505 1120 2678 1166; x_wconf 89' lang='lat' dir='ltr'><strong>utrum</strong></span> <span class='ocrx_word' id='word_1_501' title='bbox 2697 1112 2761 1167; x_wconf 89' lang='lat' dir='ltr'><strong>ad</strong></span> <span class='ocrx_word' id='word_1_502' title='bbox 2780 1116 3173 1185; x_wconf 89' lang='lat' dir='ltr'><strong>percipiendum</strong></span> <span class='ocrx_word' id='word_1_503' title='bbox 3187 1119 3510 1189; x_wconf 86' lang='lat' dir='ltr'><strong>Baptismum</strong></span> 
     </span>
    </p>
   </div>
   <div class='ocr_carea' id='block_1_70' title="bbox 1925 1192 3511 1280">
    <p class='ocr_par' dir='ltr' id='par_1_70' title="bbox 1925 1192 3511 1280">
     <span class='ocr_line' id='line_1_70' title="bbox 1925 1192 3511 1280; baseline 0.01 -31"><span class='ocrx_word' id='word_1_504' title='bbox 1925 1192 2336 1253; x_wconf 87' lang='lat' dir='ltr'><strong>sicadmittendi</strong></span> <span class='ocrx_word' id='word_1_505' title='bbox 2376 1209 2501 1255; x_wconf 90' lang='lat' dir='ltr'><strong>sunt</strong></span> <span class='ocrx_word' id='word_1_506' title='bbox 2525 1200 2794 1271; x_wconf 90' lang='lat' dir='ltr'><strong>homines,</strong></span> <span class='ocrx_word' id='word_1_507' title='bbox 2824 1214 2882 1259; x_wconf 94' lang='lat' dir='ltr'><strong>ut</strong></span> <span class='ocrx_word' id='word_1_508' title='bbox 2908 1207 3053 1262; x_wconf 90' lang='lat' dir='ltr'><strong>nulla</strong></span> <span class='ocrx_word' id='word_1_509' title='bbox 3084 1207 3155 1262; x_wconf 91' lang='lat' dir='ltr'><strong>ibi</strong></span> <span class='ocrx_word' id='word_1_510' title='bbox 3183 1208 3362 1280; x_wconf 85' lang='lat' dir='ltr'><strong>vigilet</strong></span> <span class='ocrx_word' id='word_1_511' title='bbox 3392 1210 3511 1265; x_wconf 86' lang='lat' dir='ltr'><strong>dili-</strong></span> 
     </span>
    </p>
   </div>
   <div class='ocr_carea' id='block_1_71' title="bbox 1924 1285 3509 1369">
    <p class='ocr_par' dir='ltr' id='par_1_71' title="bbox 1924 1285 3509 1369">
     <span class='ocr_line' id='line_1_71' title="bbox 1924 1285 3509 1369; baseline 0.011 -31"><span class='ocrx_word' id='word_1_512' title='bbox 1924 1285 2122 1354; x_wconf 83' lang='lat' dir='ltr'><strong>gentia,</strong></span> <span class='ocrx_word' id='word_1_513' title='bbox 2154 1303 2221 1343; x_wconf 92' lang='lat' dir='ltr'><strong>ne</strong></span> <span class='ocrx_word' id='word_1_514' title='bbox 2240 1298 2484 1346; x_wconf 91' lang='lat' dir='ltr'><strong>sanctum</strong></span> <span class='ocrx_word' id='word_1_515' title='bbox 2504 1293 2728 1350; x_wconf 85' lang='lat' dir='ltr'><strong>canibus</strong></span> <span class='ocrx_word' id='word_1_516' title='bbox 2754 1295 2946 1364; x_wconf 88' lang='lat' dir='ltr'><strong>detur;</strong></span> <span class='ocrx_word' id='word_1_517' title='bbox 2971 1312 3139 1369; x_wconf 91' lang='lat' dir='ltr'><strong>usque</strong></span> <span class='ocrx_word' id='word_1_518' title='bbox 3167 1299 3301 1354; x_wconf 89' lang='lat' dir='ltr'><strong>adeo</strong></span> <span class='ocrx_word' id='word_1_519' title='bbox 3330 1309 3385 1354; x_wconf 93' lang='lat' dir='ltr'><strong>ut</strong></span> <span class='ocrx_word' id='word_1_520' title='bbox 3412 1317 3509 1357; x_wconf 91' lang='lat' dir='ltr'><strong>nec</strong></span> 
     </span>
    </p>
   </div>
   <div class='ocr_carea' id='block_1_72' title="bbox 1922 1378 3507 1463">
    <p class='ocr_par' dir='ltr' id='par_1_72' title="bbox 1922 1378 3507 1463">
     <span class='ocr_line' id='line_1_72' title="bbox 1922 1378 3507 1463; baseline 0.011 -33"><span class='ocrx_word' id='word_1_521' title='bbox 1922 1378 2244 1446; x_wconf 89' lang='lat' dir='ltr'><strong>apertissimi</strong></span> <span class='ocrx_word' id='word_1_522' title='bbox 2271 1380 2520 1438; x_wconf 82' lang='lat' dir='ltr'><strong>adulterii</strong></span> <span class='ocrx_word' id='word_1_523' title='bbox 2559 1394 2957 1456; x_wconf 88' lang='lat' dir='ltr'><strong>perpetratores</strong></span> <span class='ocrx_word' id='word_1_524' title='bbox 2989 1398 3042 1445; x_wconf 89' lang='lat' dir='ltr'><strong>et</strong></span> <span class='ocrx_word' id='word_1_525' title='bbox 3083 1391 3200 1459; x_wconf 85' lang='lat' dir='ltr'><strong>ejus</strong></span> <span class='ocrx_word' id='word_1_526' title='bbox 3250 1407 3507 1463; x_wconf 86' lang='lat' dir='ltr'><strong>perseve-</strong></span> 
     </span>
    </p>
   </div>
   <div class='ocr_carea' id='block_1_73' title="bbox 1922 1469 3507 1539">
    <p class='ocr_par' dir='ltr' id='par_1_73' title="bbox 1922 1469 3507 1539">
     <span class='ocr_line' id='line_1_73' title="bbox 1922 1469 3507 1539; baseline 0.011 -19"><span class='ocrx_word' id='word_1_527' title='bbox 1922 1469 2108 1524; x_wconf 72' lang='lat' dir='ltr'><strong>rantiae</strong></span> <span class='ocrx_word' id='word_1_528' title='bbox 2157 1472 2491 1539; x_wconf 78' lang='lat' dir='ltr'><strong>professores</strong></span> <span class='ocrx_word' id='word_1_529' title='bbox 2528 1490 2558 1529; x_wconf 91' lang='lat' dir='ltr'><strong>a</strong></span> <span class='ocrx_word' id='word_1_530' title='bbox 2605 1475 2956 1534; x_wconf 82' lang='lat' dir='ltr'><strong>Sacramento</strong></span> <span class='ocrx_word' id='word_1_531' title='bbox 3014 1488 3171 1536; x_wconf 72' lang='lat' dir='ltr'><strong>tanta:</strong></span> <span class='ocrx_word' id='word_1_532' title='bbox 3211 1483 3507 1538; x_wconf 84' lang='lat' dir='ltr'><strong>sanctitatis</strong></span> 
     </span>
    </p>
   </div>
   <div class='ocr_carea' id='block_1_74' title="bbox 1923 1560 3499 1645">
    <p class='ocr_par' dir='ltr' id='par_1_74' title="bbox 1923 1560 3499 1645">
     <span class='ocr_line' id='line_1_74' title="bbox 1923 1560 3499 1645; baseline 0.011 -31"><span class='ocrx_word' id='word_1_533' title='bbox 1923 1560 2201 1617; x_wconf 89' lang='lat' dir='ltr'><strong>videantur</strong></span> <span class='ocrx_word' id='word_1_534' title='bbox 2224 1565 2437 1645; x_wconf 51' lang='grc' dir='ltr'>διοικιόί</span> <span class='ocrx_word' id='word_1_535' title='bbox 2464 1582 2602 1639; x_wconf 87' lang='lat' dir='ltr'><strong>:quo</strong></span> <span class='ocrx_word' id='word_1_536' title='bbox 2622 1569 2738 1626; x_wconf 92' lang='lat' dir='ltr'><strong>sine</strong></span> <span class='ocrx_word' id='word_1_537' title='bbox 2754 1570 2916 1626; x_wconf 89' lang='lat' dir='ltr'><strong>dubio</strong></span> <span class='ocrx_word' id='word_1_538' title='bbox 2946 1588 3050 1627; x_wconf 92' lang='lat' dir='ltr'><strong>non</strong></span> <span class='ocrx_word' id='word_1_539' title='bbox 3075 1574 3499 1639; x_wconf 88' lang='lat' dir='ltr'><strong>admitterentur,</strong></span> 
     </span>
    </p>
   </div>
   <div class='ocr_carea' id='block_1_75' title="bbox 1919 1654 3498 1737">
    <p class='ocr_par' dir='ltr' id='par_1_75' title="bbox 1919 1654 3498 1737">
     <span class='ocr_line' id='line_1_75' title="bbox 1919 1654 3498 1737; baseline 0.009 -30"><span class='ocrx_word' id='word_1_540' title='bbox 1919 1654 1964 1708; x_wconf 91' lang='lat' dir='ltr'><strong>si</strong></span> <span class='ocrx_word' id='word_1_541' title='bbox 1993 1667 2087 1724; x_wconf 91' lang='lat' dir='ltr'><strong>per</strong></span> <span class='ocrx_word' id='word_1_542' title='bbox 2112 1655 2256 1725; x_wconf 89' lang='lat' dir='ltr'><strong>ipsos</strong></span> <span class='ocrx_word' id='word_1_543' title='bbox 2283 1656 2401 1715; x_wconf 91' lang='lat' dir='ltr'><strong>dies</strong></span> <span class='ocrx_word' id='word_1_544' title='bbox 2424 1660 2613 1731; x_wconf 89' lang='lat' dir='ltr'><strong>quibus</strong></span> <span class='ocrx_word' id='word_1_545' title='bbox 2644 1662 2889 1719; x_wconf 90' lang='lat' dir='ltr'><strong>eamdem</strong></span> <span class='ocrx_word' id='word_1_546' title='bbox 2914 1666 3140 1735; x_wconf 86' lang='lat' dir='ltr'><strong>gratiam</strong></span> <span class='ocrx_word' id='word_1_547' title='bbox 3174 1669 3498 1737; x_wconf 89' lang='lat' dir='ltr'><strong>percepturi,</strong></span> 
     </span>
    </p>
   </div>
   <div class='ocr_carea' id='block_1_76' title="bbox 1918 1745 3501 1826">
    <p class='ocr_par' dir='ltr' id='par_1_76' title="bbox 1918 1745 3501 1826">
     <span class='ocr_line' id='line_1_76' title="bbox 1918 1745 3501 1826; baseline 0.01 -28"><span class='ocrx_word' id='word_1_548' title='bbox 1918 1745 2029 1799; x_wconf 87' lang='lat' dir='ltr'><strong>suis</strong></span> <span class='ocrx_word' id='word_1_549' title='bbox 2053 1747 2353 1803; x_wconf 88' lang='lat' dir='ltr'><strong>nominibus</strong></span> <span class='ocrx_word' id='word_1_550' title='bbox 2408 1749 2567 1817; x_wconf 89' lang='lat' dir='ltr'><strong>datis,</strong></span> <span class='ocrx_word' id='word_1_551' title='bbox 2612 1752 2954 1821; x_wconf 88' lang='lat' dir='ltr'><strong>abstinentia,</strong></span> <span class='ocrx_word' id='word_1_552' title='bbox 3004 1756 3244 1826; x_wconf 86' lang='lat' dir='ltr'><strong>jejuniis,</strong></span> <span class='ocrx_word' id='word_1_553' title='bbox 3291 1760 3501 1813; x_wconf 75' lang='lat' dir='ltr'><strong>exorci-</strong></span> 
     </span>
    </p>
   </div>
   <div class='ocr_carea' id='block_1_77' title="bbox 1918 1834 3502 1915">
    <p class='ocr_par' dir='ltr' id='par_1_77' title="bbox 1918 1834 3502 1915">
     <span class='ocr_line' id='line_1_77' title="bbox 1918 1834 3502 1915; baseline 0.011 -28"><span class='ocrx_word' id='word_1_554' title='bbox 1918 1834 2150 1904; x_wconf 82' lang='lat' dir='ltr'><strong>smisque</strong></span> <span class='ocrx_word' id='word_1_555' title='bbox 2173 1846 2481 1907; x_wconf 86' lang='lat' dir='ltr'><strong>purgantur,</strong></span> <span class='ocrx_word' id='word_1_556' title='bbox 2499 1854 2620 1896; x_wconf 91' lang='lat' dir='ltr'><strong>cum</strong></span> <span class='ocrx_word' id='word_1_557' title='bbox 2639 1842 3013 1915; x_wconf 83' lang='lat' dir='ltr'><strong>suislegitimis</strong></span> <span class='ocrx_word' id='word_1_558' title='bbox 3025 1847 3227 1901; x_wconf 89' lang='lat' dir='ltr'><strong>etveris</strong></span> <span class='ocrx_word' id='word_1_559' title='bbox 3250 1848 3502 1904; x_wconf 83' lang='lat' dir='ltr'><strong>uxoribus</strong></span> 
     </span>
    </p>
   </div>
   <div class='ocr_carea' id='block_1_78' title="bbox 1917 1927 3502 2007">
    <p class='ocr_par' dir='ltr' id='par_1_78' title="bbox 1917 1927 3502 2007">
     <span class='ocr_line' id='line_1_78' title="bbox 1917 1927 3502 2007; baseline 0.006 -27"><span class='ocrx_word' id='word_1_560' title='bbox 1917 1939 1976 1982; x_wconf 89' lang='lat' dir='ltr'><strong>se</strong></span> <span class='ocrx_word' id='word_1_561' title='bbox 1991 1927 2367 1986; x_wconf 90' lang='lat' dir='ltr'><strong>coneubituros</strong></span> <span class='ocrx_word' id='word_1_562' title='bbox 2388 1931 2782 2001; x_wconf 83' lang='lat' dir='ltr'><strong>proﬁterentur,</strong></span> <span class='ocrx_word' id='word_1_563' title='bbox 2799 1944 2959 2005; x_wconf 83' lang='lat' dir='ltr'><strong>atque</strong></span> <span class='ocrx_word' id='word_1_564' title='bbox 2974 1936 3133 2006; x_wconf 90' lang='lat' dir='ltr'><strong>hujus</strong></span> <span class='ocrx_word' id='word_1_565' title='bbox 3144 1939 3242 1999; x_wconf 88' lang='lat' dir='ltr'><strong>rei,</strong></span> <span class='ocrx_word' id='word_1_566' title='bbox 3259 1940 3502 2007; x_wconf 67' lang='lat' dir='ltr'><strong>quamvis</strong></span> 
     </span>
    </p>
   </div>
   <div class='ocr_carea' id='block_1_79' title="bbox 1915 2020 3498 2097">
    <p class='ocr_par' dir='ltr' id='par_1_79' title="bbox 1915 2020 3498 2097">
     <span class='ocr_line' id='line_1_79' title="bbox 1915 2020 3498 2097; baseline 0.008 -24"><span class='ocrx_word' id='word_1_567' title='bbox 1915 2020 2020 2075; x_wconf 88' lang='lat' dir='ltr'><strong>alio</strong></span> <span class='ocrx_word' id='word_1_568' title='bbox 2036 2028 2273 2091; x_wconf 90' lang='lat' dir='ltr'><strong>tempore</strong></span> <span class='ocrx_word' id='word_1_569' title='bbox 2288 2023 2463 2089; x_wconf 74' lang='lat' dir='ltr'><strong>licitze,</strong></span> <span class='ocrx_word' id='word_1_570' title='bbox 2480 2026 2661 2095; x_wconf 89' lang='lat' dir='ltr'><strong>paucis</strong></span> <span class='ocrx_word' id='word_1_571' title='bbox 2678 2027 2805 2097; x_wconf 89' lang='lat' dir='ltr'><strong>ipsis</strong></span> <span class='ocrx_word' id='word_1_572' title='bbox 2830 2029 3158 2085; x_wconf 88' lang='lat' dir='ltr'><strong>solemnibus</strong></span> <span class='ocrx_word' id='word_1_573' title='bbox 3175 2030 3363 2086; x_wconf 89' lang='lat' dir='ltr'><strong>diebus</strong></span> <span class='ocrx_word' id='word_1_574' title='bbox 3378 2032 3498 2086; x_wconf 90' lang='lat' dir='ltr'><strong>nul-</strong></span> 
     </span>
    </p>
   </div>
   <div class='ocr_carea' id='block_1_80' title="bbox 1915 2108 3495 2191">
    <p class='ocr_par' dir='ltr' id='par_1_80' title="bbox 1915 2108 3495 2191">
     <span class='ocr_line' id='line_1_80' title="bbox 1915 2108 3495 2191; baseline 0.007 -27"><span class='ocrx_word' id='word_1_575' title='bbox 1915 2108 2019 2164; x_wconf 90' lang='lat' dir='ltr'><strong>lam</strong></span> <span class='ocrx_word' id='word_1_576' title='bbox 2049 2112 2431 2168; x_wconf 88' lang='lat' dir='ltr'><strong>continentiam</strong></span> <span class='ocrx_word' id='word_1_577' title='bbox 2462 2125 2787 2173; x_wconf 84' lang='lat' dir='ltr'><strong>servaturos.</strong></span> <span class='ocrx_word' id='word_1_578' title='bbox 2817 2117 2934 2186; x_wconf 92' lang='lat' dir='ltr'><strong>Quo</strong></span> <span class='ocrx_word' id='word_1_579' title='bbox 2961 2119 3117 2174; x_wconf 89' lang='lat' dir='ltr'><strong>modo</strong></span> <span class='ocrx_word' id='word_1_580' title='bbox 3136 2120 3293 2191; x_wconf 87' lang='lat' dir='ltr'><strong>igitur</strong></span> <span class='ocrx_word' id='word_1_581' title='bbox 3321 2121 3385 2175; x_wconf 89' lang='lat' dir='ltr'><strong>ad</strong></span> <span class='ocrx_word' id='word_1_582' title='bbox 3409 2121 3495 2175; x_wconf 90' lang='lat' dir='ltr'><strong>illa</strong></span> 
     </span>
    </p>
   </div>
   <div class='ocr_carea' id='block_1_81' title="bbox 1915 2206 3498 2282">
    <p class='ocr_par' dir='ltr' id='par_1_81' title="bbox 1915 2206 3498 2282">
     <span class='ocr_line' id='line_1_81' title="bbox 1915 2206 3498 2282; baseline 0.008 -27"><span class='ocrx_word' id='word_1_583' title='bbox 1915 2210 2097 2257; x_wconf 89' lang='lat' dir='ltr'><strong>sancta</strong></span> <span class='ocrx_word' id='word_1_584' title='bbox 2125 2218 2380 2261; x_wconf 88' lang='lat' dir='ltr'><strong>recusans</strong></span> <span class='ocrx_word' id='word_1_585' title='bbox 2402 2206 2787 2264; x_wconf 88' lang='lat' dir='ltr'><strong>correctionem</strong></span> <span class='ocrx_word' id='word_1_586' title='bbox 2820 2208 3027 2265; x_wconf 91' lang='lat' dir='ltr'><strong>adulter</strong></span> <span class='ocrx_word' id='word_1_587' title='bbox 3044 2209 3361 2277; x_wconf 86' lang='lat' dir='ltr'><strong>admittitur,</strong></span> <span class='ocrx_word' id='word_1_588' title='bbox 3392 2230 3498 2282; x_wconf 83' lang='lat' dir='ltr'><strong>quo</strong></span> 
     </span>
    </p>
   </div>
   <div class='ocr_carea' id='block_1_82' title="bbox 1913 2294 3437 2376">
    <p class='ocr_par' dir='ltr' id='par_1_82' title="bbox 1913 2294 3437 2376">
     <span class='ocr_line' id='line_1_82' title="bbox 1913 2294 3437 2376; baseline 0.006 -29"><span class='ocrx_word' id='word_1_589' title='bbox 1913 2306 2166 2348; x_wconf 89' lang='lat' dir='ltr'><strong>recusans</strong></span> <span class='ocrx_word' id='word_1_590' title='bbox 2185 2294 2615 2376; x_wconf 23' lang='lat' dir='ltr'><strong>observationem.</strong></span> <span class='ocrx_word' id='word_1_591' title='bbox 2640 2314 2747 2354; x_wconf 92' lang='lat' dir='ltr'><strong>non</strong></span> <span class='ocrx_word' id='word_1_592' title='bbox 2764 2299 3060 2355; x_wconf 85' lang='lat' dir='ltr'><strong>admittitur</strong></span> <span class='ocrx_word' id='word_1_593' title='bbox 3080 2301 3395 2372; x_wconf 85' lang='lat' dir='ltr'><strong>conjugatus</strong></span> <span class='ocrx_word' id='word_1_594' title='bbox 3414 2305 3437 2356; x_wconf 88' lang='lat'><strong>?</strong></span> 
     </span>
    </p>
   </div>
   <div class='ocr_carea' id='block_1_83' title="bbox 1983 2383 3497 2460">
    <p class='ocr_par' dir='ltr' id='par_1_83' title="bbox 1983 2383 3497 2460">
     <span class='ocr_line' id='line_1_83' title="bbox 1983 2383 3497 2460; baseline 0.006 -21"><span class='ocrx_word' id='word_1_595' title='bbox 1983 2383 2036 2439; x_wconf 91' lang='lat'><strong>9.</strong></span> <span class='ocrx_word' id='word_1_596' title='bbox 2078 2384 2183 2439; x_wconf 87' lang='lat' dir='ltr'><strong>Sed</strong></span> <span class='ocrx_word' id='word_1_597' title='bbox 2209 2386 2375 2455; x_wconf 90' lang='lat' dir='ltr'><strong>prius,</strong></span> <span class='ocrx_word' id='word_1_598' title='bbox 2423 2387 2687 2457; x_wconf 90' lang='lat' dir='ltr'><strong>inquiunt,</strong></span> <span class='ocrx_word' id='word_1_599' title='bbox 2722 2389 3051 2460; x_wconf 89' lang='lat' dir='ltr'><strong>baptizetur;</strong></span> <span class='ocrx_word' id='word_1_600' title='bbox 3085 2392 3279 2448; x_wconf 90' lang='lat' dir='ltr'><strong>deinde</strong></span> <span class='ocrx_word' id='word_1_601' title='bbox 3305 2394 3497 2448; x_wconf 75' lang='lat' dir='ltr'><strong>docea-</strong></span> 
     </span>
    </p>
   </div>
   <div class='ocr_carea' id='block_1_84' title="bbox 1914 2476 3495 2553">
    <p class='ocr_par' dir='ltr' id='par_1_84' title="bbox 1914 2476 3495 2553">
     <span class='ocr_line' id='line_1_84' title="bbox 1914 2476 3495 2553; baseline 0.007 -24"><span class='ocrx_word' id='word_1_602' title='bbox 1914 2484 1999 2530; x_wconf 91' lang='lat' dir='ltr'><strong>tur</strong></span> <span class='ocrx_word' id='word_1_603' title='bbox 2026 2476 2153 2546; x_wconf 92' lang='lat' dir='ltr'><strong>quid</strong></span> <span class='ocrx_word' id='word_1_604' title='bbox 2174 2477 2239 2531; x_wconf 89' lang='lat' dir='ltr'><strong>ad</strong></span> <span class='ocrx_word' id='word_1_605' title='bbox 2265 2478 2457 2533; x_wconf 88' lang='lat' dir='ltr'><strong>bonam</strong></span> <span class='ocrx_word' id='word_1_606' title='bbox 2488 2479 2648 2535; x_wconf 88' lang='lat' dir='ltr'><strong>vitam</strong></span> <span class='ocrx_word' id='word_1_607' title='bbox 2677 2496 2961 2552; x_wconf 88' lang='lat' dir='ltr'><strong>moresque</strong></span> <span class='ocrx_word' id='word_1_608' title='bbox 2982 2483 3265 2553; x_wconf 87' lang='lat' dir='ltr'><strong>pertineat.</strong></span> <span class='ocrx_word' id='word_1_609' title='bbox 3290 2485 3370 2538; x_wconf 88' lang='lat' dir='ltr'><strong>Fit</strong></span> <span class='ocrx_word' id='word_1_610' title='bbox 3394 2486 3495 2540; x_wconf 89' lang='lat' dir='ltr'><strong>hoc</strong></span> 
     </span>
    </p>
   </div>
   <div class='ocr_carea' id='block_1_85' title="bbox 1912 2567 3493 2642">
    <p class='ocr_par' dir='ltr' id='par_1_85' title="bbox 1912 2567 3493 2642">
     <span class='ocr_line' id='line_1_85' title="bbox 1912 2567 3493 2642; baseline 0.005 -21"><span class='ocrx_word' id='word_1_611' title='bbox 1912 2567 2001 2622; x_wconf 88' lang='lat' dir='ltr'><strong>ubi</strong></span> <span class='ocrx_word' id='word_1_612' title='bbox 2026 2582 2345 2638; x_wconf 86' lang='lat' dir='ltr'><strong>quemquam</strong></span> <span class='ocrx_word' id='word_1_613' title='bbox 2370 2568 2506 2625; x_wconf 82' lang='lat' dir='ltr'><strong>forte</strong></span> <span class='ocrx_word' id='word_1_614' title='bbox 2526 2569 2640 2625; x_wconf 92' lang='lat' dir='ltr'><strong>dies</strong></span> <span class='ocrx_word' id='word_1_615' title='bbox 2663 2578 2821 2642; x_wconf 84' lang='lat' dir='ltr'><strong>urget</strong></span> <span class='ocrx_word' id='word_1_616' title='bbox 2847 2582 3141 2640; x_wconf 84' lang='lat' dir='ltr'><strong>extremus,</strong></span> <span class='ocrx_word' id='word_1_617' title='bbox 3171 2583 3227 2628; x_wconf 89' lang='lat' dir='ltr'><strong>ut</strong></span> <span class='ocrx_word' id='word_1_618' title='bbox 3249 2574 3312 2628; x_wconf 85' lang='lat' dir='ltr'><strong>ad</strong></span> <span class='ocrx_word' id='word_1_619' title='bbox 3336 2576 3493 2631; x_wconf 88' lang='lat' dir='ltr'><strong>verba</strong></span> 
     </span>
    </p>
   </div>
   <div class='ocr_carea' id='block_1_86' title="bbox 1912 2657 3493 2734">
    <p class='ocr_par' dir='ltr' id='par_1_86' title="bbox 1912 2657 3493 2734">
     <span class='ocr_line' id='line_1_86' title="bbox 1912 2657 3493 2734; baseline 0.006 -22"><span class='ocrx_word' id='word_1_620' title='bbox 1912 2657 2252 2728; x_wconf 89' lang='lat' dir='ltr'><strong>paucissima,</strong></span> <span class='ocrx_word' id='word_1_621' title='bbox 2276 2660 2468 2730; x_wconf 89' lang='lat' dir='ltr'><strong>quibus</strong></span> <span class='ocrx_word' id='word_1_622' title='bbox 2492 2670 2667 2716; x_wconf 91' lang='lat' dir='ltr'><strong>tamen</strong></span> <span class='ocrx_word' id='word_1_623' title='bbox 2694 2663 2874 2717; x_wconf 88' lang='lat' dir='ltr'><strong>omnia</strong></span> <span class='ocrx_word' id='word_1_624' title='bbox 2902 2664 3261 2732; x_wconf 90' lang='lat' dir='ltr'><strong>continentur,</strong></span> <span class='ocrx_word' id='word_1_625' title='bbox 3289 2667 3493 2734; x_wconf 89' lang='lat' dir='ltr'><strong>credat,</strong></span> 
     </span>
    </p>
   </div>
   <div class='ocr_carea' id='block_1_87' title="bbox 1910 2748 3493 2827">
    <p class='ocr_par' dir='ltr' id='par_1_87' title="bbox 1910 2748 3493 2827">
     <span class='ocr_line' id='line_1_87' title="bbox 1910 2748 3493 2827; baseline 0.004 -21"><span class='ocrx_word' id='word_1_626' title='bbox 1910 2748 2418 2821; x_wconf 87' lang='lat' dir='ltr'><strong>Sacramentumque</strong></span> <span class='ocrx_word' id='word_1_627' title='bbox 2443 2752 2725 2822; x_wconf 88' lang='lat' dir='ltr'><strong>percipiat;</strong></span> <span class='ocrx_word' id='word_1_628' title='bbox 2773 2760 2832 2807; x_wconf 92' lang='lat' dir='ltr'><strong>ut</strong></span> <span class='ocrx_word' id='word_1_629' title='bbox 2856 2754 2901 2808; x_wconf 93' lang='lat' dir='ltr'><strong>si</strong></span> <span class='ocrx_word' id='word_1_630' title='bbox 2941 2768 3005 2807; x_wconf 84' lang='lat' dir='ltr'><strong>ex</strong></span> <span class='ocrx_word' id='word_1_631' title='bbox 3035 2753 3135 2809; x_wconf 87' lang='lat' dir='ltr'><strong>hac</strong></span> <span class='ocrx_word' id='word_1_632' title='bbox 3160 2756 3263 2811; x_wconf 90' lang='lat' dir='ltr'><strong>vita</strong></span> <span class='ocrx_word' id='word_1_633' title='bbox 3293 2758 3493 2827; x_wconf 82' lang='lat' dir='ltr'><strong>migra-</strong></span> 
     </span>
    </p>
   </div>
   <div class='ocr_carea' id='block_1_88' title="bbox 1911 2842 3487 2915">
    <p class='ocr_par' dir='ltr' id='par_1_88' title="bbox 1911 2842 3487 2915">
     <span class='ocr_line' id='line_1_88' title="bbox 1911 2842 3487 2915; baseline 0.005 -19"><span class='ocrx_word' id='word_1_634' title='bbox 1911 2843 2069 2910; x_wconf 89' lang='lat' dir='ltr'><strong>verit,</strong></span> <span class='ocrx_word' id='word_1_635' title='bbox 2110 2842 2362 2898; x_wconf 90' lang='lat' dir='ltr'><strong>liberatus</strong></span> <span class='ocrx_word' id='word_1_636' title='bbox 2389 2852 2545 2899; x_wconf 79' lang='lat' dir='ltr'><strong>exeat</strong></span> <span class='ocrx_word' id='word_1_637' title='bbox 2579 2858 2610 2898; x_wconf 89' lang='lat' dir='ltr'><strong>a</strong></span> <span class='ocrx_word' id='word_1_638' title='bbox 2649 2853 2798 2899; x_wconf 89' lang='lat' dir='ltr'><strong>reatu</strong></span> <span class='ocrx_word' id='word_1_639' title='bbox 2826 2847 3222 2915; x_wconf 61' lang='lat' dir='ltr'><strong>praeteritorum</strong></span> <span class='ocrx_word' id='word_1_640' title='bbox 3250 2850 3487 2904; x_wconf 89' lang='lat' dir='ltr'><strong>omnium</strong></span> 
     </span>
    </p>
   </div>
   <div class='ocr_carea' id='block_1_89' title="bbox 1910 2935 3489 3011">
    <p class='ocr_par' dir='ltr' id='par_1_89' title="bbox 1910 2935 3489 3011">
     <span class='ocr_line' id='line_1_89' title="bbox 1910 2935 3489 3011; baseline 0.003 -20"><span class='ocrx_word' id='word_1_641' title='bbox 1910 2942 2267 3005; x_wconf 90' lang='lat' dir='ltr'><strong>peccatorum.</strong></span> <span class='ocrx_word' id='word_1_642' title='bbox 2312 2935 2366 2991; x_wconf 89' lang='lat' dir='ltr'><strong>Si</strong></span> <span class='ocrx_word' id='word_1_643' title='bbox 2410 2946 2588 2992; x_wconf 90' lang='lat' dir='ltr'><strong>autem</strong></span> <span class='ocrx_word' id='word_1_644' title='bbox 2632 2951 2797 2993; x_wconf 89' lang='lat' dir='ltr'><strong>sanus</strong></span> <span class='ocrx_word' id='word_1_645' title='bbox 2826 2938 2990 3008; x_wconf 89' lang='lat' dir='ltr'><strong>petit,</strong></span> <span class='ocrx_word' id='word_1_646' title='bbox 3035 2941 3371 3011; x_wconf 88' lang='lat' dir='ltr'><strong>spatiumque</strong></span> <span class='ocrx_word' id='word_1_647' title='bbox 3414 2942 3489 2996; x_wconf 86' lang='lat' dir='ltr'><strong>di-</strong></span> 
     </span>
    </p>
   </div>
   <div class='ocr_carea' id='block_1_90' title="bbox 1908 3024 3485 3101">
    <p class='ocr_par' dir='ltr' id='par_1_90' title="bbox 1908 3024 3485 3101">
     <span class='ocr_line' id='line_1_90' title="bbox 1908 3024 3485 3101; baseline 0.005 -21"><span class='ocrx_word' id='word_1_648' title='bbox 1908 3024 2091 3080; x_wconf 88' lang='lat' dir='ltr'><strong>scendi</strong></span> <span class='ocrx_word' id='word_1_649' title='bbox 2138 3034 2241 3091; x_wconf 91' lang='lat' dir='ltr'><strong>est,</strong></span> <span class='ocrx_word' id='word_1_650' title='bbox 2278 3024 2421 3096; x_wconf 87' lang='lat' dir='ltr'><strong>quod</strong></span> <span class='ocrx_word' id='word_1_651' title='bbox 2459 3025 2599 3081; x_wconf 88' lang='lat' dir='ltr'><strong>aliud</strong></span> <span class='ocrx_word' id='word_1_652' title='bbox 2637 3028 2988 3097; x_wconf 85' lang='lat' dir='ltr'><strong>opportunius</strong></span> <span class='ocrx_word' id='word_1_653' title='bbox 3025 3036 3234 3099; x_wconf 82' lang='lat' dir='ltr'><strong>tempus</strong></span> <span class='ocrx_word' id='word_1_654' title='bbox 3262 3033 3485 3101; x_wconf 87' lang='lat' dir='ltr'><strong>reperiri</strong></span> 
     </span>
    </p>
   </div>
   <div class='ocr_carea' id='block_1_91' title="bbox 1910 3115 3490 3187">
    <p class='ocr_par' dir='ltr' id='par_1_91' title="bbox 1910 3115 3490 3187">
     <span class='ocr_line' id='line_1_91' title="bbox 1910 3115 3490 3187; baseline 0.004 -17"><span class='ocrx_word' id='word_1_655' title='bbox 1910 3124 2120 3185; x_wconf 88' lang='lat' dir='ltr'><strong>potest,</strong></span> <span class='ocrx_word' id='word_1_656' title='bbox 2145 3129 2251 3186; x_wconf 89' lang='lat' dir='ltr'><strong>quo</strong></span> <span class='ocrx_word' id='word_1_657' title='bbox 2273 3115 2453 3171; x_wconf 87' lang='lat' dir='ltr'><strong>audiat</strong></span> <span class='ocrx_word' id='word_1_658' title='bbox 2477 3117 2926 3187; x_wconf 89' lang='lat' dir='ltr'><strong>quemadmodum</strong></span> <span class='ocrx_word' id='word_1_659' title='bbox 2953 3118 3125 3175; x_wconf 83' lang='lat' dir='ltr'><strong>ﬁdelis</strong></span> <span class='ocrx_word' id='word_1_660' title='bbox 3161 3121 3273 3176; x_wconf 87' lang='lat' dir='ltr'><strong>lleri</strong></span> <span class='ocrx_word' id='word_1_661' title='bbox 3303 3136 3365 3177; x_wconf 89' lang='lat' dir='ltr'><strong>ac</strong></span> <span class='ocrx_word' id='word_1_662' title='bbox 3405 3125 3490 3177; x_wconf 84' lang='lat' dir='ltr'><strong>vi-</strong></span> 
     </span>
    </p>
   </div>
   <div class='ocr_carea' id='block_1_92' title="bbox 1907 3193 3487 3285">
    <p class='ocr_par' dir='ltr' id='par_1_92' title="bbox 1907 3193 3487 3285">
     <span class='ocr_line' id='line_1_92' title="bbox 1907 3193 3487 3285; baseline 0.006 -24"><span class='ocrx_word' id='word_1_663' title='bbox 1907 3220 2036 3262; x_wconf 87' lang='lat' dir='ltr'><strong>vere</strong></span> <span class='ocrx_word' id='word_1_664' title='bbox 2062 3205 2277 3273; x_wconf 89' lang='lat' dir='ltr'><strong>debeat,</strong></span> <span class='ocrx_word' id='word_1_665' title='bbox 2308 3221 2465 3276; x_wconf 87' lang='lat' dir='ltr'><strong>quam</strong></span> <span class='ocrx_word' id='word_1_666' title='bbox 2489 3206 2618 3262; x_wconf 91' lang='lat' dir='ltr'><strong>illud</strong></span> <span class='ocrx_word' id='word_1_667' title='bbox 2645 3222 2769 3263; x_wconf 92' lang='lat' dir='ltr'><strong>cum</strong></span> <span class='ocrx_word' id='word_1_668' title='bbox 2796 3210 3083 3266; x_wconf 88' lang='lat' dir='ltr'><strong>attentiore</strong></span> <span class='ocrx_word' id='word_1_669' title='bbox 3110 3193 3292 3268; x_wconf 76' lang='lat' dir='ltr'><strong>animo</strong></span> <span class='ocrx_word' id='word_1_670' title='bbox 3324 3223 3487 3285; x_wconf 87' lang='lat' dir='ltr'><strong>atque</strong></span> 
     </span>
    </p>
   </div>
   <div class='ocr_carea' id='block_1_93' title="bbox 1907 3296 3488 3368">
    <p class='ocr_par' dir='ltr' id='par_1_93' title="bbox 1907 3296 3488 3368">
     <span class='ocr_line' id='line_1_93' title="bbox 1907 3296 3488 3368; baseline 0.004 -16"><span class='ocrx_word' id='word_1_671' title='bbox 1907 3297 2021 3368; x_wconf 88' lang='lat' dir='ltr'><strong>ipsa</strong></span> <span class='ocrx_word' id='word_1_672' title='bbox 2048 3296 2305 3367; x_wconf 91' lang='lat' dir='ltr'><strong>religione</strong></span> <span class='ocrx_word' id='word_1_673' title='bbox 2325 3311 2588 3367; x_wconf 87' lang='lat' dir='ltr'><strong>suspenso</strong></span> <span class='ocrx_word' id='word_1_674' title='bbox 2616 3297 2982 3355; x_wconf 77' lang='lat' dir='ltr'><strong>saluberrima:</strong></span> <span class='ocrx_word' id='word_1_675' title='bbox 3014 3299 3135 3356; x_wconf 88' lang='lat' dir='ltr'><strong>tidei</strong></span> <span class='ocrx_word' id='word_1_676' title='bbox 3172 3301 3488 3359; x_wconf 89' lang='lat' dir='ltr'><strong>Sacramen-</strong></span> 
     </span>
    </p>
   </div>
   <div class='ocr_carea' id='block_1_94' title="bbox 1906 3389 3488 3460">
    <p class='ocr_par' dir='ltr' id='par_1_94' title="bbox 1906 3389 3488 3460">
     <span class='ocr_line' id='line_1_94' title="bbox 1906 3389 3488 3460; baseline 0.004 -14"><span class='ocrx_word' id='word_1_677' title='bbox 1906 3397 2017 3446; x_wconf 89' lang='lat' dir='ltr'><strong>tum</strong></span> <span class='ocrx_word' id='word_1_678' title='bbox 2048 3389 2219 3460; x_wconf 77' lang='lat' dir='ltr'><strong>petit?</strong></span> <span class='ocrx_word' id='word_1_679' title='bbox 2259 3390 2342 3444; x_wconf 86' lang='lat' dir='ltr'><strong>An</strong></span> <span class='ocrx_word' id='word_1_680' title='bbox 2386 3405 2555 3460; x_wconf 89' lang='lat' dir='ltr'><strong>usque</strong></span> <span class='ocrx_word' id='word_1_681' title='bbox 2579 3390 2715 3446; x_wconf 88' lang='lat' dir='ltr'><strong>adeo</strong></span> <span class='ocrx_word' id='word_1_682' title='bbox 2756 3390 3154 3448; x_wconf 89' lang='lat' dir='ltr'><strong>dissimulamus</strong></span> <span class='ocrx_word' id='word_1_683' title='bbox 3180 3408 3211 3448; x_wconf 88' lang='lat' dir='ltr'><strong>a</strong></span> <span class='ocrx_word' id='word_1_684' title='bbox 3239 3396 3488 3452; x_wconf 85' lang='lat' dir='ltr'><strong>sensibus</strong></span> 
     </span>
    </p>
   </div>
   <div class='ocr_carea' id='block_1_95' title="bbox 1906 3479 3483 3553">
    <p class='ocr_par' dir='ltr' id='par_1_95' title="bbox 1906 3479 3483 3553">
     <span class='ocr_line' id='line_1_95' title="bbox 1906 3479 3483 3553; baseline 0.003 -17"><span class='ocrx_word' id='word_1_685' title='bbox 1906 3480 2123 3547; x_wconf 92' lang='lat' dir='ltr'><strong>nostris,</strong></span> <span class='ocrx_word' id='word_1_686' title='bbox 2154 3487 2213 3534; x_wconf 94' lang='lat' dir='ltr'><strong>ut</strong></span> <span class='ocrx_word' id='word_1_687' title='bbox 2235 3479 2319 3534; x_wconf 92' lang='lat' dir='ltr'><strong>vel</strong></span> <span class='ocrx_word' id='word_1_688' title='bbox 2343 3493 2441 3534; x_wconf 91' lang='lat' dir='ltr'><strong>nos</strong></span> <span class='ocrx_word' id='word_1_689' title='bbox 2471 3479 2617 3549; x_wconf 90' lang='lat' dir='ltr'><strong>ipsos</strong></span> <span class='ocrx_word' id='word_1_690' title='bbox 2636 3494 2746 3535; x_wconf 87' lang='lat' dir='ltr'><strong>non</strong></span> <span class='ocrx_word' id='word_1_691' title='bbox 2760 3480 3107 3536; x_wconf 91' lang='lat' dir='ltr'><strong>recordemur</strong></span> <span class='ocrx_word' id='word_1_692' title='bbox 3126 3497 3287 3553; x_wconf 88' lang='lat' dir='ltr'><strong>quam</strong></span> <span class='ocrx_word' id='word_1_693' title='bbox 3316 3483 3483 3541; x_wconf 80' lang='lat' dir='ltr'><strong>fueri-</strong></span> 
     </span>
    </p>
   </div>
   <div class='ocr_carea' id='block_1_96' title="bbox 1905 3570 3478 3646">
    <p class='ocr_par' dir='ltr' id='par_1_96' title="bbox 1905 3570 3478 3646">
     <span class='ocr_line' id='line_1_96' title="bbox 1905 3570 3478 3646; baseline 0.003 -20"><span class='ocrx_word' id='word_1_694' title='bbox 1905 3586 2024 3626; x_wconf 91' lang='lat' dir='ltr'><strong>mus</strong></span> <span class='ocrx_word' id='word_1_695' title='bbox 2065 3570 2251 3626; x_wconf 90' lang='lat' dir='ltr'><strong>attenti</strong></span> <span class='ocrx_word' id='word_1_696' title='bbox 2293 3577 2454 3641; x_wconf 88' lang='lat' dir='ltr'><strong>atque</strong></span> <span class='ocrx_word' id='word_1_697' title='bbox 2489 3570 2702 3626; x_wconf 81' lang='lat' dir='ltr'><strong>solliciti</strong></span> <span class='ocrx_word' id='word_1_698' title='bbox 2730 3571 2857 3642; x_wconf 91' lang='lat' dir='ltr'><strong>quid</strong></span> <span class='ocrx_word' id='word_1_699' title='bbox 2884 3572 3038 3628; x_wconf 91' lang='lat' dir='ltr'><strong>nobis</strong></span> <span class='ocrx_word' id='word_1_700' title='bbox 3069 3575 3418 3646; x_wconf 70' lang='lat' dir='ltr'><strong>prmcipereut</strong></span> <span class='ocrx_word' id='word_1_701' title='bbox 3447 3592 3478 3630; x_wconf 84' lang='lat' dir='ltr'><strong>a</strong></span> 
     </span>
    </p>
   </div>
   <div class='ocr_carea' id='block_1_97' title="bbox 1903 3659 3480 3732">
    <p class='ocr_par' dir='ltr' id='par_1_97' title="bbox 1903 3659 3480 3732">
     <span class='ocr_line' id='line_1_97' title="bbox 1903 3659 3480 3732; baseline 0.003 -17"><span class='ocrx_word' id='word_1_702' title='bbox 1903 3661 2097 3732; x_wconf 90' lang='lat' dir='ltr'><strong>quibus</strong></span> <span class='ocrx_word' id='word_1_703' title='bbox 2110 3659 2591 3727; x_wconf 85' lang='lat' dir='ltr'><strong>catecltizabamur,</strong></span> <span class='ocrx_word' id='word_1_704' title='bbox 2624 3675 2743 3716; x_wconf 92' lang='lat' dir='ltr'><strong>cum</strong></span> <span class='ocrx_word' id='word_1_705' title='bbox 2769 3660 2930 3716; x_wconf 83' lang='lat' dir='ltr'><strong>fontis</strong></span> <span class='ocrx_word' id='word_1_706' title='bbox 2956 3662 3096 3719; x_wconf 88' lang='lat' dir='ltr'><strong>illius</strong></span> <span class='ocrx_word' id='word_1_707' title='bbox 3138 3664 3480 3721; x_wconf 86' lang='lat' dir='ltr'><strong>Sacramenta</strong></span> 
     </span>
    </p>
   </div>
   <div class='ocr_carea' id='block_1_98' title="bbox 1902 3748 3480 3821">
    <p class='ocr_par' dir='ltr' id='par_1_98' title="bbox 1902 3748 3480 3821">
     <span class='ocr_line' id='line_1_98' title="bbox 1902 3748 3480 3821; baseline 0.003 -16"><span class='ocrx_word' id='word_1_708' title='bbox 1902 3760 2217 3820; x_wconf 88' lang='lat' dir='ltr'><strong>peteremus,</strong></span> <span class='ocrx_word' id='word_1_709' title='bbox 2227 3759 2385 3820; x_wconf 87' lang='lat' dir='ltr'><strong>atque</strong></span> <span class='ocrx_word' id='word_1_710' title='bbox 2395 3748 2465 3805; x_wconf 89' lang='lat' dir='ltr'><strong>ob</strong></span> <span class='ocrx_word' id='word_1_711' title='bbox 2481 3749 2582 3805; x_wconf 88' lang='lat' dir='ltr'><strong>hoc</strong></span> <span class='ocrx_word' id='word_1_712' title='bbox 2590 3749 2717 3805; x_wconf 88' lang='lat' dir='ltr'><strong>Com</strong></span> <span class='ocrx_word' id='word_1_713' title='bbox 2723 3759 2959 3821; x_wconf 89' lang='lat' dir='ltr'><strong>petentes</strong></span> <span class='ocrx_word' id='word_1_714' title='bbox 2972 3752 3131 3807; x_wconf 89' lang='lat' dir='ltr'><strong>etiam</strong></span> <span class='ocrx_word' id='word_1_715' title='bbox 3149 3769 3480 3820; x_wconf 83' lang='lat' dir='ltr'><strong>vocaremur;</strong></span> 
     </span>
    </p>
   </div>
   <div class='ocr_carea' id='block_1_99' title="bbox 1901 3841 3482 3913">
    <p class='ocr_par' dir='ltr' id='par_1_99' title="bbox 1901 3841 3482 3913">
     <span class='ocr_line' id='line_1_99' title="bbox 1901 3841 3482 3913; baseline 0.003 -16"><span class='ocrx_word' id='word_1_716' title='bbox 1901 3844 1985 3899; x_wconf 89' lang='lat' dir='ltr'><strong>vel</strong></span> <span class='ocrx_word' id='word_1_717' title='bbox 2000 3859 2104 3898; x_wconf 93' lang='lat' dir='ltr'><strong>non</strong></span> <span class='ocrx_word' id='word_1_718' title='bbox 2122 3843 2419 3899; x_wconf 89' lang='lat' dir='ltr'><strong>intueamur</strong></span> <span class='ocrx_word' id='word_1_719' title='bbox 2432 3842 2585 3909; x_wconf 90' lang='lat' dir='ltr'><strong>alios,</strong></span> <span class='ocrx_word' id='word_1_720' title='bbox 2601 3841 2690 3913; x_wconf 90' lang='lat' dir='ltr'><strong>qui</strong></span> <span class='ocrx_word' id='word_1_721' title='bbox 2710 3857 2807 3913; x_wconf 92' lang='lat' dir='ltr'><strong>per</strong></span> <span class='ocrx_word' id='word_1_722' title='bbox 2819 3857 2988 3898; x_wconf 90' lang='lat' dir='ltr'><strong>annos</strong></span> <span class='ocrx_word' id='word_1_723' title='bbox 3004 3843 3238 3913; x_wconf 86' lang='lat' dir='ltr'><strong>singulos</strong></span> <span class='ocrx_word' id='word_1_724' title='bbox 3253 3847 3317 3900; x_wconf 89' lang='lat' dir='ltr'><strong>ad</strong></span> <span class='ocrx_word' id='word_1_725' title='bbox 3340 3848 3482 3901; x_wconf 86' lang='lat' dir='ltr'><strong>lava-</strong></span> 
     </span>
    </p>
   </div>
   <div class='ocr_carea' id='block_1_100' title="bbox 1899 3933 3482 4004">
    <p class='ocr_par' dir='ltr' id='par_1_100' title="bbox 1899 3933 3482 4004">
     <span class='ocr_line' id='line_1_100' title="bbox 1899 3933 3482 4004; baseline 0.001 -15"><span class='ocrx_word' id='word_1_726' title='bbox 1899 3950 2050 3990; x_wconf 91' lang='lat' dir='ltr'><strong>crum</strong></span> <span class='ocrx_word' id='word_1_727' title='bbox 2065 3933 2481 4004; x_wconf 86' lang='lat' dir='ltr'><strong>regenerationis</strong></span> <span class='ocrx_word' id='word_1_728' title='bbox 2498 3943 2803 3999; x_wconf 89' lang='lat' dir='ltr'><strong>accurrunt,</strong></span> <span class='ocrx_word' id='word_1_729' title='bbox 2826 3933 3009 4002; x_wconf 87' lang='lat' dir='ltr'><strong>quales</strong></span> <span class='ocrx_word' id='word_1_730' title='bbox 3029 3935 3134 3988; x_wconf 91' lang='lat' dir='ltr'><strong>sint</strong></span> <span class='ocrx_word' id='word_1_731' title='bbox 3155 3936 3281 4004; x_wconf 87' lang='lat' dir='ltr'><strong>ipsis</strong></span> <span class='ocrx_word' id='word_1_732' title='bbox 3295 3936 3482 3991; x_wconf 87' lang='lat' dir='ltr'><strong>diebus</strong></span> 
     </span>
    </p>
   </div>
   <div class='ocr_carea' id='block_1_101' title="bbox 1898 4023 3479 4103">
    <p class='ocr_par' dir='ltr' id='par_1_101' title="bbox 1898 4023 3479 4103">
     <span class='ocr_line' id='line_1_101' title="bbox 1898 4023 3479 4103; baseline 0.004 -26"><span class='ocrx_word' id='word_1_733' title='bbox 1898 4025 2089 4103; x_wconf 80' lang='lat' dir='ltr'><strong>quibus</strong></span> <span class='ocrx_word' id='word_1_734' title='bbox 2100 4023 2514 4090; x_wconf 85' lang='lat' dir='ltr'><strong>catechizantur,</strong></span> <span class='ocrx_word' id='word_1_735' title='bbox 2533 4025 2920 4089; x_wconf 78' lang='lat' dir='ltr'><strong>exorcizantur,</strong></span> <span class='ocrx_word' id='word_1_736' title='bbox 2945 4034 3267 4093; x_wconf 89' lang='lat' dir='ltr'><strong>scrutantur,</strong></span> <span class='ocrx_word' id='word_1_737' title='bbox 3287 4039 3479 4098; x_wconf 87' lang='lat' dir='ltr'><strong>quanta</strong></span> 
     </span>
    </p>
   </div>
   <div class='ocr_carea' id='block_1_102' title="bbox 1900 4116 3478 4188">
    <p class='ocr_par' dir='ltr' id='par_1_102' title="bbox 1900 4116 3478 4188">
     <span class='ocr_line' id='line_1_102' title="bbox 1900 4116 3478 4188; baseline 0.001 -17"><span class='ocrx_word' id='word_1_738' title='bbox 1900 4117 2164 4188; x_wconf 87' lang='lat' dir='ltr'><strong>vigilantia</strong></span> <span class='ocrx_word' id='word_1_739' title='bbox 2207 4116 2545 4182; x_wconf 90' lang='lat' dir='ltr'><strong>conveniant,</strong></span> <span class='ocrx_word' id='word_1_740' title='bbox 2574 4131 2681 4186; x_wconf 91' lang='lat' dir='ltr'><strong>quo</strong></span> <span class='ocrx_word' id='word_1_741' title='bbox 2722 4116 2898 4171; x_wconf 88' lang='lat' dir='ltr'><strong>studio</strong></span> <span class='ocrx_word' id='word_1_742' title='bbox 2922 4116 3183 4185; x_wconf 81' lang='lat' dir='ltr'><strong>ferveant,</strong></span> <span class='ocrx_word' id='word_1_743' title='bbox 3225 4134 3325 4188; x_wconf 91' lang='lat' dir='ltr'><strong>qua</strong></span> <span class='ocrx_word' id='word_1_744' title='bbox 3353 4136 3478 4175; x_wconf 86' lang='lat' dir='ltr'><strong>cura</strong></span> 
     </span>
    </p>
   </div>
   <div class='ocr_carea' id='block_1_103' title="bbox 1898 4209 3479 4281">
    <p class='ocr_par' dir='ltr' id='par_1_103' title="bbox 1898 4209 3479 4281">
     <span class='ocr_line' id='line_1_103' title="bbox 1898 4209 3479 4281; baseline 0 -17"><span class='ocrx_word' id='word_1_745' title='bbox 1898 4209 2195 4280; x_wconf 85' lang='lat' dir='ltr'><strong>pendeant?</strong></span> <span class='ocrx_word' id='word_1_746' title='bbox 2219 4210 2272 4264; x_wconf 89' lang='lat' dir='ltr'><strong>Si</strong></span> <span class='ocrx_word' id='word_1_747' title='bbox 2303 4219 2427 4263; x_wconf 90' lang='lat' dir='ltr'><strong>tunc</strong></span> <span class='ocrx_word' id='word_1_748' title='bbox 2449 4217 2655 4279; x_wconf 90' lang='lat' dir='ltr'><strong>tempus</strong></span> <span class='ocrx_word' id='word_1_749' title='bbox 2675 4223 2779 4262; x_wconf 92' lang='lat' dir='ltr'><strong>non</strong></span> <span class='ocrx_word' id='word_1_750' title='bbox 2802 4219 2883 4263; x_wconf 91' lang='lat' dir='ltr'><strong>est</strong></span> <span class='ocrx_word' id='word_1_751' title='bbox 2903 4209 3138 4264; x_wconf 90' lang='lat' dir='ltr'><strong>discendi</strong></span> <span class='ocrx_word' id='word_1_752' title='bbox 3170 4212 3211 4275; x_wconf 77' lang='lat'><strong>&#39;,</strong></span> <span class='ocrx_word' id='word_1_753' title='bbox 3236 4227 3353 4281; x_wconf 71' lang='lat' dir='ltr'><strong>qum</strong></span> <span class='ocrx_word' id='word_1_754' title='bbox 3377 4212 3479 4266; x_wconf 83' lang='lat' dir='ltr'><strong>vita</strong></span> 
     </span>
    </p>
   </div>
   <div class='ocr_carea' id='block_1_104' title="bbox 1897 4299 3474 4372">
    <p class='ocr_par' dir='ltr' id='par_1_104' title="bbox 1897 4299 3474 4372">
     <span class='ocr_line' id='line_1_104' title="bbox 1897 4299 3474 4372; baseline -0.002 -15"><span class='ocrx_word' id='word_1_755' title='bbox 1897 4310 2153 4372; x_wconf 89' lang='lat' dir='ltr'><strong>congruat</strong></span> <span class='ocrx_word' id='word_1_756' title='bbox 2168 4309 2333 4368; x_wconf 88' lang='lat' dir='ltr'><strong>tanto,</strong></span> <span class='ocrx_word' id='word_1_757' title='bbox 2346 4300 2487 4371; x_wconf 91' lang='lat' dir='ltr'><strong>quod</strong></span> <span class='ocrx_word' id='word_1_758' title='bbox 2502 4300 2744 4369; x_wconf 90' lang='lat' dir='ltr'><strong>accipere</strong></span> <span class='ocrx_word' id='word_1_759' title='bbox 2756 4299 3079 4364; x_wconf 84' lang='lat' dir='ltr'><strong>desiderant.</strong></span> <span class='ocrx_word' id='word_1_760' title='bbox 3096 4302 3442 4357; x_wconf 85' lang='lat' dir='ltr'><strong>Sacramento</strong></span> <span class='ocrx_word' id='word_1_761' title='bbox 3460 4320 3474 4366; x_wconf 91' lang='lat'><strong>;</strong></span> 
     </span>
    </p>
   </div>
   <div class='ocr_carea' id='block_1_105' title="bbox 1897 4392 3481 4465">
    <p class='ocr_par' dir='ltr' id='par_1_105' title="bbox 1897 4392 3481 4465">
     <span class='ocr_line' id='line_1_105' title="bbox 1897 4392 3481 4465; baseline -0.001 -17"><span class='ocrx_word' id='word_1_762' title='bbox 1897 4393 2110 4465; x_wconf 89' lang='lat' dir='ltr'><strong>quando</strong></span> <span class='ocrx_word' id='word_1_763' title='bbox 2157 4392 2314 4448; x_wconf 86' lang='lat' dir='ltr'><strong>erit?</strong></span> <span class='ocrx_word' id='word_1_764' title='bbox 2368 4394 2449 4446; x_wconf 84' lang='lat' dir='ltr'><strong>An</strong></span> <span class='ocrx_word' id='word_1_765' title='bbox 2498 4407 2625 4447; x_wconf 88' lang='lat' dir='ltr'><strong>vero</strong></span> <span class='ocrx_word' id='word_1_766' title='bbox 2663 4406 2784 4445; x_wconf 92' lang='lat' dir='ltr'><strong>cum</strong></span> <span class='ocrx_word' id='word_1_767' title='bbox 2820 4392 3161 4460; x_wconf 89' lang='lat' dir='ltr'><strong>acceperint,</strong></span> <span class='ocrx_word' id='word_1_768' title='bbox 3222 4394 3273 4446; x_wconf 93' lang='lat' dir='ltr'><strong>in</strong></span> <span class='ocrx_word' id='word_1_769' title='bbox 3319 4394 3481 4447; x_wconf 87' lang='lat' dir='ltr'><strong>tantis</strong></span> 
     </span>
    </p>
   </div>
   <div class='ocr_carea' id='block_1_106' title="bbox 1896 4481 3474 4552">
    <p class='ocr_par' dir='ltr' id='par_1_106' title="bbox 1896 4481 3474 4552">
     <span class='ocr_line' id='line_1_106' title="bbox 1896 4481 3474 4552; baseline -0.002 -14"><span class='ocrx_word' id='word_1_770' title='bbox 1896 4484 2205 4539; x_wconf 77' lang='lat' dir='ltr'><strong>criminibus</strong></span> <span class='ocrx_word' id='word_1_771' title='bbox 2233 4492 2604 4552; x_wconf 85' lang='lat' dir='ltr'><strong>permanentes</strong></span> <span class='ocrx_word' id='word_1_772' title='bbox 2625 4481 2785 4537; x_wconf 88' lang='lat' dir='ltr'><strong>etiam</strong></span> <span class='ocrx_word' id='word_1_773' title='bbox 2816 4492 2931 4551; x_wconf 90' lang='lat' dir='ltr'><strong>post</strong></span> <span class='ocrx_word' id='word_1_774' title='bbox 2975 4481 3326 4550; x_wconf 88' lang='lat' dir='ltr'><strong>Baptismum,</strong></span> <span class='ocrx_word' id='word_1_775' title='bbox 3367 4498 3474 4535; x_wconf 90' lang='lat' dir='ltr'><strong>non</strong></span> 
     </span>
    </p>
   </div>
   <div class='ocr_carea' id='block_1_107' title="bbox 1898 4570 3477 4649">
    <p class='ocr_par' dir='ltr' id='par_1_107' title="bbox 1898 4570 3477 4649">
     <span class='ocr_line' id='line_1_107' title="bbox 1898 4570 3477 4649; baseline -0.003 -20"><span class='ocrx_word' id='word_1_776' title='bbox 1898 4576 2018 4649; x_wconf 85' lang='lat' dir='ltr'><strong>novi</strong></span> <span class='ocrx_word' id='word_1_777' title='bbox 2048 4576 2310 4640; x_wconf 88' lang='lat' dir='ltr'><strong>homines,</strong></span> <span class='ocrx_word' id='word_1_778' title='bbox 2333 4572 2428 4629; x_wconf 90' lang='lat' dir='ltr'><strong>sed</strong></span> <span class='ocrx_word' id='word_1_779' title='bbox 2458 4572 2534 4627; x_wconf 91' lang='lat' dir='ltr'><strong>rei</strong></span> <span class='ocrx_word' id='word_1_780' title='bbox 2564 4570 2812 4627; x_wconf 81' lang='lat' dir='ltr'><strong>veteres?</strong></span> <span class='ocrx_word' id='word_1_781' title='bbox 2842 4581 2900 4625; x_wconf 91' lang='lat' dir='ltr'><strong>ut</strong></span> <span class='ocrx_word' id='word_1_782' title='bbox 2928 4571 3173 4627; x_wconf 87' lang='lat' dir='ltr'><strong>videlicet</strong></span> <span class='ocrx_word' id='word_1_783' title='bbox 3206 4573 3477 4641; x_wconf 82' lang='lat' dir='ltr'><strong>perversi-</strong></span> 
     </span>
    </p>
   </div>
   <div class='ocr_carea' id='block_1_108' title="bbox 1897 4660 3478 4733">
    <p class='ocr_par' dir='ltr' id='par_1_108' title="bbox 1897 4660 3478 4733">
     <span class='ocr_line' id='line_1_108' title="bbox 1897 4660 3478 4733; baseline -0.001 -15"><span class='ocrx_word' id='word_1_784' title='bbox 1897 4674 2004 4720; x_wconf 90' lang='lat' dir='ltr'><strong>tate</strong></span> <span class='ocrx_word' id='word_1_785' title='bbox 2030 4665 2258 4720; x_wconf 90' lang='lat' dir='ltr'><strong>mirabili</strong></span> <span class='ocrx_word' id='word_1_786' title='bbox 2289 4664 2434 4733; x_wconf 87' lang='lat' dir='ltr'><strong>prius</strong></span> <span class='ocrx_word' id='word_1_787' title='bbox 2459 4663 2537 4718; x_wconf 90' lang='lat' dir='ltr'><strong>eis</strong></span> <span class='ocrx_word' id='word_1_788' title='bbox 2557 4661 2785 4728; x_wconf 85' lang='lat' dir='ltr'><strong>dicatur,</strong></span> <span class='ocrx_word' id='word_1_789' title='bbox 2815 4660 3018 4716; x_wconf 86' lang='lat' dir='ltr'><strong>induite</strong></span> <span class='ocrx_word' id='word_1_790' title='bbox 3062 4661 3333 4718; x_wconf 88' lang='lat' dir='ltr'><strong>hominem</strong></span> <span class='ocrx_word' id='word_1_791' title='bbox 3381 4678 3478 4716; x_wconf 86' lang='lat' dir='ltr'><strong>no-</strong></span> 
     </span>
    </p>
   </div>
   <div class='ocr_carea' id='block_1_109' title="bbox 1894 4751 3478 4822">
    <p class='ocr_par' dir='ltr' id='par_1_109' title="bbox 1894 4751 3478 4822">
     <span class='ocr_line' id='line_1_109' title="bbox 1894 4751 3478 4822; baseline -0.004 -11"><span class='ocrx_word' id='word_1_792' title='bbox 1894 4772 2052 4821; x_wconf 88' lang='lat' dir='ltr'><strong>vum;</strong></span> <span class='ocrx_word' id='word_1_793' title='bbox 2102 4765 2155 4811; x_wconf 91' lang='lat' dir='ltr'><strong>ct</strong></span> <span class='ocrx_word' id='word_1_794' title='bbox 2187 4770 2307 4809; x_wconf 90' lang='lat' dir='ltr'><strong>cum</strong></span> <span class='ocrx_word' id='word_1_795' title='bbox 2355 4752 2522 4807; x_wconf 90' lang='lat' dir='ltr'><strong>induti</strong></span> <span class='ocrx_word' id='word_1_796' title='bbox 2563 4752 2780 4817; x_wconf 90' lang='lat' dir='ltr'><strong>l&#39;uerint,</strong></span> <span class='ocrx_word' id='word_1_797' title='bbox 2819 4760 3001 4822; x_wconf 90' lang='lat' dir='ltr'><strong>postea</strong></span> <span class='ocrx_word' id='word_1_798' title='bbox 3025 4751 3253 4818; x_wconf 89' lang='lat' dir='ltr'><strong>dicatur,</strong></span> <span class='ocrx_word' id='word_1_799' title='bbox 3290 4752 3478 4806; x_wconf 76' lang='lat' dir='ltr'><strong>Exuite</strong></span> 
     </span>
    </p>
   </div>
   <div class='ocr_carea' id='block_1_110' title="bbox 1894 4841 3475 4914">
    <p class='ocr_par' dir='ltr' id='par_1_110' title="bbox 1894 4841 3475 4914">
     <span class='ocr_line' id='line_1_110' title="bbox 1894 4841 3475 4914; baseline -0.005 -11"><span class='ocrx_word' id='word_1_800' title='bbox 1894 4856 2128 4903; x_wconf 88' lang='lat' dir='ltr'><strong>veterem</strong></span> <span class='ocrx_word' id='word_1_801' title='bbox 2160 4864 2173 4899; x_wconf 89' lang='lat'><strong>:</strong></span> <span class='ocrx_word' id='word_1_802' title='bbox 2204 4860 2327 4900; x_wconf 88' lang='lat' dir='ltr'><strong>cum</strong></span> <span class='ocrx_word' id='word_1_803' title='bbox 2358 4844 2643 4914; x_wconf 82' lang='lat' dir='ltr'><strong>Apostolus</strong></span> <span class='ocrx_word' id='word_1_804' title='bbox 2672 4857 2858 4897; x_wconf 87' lang='lat' dir='ltr'><strong>sanum</strong></span> <span class='ocrx_word' id='word_1_805' title='bbox 2895 4844 3137 4898; x_wconf 90' lang='lat' dir='ltr'><strong>ordinem</strong></span> <span class='ocrx_word' id='word_1_806' title='bbox 3172 4851 3356 4897; x_wconf 91' lang='lat' dir='ltr'><strong>tenens</strong></span> <span class='ocrx_word' id='word_1_807' title='bbox 3389 4841 3475 4896; x_wconf 84' lang='lat' dir='ltr'><strong>di-</strong></span> 
     </span>
    </p>
   </div>
   <div class='ocr_carea' id='block_1_111' title="bbox 1890 4932 3467 5006">
    <p class='ocr_par' dir='ltr' id='par_1_111' title="bbox 1890 4932 3467 5006">
     <span class='ocr_line' id='line_1_111' title="bbox 1890 4932 3467 5006; baseline -0.004 -13"><span class='ocrx_word' id='word_1_808' title='bbox 1890 4949 1998 5006; x_wconf 89' lang='lat' dir='ltr'><strong>cat,</strong></span> <span class='ocrx_word' id='word_1_809' title='bbox 2033 4938 2220 4992; x_wconf 71' lang='lat' dir='ltr'><strong>Exuite</strong></span> <span class='ocrx_word' id='word_1_810' title='bbox 2244 4944 2473 5003; x_wconf 83' lang='lat' dir='ltr'><strong>veterem,</strong></span> <span class='ocrx_word' id='word_1_811' title='bbox 2504 4944 2548 4988; x_wconf 90' lang='lat' dir='ltr'><strong>et</strong></span> <span class='ocrx_word' id='word_1_812' title='bbox 2578 4935 2768 4988; x_wconf 84' lang='lat' dir='ltr'><strong>induite</strong></span> <span class='ocrx_word' id='word_1_813' title='bbox 2804 4950 2987 4988; x_wconf 82' lang='lat' dir='ltr'><strong>novum</strong></span> <span class='ocrx_word' id='word_1_814' title='bbox 3035 4932 3257 5003; x_wconf 75' lang='lat' dir='ltr'><strong>(Colosa.</strong></span> <span class='ocrx_word' id='word_1_815' title='bbox 3290 4948 3342 4985; x_wconf 88' lang='grc' dir='ltr'><strong>ιιι</strong></span> <span class='ocrx_word' id='word_1_816' title='bbox 3368 4972 3383 4997; x_wconf 88' lang='grc'><em>,</em></span> <span class='ocrx_word' id='word_1_817' title='bbox 3413 4932 3467 4995; x_wconf 83' lang='lat'><strong>9,</strong></span> 
     </span>
    </p>
   </div>
   <div class='ocr_carea' id='block_1_112' title="bbox 1894 5023 3469 5101">
    <p class='ocr_par' dir='ltr' id='par_1_112' title="bbox 1894 5023 3469 5101">
     <span class='ocr_line' id='line_1_112' title="bbox 1894 5023 3469 5101; baseline -0.009 -15"><span class='ocrx_word' id='word_1_818' title='bbox 1894 5031 2016 5101; x_wconf 68' lang='lat'><strong>10);</strong></span> <span class='ocrx_word' id='word_1_819' title='bbox 2062 5038 2119 5085; x_wconf 88' lang='lat' dir='ltr'><strong>et</strong></span> <span class='ocrx_word' id='word_1_820' title='bbox 2160 5030 2275 5098; x_wconf 89' lang='lat' dir='ltr'><strong>ipse</strong></span> <span class='ocrx_word' id='word_1_821' title='bbox 2318 5026 2575 5081; x_wconf 91' lang='lat' dir='ltr'><strong>Dominus</strong></span> <span class='ocrx_word' id='word_1_822' title='bbox 2602 5025 2816 5090; x_wconf 89' lang='lat' dir='ltr'><strong>clamet,</strong></span> <span class='ocrx_word' id='word_1_823' title='bbox 2851 5023 3015 5077; x_wconf 88' lang='lat' dir='ltr'><strong>Nemo</strong></span> <span class='ocrx_word' id='word_1_824' title='bbox 3057 5023 3215 5078; x_wconf 77' lang='lat' dir='ltr'><strong>aaauit</strong></span> <span class='ocrx_word' id='word_1_825' title='bbox 3246 5039 3469 5092; x_wconf 82' lang='lat' dir='ltr'><strong>pannum</strong></span> 
     </span>
    </p>
   </div>
   <div class='ocr_carea' id='block_1_113' title="bbox 1892 5114 3476 5186">
    <p class='ocr_par' dir='ltr' id='par_1_113' title="bbox 1892 5114 3476 5186">
     <span class='ocr_line' id='line_1_113' title="bbox 1892 5114 3476 5186; baseline -0.008 -8"><span class='ocrx_word' id='word_1_826' title='bbox 1892 5140 2074 5179; x_wconf 80' lang='lat' dir='ltr'><strong>novum</strong></span> <span class='ocrx_word' id='word_1_827' title='bbox 2109 5123 2395 5178; x_wconf 73' lang='lat' dir='ltr'><strong>vestimento</strong></span> <span class='ocrx_word' id='word_1_828' title='bbox 2432 5120 2603 5186; x_wconf 84' lang='lat' dir='ltr'><strong>veteri,</strong></span> <span class='ocrx_word' id='word_1_829' title='bbox 2642 5128 2689 5172; x_wconf 88' lang='lat' dir='ltr'><strong>et</strong></span> <span class='ocrx_word' id='word_1_830' title='bbox 2728 5134 2871 5171; x_wconf 85' lang='lat' dir='ltr'><strong>nemo</strong></span> <span class='ocrx_word' id='word_1_831' title='bbox 2900 5117 3046 5169; x_wconf 86' lang='lat' dir='ltr'><strong>mittit</strong></span> <span class='ocrx_word' id='word_1_832' title='bbox 3085 5114 3253 5168; x_wconf 86' lang='lat' dir='ltr'><strong>vinum</strong></span> <span class='ocrx_word' id='word_1_833' title='bbox 3290 5130 3476 5167; x_wconf 77' lang='lat' dir='ltr'><strong>norum</strong></span> 
     </span>
    </p>
   </div>
   <div class='ocr_carea' id='block_1_114' title="bbox 1889 5205 3473 5282">
    <p class='ocr_par' dir='ltr' id='par_1_114' title="bbox 1889 5205 3473 5282">
     <span class='ocr_line' id='line_1_114' title="bbox 1889 5205 3473 5282; baseline -0.006 -13"><span class='ocrx_word' id='word_1_834' title='bbox 1889 5217 1945 5271; x_wconf 85' lang='lat' dir='ltr'><strong>in</strong></span> <span class='ocrx_word' id='word_1_835' title='bbox 1973 5224 2104 5270; x_wconf 78' lang='lat' dir='ltr'><strong>utres</strong></span> <span class='ocrx_word' id='word_1_836' title='bbox 2129 5224 2332 5269; x_wconf 70' lang='lat' dir='ltr'><strong>veterea.</strong></span> <span class='ocrx_word' id='word_1_837' title='bbox 2360 5211 2576 5282; x_wconf 82' lang='lat' dir='ltr'><strong>(Matth.</strong></span> <span class='ocrx_word' id='word_1_838' title='bbox 2608 5226 2685 5276; x_wconf 81' lang='lat' dir='ltr'><strong>Ix,</strong></span> <span class='ocrx_word' id='word_1_839' title='bbox 2705 5210 2792 5274; x_wconf 80' lang='lat' dir='ltr'><strong>l6,</strong></span> <span class='ocrx_word' id='word_1_840' title='bbox 2828 5206 2937 5279; x_wconf 80' lang='grc'><strong>17).</strong></span> <span class='ocrx_word' id='word_1_841' title='bbox 2966 5205 3102 5273; x_wconf 85' lang='lat' dir='ltr'><strong>Quid</strong></span> <span class='ocrx_word' id='word_1_842' title='bbox 3130 5216 3305 5261; x_wconf 90' lang='lat' dir='ltr'><strong>autem</strong></span> <span class='ocrx_word' id='word_1_843' title='bbox 3333 5207 3473 5259; x_wconf 90' lang='lat' dir='ltr'><strong>aliud</strong></span> 
     </span>
    </p>
   </div>
   <div class='ocr_carea' id='block_1_115' title="bbox 1890 5297 3477 5377">
    <p class='ocr_par' dir='ltr' id='par_1_115' title="bbox 1890 5297 3477 5377">
     <span class='ocr_line' id='line_1_115' title="bbox 1890 5297 3477 5377; baseline -0.007 -15"><span class='ocrx_word' id='word_1_844' title='bbox 1890 5308 1997 5377; x_wconf 85' lang='lat' dir='ltr'><strong>agit</strong></span> <span class='ocrx_word' id='word_1_845' title='bbox 2022 5316 2187 5361; x_wconf 88' lang='lat' dir='ltr'><strong>totum</strong></span> <span class='ocrx_word' id='word_1_846' title='bbox 2236 5316 2463 5373; x_wconf 89' lang='lat' dir='ltr'><strong>tempus,</strong></span> <span class='ocrx_word' id='word_1_847' title='bbox 2514 5316 2621 5373; x_wconf 90' lang='lat' dir='ltr'><strong>quo</strong></span> <span class='ocrx_word' id='word_1_848' title='bbox 2654 5299 3157 5355; x_wconf 84' lang='lat' dir='ltr'><strong>catecltumenorum</strong></span> <span class='ocrx_word' id='word_1_849' title='bbox 3202 5297 3374 5352; x_wconf 88' lang='lat' dir='ltr'><strong>locum</strong></span> <span class='ocrx_word' id='word_1_850' title='bbox 3421 5307 3477 5351; x_wconf 88' lang='lat' dir='ltr'><strong>et</strong></span> 
     </span>
    </p>
   </div>
   <div class='ocr_carea' id='block_1_116' title="bbox 1892 5387 3474 5459">
    <p class='ocr_par' dir='ltr' id='par_1_116' title="bbox 1892 5387 3474 5459">
     <span class='ocr_line' id='line_1_116' title="bbox 1892 5387 3474 5459; baseline -0.008 -8"><span class='ocrx_word' id='word_1_851' title='bbox 1892 5412 2085 5451; x_wconf 89' lang='lat' dir='ltr'><strong>nomen</strong></span> <span class='ocrx_word' id='word_1_852' title='bbox 2116 5401 2320 5459; x_wconf 84' lang='lat' dir='ltr'><strong>tenent,</strong></span> <span class='ocrx_word' id='word_1_853' title='bbox 2348 5392 2450 5447; x_wconf 92' lang='lat' dir='ltr'><strong>nisi</strong></span> <span class='ocrx_word' id='word_1_854' title='bbox 2481 5399 2541 5446; x_wconf 90' lang='lat' dir='ltr'><strong>ut</strong></span> <span class='ocrx_word' id='word_1_855' title='bbox 2564 5390 2781 5445; x_wconf 89' lang='lat' dir='ltr'><strong>audiant</strong></span> <span class='ocrx_word' id='word_1_856' title='bbox 2806 5403 2924 5459; x_wconf 64' lang='lat' dir='ltr'><strong>qua:</strong></span> <span class='ocrx_word' id='word_1_857' title='bbox 2951 5387 3083 5442; x_wconf 84' lang='lat' dir='ltr'><strong>ﬁdes</strong></span> <span class='ocrx_word' id='word_1_858' title='bbox 3111 5395 3166 5441; x_wconf 89' lang='lat' dir='ltr'><strong>et</strong></span> <span class='ocrx_word' id='word_1_859' title='bbox 3192 5387 3365 5456; x_wconf 81' lang='lat' dir='ltr'><strong>qualis</strong></span> <span class='ocrx_word' id='word_1_860' title='bbox 3396 5387 3474 5439; x_wconf 86' lang='lat' dir='ltr'><strong>vi-</strong></span> 
     </span>
    </p>
   </div>
   <div class='ocr_carea' id='block_1_117' title="bbox 1890 5479 3473 5561">
    <p class='ocr_par' dir='ltr' id='par_1_117' title="bbox 1890 5479 3473 5561">
     <span class='ocr_line' id='line_1_117' title="bbox 1890 5479 3473 5561; baseline -0.006 -18"><span class='ocrx_word' id='word_1_861' title='bbox 1890 5498 1945 5543; x_wconf 90' lang='lat' dir='ltr'><strong>ta</strong></span> <span class='ocrx_word' id='word_1_862' title='bbox 1982 5486 2174 5542; x_wconf 86' lang='lat' dir='ltr'><strong>debeat</strong></span> <span class='ocrx_word' id='word_1_863' title='bbox 2206 5500 2325 5539; x_wconf 89' lang='lat' dir='ltr'><strong>esse</strong></span> <span class='ocrx_word' id='word_1_864' title='bbox 2363 5482 2667 5547; x_wconf 88' lang='lat' dir='ltr'><strong>christiani;</strong></span> <span class='ocrx_word' id='word_1_865' title='bbox 2698 5490 2755 5536; x_wconf 92' lang='lat' dir='ltr'><strong>ut</strong></span> <span class='ocrx_word' id='word_1_866' title='bbox 2781 5495 2992 5561; x_wconf 46' lang='lat' dir='ltr'><strong>cunqe</strong></span> <span class='ocrx_word' id='word_1_867' title='bbox 3030 5480 3174 5551; x_wconf 91' lang='lat' dir='ltr'><strong>ipsos</strong></span> <span class='ocrx_word' id='word_1_868' title='bbox 3204 5479 3473 5550; x_wconf 84' lang='lat' dir='ltr'><strong>probave-</strong></span> 
     </span>
    </p>
   </div>
   <div class='ocr_carea' id='block_1_118' title="bbox 1890 5570 3476 5645">
    <p class='ocr_par' dir='ltr' id='par_1_118' title="bbox 1890 5570 3476 5645">
     <span class='ocr_line' id='line_1_118' title="bbox 1890 5570 3476 5645; baseline -0.004 -11"><span class='ocrx_word' id='word_1_869' title='bbox 1890 5581 2015 5645; x_wconf 88' lang='lat' dir='ltr'><strong>rint,</strong></span> <span class='ocrx_word' id='word_1_870' title='bbox 2060 5587 2186 5633; x_wconf 91' lang='lat' dir='ltr'><strong>tunc</strong></span> <span class='ocrx_word' id='word_1_871' title='bbox 2210 5576 2277 5630; x_wconf 89' lang='lat' dir='ltr'><strong>de</strong></span> <span class='ocrx_word' id='word_1_872' title='bbox 2306 5588 2487 5629; x_wconf 89' lang='lat' dir='ltr'><strong>mensa</strong></span> <span class='ocrx_word' id='word_1_873' title='bbox 2528 5573 2737 5629; x_wconf 90' lang='lat' dir='ltr'><strong>Domini</strong></span> <span class='ocrx_word' id='word_1_874' title='bbox 2767 5572 3106 5638; x_wconf 88' lang='lat' dir='ltr'><strong>manducent,</strong></span> <span class='ocrx_word' id='word_1_875' title='bbox 3137 5580 3192 5625; x_wconf 91' lang='lat' dir='ltr'><strong>et</strong></span> <span class='ocrx_word' id='word_1_876' title='bbox 3216 5570 3284 5626; x_wconf 89' lang='lat' dir='ltr'><strong>de</strong></span> <span class='ocrx_word' id='word_1_877' title='bbox 3309 5571 3476 5627; x_wconf 85' lang='lat' dir='ltr'><strong>calice</strong></span> 
     </span>
    </p>
   </div>
   <div class='ocr_carea' id='block_1_119' title="bbox 1890 5660 3475 5735">
    <p class='ocr_par' dir='ltr' id='par_1_119' title="bbox 1890 5660 3475 5735">
     <span class='ocr_line' id='line_1_119' title="bbox 1890 5660 3475 5735; baseline -0.006 -9"><span class='ocrx_word' id='word_1_878' title='bbox 1890 5669 2106 5727; x_wconf 84' lang='lat' dir='ltr'><strong>bibant?</strong></span> <span class='ocrx_word' id='word_1_879' title='bbox 2147 5666 2406 5735; x_wconf 89' lang='lat' dir='ltr'><strong>Quoniam</strong></span> <span class='ocrx_word' id='word_1_880' title='bbox 2443 5665 2529 5735; x_wconf 85' lang='lat' dir='ltr'><strong>qui</strong></span> <span class='ocrx_word' id='word_1_881' title='bbox 2556 5664 2827 5719; x_wconf 72' lang='lat' dir='ltr'><strong>mandarat</strong></span> <span class='ocrx_word' id='word_1_882' title='bbox 2853 5672 2901 5719; x_wconf 88' lang='lat' dir='ltr'><strong>et</strong></span> <span class='ocrx_word' id='word_1_883' title='bbox 2926 5662 3048 5717; x_wconf 81' lang='lat' dir='ltr'><strong>bibit</strong></span> <span class='ocrx_word' id='word_1_884' title='bbox 3082 5660 3309 5733; x_wconf 85' lang='lat' dir='ltr'><strong>indigne,</strong></span> <span class='ocrx_word' id='word_1_885' title='bbox 3333 5661 3475 5731; x_wconf 83' lang='lat' dir='ltr'><strong>judi-</strong></span> 
     </span>
    </p>
   </div>
   <div class='ocr_carea' id='block_1_120' title="bbox 1958 5786 2477 5843">
    <p class='ocr_par' dir='ltr' id='par_1_120' title="bbox 1958 5786 2477 5843">
     <span class='ocr_line' id='line_1_120' title="bbox 1958 5786 2477 5843; baseline -0.012 -9"><span class='ocrx_word' id='word_1_886' title='bbox 1958 5788 1975 5819; x_wconf 78' lang='grc'>³</span> <span class='ocrx_word' id='word_1_887' title='bbox 2007 5792 2135 5840; x_wconf 77' lang='lat' dir='ltr'><strong>Mss.,</strong></span> <span class='ocrx_word' id='word_1_888' title='bbox 2157 5786 2298 5843; x_wconf 77' lang='lat' dir='ltr'><strong>atque</strong></span> <span class='ocrx_word' id='word_1_889' title='bbox 2328 5786 2477 5843; x_wconf 71' lang='lat' dir='ltr'><strong>tttore.</strong></span> 
     </span>
    </p>
   </div>
   <div class='ocr_carea' id='block_1_121' title="bbox 1961 5840 2375 5905">
    <p class='ocr_par' dir='ltr' id='par_1_121' title="bbox 1961 5840 2375 5905">
     <span class='ocr_line' id='line_1_121' title="bbox 1961 5840 2375 5905; baseline -0.01 -11"><span class='ocrx_word' id='word_1_890' title='bbox 1961 5848 1981 5878; x_wconf 71' lang='grc'>³</span> <span class='ocrx_word' id='word_1_891' title='bbox 2013 5856 2138 5905; x_wconf 61' lang='lat'><strong>3355.,</strong></span> <span class='ocrx_word' id='word_1_892' title='bbox 2164 5840 2375 5894; x_wconf 72' lang='lat' dir='ltr'><strong>dicendi.</strong></span> 
     </span>
    </p>
   </div>
   <div class='ocr_carea' id='block_1_122' title="bbox 2991 5914 3230 5992">
    <p class='ocr_par' dir='ltr' id='par_1_122' title="bbox 2991 5914 3230 5992">
     <span class='ocr_line' id='line_1_122' title="bbox 2991 5914 3230 5992; baseline -0.013 -13"><span class='ocrx_word' id='word_1_893' title='bbox 2991 5914 3230 5992; x_wconf 80' lang='lat' dir='ltr'><strong>{Seth</strong></span> 
     </span>
    </p>
   </div>
  </div>
