3996 6524
188 428 289 481 755

188 539 359 610 justos
384 540 496 610 ipse
534 544 795 611 prmscivit
818 587 834 614 ,
863 547 1084 604 tendant
1105 550 1283 605 omnia
1309 592 1323 616 ,
1354 568 1472 622 qua:
1511 554 1764 609 voluntati

189 632 304 702 ejus
329 632 579 688 videnlur
605 634 851 692 adversa.
881 639 960 694 Ac
988 654 1082 708 per
1110 640 1212 696 hoc
1235 655 1356 696 cum
1393 643 1533 698 Deus
1559 654 1766 698 mutare

192 723 383 778 dicitur
408 725 769 793 voluntatem,
802 735 860 782 ut
880 729 1074 798 quibus
1111 731 1250 786 lenis
1291 741 1407 787 erat
1429 775 1442 798 ,
1474 735 1622 789 verbi
1649 748 1769 803 gra-

196 815 267 868 tia
296 854 315 882 ,
345 807 600 871 reddatur
624 817 822 885 iratus,
852 819 928 873 illi
950 821 1122 890 potius
1151 836 1307 891 quam
1337 824 1450 893 ipse
1478 834 1764 890 mutantur,

193 917 393 962 etcum
424 909 816 978 quodammodo
841 920 1100 968 mutatum
1145 914 1199 969 in
1246 914 1328 970 his
1353 931 1472 986 qum
1501 917 1772 986 patiuntur

197 998 471 1053 inveniunt
495 1015 511 1054 :
537 1000 678 1055 sicut
701 1010 936 1057 mutatur
955 1003 1033 1058 sol
1063 1005 1233 1059 oculis
1252 1007 1518 1072 sauciatis,
1542 1015 1596 1062 et
1614 1023 1772 1077 asper

195 1087 586 1157 quodammodo
611 1105 676 1144 ex
697 1092 846 1158 miti,
873 1099 930 1147 et
953 1108 1017 1148 ex
1038 1093 1337 1149 delectabili
1368 1097 1622 1151 molestus
1650 1097 1770 1152 efli-

195 1180 333 1234 citur
353 1221 370 1246 ,
401 1195 522 1235 cum
551 1181 664 1252 ipse
688 1183 828 1252 apud
852 1198 912 1240 se
932 1185 1104 1255 ipsum
1131 1196 1343 1242 maneat
1373 1188 1510 1242 idem
1535 1192 1624 1258 qui
1654 1189 1769 1244 fuit.

198 1270 400 1324 Dicitur
425 1272 584 1326 etiam
610 1273 854 1330 voluntas
888 1276 1017 1342 Dei,
1046 1293 1202 1346 quam
1258 1277 1384 1333 facit
1433 1280 1485 1333 in
1523 1279 1773 1334 cordibus

196 1361 555 1418 obedientium
582 1365 844 1420 mandatis
881 1368 996 1436 ejus
1015 1409 1030 1432 ,
1057 1368 1124 1423 de
1159 1383 1262 1438 qua
1291 1368 1420 1423 dicit
1449 1369 1733 1438 Apostolus
1755 1410 1768 1436 ,

197 1451 338 1507 Deus
363 1462 435 1508 est
461 1454 592 1510 enim
612 1496 625 1519 ,
655 1457 742 1526 qui
770 1467 1008 1526 operatur
1025 1458 1078 1510 in
1109 1457 1244 1512 vobis
1281 1469 1328 1512 et
1359 1459 1487 1514 velle
1511 1459 1771 1529 (Philipp.

199 1557 256 1606 ll,
290 1543 402 1612 15).
431 1543 580 1598 Sicut
600 1545 803 1615 justitia
831 1548 848 1579 ¹
881 1547 994 1610 Dei,
1019 1563 1122 1602 non
1144 1548 1314 1603 solum
1343 1565 1445 1620 qua
1473 1549 1777 1620 ipsejustus

197 1643 281 1687 cst
308 1633 524 1702 dicitur,
551 1637 644 1690 sed
689 1638 780 1692 illa
827 1639 988 1694 etiam
1021 1655 1178 1710 quam
1207 1641 1260 1695 in
1303 1641 1546 1708 homine,
1575 1641 1664 1712 qui
1709 1641 1778 1696 ab

200 1723 292 1776 illo
332 1725 673 1793 justilicatur,
706 1726 832 1782 facit
862 1745 875 1780 :
907 1729 983 1783 sic
1025 1740 1078 1784 et
1122 1731 1206 1784 lex
1237 1731 1352 1800 ejus
1379 1740 1630 1796 vocatur,
1660 1746 1777 1802 quae

201 1813 376 1880 potius
399 1823 481 1868 est
505 1815 816 1883 hominum,
845 1817 939 1873 sed
964 1819 1030 1873 ab
1060 1819 1174 1888 ipso
1199 1819 1318 1873 data
1347 1822 1389 1874 '.
1439 1821 1568 1875 Nam
1597 1822 1778 1890 utique

201 1904 444 1961 homines
468 1917 620 1962 erant
637 1909 872 1978 ,~quibus
897 1911 972 1965 ait
998 1911 1152 1966 Jesns
1179 1954 1191 1977 ,
1232 1911 1298 1966 In
1328 1915 1434 1984 lege
1462 1923 1622 1967 vestra
1655 1914 1778 1966 seri.

201 2004 346 2062 ptum
389 2007 459 2051 est
485 1996 664 2070 (Joan.
694 2015 802 2066 Vill,
835 2002 922 2067 l7)
951 2018 964 2054 :
997 2015 1117 2055 cum
1171 2003 1277 2057 alio
1337 2004 1452 2058 loco
1503 2005 1738 2073 legamus
1761 2044 1774 2068 ,

199 2083 310 2139 Lex
331 2084 428 2140 Dei
452 2089 561 2158 ejus
594 2090 647 2144 in
674 2092 822 2144 corde
842 2091 1202 2164 ipsius.(Psal.
1229 2109 1411 2158 xxxvi,
1443 2095 1557 2163 ⁸51).
1585 2095 1779 2149 Secun-

201 2177 326 2231 dum
358 2179 493 2234 hanc
517 2181 842 2238 voluntatem
861 2225 875 2247 ,
904 2200 1062 2253 quam
1090 2185 1228 2240 Deus
1259 2195 1507 2254 operatur
1536 2187 1585 2239 in
1610 2185 1781 2239 Immi-

202 2267 360 2322 nibus
383 2309 397 2333 ,
423 2269 581 2324 etiam
629 2271 767 2327 velle
807 2272 1023 2338 dicitur,
1052 2275 1192 2344 quod
1229 2275 1341 2344 ipsc
1369 2291 1476 2329 non
1504 2277 1614 2330 vult
1638 2318 1652 2342 ,
1685 2277 1777 2331 sed

201 2371 328 2410 suos
356 2357 406 2412 id
434 2360 675 2416 volentes
703 2361 826 2416 facit
852 2380 864 2416 :
895 2364 1034 2418 sicut
1057 2363 1252 2419 dicitur
1276 2368 1608 2436 cognovisse,
1638 2367 1780 2437 quod

203 2457 262 2503 ut
285 2463 694 2520 cognosceretur
738 2455 897 2520 fecit,
926 2470 956 2510 a
996 2456 1187 2525 quibus
1213 2458 1570 2527 ignorabatur.
1601 2461 1781 2530 Neque

200 2542 344 2596 enim
399 2543 611 2600 dicente
655 2547 954 2616 Apostolo,
1011 2547 1164 2602 Nunc
1219 2561 1382 2604 autem
1432 2563 1780 2622 cognoscentes

201 2633 367 2688 Deum
390 2677 405 2702 ,
433 2636 534 2689 imo
576 2640 763 2708 cogniti
804 2656 835 2691 a
872 2639 979 2693 Deo
1009 2641 1202 2710 (Galat.
1228 2658 1303 2706 tv,
1333 2643 1424 2713 9),
1470 2643 1547 2698 fas
1599 2653 1679 2697 cst
1727 2652 1783 2699 ut

200 2724 517 2793 credamus,
549 2727 688 2798 quod
739 2745 830 2784 eos
875 2739 1000 2785 tunc
1043 2731 1351 2801 cognoverit
1395 2733 1533 2788 Deus
1581 2749 1782 2802 przeco-

201 2818 372 2883 gnitos
397 2815 981 2876 ante'constitutiunem
1005 2823 1186 2877 mundi
1215 2823 1257 2893 (Ι
1291 2823 1431 2878 Petr.
1465 2841 1503 2892 ι,
1533 2825 1628 2896 20)
1653 2843 1664 2875 :
1685 2825 1778 2880 sed

205 2915 332 2960 tunc
359 2911 674 2978 cognovisse
704 2911 878 2966 dictus
919 2922 1033 2979 est,
1066 2913 1206 2984 quod
1230 2926 1355 2969 tunc
1391 2925 1450 2970 ut
1490 2931 1781 2987 cognosce-

204 3006 352 3049 retur
380 2998 579 3054 effecit.
611 3001 684 3053 De
727 2999 811 3054 his
859 3001 1188 3057 locutionum
1239 3003 1413 3059 modis
1459 3005 1569 3076 jam
1626 3014 1682 3061 et
1729 3006 1781 3060 in

201 3088 567 3156 superioribus
619 3092 768 3147 libris
816 3095 1032 3149 memini
1084 3095 1428 3166 disputatum.
1478 3097 1782 3154 Secundum

204 3179 341 3235 banc
369 3198 495 3252 ergo
519 3185 865 3248 voluntatem,
893 3202 995 3257 qua
1028 3187 1193 3242 Deum
1215 3189 1354 3244 velle
1377 3189 1606 3246 dicimus
1632 3187 1776 3261 quod

202 3272 337 3324 alios
363 3272 526 3328 eflicit
551 3276 690 3330 velle
714 3317 728 3343 ,
759 3291 789 3331 a
821 3278 1016 3348 quibus
1045 3280 1220 3334 futura
1248 3281 1588 3350 nesciuntur,
1618 3284 1786 3339 multa

208 3361 320 3414 vult
340 3401 355 3426 ,
389 3378 488 3418 nec
515 3364 657 3419 facit.

274 3451 329 3504 2.
360 3451 470 3526 [IL]
509 3455 666 3508 Multa
689 3455 829 3510 enim
859 3456 1044 3512 vobmt
1071 3458 1183 3512 fieri
1212 3460 1382 3516 sancti
1420 3462 1540 3532 ejus
1583 3464 1650 3518 ab
1694 3466 1786 3520 illo

204 3535 458 3609 inspirata
503 3553 684 3598 sancta
729 3546 1033 3612 voluntate,
1095 3563 1194 3604 nec
1239 3551 1408 3615 liunt;
1449 3554 1587 3609 sicut
1631 3565 1788 3609 orant

207 3650 304 3701 pro
343 3633 656 3704 quibusdam
701 3638 788 3708 pie
834 3648 1158 3709 sancteque,
1199 3642 1427 3711 etquod
1472 3654 1627 3698 orant
1679 3661 1783 3700 non

207 3724 368 3791 facit,
393 3743 511 3780 cum
541 3728 653 3796 ipse
682 3730 731 3782 in
761 3729 841 3784 eis
864 3730 1000 3785 hanc
1025 3733 1209 3786 orandi
1235 3735 1562 3790 voluntatem
1594 3748 1785 3792 sancto

206 3813 405 3883 Spiritu
452 3830 551 3870 suo
587 3817 791 3873 fecerit.
823 3821 900 3875 Ac
943 3837 1036 3890 per
1069 3821 1168 3875 hoc
1191 3863 1204 3887 ,
1234 3823 1446 3892 quando
1495 3826 1784 3881 secundum

213 3905 378 3959 Deum
407 3905 591 3960 volunt
617 3916 670 3962 et
695 3919 848 3963 orant
878 3911 1084 3976 sancti,
1119 3920 1176 3966 nt
1200 3913 1422 3983 quisque
1462 3915 1531 3969 sit
1569 3917 1744 3971 salvus
1769 3960 1784 3982 ,

209 4009 493 4064 possumus
518 3997 611 4052 illo
656 4001 816 4054 modo
843 4001 1126 4057 locutionis
1162 4003 1341 4059 dicere
1365 4047 1378 4068 ,
1409 4005 1534 4060 Vult
1566 4008 1704 4063 Dens
1735 4021 1790 4065 et

212 4102 315 4138 non
345 4085 501 4152 facit;
533 4099 588 4141 ut
609 4089 779 4159 ipsum
811 4091 1050 4148 dicamus
1088 4095 1223 4148 vclle
1248 4137 1261 4160 ,
1292 4095 1380 4165 qui
1413 4107 1467 4151 ut
1507 4100 1669 4154 velint
1704 4103 1788 4155 isti

213 4177 358 4230 facit.
399 4177 704 4233 Secundum
737 4182 881 4236 illam
923 4199 1051 4237 vero
1082 4185 1406 4240 voluntatem
1451 4201 1599 4241 suam
1626 4231 1640 4255 ,
1673 4207 1790 4258 qua:

213 4285 338 4322 cum
391 4270 507 4339 ejus
553 4271 888 4342 praescicntia
932 4275 1254 4344 sempiterna
1299 4286 1420 4342 est,
1453 4278 1688 4347 profecto
1737 4282 1788 4335 in

215 4362 354 4415 cwlo
381 4369 436 4415 et
467 4362 519 4416 in
551 4373 689 4418 terra
739 4365 916 4419 omnia
946 4382 1291 4437 qumcumquc
1317 4369 1518 4432 voluit,
1550 4387 1656 4425 nun
1701 4387 1791 4425 so-

214 4451 324 4506 lum
367 4453 638 4522 prtetcrita
677 4455 756 4509 vel
800 4457 1120 4526 prmscntia,
1149 4459 1240 4512 sed
1286 4460 1445 4514 etiam
1486 4460 1655 4515 futura
1681 4463 1791 4528 jam

214 4546 339 4600 fecit
359 4544 524 4617 (Psal.
549 4562 692 4610 cxnl,
721 4547 755 4601 5
779 4547 896 4618 bis).
922 4549 1116 4604 Verum
1145 4563 1427 4623 antequam
1456 4555 1630 4608 veniat
1655 4566 1795 4608 tcm-

216 4654 318 4707 pus
344 4680 358 4703 ,
389 4655 497 4708 quo
523 4640 695 4694 voluit
738 4650 790 4694 nt
836 4641 987 4694 fieret
1009 4683 1024 4707 ,
1073 4643 1214 4712 quod
1245 4643 1369 4700 ante
1402 4654 1636 4714 tempora
1679 4647 1797 4700 uni-

217 4747 372 4785 versa
397 4731 662 4802 prmscivit
687 4743 844 4803 atque
869 4733 1150 4803 disposuit,
1174 4735 1428 4801 dicimus,
1453 4736 1568 4791 Fiet
1587 4738 1797 4808 quando

221 4825 364 4880 Deus
394 4825 640 4880 voluerit.
671 4827 724 4880 Si
754 4836 929 4880 autem
958 4843 1062 4881 non
1093 4828 1264 4882 solum
1289 4837 1497 4898 tempus
1521 4846 1625 4899 quo
1662 4831 1798 4885 futu-

220 4931 339 4970 rum
370 4925 453 4970 est
474 4957 490 4982 ,
517 4932 700 4971 verum
725 4917 884 4971 etiam
914 4928 1088 4971 utrmn
1119 4916 1353 4972 futurum
1381 4920 1449 4972 sit
1475 4919 1798 4989 ignoramus,

221 5008 482 5073 dicimus,
510 5008 663 5074 Fiet,
699 5010 744 5062 si
775 5009 916 5064 Deus
943 5010 1174 5064 voluerit
1203 5028 1214 5063 :
1249 5025 1351 5064 non
1381 5011 1501 5080 quia
1534 5011 1672 5064 Dctts
1700 5026 1796 5064 no-

224 5117 347 5155 vam
379 5083 740 5163 voluntatem,
773 5115 929 5170 quam
975 5117 1079 5155 non
1128 5101 1349 5169 habuit,
1381 5109 1506 5156 tunc
1550 5102 1800 5167 habebit;

227 5195 320 5247 sed
359 5193 480 5261 quia
530 5193 580 5246 id
611 5192 751 5262 quod
785 5209 848 5246 ex
883 5193 1181 5247 mternitatc
1229 5193 1281 5246 in
1331 5193 1447 5262 ejus
1493 5193 1803 5247 immutabili

229 5295 584 5354 praeparatum
615 5295 698 5340 est
740 5286 1012 5340 voluntate
1037 5327 1052 5351 ,
1085 5295 1208 5340 tunc
1235 5285 1356 5340 erit.

227 5377 454 5433 CAPUT
502 5377 589 5432 lll.
627 5405 701 5418 —-
741 5376 817 5430 De
865 5377 1192 5446 promissione
1233 5387 1433 5429 interna:
1488 5373 1806 5428 beatitudinis

400 5478 683 5522 sanctorum
706 5478 751 5520 et
779 5469 1030 5536 perpetuis
1057 5467 1316 5536 suppliciis
1345 5466 1633 5534 impiorum.

303 5560 655 5628 Quapropter,
685 5566 741 5608 ut
767 5567 958 5610 caetera
990 5567 1094 5611 tam
1124 5557 1284 5610 multa
1315 5564 1646 5624 prtetcream,
1677 5553 1812 5607 sicut

262 5736 272 5746 _
299 5675 316 5706 ί
349 5673 422 5722 sic
448 5677 553 5720 Mss.
586 5677 641 5719 Δι
665 5669 809 5728 editi,
846 5665 897 5719 in
929 5665 1062 5718 nobis
1096 5673 1142 5717 et
1176 5665 1311 5716 velle.
1351 5663 1480 5715 sicut
1513 5663 1640 5714 enim
1671 5661 1812 5724 justi-

238 5741 554 5906 ma’JAﬁiﬁEr.
595 5801 644 5842 ct
664 5798 789 5852 t.ov.,
818 5790 930 5842 datu
966 5788 1248 5842 hominibus.
1291 5789 1453 5848 Abest,
1481 5783 1763 5846 honts'uibus,
1788 5796 1814 5833 ει

243 5862 334 5906 ι’ἱιιι
361 5893 374 5906 .
401 5865 452 5906 ct
473 5863 578 5906 Mss.
1481 5896 1486 5901 .

243 5862 374 5908 Vind.
401 5865 452 5909 ct
473 5863 578 5909 Mss.

1325 437 1526 495 LIBER
1568 440 1929 501 VIGESUIUS
1967 449 2342 507 SECUNDUS.

3341 467 3406 519 75
3419 470 3450 521 ι

1873 576 2013 616 nunc
2042 563 2094 616 in
2121 562 2332 620 Christo
2352 566 2589 623 videmus
2615 569 2819 638 impleri
2843 572 2982 642 quod
3015 575 3258 644 promisit
3283 579 3446 631 Abra-

1874 650 1987 717 lias,
2019 653 2234 722 dicens,
2265 653 2333 709 In
2369 659 2554 713 semine
2592 667 2677 714 tuo
2710 661 3061 717 benedicentur
3083 681 3253 718 omnes
3281 675 3448 736 gentes

1877 737 2027 811 (Gen.
2056 758 2184 810 χιιι,
2213 744 2338 816 18);
2366 747 2438 801 ita
2462 749 2602 818 quod
2629 747 2800 805 eidem
2831 751 3018 807 semini
3049 753 3164 823 ejus
3183 756 3447 824 promisit,

1877 833 2200 903 implebitur,
2230 837 2316 892 ubi
2340 839 2413 892 ait
2434 855 2527 909 per
2546 841 2878 912 prophetam,
2905 845 3180 917 Resurgent
3203 848 3288 916 qui
3310 857 3449 901 erant

1877 925 1928 977 in
1958 930 2326 990 monumentis;
2352 939 2405 986 ct
2424 932 2563 1001 quod
2587 935 2678 997 ait,
2703 933 2814 987 Erit
2839 936 3015 990 ccelum
3043 955 3224 991 norum
3246 947 3290 991 et
3319 950 3452 992 terra

1878 1033 2038 1084 nova,
2066 1028 2114 1072 et
2139 1036 2237 1074 non
2267 1031 2408 1076 erunt
2433 1041 2673 1080 memores
2706 1029 2958 1098 priorum,
2987 1046 3076 1084 nec
3109 1030 3376 1084 ascendant
3399 1031 3451 1083 in

1878 1123 1965 1160 cor
1993 1109 2248 1178 ipsorum;
2279 1113 2367 1166 sed
2396 1113 2618 1169 lwtitiam
2644 1129 2688 1171 et
2718 1119 3098 1174 exsultationem
3126 1121 3372 1176 invenient
3401 1123 3454 1175 in

1877 1214 1956 1251 ea.
1993 1200 2119 1255 Ecce
2142 1203 2157 1234 ¹
2189 1220 2278 1274 ego
2307 1205 2491 1274 faciam
2518 1208 2802 1265 Jerusalem
2822 1214 3199 1268 exsultationem
3225 1223 3271 1268 et
3299 1200 3469 1285 popa:

1873 1289 1983 1342 lum
2014 1308 2178 1346 meum
2205 1295 2466 1362 (rutilium;
2495 1308 2541 1354 et
2568 1301 2825 1356 exsultabo
2849 1303 2901 1356 in
2933 1302 3214 1358 Jerusalem
3233 1346 3248 1371 ,
3296 1314 3344 1358 et
3369 1305 3455 1358 lte-
3545 1341 3549 1356 ρ

1882 1381 2022 1435 tabor
2044 1385 2096 1438 in
2134 1389 2322 1456 populo
2350 1406 2495 1456 meo;
2527 1403 2576 1446 et
2615 1394 2749 1448 ultra
2774 1412 2872 1449 non
2912 1396 3142 1450 audietur
3177 1398 3230 1452 in
3270 1413 3329 1452 ea
3361 1412 3457 1451 rea:
3529 1403 3544 1418 '

1879 1473 2028 1540 [lctus
2070 1473 2228 1546 (Isai.
2274 1494 2432 1546 xxvi,
2477 1481 2563 1549 l9,
2607 1499 2706 1536 sec.
2749 1483 2926 1551 LXX;
2968 1500 3090 1551 va,
3133 1485 3312 1546 l7-l9.
3355 1502 3453 1538 sec.

1882 1564 2070 1636 LXX).
2102 1568 2170 1622 Et
2209 1585 2304 1640 per
2328 1571 2490 1627 alium
2518 1575 2828 1644 prophetam
2851 1617 2866 1643 ,
2912 1576 3051 1646 quod
3091 1577 3460 1646 preenuntiavit

1881 1655 2061 1713 dicens
2082 1660 2256 1716 eidem
2284 1663 2588 1735 pmphetxe,
2617 1666 2682 1722 In
2706 1677 2924 1738 tempore
2947 1670 3038 1723 illa
3059 1669 3335 1723 salvabitur
3364 1686 3455 1739 po-

1883 1751 2031 1818 palus
2048 1760 2160 1806 tuus
2190 1756 2351 1809 omnis
2369 1759 2454 1827 qui
2473 1759 2698 1813 inventus
2724 1760 2872 1827 fuerit
2895 1761 3110 1829 scriptus
3145 1761 3198 1814 in
3220 1760 3344 1814 libro
3373 1776 3388 1813 :
3416 1768 3459 1812 et

1882 1841 2028 1894 multi
2060 1841 2412 1899 dormientium
2438 1848 2491 1901 in
2520 1857 2666 1902 terra:
2696 1851 2896 1912 pulvere
2935 1851 3115 1918 (sive,
3159 1860 3215 1904 ut
3248 1851 3458 1920 quidam

1883 1930 2212 2001 interpretati
2238 1944 2391 2003 sunt,
2421 1937 2636 2010 aggere)
2665 1951 2962 2010 exsurgent;
2998 1942 3051 1994 Ιιὶ
3074 1942 3125 1994 in
3154 1941 3305 1995 vitam
3327 1951 3460 1994 teter-

1883 2038 2032 2088 nant,
2083 2033 2128 2076 et
2169 2024 2222 2078 hi
2265 2026 2320 2080 in
2366 2029 2688 2097 opprobrium
2731 2040 2778 2084 et
2829 2032 3174 2100 confusionem
3222 2041 3460 2086 wternmn

1886 2110 2044 2184 (Dan.
2089 2131 2189 2179 xu,
2224 2118 2246 2171 ι
2284 2126 2328 2170 et
2360 2118 2440 2189 2).
2471 2118 2534 2172 Ει
2564 2120 2668 2173 alio
2693 2120 2810 2174 loco
2832 2135 2924 2189 per
2951 2121 3196 2175 eumdem
3229 2121 3460 2190 propheo

1887 2215 1990 2258 tam
2022 2224 2034 2259 :
2069 2207 2329 2278 Accipient
2365 2227 2574 2280 regnum
2601 2213 2761 2265 sancti
2788 2212 3030 2265 Altissimi
3050 2253 3064 2276 ,
3093 2222 3138 2266 et
3177 2212 3464 2266 obtinebunt

1882 2295 2014 2349 illud
2039 2313 2196 2367 usque
2223 2300 2273 2352 in
2304 2301 2576 2368 swculum,
2617 2311 2663 2355 et
2700 2319 2854 2372 usque
2896 2302 2946 2355 in
2975 2302 3214 2355 saeculum
3253 2300 3467 2355 sarculo-

1884 2403 1995 2439 rum
2021 2383 2129 2460 (Id.
2163 2404 2252 2454 vn,
2283 2389 2395 2459 18).
2421 2389 2489 2444 Et
2508 2392 2665 2460 paulo
2687 2403 2822 2460 post,
2852 2391 3103 2462 Regnum,
3132 2392 3321 2461 inquit,
3349 2392 3464 2462 ejus

1884 2494 2094 2548 regnum
2134 2481 2485 2550 sempiternum
2526 2482 2720 2554 (υἱώ,
2747 2483 2863 2554 27).
2896 2484 2957 2538 Et
2997 2484 3098 2537 alia
3123 2498 3240 2552 quae
3266 2483 3331 2537 ad
3363 2483 3464 2536 hoc

1886 2572 2202 2640 pertinentia
2243 2573 2296 2626 in
2338 2573 2475 2629 libro
2514 2575 2767 2631 vicesimo
2804 2577 2950 2645 posui
3011 2576 3147 2647 (cap.
3191 2573 3256 2630 21
3293 2574 3460 2646 sqq.),

1887 2660 1999 2715 sive
2021 2676 2139 2730 quae
2167 2676 2271 2716 non
2301 2662 2474 2730 posui,
2506 2672 2560 2718 ct
2585 2672 2760 2718 tamen
2792 2665 2845 2718 in
2871 2665 3072 2720 eisdem
3093 2664 3310 2719 Litteris
3329 2664 3463 2719 scri-

1888 2762 1974 2819 pta
2001 2761 2158 2806 sunt:
2190 2753 2406 2808 venient
2429 2763 2484 2810 et
2504 2755 2638 2820 haec,
2669 2757 2805 2810 sicut
2830 2765 2884 2812 et
2913 2758 3010 2811 ista
3038 2765 3316 2822 venerunt,
3345 2771 3466 2825 quas

1889 2841 2147 2897 increduli
2188 2858 2294 2897 non
2338 2844 2594 2913 putabant.
2636 2861 2754 2901 esse
2794 2855 3038 2900 ventura.
3078 2846 3224 2901 Idem
3269 2845 3468 2916 quippe

1889 2933 2030 2990 Deus
2047 2943 2267 3005 utraque
2287 2935 2548 3005 promisit,
2571 2944 2793 3006 utraque
2817 2945 3038 2991 ventura
3063 2950 3182 2993 esse
3200 2935 3466 3006 prmdixit,

1887 3039 2044 3094 quem
2076 3025 2487 3095 perhorrescunt
2505 3026 2726 3082 numina
2753 3027 3114 3097 Paganorum,
3147 3032 3282 3081 teste
3305 3024 3467 3082 etiam

1888 3113 2204 3186 Porphyrio,
2233 3114 2564 3171 nobilissimo
2589 3115 2904 3186 philosOpbo
2929 3116 3284 3186 Paganorum.

1888 3202 2112 3263 CAPUT
2139 3207 2228 3263 IV.
2255 3237 2324 3246 —
2350 3205 2540 3263 Contra
2563 3208 2814 3279 sapientes
2832 3206 3028 3272 mundi,
3055 3207 3142 3278 qui
3165 3214 3345 3278 putant
3370 3214 3468 3260 ter-

1959 3313 2081 3351 rena
2109 3297 2371 3351 [taurinum
2404 3313 2620 3370 corpora
2657 3297 2727 3352 ad
2757 3299 2953 3353 cteleste
2991 3296 3328 3352 habitaculum
3366 3311 3473 3350 non

1961 3405 2105 3457 posse
2133 3389 2416 3460 transferri.

1959 3478 2064 3535 Sed
2087 3479 2334 3536 videlicet
2361 3478 2606 3536 homines
2634 3479 2778 3536 docti
2806 3487 2966 3550 atque
2991 3479 3259 3550 sapientes
3283 3484 3470 3532 contra

1889 3571 1996 3626 vim
2023 3579 2185 3626 tanta:
2209 3572 2558 3637 auctoritatis,
2588 3587 2707 3641 qum
2735 3573 2911 3627 omnia
2938 3586 3133 3641 genera
3161 3569 3432 3624 hominum
3450 3609 3468 3634 ,

1890 3661 2026 3716 sicut
2051 3670 2196 3716 tanto
2227 3671 2350 3716 ante
2381 3662 2658 3731 praedixit,
2689 3663 2742 3717 in
2773 3662 2876 3717 hoc
2898 3661 3221 3716 credendum
3245 3673 3469 3729 speran-

1890 3753 2123 3827 dumque
2156 3754 2450 3820 convertit,
2495 3762 2647 3808 acute
2687 3753 2786 3808 sibi
2825 3751 3186 3823 argumentari
3225 3750 3470 3804 videntur

1891 3846 2146 3902 adversus
2172 3859 2453 3915 corporum
2483 3844 2946 3909 resurrectionem,
2974 3851 3027 3898 et
3047 3841 3222 3897 dicere
3244 3841 3382 3911 quod
3414 3840 3470 3894 in

1895 3937 2051 3991 tertio
2075 3935 2142 3990 de
2170 3934 2459 4004 Republica
2487 3934 2621 3988 libro
2647 3951 2676 3987 a
2713 3933 2970 3989 Cicerone
2995 3939 3467 3986 commemoratum

1893 4035 1992 4081 est.
2025 4026 2155 4081 Nam
2185 4041 2304 4080 cum
2345 4024 2622 4079 Herculem
2660 4034 2714 4078 et
2753 4023 3034 4078 Roinubun
3061 4038 3126 4077 ex
3168 4019 3471 4088 hominibus

1894 4119 2024 4173 deos
2048 4132 2167 4172 esse
2191 4117 2354 4170 factos
2375 4123 2704 4170 asseveraret
2729 4132 2742 4166 :
2775 4115 2998 4179 Quorum
3019 4129 3119 4166 non
3138 4126 3369 4181 corpora,
3394 4109 3466 4163 in-

1894 4212 2027 4281 quit,
2059 4221 2170 4264 sunt
2196 4211 2247 4262 in
2268 4209 2446 4263 cazlum
2473 4208 2639 4270 elata;
2669 4222 2826 4276 neque
2846 4207 2974 4260 enim
2996 4215 3177 4257 natura
3200 4209 3468 4272 pateretur,

1896 4312 1950 4355 ut
1975 4302 2027 4354 id
2052 4299 2186 4370 quod
2211 4309 2336 4353 esset
2363 4317 2390 4353 e
2417 4309 2548 4352 terra
2567 4339 2580 4363 ,
2611 4297 2707 4350 nisi
2739 4297 2790 4350 in
2818 4308 2950 4350 terra
2981 4301 3218 4347 maneret.
3244 4291 3369 4346 Haec
3394 4299 3477 4345 est

1899 4409 2088 4462 magna
2129 4392 2263 4446 ratio
2301 4389 2616 4461 sapientimn
2645 4386 2742 4461 (a),
2776 4403 2998 4457 quorum
3039 4385 3292 4439 Dominus
3331 4381 3478 4436 novit

1898 4485 2267 4554 cogitationes,
2296 4481 2544 4550 quoniam
2576 4495 2723 4533 vana:
2749 4487 2873 4532 sunt
2903 4475 3075 4544 (Psnl.
3107 4489 3256 4538 xcm,
3284 4471 3392 4539 ll).
3421 4469 3485 4524 Si.

1899 4577 2040 4629 enim
2068 4575 2258 4627 anima:
2295 4571 2660 4626 tantummodo
2693 4582 2933 4622 essemus
2953 4607 2966 4629 ,
3001 4564 3053 4618 id
3081 4572 3193 4625 est,
3225 4565 3340 4616 sine
3371 4562 3480 4614 ullo

1899 4680 2124 4734 corpore
2155 4663 2404 4733 spiritus,
2441 4670 2494 4715 et
2534 4660 2584 4713 in
2631 4659 2767 4713 cmlo
2797 4657 3092 4709 habitantes
3125 4663 3330 4706 terrena
3363 4651 3479 4703 ani-

1902 4757 2057 4811 malia
2097 4753 2419 4807 nesciremus
2442 4791 2457 4815 ,
2490 4750 2745 4818 nobisque
2789 4747 3016 4801 futurum
3043 4758 3164 4798 esse
3193 4743 3490 4803 diceretur,

1904 4856 1958 4900 ut
1987 4845 2208 4901 terrenis
2233 4841 2547 4911 corporibus
2567 4838 2863 4893 animandis
2891 4833 3117 4905 quodam
3144 4831 3356 4888 vinculo
3384 4831 3483 4884 mi-

1906 4936 2055 4990 rabili
2097 4942 2460 4996 necteremur;
2503 4945 2678 4984 nonne
2715 4929 2882 4982 multo
2919 4925 3106 4979 fortius
3143 4928 3482 4992 argumenta»
3517 4952 3519 4954 -

1907 5042 2087 5083 remur
2119 5025 2166 5080 id
2195 5023 2416 5078 credere
2452 5006 2759 5076 recusantes
2779 5061 2794 5084 ,
2837 5027 2889 5072 et
2917 5017 3212 5070 diceremus
3241 5020 3483 5066 naturam

1908 5136 2014 5172 nun
2050 5115 2187 5186 pati,
2220 5123 2275 5167 ut
2310 5127 2397 5166 res
2425 5112 2734 5180 incorporea
2768 5109 3052 5177 ligamento
3080 5116 3337 5172 corporeo
3370 5101 3486 5154 vin-

1908 5206 2136 5263 ciretur?
2169 5207 2233 5261 Et
2254 5215 2428 5258 tamen
2455 5204 2609 5274 plena
2632 5211 2714 5256 est
2741 5211 2878 5254 terra
2907 5195 3274 5266 vegetantibus
3295 5192 3489 5245 animis

1911 5300 2024 5353 ba-c
2054 5295 2290 5352 membra
2321 5304 2528 5348 terrena
2549 5333 2563 5354 ,
2605 5291 2742 5344 miro
2780 5289 2877 5342 sibi
2923 5285 3082 5341 modo
3107 5296 3343 5338 connexa
3373 5281 3395 5312 '
3435 5289 3491 5333 et

1976 5417 1990 5446 ι
2026 5412 2160 5467 ειιιιι,
2182 5417 2233 5458 El
2248 5421 2374 5458 ecce.
2400 5403 2648 5467 Particula,
2666 5410 2738 5464 Et,
2759 5403 2900 5451 abest
2919 5412 2947 5448 a
2968 5405 3076 5446 Mss.
3101 5402 3153 5446 et
3175 5407 3202 5444 a
3224 5399 3352 5442 Lxx.
3370 5391 3488 5440 vide

1911 5487 2072 5536 supra.
2095 5465 2179 5521 lib.
2204 5471 2282 5528 20,
2306 5481 2410 5530 cap.
2431 5467 2510 5524 21,
2535 5481 2585 5514 ιι.
2611 5465 2659 5514 2.
3158 5519 3166 5528 Ι
3367 5512 3378 5523 ,
3433 5511 3445 5524 υ

1978 5539 1998 5569 ι
2033 5536 2167 5592 aliti,
2194 5539 2247 5581 ut
2270 5539 2427 5592 tamen
2471 5527 2612 5590 plena
2655 5531 2724 5575 est
2753 5530 2892 5592 terra
2937 5516 3255 5592 regnantibus
3273 5525 3487 5592 “(ntuli-If.

1915 5596 2086 5661 quibus
2107 5583 2211 5643 tunc
2249 5583 2674 5661 membra-"terretur
2697 5584 2829 5661 mir'o.
2850 5583 3487 5661 modo‘sttntdconnefnl‘ete.

1915 5637 2214 5717 castigatis;
2229 5637 2513 5717 summa
2537 5657 2765 5717 veterum.
2785 5646 3032 5717 limum:
3065 5642 3262 5717 quisue.
3277 5637 3487 5717 lubeat,

1918 5697 2516 5780 ("lilii'iisjii‘é'cfsihiised
2543 5723 2712 5758 omnes
2743 5707 2923 5762 ferunt,
2963 5697 3197 5754 inire-sibi
3219 5697 3360 5750 modo
3382 5709 3490 5745 cei»

1919 5794 2060 5902 "(nillil)-
2089 5836 2214 5887 Couf.
2241 5835 2321 5884 lib.
2343 5835 2405 5884 de
2425 5834 2532 5881 ride
2551 5840 2599 5881 cl
2622 5829 2855 5892 Symbom’
2877 5842 2926 5877 η’
2955 5827 3029 5877 ω’
