3996 6540
604 425 711 482 7555

607 536 885 603 implicita.
913 532 1022 591 Cur
1047 545 1175 605 ergo
1197 529 1385 589 eodem
1416 529 1626 586 volente
1656 529 1784 597 Deo,
1811 528 1900 601 qui
1930 526 2181 583 fecithoc

609 626 835 691 animal,
871 640 975 681 non
1002 623 1195 694 poterit
1222 631 1488 678 terrenum
1513 633 1706 691 corpus
1734 619 1787 674 in
1813 617 2031 675 cteleste
2054 631 2178 671 cor-

611 730 714 784 pus
738 714 927 778 attolli,
955 712 1000 768 si
1032 712 1241 767 animus
1264 710 1432 777 omni,
1460 723 1523 764 ac
1549 723 1645 779 per
1670 707 1771 763 hoc
1794 707 1954 763 etiam
1976 704 2178 761 ctelesti

604 819 831 875 corpore
851 803 1199 874 praestabilior
1221 803 1261 868 ⁸,
1285 810 1498 856 terreno
1522 799 1733 869 corpori
1760 797 1930 868 potuit
1955 795 2181 866 illigari?

608 897 692 950 An
721 905 930 950 terrena
953 892 1207 963 particula
1228 901 1334 946 tam
1354 892 1543 961 exigua
1570 891 1738 959 potuit
1757 888 1954 958 aliquid
1976 886 2180 943 caelesti

609 999 835 1055 corpore
862 984 1053 1040 melius
1070 982 1207 1053 apud
1234 996 1293 1038 se
1322 991 1523 1046 tenere,
1553 989 1613 1035 ut
1634 993 1848 1035 sensum
1881 977 2099 1033 haberet
2123 985 2179 1032 et

608 1073 803 1141 vitam,
827 1083 882 1131 et
905 1088 1021 1128 eam
1055 1071 1369 1128 sentientem
1398 1078 1559 1140 atque
1580 1068 1845 1124 viventem
1870 1065 2181 1136 dedignabi-

609 1175 696 1220 tur
722 1168 918 1221 coelum
941 1164 1212 1235 suscipere
1229 1204 1248 1231 ,
1276 1170 1368 1217 aut
1386 1169 1685 1230 susceptam
1714 1174 1819 1214 non
1849 1157 2043 1229 poterit
2064 1170 2184 1213 sus-

610 1258 800 1322 tinere,
824 1271 944 1311 cum
975 1255 1044 1310 de
1081 1269 1140 1311 re
1165 1254 1361 1309 sentiat
1386 1260 1440 1307 et
1462 1252 1601 1306 vivat
1624 1252 1721 1306 ista
1745 1249 1967 1306 meliore
1983 1289 1999 1314 ,
2024 1262 2181 1319 quam

608 1356 691 1401 cst
713 1360 909 1416 corpus
935 1359 1096 1401 omne
1119 1343 1374 1401 cmleste?
1394 1343 1497 1399 Sed
1520 1342 1639 1398 ideo
1662 1356 1803 1396 nunc
1824 1356 1928 1396 non
1956 1341 2033 1406 lit,
2060 1340 2181 1410 quia

610 1435 847 1490 nondum
873 1442 956 1490 est
981 1443 1187 1504 tempus
1208 1448 1312 1503 quo
1338 1432 1388 1487 id
1410 1432 1543 1500 ﬁeri
1572 1431 1766 1495 voluit,
1794 1430 1882 1502 qui
1914 1430 2015 1485 hoc
2040 1428 2183 1497 quod

608 1523 838 1579 videndo
860 1523 971 1593 jam
1000 1522 1169 1587 viluit,
1193 1521 1362 1576 multo
1385 1520 1677 1576 mirabilius
1702 1533 1861 1591 quam
1888 1516 2015 1573 illud
2040 1516 2183 1587 quod

609 1613 679 1670 ab
704 1614 818 1670 istis
845 1629 948 1669 non
983 1614 1239 1680 creditur,
1280 1612 1419 1668 fecit.
1448 1611 1556 1667 Cur
1583 1611 1729 1668 enim
1760 1626 1863 1666 non
1890 1609 2182 1666 vehemen-

610 1703 717 1759 i‘ius
749 1704 1076 1760 admiramur
1114 1704 1457 1773 incorporeos
1497 1703 1705 1757 animos
1731 1703 1935 1759 caelesti
1961 1716 2185 1772 corpore

610 1794 869 1864 potiores,
893 1794 1119 1850 terrenis
1144 1793 1329 1864 illigari
1359 1792 1699 1862 corporibus,
1741 1806 1897 1861 quam
1924 1806 2145 1861 corpora
2164 1832 2182 1858 ,

611 1884 736 1940 licet
761 1894 989 1949 terrena,
1009 1884 1223 1940 sedibus
1236 1883 1476 1954 quamvis
1503 1883 1808 1939 coelestibus
1831 1891 2029 1950 tamen,
2057 1897 2181 1938 cor-

611 1976 789 2044 poreis
817 1973 1088 2030 sublimari
1109 2016 1125 2042 ,
1161 1975 1260 2029 nisi
1296 1974 1419 2045 quia
1446 1974 1548 2029 hoc
1572 1973 1752 2029 videre
1776 1972 2148 2028 consuevimus
2166 2014 2181 2038 ,

608 2074 664 2120 ct
704 2066 804 2120 hoc
838 2079 1051 2133 sumus,
1093 2065 1222 2120 illud
1250 2079 1380 2120 vero
1421 2064 1655 2120 nondum
1695 2078 1911 2131 sumus,
1951 2078 2051 2120 nec
2090 2063 2186 2119 ali-

608 2156 823 2225 quando
854 2156 1027 2212 adhuc
1049 2156 1313 2211 vidimus?
1340 2154 1469 2210 Nam
1497 2154 1733 2225 profecto
1768 2155 1947 2210 sobria
1982 2154 2186 2210 ratione

608 2246 856 2303 consulta
885 2248 1226 2304 mirabilioris
1249 2262 1369 2305 esse
1392 2247 1557 2303 divini
1585 2249 1761 2318 operis
1786 2247 2070 2317 reperitur,
2101 2248 2185 2302 in-

611 2339 974 2410 corporalibus
997 2339 1290 2410 corporalia
1316 2338 1708 2410 quodammodo
1732 2347 1997 2407 attexere,
2026 2353 2184 2409 quam

611 2431 735 2487 licet
761 2431 993 2499 diversa,
1018 2432 1140 2502 quia
1162 2431 1250 2486 illa
1272 2431 1530 2496 cmlestia,
1559 2432 1658 2487 ista
1686 2431 1979 2497 terrestria,
2009 2438 2185 2487 tamen

608 2534 833 2592 corpora
853 2532 907 2579 et
929 2537 1152 2595 corpora
1176 2522 1424 2595 copulare
1450 2520 1547 2595 (α).

610 2674 835 2733 CAPUT
864 2675 930 2731 ν.
969 2706 1041 2718 -
1069 2676 1147 2731 De
1178 2679 1539 2731 resurrectione
1571 2678 1769 2742 carnis,
1798 2693 1947 2746 quam
1981 2676 2187 2746 quidam

987 2768 1177 2823 mundo
1200 2769 1431 2823 credente
1457 2785 1557 2822 non
1587 2769 1810 2822 credunt.

679 2895 786 2952 Sed
815 2895 919 2952 hoc
937 2896 1246 2953 incredibile
1271 2896 1427 2953 fuerit
1448 2896 1733 2967 aliquando
1756 2915 1769 2953 ε
1796 2870 1921 2953 nece
1935 2897 2045 2967 jam
2071 2912 2188 2953 cre-

608 2985 744 3042 didit
777 2988 1006 3047 mundus
1047 2989 1310 3046 sublatum
1353 2999 1623 3046 terrenum
1665 2989 1860 3046 Christi
1898 3005 2092 3061 corpus
2131 2990 2187 3046 in

610 3077 840 3144 callum;
869 3080 1311 3136 resurrectionem
1338 3080 1517 3136 carnis
1541 3089 1596 3135 et
1617 3081 1983 3136 ascensionem
2010 3081 2064 3135 in
2093 3095 2187 3136 su-

609 3178 803 3234 pernas
841 3166 1029 3234 sedes,
1070 3170 1404 3241 paucissimis
1443 3170 1840 3226 remanentibus
1867 3180 2027 3241 atque
2068 3180 2185 3226 stu-

609 3256 879 3324 pentibus,
902 3259 985 3313 vel
1011 3259 1181 3315 doctis
1199 3302 1215 3327 ,
1243 3261 1324 3315 vel
1349 3260 1574 3315 indoctis
1592 3301 1607 3325 ,
1638 3262 1747 3329 jam
1775 3260 2115 3316 crediderunt
2133 3270 2189 3316 et

611 3344 756 3399 docti
792 3353 848 3400 et
876 3346 1096 3403 indocti.
1134 3348 1191 3404 Si
1222 3364 1333 3402 rem
1360 3349 1667 3405 credibilem
1707 3348 2081 3415 crediderunt,
2111 3350 2190 3404 vi-

611 3433 948 3505 deautquam
987 3436 1096 3491 sint
1122 3437 1330 3504 stolidi,
1370 3439 1458 3509 qui
1482 3453 1587 3493 non
1612 3437 1840 3494 credunt
1882 3456 1896 3494 :
1936 3438 1983 3494 si
2009 3448 2184 3497 autem

610 3538 701 3580 res
721 3523 1042 3583 incredibilis
1067 3528 1266 3584 credita
1295 3539 1409 3597 est,
1439 3531 1598 3586 etiam
1622 3529 1725 3586 hoc
1749 3530 1929 3600 utique
1955 3529 2187 3586 incredi-

611 3616 719 3672 bile
745 3626 847 3684 est,
879 3618 959 3676 sie
980 3621 1239 3675 creditum
1268 3636 1406 3685 esse,
1437 3621 1577 3692 quod
1598 3622 1909 3679 incredibile
1934 3631 2033 3678 est.
2063 3622 2188 3678 llaec

610 3706 770 3777 igitur
791 3707 899 3763 duo
928 3709 1283 3777 incredibilia,
1311 3712 1755 3766 resurrectionem
1786 3711 1991 3767 scilicet
2016 3712 2185 3766 nostri

608 3798 850 3868 corporis
874 3799 925 3855 in
950 3809 1243 3866 aeternum,
1270 3812 1326 3856 et
1346 3817 1458 3857 rem
1490 3811 1595 3856 tam
1630 3800 1998 3857 incredibilem
2026 3817 2187 3857 mun-

606 3887 734 3943 dum
760 3902 879 3945 esse
897 3889 1242 3955 crediturum,
1270 3891 1406 3946 idem
1433 3892 1590 3959 Deus,
1621 3900 1903 3962 antequam
1924 3891 2007 3947 vel
2027 3906 2186 3946 unum

611 3977 800 4033 borum
821 3977 991 4046 ﬁeret,
1012 3980 1169 4036 ambo
1193 3979 1368 4035 futura
1388 3995 1509 4037 esse
1530 3981 1770 4051 pricdixit
1796 3980 2010 4051 (Matth.
2035 3997 2185 4048 xxvi,

610 4070 725 4140 15).
756 4068 931 4126 Unum
966 4071 1192 4128 duorum
1234 4073 1620 4128 incredibilium
1653 4073 1765 4143 jam
1804 4072 1999 4129 factum
2036 4072 2186 4128 vide-

608 4173 751 4226 nius,
782 4168 840 4215 ut
861 4160 1004 4231 quod
1032 4171 1149 4218 erat
1168 4162 1500 4227 incredibile,
1528 4163 1769 4219 crederet
1795 4163 2061 4219 mundus:
2091 4178 2189 4219 cur

611 4249 662 4304 id
690 4250 830 4320 quod
858 4251 1119 4321 reliquum
1140 4260 1222 4308 est
1244 4252 1578 4323 desperatur,
1606 4264 1664 4309 ut
1685 4254 1843 4310 etiam
1866 4254 1968 4311 hoc
1986 4255 2184 4321 veniat,

610 4338 753 4407 quod
794 4338 1105 4395 incredibile
1140 4341 1366 4396 credidit
1408 4342 1665 4409 mundus,
1697 4344 1833 4399 sicut
1853 4344 1961 4413 jam
2001 4345 2184 4411 venit,

610 4426 753 4497 quod
782 4429 1027 4485 similiter
1068 4430 1382 4487 incredibile
1421 4430 1551 4496 fuit,
1583 4440 1641 4487 ut
1676 4448 1788 4487 rem
1819 4441 1927 4488 tam
1955 4434 2187 4489 incredi-

610 4521 772 4576 bilem
814 4521 1058 4577 crederet
1099 4522 1327 4577 muudus
1348 4564 1363 4588 ,
1398 4522 1822 4594 quandoquidem
1849 4523 1951 4579 hoc
1978 4534 2187 4579 utrum-

609 4626 716 4681 que
764 4611 1103 4677 incredibile,
1151 4627 1376 4683 quorum
1427 4612 1670 4668 videmus
1718 4629 1916 4682 unum,
1962 4614 2187 4671 alterum

609 4702 898 4770 credimus,
928 4702 983 4758 in
1008 4702 1208 4758 eisdem
1234 4702 1448 4758 Litteris
1475 4703 1785 4773 praedictum
1821 4705 1910 4771 "sit,
1938 4720 2033 4775 per
2056 4720 2189 4776 quas

607 4793 839 4850 credidit
862 4794 1130 4850 mundus?
1165 4795 1232 4850 Et
1260 4795 1372 4865 ipse
1406 4795 1595 4850 modus
1619 4810 1726 4866 quo
1752 4797 1982 4853 mundus
2015 4798 2190 4853 credi-
2243 4818 2267 4839 ι

612 4884 707 4949 dit,
728 4885 773 4939 si
791 4884 1177 4950 consideretur,
1200 4885 1562 4941 incredibilior
1578 4888 1865 4942 invenitur.
1891 4887 2190 4943 lneruditos

612 4975 917 5031 liberalibus
954 4975 1281 5045 disciplinis,
1321 4986 1373 5031 et
1401 4976 1648 5045 omnino,
1677 4986 1932 5047 quantum
1968 4978 2033 5032 ad
2063 4978 2191 5033 isto-

610 5083 727 5121 rum
751 5066 1024 5122 doctrinas
1050 5067 1272 5134 attinet,
1304 5067 1600 5137 impolitus,
1643 5084 1747 5123 non
1774 5068 1973 5138 peritos
2005 5084 2185 5139 gram-

612 5156 833 5220 matica,
864 5172 972 5211 non
1005 5168 1239 5211 armatos
1267 5157 1543 5213 dialectica
1564 5200 1576 5223 ,
1605 5173 1707 5212 non
1743 5159 2007 5214 rhetorica
2039 5159 2189 5213 inlla-

614 5258 729 5311 tos,
772 5245 1064 5317 piscatores
1101 5246 1344 5303 Christus
1381 5231 1502 5302 eum
1542 5248 1740 5303 retibus
1767 5248 1885 5305 lidei
1930 5249 1995 5303 ad
2043 5263 2188 5304 mare

676 5420 691 5452 ι
727 5420 861 5470 Vind.
889 5428 989 5471 Am.
1015 5427 1067 5471 et
1101 5426 1196 5479 Eia,
1219 5419 1263 5471 si
1283 5420 1472 5472 miluus
1504 5420 1663 5471 omnia
1683 5422 1788 5472 hac
1822 5428 2013 5472 terrena
2053 5428 2187 5473 trem-

613 5479 860 5541 scendens,
898 5494 985 5545 per
1006 5481 1109 5547 hoc_
1137 5481 1283 5531 etiam
1323 5481 1504 5547 etelesti
1526 5495 1730 5547 corpore
1758 5482 2093 5547 praestabilior,
2128 5491 2186 5547 ist

616 5495 860 5541 scenaens,
898 5495 985 5545 per
1006 5495 1094 5532 nec
1137 5495 1283 5531 etum:
1323 5495 1504 5553 caelesu
1526 5495 1726 5593 cgyore
1758 5495 2093 5555 ρτωεῳοιηοζ.
2127 5495 2186 5556 ἐι

616 5549 721 5614 1.(ἶδι
741 5549 1057 5614 θαιριθιζδιιςν
1085 5542 1216 5614 -¹⁰⁰9’
1246 5556 1345 5614 93“.
1365 5542 1454 5592 ¹¹⁰⁶
1490 5556 1576 5614 ‘7".
1648 5543 2187 5614 υιτζθῑτάο.1απι.ι·ιιιιξι;

618 5600 759 5673 iidem
778 5602 897 5673 editi
938 5600 1292 5673 ferunt,__oltid
1326 5604 1415 5673 hoc
1451 5600 1898 5673 glipdprovidmtié
1932 5604 2018 5655 Dei
2040 5600 2189 5673 ηιημῤ

618 5617 759 5670 "(lem
778 5617 897 5668 eam
938 5617 1135 5673 lerunt,
1170 5617 1290 5662 omn
1326 5617 1415 5652 nae
1448 5617 1575 5713 ἔτισα
1598 5617 1894 5667 providentia
1932 5617 2017 5655 Det
2040 5617 2189 5655 miluo

786 5659 897 5737 (ius,
1109 5664 1231 5737 illud
1255 5665 1383 5737 quod
1419 5678 1449 5713 α
1504 5664 1608 5716 istis
1638 5679 1739 5737 non.
1762 5666 1996 5727 creditur,
2034 5667 2146 5731 fecit
2164 5666 2189 5717 .9

615 5724 776 5791 minus
792 5730 906 5791 apte
930 5731 983 5791 et
999 5724 1406 5791 dissentientibus
1438 5728 1786 5791 manuscriptis.

676 5782 750 5843 (α)
782 5782 908 5832 Conl'.
934 5786 1077 5846 Epist.
1102 5785 1211 5845 137,
1230 5800 1281 5836 u.
1309 5788 1382 5847 ll,
1407 5800 1556 5849 prope
1581 5787 1661 5838 lin.

1674 418 1762 476 DE
1800 414 2115 474 CIVITATE
2156 413 2289 483 DEI,
2331 414 2390 471 S.
2423 412 2785 474 AUCUSTINI
3689 430 3757 490 πε

2290 524 2448 595 hujus
2480 526 2659 581 sleculi
2686 525 3031 598 paucissimos
3054 529 3231 599 misit,
3262 538 3413 602 atque
3439 530 3503 587 ita
3524 542 3570 589 ct
3589 552 3641 591 ex
3664 548 3760 596 omni

2287 630 2481 685 genere
2524 627 2634 673 tam
2678 619 2874 675 multos
2919 620 3126 691 pisces,
3174 632 3230 678 et
3272 631 3416 677 tanto
3460 625 3759 698 mirabilius,

2285 715 2485 775 quanto
2519 706 2752 763 rariores
2789 711 2947 765 etiam
2976 709 3119 780 ipsos
3147 710 3484 783 philosophos
3506 718 3639 785 cepit.
3669 721 3761 776 Duo-

2285 795 2384 851 bus
2424 796 2528 853 illis
2572 798 2997 867 incredibilibus,
3037 802 3082 857 si
3110 802 3316 873 placet,
3355 805 3457 860 imo
3479 808 3585 876 quia
3618 812 3766 879 placere

2285 886 2474 955 debet,
2504 889 2763 946 addamus
2798 890 2901 949 hoc
2925 893 3156 949 tertium.
3188 894 3307 949 Jam
3345 911 3468 966 ergo
3491 899 3577 953 tria
3597 912 3692 955 sum
3710 905 3763 957 ia-

2283 978 2578 1046 credibilia,
2602 995 2722 1049 quae
2747 990 2921 1037 tamen
2950 981 3085 1038 facta
3110 992 3253 1039 sunt.
3277 984 3571 1043 Incredibile
3590 991 3769 1045 ωακε-

2284 1076 2425 1123 stum
2455 1071 2812 1127 resurrexisse
2848 1071 2900 1126 in
2938 1087 3130 1139 carne,
3164 1083 3220 1129 et
3243 1076 3297 1129 in
3325 1076 3509 1131 cadum
3538 1080 3769 1135 ascendisse

2283 1173 2405 1214 cum
2434 1174 2632 1216 carne:
2662 1161 2972 1218 incredibile
3006 1174 3091 1221 est
3118 1164 3375 1220 mundum
3403 1181 3508 1221 rem
3532 1176 3622 1222 tam
3645 1170 3768 1222 iacre-

2282 1247 2505 1305 dibilem
2542 1250 2834 1307 credidisse
2865 1268 2879 1305 :
2909 1251 3221 1308 incredibile
3260 1264 3346 1309 est
3383 1254 3605 1312 hemina
3626 1257 3771 1326 ignobi-

2284 1337 2386 1405 les,
2414 1338 2625 1397 iniilnos
2654 1342 2695 1408 ί,
2720 1341 3096 1410 paucissimos,
3121 1343 3395 1414 imperitos
3423 1361 3528 1400 rem
3548 1348 3774 1401 tamine»

2282 1428 2521 1497 dibilem,
2551 1439 2656 1485 tam
2681 1429 2967 1488 efﬁcaciter
2984 1433 3199 1499 mundo,
3226 1443 3283 1489 et
3310 1434 3364 1489 in
3388 1435 3475 1490 illo
3494 1437 3629 1491 etiam
3646 1436 3771 1491 doctis

2284 1519 2607 1589 persuadere
2632 1522 2891 1592 potuisse.
2922 1522 3119 1578 llorum
3148 1524 3309 1579 trium
3338 1525 3685 1582 incredibilium
3707 1527 3776 1595 pri-

2286 1623 2430 1663 mum
2467 1608 2652 1664 nolunt
2685 1610 2804 1676 isti,
2833 1625 2957 1666 cum
2995 1611 3188 1682 quibus
3210 1613 3449 1684 agimus,
3485 1614 3777 1678 credere;se-

2283 1700 2515 1756 cundum
2556 1709 2816 1771 coguntur
2855 1711 2910 1757 et
2953 1716 3206 1768 cernere;
3254 1703 3401 1773 quod
3435 1718 3532 1759 non
3570 1704 3779 1759 inveniunt

2285 1789 2426 1846 unde
2452 1791 2520 1845 sit
2547 1790 2764 1857 factum,
2792 1791 2838 1847 si
2870 1806 2974 1847 non
3004 1791 3231 1848 credunt
3258 1794 3489 1848 tertium.
3512 1794 3779 1849 Resurrectis
3820 1784 3828 1792 ’

2285 1889 2430 1936 certe
2457 1880 2690 1948 Christi,
2734 1892 2790 1938 et
2816 1882 2868 1937 in
2907 1882 3099 1940 caelum
3126 1898 3249 1939 cum
3277 1899 3440 1940 carne
3468 1885 3516 1939 in
3541 1899 3629 1955 qua
3660 1898 3782 1939 resur-

2287 1972 2422 2027 rexit
2444 1973 2716 2038 ascensio,
2749 1982 2859 2028 toto
2886 1973 2997 2044 jam
3035 1976 3234 2031 mundo
3263 1976 3571 2047 praedicatur
3592 1984 3639 2031 et
3656 1975 3781 2029 credi-

2288 2072 2410 2118 tur:
2450 2064 2494 2119 si
2520 2064 2791 2120 credibilis
2820 2080 2925 2121 non
2960 2075 3070 2132 est,
3102 2066 3243 2121 unde
3280 2076 3395 2123 toto
3430 2076 3661 2122 terrarum
3690 2066 3782 2121 orbe

2282 2154 2392 2225 jam
2421 2155 2619 2212 credita
2658 2156 2779 2213 est?
2817 2156 2876 2213 Si
2916 2158 3069 2213 multi
3109 2158 3349 2222 nobiles,
3390 2158 3647 2220 sublimes,
3682 2156 3783 2209 docti

2287 2260 2406 2302 eam
2435 2261 2495 2302 se
2518 2247 2714 2303 vidisse
2737 2247 3019 2315 dixerunt,
3045 2258 3099 2305 et
3122 2248 3264 2320 quod
3284 2249 3551 2315 viderunt,
3572 2247 3785 2303 dilianlare

2286 2346 2562 2403 curarunt,
2587 2338 2669 2393 eis
2689 2337 2943 2393 mundum
2964 2337 3253 2394 credidisse
3273 2352 3381 2393 non
3408 2339 3588 2393 mirum
3611 2346 3699 2400 est;
3719 2334 3783 2387 sed

2287 2427 2421 2485 istos
2447 2428 2622 2485 adhuc
2647 2428 2869 2486 credere
2888 2429 3029 2485 nolle
3055 2429 3343 2500 perdurum
3366 2439 3483 2485 est:
3508 2429 3550 2484 si
3569 2434 3786 2488 autsimul

2286 2534 2471 2576 verum
2497 2529 2614 2588 est,
2645 2521 2857 2591 paucis,
2882 2520 3157 2589 obscuris,
3190 2521 3456 2586 minimis,
3488 2518 3685 2574 indoctis
3705 2530 3786 2571 eam

2287 2627 2349 2668 se
2375 2611 2572 2668 vidisse
2590 2611 2887 2667 dicentibus
2909 2621 2964 2667 et
2986 2611 3342 2666 scribentibus
3358 2608 3573 2667 credidit
3594 2604 3786 2662 mundus;

2287 2717 2383 2759 cur
2405 2703 2557 2774 pauci
2580 2702 3002 2770 obstinatissimi,
3024 2703 3112 2773 qui
3133 2710 3523 2766 remanserunt,
3543 2700 3629 2770 ipsi
3647 2696 3789 2751 mundo

2283 2794 2393 2865 jam
2415 2794 2651 2850 credenti
2678 2794 2855 2850 adhuc
2873 2808 3041 2865 usque
3058 2809 3162 2851 non
3178 2792 3444 2849 credunt?
3464 2792 3558 2859 Qui
3578 2797 3788 2861 propterea

2289 2899 2514 2941 numero
2541 2884 2734 2956 exiguo
2761 2884 3067 2955 ignobilium
3086 2925 3103 2951 ,
3129 2883 3435 2938 inﬁmorum
3460 2925 3474 2944 .
3502 2881 3790 2951 imperitorum

2289 2973 2566 3031 hominum
2595 2974 2849 3040 credidit,
2886 2974 3008 3044 quia
3050 2973 3104 3028 ln
3140 2980 3249 3027 tam
3276 2968 3721 3040 contemptibilibus
3746 2974 3792 3016 te

2289 3064 2461 3121 stibus
2485 3063 2653 3118 multo
2695 3062 2989 3118 mirabilius
3028 3060 3278 3116 divinitas
3319 3075 3383 3116 se
3426 3060 3533 3130 ipsa
3575 3053 3790 3127 persuasit.

2290 3154 2510 3225 Eloquia
2540 3168 2772 3224 namque
2811 3151 3238 3223 persuadentium
3268 3166 3392 3222 qua:
3429 3148 3678 3208 dicebant,
3700 3143 3791 3198 mira

2289 3242 2505 3300 l‘uerunt
2525 3244 2683 3307 facta,
2708 3258 2815 3300 non
2842 3243 3024 3299 verba.
3053 3243 3152 3310 Qui
3174 3242 3316 3297 enim
3340 3240 3598 3297 Christum
3621 3238 3664 3291 in
3683 3245 3794 3289 carne

2288 3335 2677 3400 resurrexisse,
2717 3343 2772 3389 et
2812 3348 2934 3388 cum
2975 3333 3065 3387 illa
3108 3333 3161 3387 in
3189 3332 3389 3387 cretum
3432 3327 3792 3384 ascendisseuoa

2288 3424 2565 3492 viderant,
2597 3424 2647 3480 id
2679 3439 2738 3480 se
2760 3422 2958 3479 vidisse
2998 3423 3367 3487 narrantibus,
3400 3436 3503 3476 non
3530 3413 3795 3488 loquentibus

2290 3524 2524 3579 tantum,
2570 3514 2666 3569 sed
2711 3514 2870 3569 etiam
2914 3512 3133 3569 miriﬁca
3158 3512 3479 3567 facientibus
3510 3510 3641 3579 signa
3664 3501 3795 3558 crede

2290 3604 2438 3660 bant.
2465 3604 2719 3659 Homines
2744 3603 2973 3674 quippe,
3012 3617 3147 3673 quos
3185 3604 3382 3665 unius,
3412 3601 3493 3655 vel
3519 3607 3573 3653 ut
3605 3594 3794 3651 multum.

2290 3693 2517 3749 duarum
2560 3693 2857 3763 linguarum
2907 3692 3069 3747 fuisse
3107 3700 3406 3757 noverant,
3435 3696 3637 3759 repente
3659 3681 3796 3749 linguis

2293 3782 2529 3837 omnium
2576 3782 2815 3852 gentium
2878 3781 3157 3853 loquentes
3213 3780 3533 3837 mirabiliter
3583 3772 3799 3829 audiebant

2293 3872 2430 3943 (Act.
2453 3871 2540 3943 ιι).
2569 3871 2827 3927 Claudum
2856 3871 2922 3926 ab
2946 3871 3197 3927 uberibus
3228 3870 3420 3926 matris
3448 3868 3514 3923 ad
3538 3879 3694 3923 eorum
3714 3874 3795 3913 rct-

2292 3965 2419 4021 bum
2448 3963 2501 4018 in
2526 3962 2721 4018 Christi
2750 3962 2966 4018 nomine
3006 3971 3128 4032 post
3151 3960 3506 4030 quadraginta
3530 3968 3676 4012 annos
3694 3952 3796 4005 ineo.

2290 4055 2487 4111 lumcm
2503 4054 2825 4119 constitisse;
2847 4052 3054 4108 sudaria
3071 4050 3139 4107 de
3156 4052 3477 4122 corporibus
3494 4061 3657 4105 eorum
3673 4041 3797 4097 ablat:

2289 4143 2545 4202 sanandis
2584 4142 2849 4215 profuisse
2886 4142 3287 4213 languentibus;
3320 4142 3375 4195 in
3411 4141 3494 4194 via
3524 4152 3613 4209 qua
3649 4133 3799 4187 fuerant

2293 4234 2568 4291 transituri
2596 4235 2796 4305 positos
2823 4233 2876 4288 in
2907 4232 3095 4288 ordine
3123 4230 3540 4286 innumerabiles
3559 4223 3723 4281 morbis
3739 4231 3800 4267 '3-

2291 4326 2385 4381 riis
2422 4325 2760 4388 laborantes,
2809 4331 2866 4377 ut
2907 4321 3292 4376 ambulantium
3350 4334 3512 4390 super
3553 4330 3636 4370 eos
3669 4306 3798 4365 umbra

2292 4416 2579 4480 transiret,
2625 4415 2882 4470 continuo
2910 4412 3133 4467 salutem
3180 4410 3361 4466 solere
3391 4410 3641 4477 recipere;
3674 4410 3716 4455 et
3732 4396 3799 4450 alii

2292 4506 2460 4561 multa
2487 4503 2747 4574 stupenda
2770 4503 2822 4558 in
2848 4502 3043 4558 Christi
3067 4501 3280 4556 nomine
3307 4515 3409 4572 per
3432 4513 3525 4555 eos
3548 4497 3664 4551 facta
3682 4492 3716 4555 ἰ
3738 4498 3801 4554 1³0·

2291 4606 2493 4651 stremo
2532 4597 2692 4650 etiam
2732 4604 2969 4651 mortuos
2998 4593 3362 4647 resurrexisse
3403 4578 3798 4648 cernebantﬁln'd-

2293 4703 2371 4752 ιιι,
2399 4685 2493 4760 tv).
2525 4686 2655 4756 Qua:
2680 4687 2762 4752 si,
2803 4695 2862 4740 llt
2888 4686 3153 4753 leguntur,
3187 4691 3340 4753 gesta
3381 4696 3504 4738 esse
3540 4671 3799 4760 concedunli

2292 4795 2417 4837 cccc
2450 4759 2529 4835 tot
2570 4777 2902 4834 incredibilia
2929 4776 3096 4831 tribus
3137 4774 3241 4829 illis
3284 4771 3671 4829 incredibilibus
3698 4759 3801 4858 adif-

2293 4885 2411 4926 mus
2430 4885 2445 4935 ;
2476 4877 2532 4924 et
2551 4877 2608 4923 ut
2626 4868 2877 4925 credatur
2896 4881 3061 4922 unum
3084 4862 3426 4931 incredibile,
3453 4861 3590 4934 quod
3609 4858 3662 4913 de
3680 4860 3803 4909 eam

2291 4961 2687 5018 resurrectione
2706 4959 2934 5029 atquein
2955 4957 3149 5014 caelum
3172 4956 3495 5011 ascensione
3512 4952 3696 5008 dicitur.
3713 4941 3803 4997 Inul-

2293 5064 2469 5110 torum
2501 5052 2889 5108 incredibilium
2917 5048 3218 5106 testimonia
3248 5057 3401 5102 tanta
3430 5043 3748 5117 congerimus,
3768 5037 3803 5083 α

2293 5144 2531 5199 nondum
2574 5141 2641 5197 ad
2670 5140 2996 5197 credendum
3027 5137 3293 5194 horrenda
3334 5137 3533 5191 duritia
3579 5121 3802 5187 incredulis

2293 5234 2575 5289 ﬂectimus.
2603 5232 2660 5287 Si
2687 5247 2815 5287 vero
2853 5246 2949 5300 per
2977 5228 3259 5299 Apostolos
3286 5226 3528 5294 Christi,
3554 5233 3609 5279 ut
3641 5220 3704 5275 eis

2291 5325 2528 5390 deretur,
2578 5322 3025 5378 resurrectionem
3067 5330 3228 5388 atque
3270 5318 3634 5373 ascensionem
3674 5302 3800 5378 pridi

2291 5413 2537 5469 calltibus
2560 5412 2757 5469 Christi
2782 5451 2797 5477 ,
2842 5410 3000 5466 etiam
3033 5410 3131 5464 ista
3161 5408 3424 5463 miracula
3452 5407 3584 5463 facta
3618 5412 3712 5458 ὅδε
3733 5404 3800 5446 Im"

2355 5612 2370 5640 ⁸
2406 5605 2617 5674 Nonnull'
2646 5612 2882 5674 κει-αξη]
2912 5604 3062 5674 Vind;
3089 5611 3188 5652 Am.
3228 5608 3339 5665 ειη,
3380 5598 3634 5666 inﬁrmos:
3668 5581 3801 5643 etluh

2291 5667 2414 5733 loco,
2438 5665 2955 5733 inﬁmorum,_babent,
2978 5662 3295 5733 inﬁrmormn.
3325 5662 3332 5665 ⁷
3406 5732 3411 5733 ν
3434 5662 3444 5666 ⁷
3465 5722 3477 5733 .

2354 5712 2613 5779 3"si'c'ii'us;
2626 5712 2840 5777 Iit—Vind:
2860 5712 2957 5775 inii
2977 5712 3136 5785 ἐξίει-ί
3153 5726 3284 5787 facta
3300 5732 3414 5776 sunt
3432 5722 3584 5787 signa.
3600 5728 3705 5775 tm.
3717 5712 3802 5774 Μ

2293 5788 2458 5856 signa,
2484 5790 2678 5850 omisso,
2701 5795 2826 5840 sunt.
