3996 6524
213 404 316 459 757

214 517 467 584 credunt;
511 516 617 576 hoc
665 519 820 575 nobis
864 535 1026 576 unum
1068 521 1272 593 grande
1319 522 1635 578 miraculum
1680 522 1792 578 suf-

218 607 359 669 licit,
408 607 550 675 quod
575 622 692 664 eam
737 617 999 666 terrarum
1028 610 1173 667 orbis
1199 611 1318 668 sine
1358 612 1480 668 ullis
1522 612 1792 669 miraculis

214 697 461 751 credidit.

219 806 444 863 CAPUT
485 809 573 863 Vl.
616 834 685 850 ε-
725 810 873 878 Quod
903 812 1065 866 Roma
1092 813 1393 867 conditorem
1421 831 1569 868 suum
1602 814 1791 869 Romu-

290 897 393 950 lum
418 898 672 968 diligendo
696 901 845 955 deum
870 903 1040 971 fecerit
1061 917 1081 965 ,'
1107 901 1331 958 Ecclesia
1355 915 1520 959 autem
1545 903 1796 960 Christum

293 987 458 1042 Deum
489 992 505 1021 ¹
536 992 783 1046 credendo
811 992 1059 1047 dilexerit.

297 1084 346 1136 Ι.
375 1083 692 1167 R'ecolamus
713 1086 872 1140 etiam
900 1087 1001 1141 hoc
1029 1087 1145 1142 loco
1172 1087 1300 1143 illud
1328 1089 1467 1158 quod
1495 1089 1560 1143 de
1588 1089 1797 1144 Romuli

222 1174 423 1228 credita
443 1174 714 1231 divinitate
731 1176 931 1231 Tullius
949 1176 1434 1234 admiratur.Verba
1455 1179 1571 1249 ejus
1591 1189 1646 1234 ut
1665 1180 1798 1233 scri-

226 1274 314 1333 pta
334 1275 479 1332 sunt,
504 1266 730 1321 inseram
752 1284 766 1321 :
791 1268 958 1339 Magis
977 1278 1069 1335 est,
1093 1269 1281 1339 inquit,
1313 1269 1365 1323 in
1396 1269 1611 1325 Romulo
1632 1271 1796 1324 admi-

225 1355 464 1414 randum.
491 1357 626 1424 quod
650 1358 815 1425 caeteri
837 1359 923 1427 qui
949 1358 1022 1411 dii
1041 1374 1105 1413 ex
1128 1358 1407 1413 hominibus
1435 1362 1555 1430 facti
1594 1377 1698 1414 esse
1719 1362 1800 1414 di-

226 1454 429 1512 cuntur,
454 1447 618 1501 minus
632 1448 839 1505 eruditis
861 1449 1117 1502 hominum
1141 1452 1336 1504 strculis
1370 1455 1592 1519 fuerunt,
1625 1461 1678 1505 ut
1705 1454 1801 1520 fin-

200 1538 380 1611 gendi
419 1540 684 1606 proclivior
705 1540 726 1571 ⁸
764 1549 889 1594 esset
935 1542 1087 1606 ratio,
1130 1558 1244 1595 cum
1286 1543 1504 1612 imperiti
1553 1546 1702 1615 facile
1735 1545 1804 1598 ad

227 1626 534 1682 credendum
560 1630 951 1699 impellerentur.
984 1632 1187 1687 Romuli
1214 1642 1379 1687 autem
1409 1644 1606 1689 (etatem
1643 1636 1806 1689 minus

232 1717 311 1771 his
339 1719 584 1773 sexcentis
606 1721 750 1775 annis
779 1720 852 1793 (α)
887 1724 1001 1792 jam
1027 1724 1309 1777 inveteratis
1347 1726 1521 1780 litteris
1545 1737 1692 1795 atque
1715 1727 1807 1781 do-

229 1810 406 1863 ctrinis
427 1851 442 1875 ,
475 1812 707 1882 omnique
733 1812 755 1844 ³
781 1813 869 1867 illo
898 1816 1103 1885 antiquo
1130 1832 1191 1870 ea:
1214 1816 1403 1869 inculta
1429 1818 1684 1871 hominum
1708 1820 1809 1872 vita

230 1916 403 1955 errore
421 1902 617 1957 sublato
642 1905 796 1974 fuisse
820 1906 1083 1961 cernimus.
1113 1906 1180 1960 Et
1206 1906 1361 1977 paulo
1386 1916 1505 1978 post
1526 1908 1594 1963 de
1621 1908 1807 1964 eodem

236 1992 464 2046 llomulo
494 1994 563 2048 ita
595 1995 846 2064 loquitur,
869 1996 1008 2067 quod
1038 1997 1102 2051 ad
1132 1997 1273 2053 hunc
1297 1999 1528 2069 pertinet
1551 2015 1767 2054 sensum
1792 2017 1808 2054 :

237 2082 323 2137 Ea:
357 2102 455 2154 quo
496 2086 706 2157 intelligi
736 2098 931 2157 potest,
978 2089 1180 2159 inquit,
1225 2091 1485 2160 permultis
1520 2092 1667 2145 annis
1697 2101 1813 2146 ante

238 2173 519 2229 Homerum
547 2178 719 2246 fuisse,
746 2196 898 2250 quam
927 2178 1223 2246 Romulum,
1252 2189 1305 2233 ut
1320 2181 1433 2250 jam
1460 2180 1617 2235 doctis
1647 2181 1813 2235 homi-

238 2266 387 2320 nibus
429 2284 490 2320 ac
528 2269 832 2337 temporibus
873 2270 996 2340 ipsis
1036 2270 1243 2325 eruditis
1284 2271 1352 2325 ad
1396 2271 1687 2340 ﬁngendum
1733 2272 1816 2326 vix

238 2355 516 2427 quidquam
539 2368 663 2413 esset
689 2359 806 2413 loci.
850 2360 1132 2430 Antiquitas
1162 2361 1295 2414 enint
1320 2362 1504 2430 recepit
1530 2360 1552 2393 ⁸
1579 2361 1778 2430 fabulas
1796 2401 1813 2428 ,

239 2448 387 2515 [ictus
430 2449 581 2502 etiam
626 2465 981 2521 nonnunquam
1020 2448 1314 2505 incondite:
1344 2451 1450 2505 lucc
1490 2460 1611 2505 a'tas
1653 2460 1817 2505 autem

237 2540 347 2612 iam
366 2541 565 2594 exculta
587 2543 859 2610 prasertim
879 2542 1082 2596 eludens
1098 2558 1243 2595 omne
1264 2542 1398 2612 quod
1417 2542 1529 2610 ﬁeri
1544 2558 1643 2596 non
1659 2550 1820 2610 potest

241 2633 434 2703 respuit
463 2634 483 2703 (
506 2632 581 2686 De
614 2632 909 2701 Republica,
939 2633 1065 2688 libro
1092 2633 1149 2698 2,
1172 2650 1289 2703 cap.
1314 2634 1512 2689 thinc
1535 2633 1815 2703 suppleto).

242 2723 393 2778 Unus
432 2740 463 2779 e
501 2738 720 2779 numero
758 2724 1185 2780 doctissimorum
1229 2724 1500 2778 hominum
1526 2765 1541 2791 ,
1575 2724 1821 2793 idemque

242 2815 708 2883 eloquentissimus
731 2816 965 2869 omnium
992 2815 1059 2870 Μ.
1086 2816 1289 2870 Tullius
1308 2817 1515 2882 Cicero,
1544 2827 1820 2885 propterea

244 2903 375 2958 dicit
402 2904 726 2958 divinitatem
771 2904 982 2960 Romuli
1022 2904 1330 2961 mirabiliter
1353 2906 1642 2971 creditam,
1681 2906 1820 2975 quod

246 2995 450 3048 erudita
473 2994 583 3063 jam
611 3004 845 3065 tempora
876 2995 1128 3062 fuerunt,
1158 3011 1277 3066 qua:
1306 2995 1583 3050 falsitatem
1609 3010 1713 3049 non
1740 3011 1824 3050 re-

247 3086 487 3155 ciperent
514 3086 828 3142 fabularum.
856 3086 985 3153 Quis
1012 3095 1188 3141 autem
1221 3086 1504 3139 Romulum
1536 3085 1694 3139 deum
1722 3085 1820 3139 nisi

250 3177 420 3232 Roma
465 3177 710 3260 credidit,
753 3186 910 3247 atque
948 3177 999 3232 id
1042 3192 1204 3247 parva
1248 3185 1303 3231 et
1349 3176 1647 3245 incipiens?
1690 3175 1821 3229 Tum

250 3269 444 3325 deinde
471 3271 694 3340 posteris
722 3284 936 3325 scrvare
963 3269 1135 3325 fuerat
1178 3282 1396 3324 necesse
1436 3267 1573 3338 quod
1604 3280 1824 3335 accepe—

250 3369 373 3417 rant
400 3376 430 3415 a
459 3360 746 3431 majoribus
768 3401 785 3425 ,
816 3369 875 3414 ut
911 3375 1027 3415 cum
1065 3360 1163 3415 ista
1208 3359 1580 3428 superstitione
1610 3357 1660 3411 in
1694 3358 1827 3412 lacte

251 3452 644 3524 quodammodo
663 3451 847 3506 matris
866 3451 1059 3505 ebibita
1078 3459 1343 3505 cresceret
1357 3449 1561 3513 civitas,
1580 3456 1737 3516 atque
1762 3446 1828 3501 ad

256 3555 364 3599 tam
394 3559 641 3614 magnum
670 3542 969 3612 perveniret
989 3541 1287 3610 imperium,
1315 3549 1375 3594 ut
1400 3555 1464 3594 ex
1484 3539 1601 3608 ejus
1622 3537 1829 3606 fastigio

254 3640 402 3693 velut
440 3654 505 3693 ex
545 3638 731 3692 altiore
771 3634 999 3707 quodam
1045 3634 1162 3689 loco
1197 3634 1326 3687 alias
1364 3647 1574 3702 quoque
1602 3639 1827 3701 gentes,

254 3730 448 3800 quibus
475 3728 868 3793 dominaretur,
908 3726 1008 3782 hac
1047 3741 1140 3780 sua
1169 3726 1416 3794 Opinione
1454 3722 1828 3792 perfunderet;

258 3830 320 3875 ut
347 3835 451 3875 non
476 3820 689 3891 quidem
715 3819 1024 3885 crederent,
1065 3817 1159 3872 sed
1207 3827 1381 3871 tamen
1410 3816 1647 3871 dicerent
1673 3815 1830 3869 deum

257 3911 566 3975 Romulum,
598 3927 666 3965 ne
688 3911 976 3975 civitatem,
1008 3910 1094 3965 cui
1118 3908 1439 3973 serviebant,
1466 3906 1533 3962 de
1558 3906 1833 3962 conditore

258 4002 378 4071 ejus
401 4001 750 4068 offenderent,
772 4001 925 4055 aliter
951 4015 1073 4054 eum
1101 3998 1421 4052 nominando
1447 4012 1601 4066 quam
1633 3996 1829 4061 Roma;

257 4109 381 4165 qua:
411 4093 459 4148 id
495 4108 602 4148 non
626 4108 806 4147 amore
834 4091 1044 4161 quidem
1076 4090 1228 4159 hujus
1261 4088 1491 4154 erroris,
1534 4085 1629 4142 sed
1660 4094 1833 4140 tamen

260 4184 461 4240 amoris
485 4197 666 4238 errore
690 4182 1007 4237 crediderat.
1048 4177 1288 4235 Christus
1334 4186 1511 4232 autem
1537 4191 1834 4246 quanquam

260 4277 335 4330 sit
362 4272 596 4327 caelestis
623 4280 677 4326 et
718 4271 1053 4339 sempiterna:
1082 4267 1322 4323 conditor
1345 4266 1590 4329 civitatis,
1620 4279 1722 4318 non
1756 4275 1835 4318 ta-

264 4380 388 4420 men
423 4379 544 4418 eum
564 4404 581 4430 ,
612 4362 857 4431 quoniam
884 4361 951 4415 ab
980 4361 1070 4414 illo
1094 4358 1303 4412 condita
1330 4364 1445 4424 est,
1475 4355 1639 4410 Deum
1668 4353 1839 4409 credi-

264 4458 343 4511 dit
363 4474 378 4510 ς
402 4456 494 4511 sed
515 4455 633 4510 ideo
647 4454 820 4524 potius
840 4462 920 4508 est
940 4449 1233 4517 condenda,
1259 4448 1380 4519 quia
1399 4447 1642 4503 credidit.
1672 4445 1839 4499 Roma

266 4548 594 4604 conditorem
624 4560 776 4601 suum
794 4545 902 4614 jam
928 4550 1227 4599 constructa
1249 4551 1303 4597 et
1328 4540 1568 4595 dedicata
1592 4546 1839 4607 tanquam

268 4640 426 4695 deum
452 4638 614 4693 coluit
640 4636 691 4689 in
717 4635 914 4704 templo
944 4652 957 4687 :
988 4633 1103 4687 haec
1128 4642 1304 4686 antem
1334 4628 1628 4685 Jerusalem
1655 4626 1837 4682 condi-

272 4744 441 4787 torem
470 4745 623 4785 suum
639 4728 803 4783 Deum
824 4726 1110 4787 Christum,
1133 4733 1191 4777 ut
1214 4721 1446 4777 construi
1470 4728 1648 4789 posset
1675 4726 1730 4773 et
1752 4718 1845 4771 de-

270 4821 437 4878 dicari
462 4859 479 4887 ,
506 4819 680 4892 posuit
707 4818 758 4873 in
788 4817 904 4871 ﬁdei
934 4814 1298 4869 fundamento.
1323 4811 1415 4866 llla
1444 4810 1592 4863 illum
1618 4806 1844 4862 amando

339 4954 355 5015 ξ
390 4958 441 5000 ιιι
465 4955 751 5015 argumento
774 4947 916 5009 hujus
936 4945 1106 5015 capitis
1125 4943 1252 5015 se_xti
1288 4935 1847 5015 meliqresjmapp‘scrimplti‘

274 4995 871 5070 habenhwi‘bclesiaautem
895 4995 1136 5070 Utt‘isltlm
1161 5012 1311 5070 Deum
1325 4998 1567 5070 credendo
1831 5008 1849 5055 ,°

272 5055 910 5137 iﬁaa'iisﬁ-aé'ﬁéﬁéaiénni‘
927 5069 976 5137 in
995 5062 1639 5137 textum‘recipijuiusserp‘n‘t.
1664 5055 1849 5119 [eccle-

547 5120 794 5182 'Christum
813 5128 1065 5180 Dominum
1086 5120 1327 5177 credendo
1343 5120 1614 5182 dilexeritJ

338 5199 360 5229 ³
391 5202 441 5244 ιιι
456 5201 583 5255 Mss,
602 5192 839 5256 proclivis.

341 5259 364 5290 ³
395 5264 445 5305 ιιι
464 5253 927 5315 Πεεζίοηνήιιηιᾳυε.

340 5319 363 5350 ⁸
394 5319 544 5368 Nostri
566 5307 864 5366 codicesﬂbﬁ
885 5322 936 5364 et
957 5311 1072 5371 9.38,
1095 5307 1282 5375 recipit.
1346 5313 1404 5375 at.
1618 5365 1627 5375 .

342 5361 546 5441 (αῖνῆδὲ
560 5361 756 5441 666E;
764 5361 820 5426 si;
843 5361 1007 5441 Su'lsve
1028 5361 1327 5441 témpqi'ibus
1340 5369 1523 5441 cicero,
1546 5365 1630 5441 qui
1644 5374 1781 5441 ειεξιξῖ
1791 5361 1856 5441 ΞῙ)

279 5423 415 5492 [η’ὺὲ
427 5423 620 5502 cendia
627 5423 822 5502 circiter
841 5423 1276 5502 septingentesimo
1288 5429 1558 5502 scribebat;
1567 5423 1856 5502 ’seddescj:

303 5488 660 5552 laciniam
691 5501 877 5547 minore
900 5488 965 5545 'et
987 5488 1125 5544 ﬁelio
1163 5493 1301 5550 dixit,
1328 5502 1451 5555 quos
1470 5488 1774 5555 disserentes
1808 5488 1856 5555 ian

282 5542 1186 5623 liii's-"(ié'iié'ﬁtiﬁnéi'iiihisjndnéaba}
1227 5542 1300 5623 ex'
1324 5542 1466 5599 dictis
1801 5542 1857 5623 Ξῖ

280 5604 1109 5686 δῖ”ὀιῖιῙδ-ἶοῇιὶὀῖῖιονιιὶδςα
1152 5615 1324 5686 fervit.
1348 5625 1378 5684 .3
1400 5604 1860 5686 sexcgiiwsjw‘ﬂq

282 5664 693 5736 sﬁe-iieeniesiiuuin
708 5664 1013 5743 ’ξίᾇὲεέίὶἱιὼίι
1032 5664 1214 5743 annum
1252 5674 1388 5743 Urbis
1406 5740 1414 5743 Δ
1431 5664 1862 5743 conditae,

282 5729 967 5861 ﬁiéa'ahiib's'éicaﬁesuno
984 5741 1187 5802 septimo
1208 5732 1505 5788 consulatum
1528 5729 1742 5795 gessisse
1764 5734 1861 5775 tra-

339 5816 433 5861 Uir.

339 5816 433 5862 Wl'.

1335 408 1537 465 LIBER
1577 407 1943 468 VIGESlMUS
1980 413 2350 473 SECUNDUS.

3368 428 3472 482 7.33

1901 539 2018 581 esse
2046 525 2204 581 deum
2245 527 2499 597 credidit,
2531 530 2629 584 ista
2668 529 2827 584 lstum
2866 530 3032 587 Deum
3062 545 3179 587 esse
3206 533 3485 591 credendo

1898 619 2113 673 amavit.
2143 618 2292 675 Sicut
2319 635 2448 691 ergo
2484 621 2755 691 praecessit
2786 621 2925 677 unde
2951 632 3153 678 amaret
3179 624 3295 689 illa,
3322 634 3377 681 et
3405 627 3472 681 de

1900 716 2077 763 amato
2095 706 2206 777 jam
2226 708 2452 764 libenter
2472 711 2632 764 etiam
2662 710 2852 765 falsum
2883 710 3078 766 bonum
3104 713 3348 769 crederet
3366 730 3381 780 ς
3401 716 3483 768 ita

1902 797 2173 867 praecessit
2202 797 2343 853 unde
2380 797 2478 853 ista
2512 799 2792 867 crederet,
2838 809 2892 855 ut
2919 812 3061 857 recta
3091 802 3194 857 lide
3214 843 3230 869 ,
3260 820 3365 857 non
3397 815 3467 858 te-
3514 823 3525 831 ο

1902 901 2049 942 mere
2072 886 2214 956 quod
2236 886 2448 952 falsum,
2479 888 2572 943 sed
2598 890 2737 959 quod
2763 906 2946 945 verum
2974 900 3087 947 erat
3115 902 3336 948 amaret.
3366 893 3475 948 Em-

1902 977 2071 1046 ceptis
2092 977 2232 1033 enim
2258 987 2334 1033 tot
2360 987 2413 1032 et
2439 979 2597 1034 tantis
2623 980 2890 1037 miraculis
2910 1021 2925 1046 ,
2952 996 3069 1051 qum
3099 992 3476 1052 persuaserunt

1907 1067 2073 1123 Deum
2100 1083 2219 1124 esse
2245 1069 2515 1125 Christum
2535 1110 2550 1134 ,
2582 1072 2871 1139 prophetiae
2898 1089 3106 1143 quoque
3145 1074 3343 1128 divina:
3370 1075 3475 1130 fide

1905 1159 2225 1229 dignissima:
2247 1168 2649 1229 praecesserunt,
2678 1177 2797 1231 qua:
2821 1162 2872 1215 in
2900 1163 3009 1226 illo,
3036 1178 3140 1217 non
3166 1164 3303 1219 sicut
3325 1179 3356 1217 a
3381 1180 3472 1233 pa-

1907 1253 2076 1315 tribus
2115 1251 2290 1307 adhuc
2326 1253 2615 1307 creduntur
2645 1254 2923 1324 implendac
2944 1297 2957 1319 ,
2989 1256 3081 1310 sed
3119 1256 3227 1325 jam
3253 1256 3476 1310 demon-

1907 1353 2144 1398 strantur
2189 1344 2435 1413 implctze.
2482 1344 2559 1400 De
2601 1344 2828 1399 Romulo
2868 1356 3041 1399 autem
3085 1346 3205 1415 quia
3242 1344 3485 1399 condidit"

1910 1434 2130 1488 Romam
2156 1475 2170 1497 ,
2199 1434 2250 1488 in
2277 1449 2443 1503 eaque
2472 1434 2738 1505 regnavit,
2770 1434 2983 1489 auditur
3006 1475 3021 1500 ,
3058 1434 3312 1504 legiturve
3335 1435 3493 1505 quod-

1910 1526 2104 1580 factum
2129 1533 2232 1592 est,
2262 1541 2367 1580 non
2393 1525 2532 1595 quod
2559 1534 2684 1580 ante
2712 1524 2883 1580 fuerat
2906 1529 2923 1557 ⁸
2954 1527 3325 1595 prophetatum
3352 1527 3487 1591 ;sod~

1911 1613 2050 1683 quod
2078 1614 2148 1668 sit
2177 1622 2421 1683 receptus
2456 1614 2509 1668 in
2546 1614 2677 1668 deos
2699 1652 2717 1680 ,
2749 1614 3008 1669 creditum
3032 1624 3212 1669 tenent
3238 1615 3429 1669 littera:
3457 1656 3494 1679 ,η

1911 1720 2015 1758 non
2061 1703 2254 1759 factum
2293 1703 2504 1759 docent.
2534 1703 2704 1758 Nullis
2736 1704 2932 1774 quippe
2954 1720 3129 1759 rerum
3159 1704 3489 1758 mirabiliunr

1913 1794 2077 1864 signis
2101 1794 2152 1849 id
2176 1794 2225 1849 ei
2251 1809 2376 1849 vere
2401 1793 2708 1863 provenisse
2745 1801 3086 1849 monstratur.
3117 1793 3263 1864 Lupa
3288 1794 3482 1864 quippe

1914 1885 2004 1940 illa
2048 1884 2226 1939 nutrix
2249 1885 2294 1952 ',
2335 1884 2474 1954 quod
2515 1883 2722 1938 videtur
2748 1886 2897 1953 quasi
2940 1899 3187 1953 magnum
3215 1883 3483 1939 exstitisse

1915 1985 2217 2046 portentum
2241 2016 2257 2042 ,
2285 1976 2439 2046 quale
2480 1984 2572 2029 aut
2608 1985 2865 2045 quantum
2894 1987 2977 2030 est
3018 1974 3083 2030 ad
3111 1974 3452 2029 demonstran
3481 2003 3487 2014 ι

1916 2067 2041 2122 dum
2069 2066 2269 2122 deum?
2293 2066 2451 2122 Certe
2495 2067 2636 2122 enim
2666 2067 2765 2121 etsi
2792 2082 2896 2120 non
2940 2066 3187 2121 meretrix
3228 2065 3350 2135 lupa
3392 2064 3487 2119 fuit

1919 2161 2029 2227 illa,
2061 2160 2154 2215 sed
2183 2159 2349 2215 bestia
2381 2157 2455 2230 (α)
2476 2200 2492 2226 ,
2519 2173 2639 2214 cum
2679 2172 2960 2213 commune
2997 2155 3155 2211 fuerit
3182 2155 3441 2211 ambobus
3471 2196 3485 2219 ,

1919 2253 2081 2305 frater
2109 2258 2283 2305 tamen
2312 2249 2429 2319 ejus
2454 2264 2555 2303 non
2584 2248 2805 2304 habetur
2828 2248 2978 2303 deus.
3006 2247 3135 2314 Quis
3158 2256 3333 2301 autem
3360 2260 3488 2314 pro-

1921 2341 2119 2396 hibitus
2142 2349 2256 2405 est,
2282 2348 2373 2393 aut
2398 2339 2680 2394 Romulum
2701 2379 2716 2401 ,
2747 2347 2838 2392 aut
2875 2336 3155 2392 Herculem
3177 2374 3195 2400 ,
3226 2343 3317 2388 aut
3357 2334 3489 2387 alios

1922 2431 2054 2486 tales
2073 2429 2317 2484 homines
2340 2428 2469 2483 deos
2496 2427 2673 2481 dicere
2691 2467 2707 2493 ,
2741 2434 2794 2481 ct
2815 2426 2948 2480 mori
2974 2425 3178 2491 maluit,
3204 2438 3361 2494 quam
3384 2438 3493 2476 non

1920 2521 2142 2578 dicere?
2170 2521 2275 2575 Aut
2312 2534 2440 2575 vero
2477 2520 2649 2589 aliqua
2689 2518 2924 2587 gentium
2961 2517 3165 2571 coleret
3202 2515 3339 2570 inter
3362 2513 3494 2569 deos

1923 2628 2051 2669 suos
2067 2612 2372 2678 Romulum,
2402 2611 2502 2667 nisi
2534 2610 2753 2665 Romani
2782 2610 3011 2665 nominis
3039 2618 3211 2665 metus
3234 2608 3494 2678 cogeret?

1924 2704 2054 2772 Quis
2084 2718 2243 2772 porro
2270 2710 2546 2767 numeret,
2575 2716 2732 2771 quam
2760 2700 2911 2755 multi
2941 2698 3264 2769 quantalibet
3290 2697 3492 2753 saevitia

1926 2795 2250 2851 crudelitatis
2278 2793 2466 2859 occidi,
2490 2808 2647 2863 quam
2668 2792 2933 2848 Christum
2969 2792 3133 2846 Deum
3162 2804 3357 2859 negare
3382 2803 3493 2843 ma.-

1927 2885 2174 2941 luerunt?
2198 2884 2426 2939 Proinde
2445 2891 2616 2938 metus
2637 2882 2927 2952 quamlibet
2950 2880 3079 2936 levis
3098 2878 3494 2950 indignationis,

1927 2988 2046 3044 qua:
2073 2973 2140 3028 ab
2165 2973 2357 3028 animis
2381 2972 2737 3026 Romanorum
2761 3012 2777 3037 ,
2813 2970 2857 3023 si
2888 2984 2991 3024 non
3019 2968 3191 3035 ﬁeret,
3218 2982 3374 3038 posse
3403 2982 3499 3035 pu-

1931 3063 2138 3119 labatur
2158 3063 2407 3126 existere,
2433 3060 2784 3132 compellebat
2800 3059 3000 3128 aliquas
3029 3057 3274 3112 civitates
3297 3055 3498 3127 positas

1928 3153 2028 3208 sub
2053 3152 2174 3223 jure
2203 3152 2438 3207 Romano
2468 3160 2715 3221 tanquam
2739 3148 2893 3204 deum
2921 3148 3097 3203 colere
3122 3146 3400 3200 Romulum
3425 3162 3438 3197 :
3469 3160 3515 3195 a.

1929 3242 2143 3299 Christo
2168 3252 2343 3296 autem
2376 3241 2483 3296 Deo
2510 3255 2616 3294 non
2643 3239 2813 3293 solum
2842 3236 3065 3292 colendo
3088 3277 3104 3303 ,
3131 3250 3313 3291 verum
3340 3234 3513 3289 etiam

1930 3333 2264 3398 confitendo,
2295 3340 2492 3387 tantam
2522 3345 2619 3401 per
2648 3328 2831 3383 orbem
2861 3336 3016 3399 terrae
3043 3334 3331 3396 martyrum
3361 3323 3501 3376 mul-

1934 3425 2211 3480 titudincm
2255 3432 2428 3477 metus
2466 3434 2717 3476 revocare
2744 3434 2850 3472 non
2889 3415 3059 3486 potuit
3084 3455 3100 3480 ,
3128 3429 3233 3470 non
3264 3412 3394 3467 levis
3418 3410 3501 3466 of-

1934 3515 2189 3571 fensionis
2217 3514 2514 3567 animorum
2536 3552 2552 3577 ,
2592 3510 2688 3565 sed
2731 3510 3106 3563 immensarum
3138 3504 3511 3570 variarumque

1936 3620 2209 3677 pinnarum
2232 3604 2252 3635 ³
2277 3645 2292 3668 ,
2321 3612 2375 3658 ct
2412 3602 2577 3671 ipsius
2619 3601 2804 3655 mortis
2829 3641 2842 3663 ,
2872 3613 2989 3667 quae
3017 3598 3134 3667 plus
3158 3594 3364 3649 caneris
3395 3592 3504 3645 for-

1935 3697 2184 3753 midatur.
2206 3693 2388 3762 Neque
2435 3700 2559 3745 tunc
2591 3690 2775 3743 civitas
2811 3686 3025 3750 Christi,
3048 3684 3287 3754 quamvis
3334 3680 3507 3734 adhuc

1937 3788 2362 3859 peregrinaretur
2381 3783 2434 3837 in
2464 3781 2639 3847 terris,
2666 3788 2720 3835 et
2743 3778 2963 3832 haberet
2987 3784 3161 3830 tamen
3192 3787 3503 3842 magnorum

1938 3878 2149 3951 agmina
2206 3874 2543 3946 pepulerum,
2599 3869 2851 3924 adversus
2904 3866 3094 3935 impios
3140 3868 3507 3933 perseeutores

1938 3987 2064 4028 suos
2109 3984 2210 4041 pro
2239 3965 2515 4036 temporali
2560 3963 2730 4018 salute
2770 3958 3062 4031 pugnavit;
3104 3955 3197 4011 sed
3237 3954 3412 4026 potius
3453 3961 3511 4005 nt

1940 4062 2203 4118 obtineret
2230 4066 2480 4114 (sternam
2503 4094 2520 4120 ,
2560 4066 2666 4107 non
2696 4047 3025 4121 repugnavit.
3050 4044 3394 4115 Ligabantur,
3424 4041 3509 4094 in-

1939 4152 2285 4209 cludebantur
2302 4187 2319 4215 ,
2341 4145 2681 4203 caedebantur
2703 4182 2718 4208 ,
2757 4136 3139 4209 torquebantur
3158 4176 3174 4201 ,
3201 4132 3510 4196 urebantur,

1942 4245 2293 4308 laniabantur,
2323 4238 2723 4296 trucidabantur
2739 4276 2756 4303 ,
2782 4242 2837 4289 et
2863 4229 3363 4301 multiplicabantur.
3391 4224 3519 4279 Non.

1942 4345 2058 4393 erat
2075 4336 2154 4391 eis
2176 4348 2273 4405 pro
2293 4331 2460 4389 salute
2478 4340 2735 4400 pugnare,
2754 4323 2856 4381 nisi
2874 4320 3100 4378 salutem
3122 4332 3223 4390 pro
3238 4316 3521 4373 Salvatore

1942 4438 2304 4487 contemnere.

2015 4521 2070 4576 2.
2110 4520 2233 4575 Seio
2274 4518 2327 4572 in
2362 4516 2497 4572 libro
2525 4510 2797 4569 Ciceronis
2842 4507 3034 4569 tertio,
3083 4502 3185 4557 nisi
3224 4498 3412 4561 fallor,
3451 4496 3527 4550 de

1947 4610 2261 4680 Republica,
2288 4603 2563 4675 disputari,
2588 4600 2790 4655 nullum
2811 4595 3004 4650 bellum
3036 4587 3231 4680 suscipi
3255 4587 3521 4680 acivitatc
3565 4655 3571 4665 Ι

1947 4676 2145 4768 optima
2164 4739 2179 4764 ,
2207 4696 2306 4751 nisi
2331 4703 2422 4749 aut
2447 4707 2544 4762 pro
2573 4690 2676 4744 fide
2695 4730 2711 4754 ,
2736 4695 2828 4741 aut
2853 4700 2947 4754 pro
2968 4682 3157 4738 salute.
3183 4676 3323 4768 Quid
3334 4683 3519 4768 autem

1949 4761 2092 4844 dicat
2117 4761 2213 4856 pro
2236 4785 2428 4851 salute,
2451 4761 2537 4836 vel
2562 4776 2781 4847 intelligi
2806 4789 2965 4844 quam
2991 4770 3214 4825 salutem
3243 4765 3391 4828 velit,
3418 4761 3524 4856 alio

1951 4881 2070 4935 loco
2095 4854 2465 4933 demonstrans
2484 4913 2501 4939 ,
2531 4870 2636 4927 Sed
2676 4869 2753 4922 his
2782 4864 2939 4936 poenis
2961 4901 2978 4928 ,
3005 4860 3201 4930 inquit,
3228 4872 3353 4927 quas
3375 4854 3527 4907 etiam

1952 4970 2234 5029 stultissimi
2262 4971 2512 5032 sentiunt,
2533 4969 2776 5033 egestate,
2803 4955 2978 5012 exsilio
2997 4992 3014 5021 ,
3038 4949 3282 5014 vinculis,
3306 4945 3520 5002 verberi-

2021 5170 2035 5200 ¹
2073 5173 2138 5215 Ex
2162 5163 2413 5214 veteribus
2431 5157 2571 5209 libris
2590 5154 2670 5206 alii
2690 5152 2874 5203 habent
2894 5184 2910 5209 ,
2933 5151 3186 5209 antequam
3221 5139 3388 5205 fieret;
3410 5132 3531 5193 alii...

1958 5237 2066 5323 an?
2077 5225 2297 5337 regigni
2333 5282 2529 5338 addunt,
2553 5278 2760 5340 fratrum
2775 5272 2996 5340 duorum.
3016 5269 3199 5340 Et
3209 5269 3533 5340 tres-versus,

1961 5316 3047 5407 θά-νὲιῖἔθῖιὲᾮλιῗᾶὢώὲᾝιῇιῗῷηὺρὸὲδ,
3080 5316 3281 5382 habent,
3304 5331 3415 5369 cum
3435 5318 3536 5379 [ra-

1962 5390 2116 5464 ἦῖὁιῖἑ
2128 5390 2655 5464 ὖῗνῖεἶὶὶιιιίὲοιιιιπωιὲ
2670 5394 2814 5464 fuerit
2832 5390 3191 5464 antitpbutt-Mw
3221 5442 3319 5464 mu

2220 5442 2817 5517 Ἦέἷᾶῗλῖιῖῗὲἱῖᾖῖίίιιῐεὶ
2841 5454 2948 5501 freti
2973 5458 3194 5520 veterum

1966 5499 2204 5589 ctoriiJaut'el,
2228 5499 2817 5589 ἀίῖξξεῖξὸῗ
2840 5499 3541 5589 regnumque:

2556 5563 2935 5651 ,_
2946 5572 3029 5621 sed

1966 5631 2533 5707 ibiiiz'ﬁiiirhI-iib',"ie¢
2578 5638 2813 5693 acerbitas
2854 5635 3182 5687 universarum
3205 5631 3543 5683 variarumque

1971 5727 2235 5781 pennarum.

2035 5760 2249 5841 {divide
2272 5782 2435 5834 supra,
2459 5767 2543 5821 lib.
2567 5765 2638 5825 18,
2664 5777 2770 5828 cap.
2789 5760 2858 5812 2L
