4118 6536
537 395 645 453 ’259

540 510 635 563 bus
658 548 675 574 ,
706 506 967 560 elabuntur
1003 520 1136 575 sirpe
1179 504 1390 575 priuati,
1432 503 1601 559 oblata
1638 503 1814 557 mortis
1839 501 2111 557 celeritate.

544 598 836 655 Civitatibus
874 608 1040 653 autem
1082 614 1215 653 mors
1242 598 1353 667 ipsa
1390 613 1538 667 pinna
1575 606 1686 661 est,
1726 611 1839 667 qua:
1863 594 2057 648 videtur
2083 610 2115 645 a

544 705 694 758 pana
712 686 940 759 singulos
957 687 1229 742 vindicare.
1267 686 1423 741 Debet
1462 686 1593 740 enim
1621 686 1889 739 constituta
1912 684 1985 737 sic
2009 698 2115 737 esse

541 780 712 833 civitas
729 819 746 845 ,
775 788 828 831 ut
852 789 1038 832 (eterna
1062 781 1145 833 sit.
1172 776 1350 847 Itaque
1377 777 1547 831 nullus
1575 777 1804 830 interitus
1837 785 1910 829 est
1946 775 2117 842 reipu-

539 868 682 926 blicae
709 869 950 923 naturalis
966 910 980 936 ,
1010 880 1064 921 ut
1089 868 1303 923 hominis
1323 910 1336 933 ,
1364 869 1417 922 in
1441 884 1544 938 quo
1571 884 1705 922 mors
1726 884 1825 921 non
1848 868 1996 920 modo
2023 882 2113 918 ne-

537 957 753 1014 cessaria
780 965 885 1023 est,
918 973 1088 1011 verum
1124 958 1272 1011 etiam
1297 958 1521 1028 aptanda
1540 972 1777 1027 perswpe.
1811 956 1995 1009 Ciuitas
2020 972 2135 1007 (ιιι-ε

541 1058 639 1102 tem
661 1065 774 1102 cum
799 1049 1011 1113 tollitur,
1038 1050 1251 1114 deletur,
1282 1050 1615 1119 exstinguitur
1642 1064 1662 1103 :
1688 1048 1851 1102 simile
1890 1057 1959 1100 est
1987 1062 2112 1115 quo-

440 1204 447 1209 .
541 1138 810 1192 damntudo
834 1139 913 1209 (ut
938 1154 1093 1209 parua
1114 1140 1312 1210 magnis
1329 1139 1666 1208 conferamus)
1693 1154 1753 1191 ac
1780 1139 1824 1191 si
1848 1138 2011 1191 omnis
2034 1137 2117 1189 hic

541 1228 754 1282 mundus
792 1230 1003 1284 intereat
1046 1239 1094 1283 et
1134 1230 1382 1283 concidat.
1423 1230 1533 1283 lloc
1578 1229 1696 1283 ideo
1732 1228 1865 1282 dixit
1888 1227 2113 1293 Cicero,

540 1319 661 1388 quia
702 1320 955 1375 mundum
994 1336 1100 1375 non
1142 1320 1473 1374 interiturum
1507 1336 1627 1373 cum
1668 1318 1950 1374 Platonicis
1988 1332 2113 1373 sen-

542 1410 623 1465 tit.
656 1408 879 1465 Constat
924 1426 1052 1480 ergo
1097 1427 1217 1465 eum
1255 1426 1371 1480 pro.
1387 1427 1449 1466 ea
1474 1412 1644 1465 salute
1668 1411 1861 1465 bellum
1886 1410 2117 1465 voluisse

545 1501 742 1571 suscipi
765 1515 796 1554 a
824 1502 1041 1557 civitate
1061 1543 1076 1569 ,
1107 1518 1207 1573 qua
1236 1502 1289 1556 ﬁt
1321 1513 1373 1559 ut
1403 1516 1614 1559 maneat
1638 1504 1723 1559 hic
1748 1504 1951 1567 civitas,
1982 1505 2120 1559 sicut

544 1589 694 1656 dicit,
713 1600 932 1657 acterna,
955 1596 1191 1662 quamvis
1213 1595 1560 1650 morientibus
1584 1604 1639 1650 et
1656 1596 1991 1651 nascentibus
2010 1596 2121 1650 sin-

544 1681 711 1751 gulis;
738 1682 875 1737 sicut
903 1684 1149 1752 perennis
1168 1695 1249 1738 est
1271 1686 1506 1754 opacitas
1527 1685 1660 1741 olere
1680 1686 1763 1741 vel
1791 1687 1945 1752 lauri,
1963 1696 2121 1755 atque

544 1773 843 1843 hujusmodi
865 1783 1174 1832 caeterarum
1189 1778 1458 1844 arborum,
1472 1779 1795 1847 singulorum
1814 1778 1962 1847 lapsu
1978 1787 2124 1833 ortu-

542 1877 648 1933 que
664 1863 912 1918 ﬁliorum.
930 1865 1088 1931 Mors,
1110 1869 1323 1936 quippe,
1345 1879 1399 1926 ut
1420 1869 1569 1935 dicit,
1598 1884 1701 1924 non
1720 1870 1994 1925 hominum
2014 1871 2123 1925 siu-

544 1953 785 2023 gulorum
807 1956 898 2010 sed
925 1956 1183 2013 universa:
1213 1975 1365 2028 paena
1391 1970 1474 2015 est
1498 1961 1745 2029 civitatis,
1773 1978 1888 2032 qua:
1913 1979 1942 2016 a
1969 1978 2121 2033 paena

545 2044 857 2118 plerumque
884 2048 1119 2117 singulos
1148 2050 1396 2105 vindicat.
1427 2051 1579 2107 Unde
1608 2054 1798 2108 merito
1834 2055 2086 2123 quaeritur
2104 2095 2121 2121 ,

548 2141 724 2188 utrum
767 2144 911 2191 recte
949 2136 1167 2192 fecerint
1206 2139 1521 2209 Saguntini,
1568 2142 1778 2214 quando
1822 2144 2122 2199 universam

546 2237 697 2284 suam
721 2226 983 2281 civitatem
1014 2228 1231 2282 interire
1256 2231 1573 2295 maluerunt,
1599 2247 1755 2301 quam
1788 2232 1946 2291 ﬁdem
1978 2235 2120 2287 frau-

546 2330 699 2387 gere,
730 2333 833 2391 qua
859 2334 979 2373 cum
1031 2320 1144 2390 ipsa
1188 2320 1423 2376 Romana
1455 2325 1726 2392 republica
1759 2326 2078 2381 tenebantur
2106 2343 2120 2379 :

548 2409 600 2462 in
641 2422 747 2479 quo
788 2423 884 2464 suo
922 2409 1056 2466 facta
1105 2412 1383 2467 laudantur
1411 2415 1477 2468 ab
1504 2415 1808 2471 hominibus
1840 2416 1857 2448 ί
1899 2426 2125 2473 terrena:

550 2501 852 2571 reipublicae
892 2503 1095 2558 civibus
1136 2506 1237 2576 (a).
1278 2505 1384 2560 Sed
1422 2507 1689 2575 quomodo
1729 2506 1852 2562 huic
1884 2508 2124 2579 disputa-

550 2590 677 2647 tioni
707 2601 923 2663 possent
952 2593 1192 2659 obedire,
1225 2610 1327 2649 non
1357 2596 1512 2651 video
1532 2639 1547 2664 ,
1588 2597 1675 2651 ulti
1701 2598 1895 2654 dicitur
1918 2600 2122 2654 nullum

545 2684 936 2753 suscipiendum
962 2699 1082 2741 esse
1109 2686 1302 2742 bellum
1329 2728 1343 2752 ,
1374 2689 1472 2744 nisi
1503 2696 1594 2742 aut
1621 2704 1717 2759 pro
1748 2690 1869 2757 ﬁde,
1904 2700 1996 2745 aut
2026 2706 2124 2760 pro

548 2773 719 2831 salute
747 2792 761 2828 :
798 2789 897 2830 nec
932 2776 1145 2842 dicitur,
1180 2779 1223 2833 si
1268 2779 1320 2832 in
1350 2795 1513 2834 unum
1541 2781 1701 2835 simul
1734 2782 2025 2851 periculum
2055 2783 2123 2836 ita

548 2869 656 2927 duo
683 2870 778 2925 ista
808 2874 1190 2937 concurrerint,
1224 2883 1281 2929 ut
1312 2876 1479 2930 teneri
1507 2877 1733 2931 alterum
1763 2876 1879 2931 sine
1907 2876 2127 2931 alterius

549 2961 837 3017 amissione
880 2978 990 3018 non
1033 2965 1243 3034 possit,
1286 2966 1413 3037 quid
1465 2967 1531 3021 sit
1581 2968 1754 3036 potius
1797 2967 2121 3039 eligendum.

554 3051 793 3108 Profecto
832 3056 975 3110 enim
1013 3055 1287 3129 Saguntini
1328 3060 1370 3114 si
1417 3060 1639 3115 salutem
1677 3061 1964 3131 eligerent,
1995 3060 2127 3116 ﬁdes

549 3142 633 3197 eis
670 3141 841 3199 fuerat
882 3145 1173 3202 deserenda
1206 3167 1220 3204 :
1261 3150 1304 3203 si
1353 3148 1485 3205 ﬁdes
1522 3150 1748 3205 tenenda
1782 3192 1796 3211 .
1837 3150 2127 3206 amittenda

552 3233 731 3302 utique
752 3235 916 3304 salus,
942 3238 1077 3292 sicut
1100 3248 1153 3293 et
1181 3239 1373 3295 factum
1397 3251 1499 3300 est.
1520 3242 1675 3297 Salus
1700 3238 1873 3297 autem
1900 3244 2127 3300 civitatis

553 3324 647 3381 Dei
690 3327 809 3380 talis
846 3339 955 3394 est,
989 3339 1047 3384 ut
1090 3346 1209 3386 cum
1256 3331 1360 3387 ﬁde
1398 3347 1461 3387 ac
1490 3349 1583 3402 per
1612 3333 1769 3389 ﬁdem
1812 3335 2015 3399 teneri,
2045 3336 2128 3391 vel

555 3415 730 3483 potius
772 3414 987 3486 acquiri
1017 3421 1226 3489 possit;
1275 3422 1377 3477 ﬁde
1414 3432 1592 3478 autem
1630 3424 1833 3492 perdita
1858 3466 1873 3489 ,
1916 3424 1981 3478 ad
2010 3440 2126 3480 eam

554 3504 775 3574 quisque
802 3509 984 3563 venire
1030 3525 1133 3564 non
1178 3513 1362 3580 possit.
1408 3512 1535 3581 Qua:
1563 3514 1811 3585 cqitatio
1843 3516 2127 3571 ﬁrmissimi

553 3609 614 3651 ac
640 3597 1004 3665 patientissimi
1038 3602 1235 3668 cordis,
1264 3612 1342 3659 tot
1368 3619 1431 3659 ac
1457 3614 1629 3662 tantos
1668 3618 1928 3678 martyres
1963 3606 2086 3663 fecit
2109 3650 2125 3675 ,

551 3686 759 3751 qualem
788 3704 853 3744 ne
881 3707 1039 3746 unum
1067 3693 1277 3763 quidem
1325 3695 1541 3763 habuit,
1573 3698 1654 3752 vel
1698 3698 1895 3753 habere
1922 3700 2086 3770 potuit
2110 3742 2125 3765 ,

551 3780 763 3846 quando
791 3789 872 3835 est
900 3780 1031 3837 deus
1058 3784 1289 3839 creditus
1320 3785 1595 3842 Romulus.

552 3889 774 3949 CAPUT
810 3892 921 3948 VII.
943 3925 1014 3935 -—
1036 3895 1187 3965 Quod
1212 3909 1266 3951 ut
1293 3899 1513 3954 mundus
1535 3900 1589 3954 in
1611 3900 1864 3955 Christum
1886 3902 2125 3968 crederet,

655 3984 848 4039 virtutis
874 3989 1025 4057 fuerit
1048 3989 1248 4056 divinte,
1273 4007 1371 4045 non
1410 3994 1746 4061 persuasionis
1774 3995 2026 4049 humanm.

620 4097 727 4153 Sed
753 4100 907 4155 valde
933 4102 1214 4158 ridiculum
1235 4113 1335 4168 est,
1358 4104 1424 4160 de
1445 4106 1653 4161 Romuli
1672 4108 1803 4162 falsa
1828 4108 2125 4174 divinitate,

550 4202 671 4245 cum
698 4190 764 4244 de
787 4191 1001 4247 Christo
1024 4194 1307 4265 loquimur,
1335 4195 1509 4253 facere
1532 4199 1877 4255 mentionem.
1906 4199 2127 4255 Verum-

553 4288 727 4335 tamen
744 4296 863 4335 eum
878 4286 1141 4339 sexcentis
1157 4286 1317 4342 ferme
1328 4289 1479 4343 annis
1491 4299 1612 4344 ante
1625 4290 1931 4345 Ciceronem
1946 4291 2020 4361 (li)
2032 4290 2131 4346 Ro-

552 4371 727 4427 mulus
740 4373 916 4440 fuerit,
930 4384 1087 4443 atque
1104 4377 1188 4430 illa
1210 4387 1338 4432 tetas
1348 4378 1458 4448 jam
1480 4378 1642 4435 fuisse
1656 4379 1912 4436 doctrinis
1927 4381 2132 4437 dicatur

550 4465 779 4533 exculta,
805 4476 862 4521 ut
886 4469 1027 4538 quod
1071 4470 1183 4525 ﬁeri
1213 4486 1319 4525 non
1346 4480 1537 4541 potest,
1568 4487 1728 4529 omne
1755 4474 1776 4505 ²
1805 4484 2079 4543 respueret
2116 4492 2129 4528 :

548 4566 749 4626 quanto
775 4559 943 4629 magis
962 4569 1079 4631 post
1098 4572 1386 4618 sexcentos
1404 4579 1575 4620 annos
1602 4565 1766 4635 ipsius
1789 4573 2029 4635 tempore
2045 4564 2132 4621 Ci-

547 4650 777 4717 ceronis,
798 4652 1130 4723 maximeque
1153 4663 1333 4723 postea
1350 4655 1449 4709 sub
1465 4656 1702 4726 Augusto
1717 4664 1877 4726 atque
1894 4656 2128 4719 Tiberio,

550 4742 924 4799 eruditioribus
938 4745 1118 4815 utique
1132 4745 1478 4814 temporibus,
1494 4749 1939 4803 resurrectionem
1955 4747 2134 4802 carnis

550 4835 743 4891 Christi
770 4846 929 4907 atque
949 4838 1001 4894 iu
1017 4840 1209 4895 ccelum
1230 4839 1617 4903 ascensionem,
1642 4850 1891 4910 tanquam
1922 4840 1972 4895 id
1990 4843 2131 4910 quod

553 4927 665 4980 ﬁeri
695 4941 801 4980 non
832 4938 1027 4996 potest,
1056 4942 1208 4982 mens
1243 4927 1471 4981 humana
1500 4927 1640 4984 ferre
1656 4944 1761 4983 non
1790 4939 1990 4998 posset,
2017 4930 2133 4986 elu—

550 5016 785 5087 deusque
797 5017 863 5071 ab
874 5018 1091 5072 auribus
1102 5018 1457 5087 cordibusque
1473 5020 1872 5089 respueret,nisi
1886 5035 2003 5075 eam
2020 5021 2131 5075 ﬁeri

551 5110 801 5176 potuisse,
833 5119 993 5180 atque
1021 5111 1214 5166 factam
1243 5126 1366 5167 esse
1390 5112 1643 5167 divinitas
1672 5113 1839 5183 ipsius
1871 5115 2126 5181 veritatis,

550 5198 633 5254 vel
675 5200 963 5256 divinitatis
1001 5202 1219 5273 veritas,
1268 5210 1324 5258 et
1360 5203 1710 5259 eontestantia
1759 5204 2133 5259 miraculorum

554 5374 582 5425 ὁ
614 5317 630 5347 ι
667 5314 801 5365 Vind.
828 5324 926 5364 Am.
952 5322 1027 5365 Er.
1054 5324 1107 5367 et
1136 5331 1288 5381 prope
1321 5331 1493 5367 omnes
1523 5317 1832 5379 manuscripti
1854 5351 1868 5377 ,
1890 5316 1951 5367 ab
1980 5317 2135 5367 omni-

587 5388 658 5423 ns.

587 5388 658 5423 ης.

616 5438 641 5501 ³-
668 5437 806 5501 aditi,
829 5450 966 5489 omne
985 5437 1202 5489 eludens.
1228 5440 1388 5495 Abest.
1417 5438 1634 5497 eludens,
1658 5452 1686 5489 a
1710 5440 2069 5501 manuscriptis.

622 5498 694 5570 ζει)
729 5499 841 5570 Fid?
864 5501 1439 5570 δὲιβηνιὶιι-δνβιριὲοο
1585 5568 1638 5570 η
1781 5568 1785 5570 .

619 5557 692 5621 (b)
732 5557 993 5625 Ludovicus
1014 5557 1480 5625 t‘ives'leg'endum
1513 5568 1664 5625 putat,
1708 5568 1816 5611 ante
1847 5560 2135 5625 Scipionem,

557 5619 751 5686 netnpe
776 5619 1103 5681 .miliauum,
1127 5626 1210 5686 qui
1255 5619 1786 5686 inducitur'disserens
1826 5626 1872 5672 in
1915 5622 2052 5686 libris
2074 5619 2139 5672 de

558 5678 833 5747 Republica.
880 5678 1204 5734 Lovauiens'es
1248 5687 1355 5747 ejus
1399 5685 1723 5741 conjecturam
1769 5686 1922 5747 secuti
1982 5683 2140 5747 locum

555 5743 825 5799 emendare
849 5751 1055 5810 tentant,
1093 5748 1179 5795 sed
1204 5743 1588 5810 repugnantibus
1612 5746 1752 5794 editis
1777 5745 1886 5796 aliis
1916 5751 1967 5800 et
1990 5746 2141 5797 omni-

560 5811 652 5868 um
672 5809 1027 5873 manuscriptis.

1604 391 1693 447 DE
1729 387 2045 447 CIVITATE
2088 384 2220 452 DEI,
2261 385 2319 443 S.
2360 388 2725 445 AUGUSTlNl

3692 392 3793 447 700

2225 501 2375 570 signa
2402 514 2756 558 monstrarent
2781 520 2796 568 ;
2827 512 2884 558 ut
2903 504 3224 559 terrentibus
3244 512 3300 559 et
3316 503 3794 560 contradicentibus

2220 599 2326 645 tant
2345 594 2521 647 multis
2550 603 2759 662 tamque
2776 594 2979 663 magnis
2994 595 3471 663 persecutionibus,
3498 597 3794 665 praecedens

2220 680 2272 734 in
2307 681 2539 750 Christo,
2574 683 2767 739 deinde
2790 684 2856 738 ad
2882 701 3077 740 novum
3117 687 3369 741 szeculum
3401 688 3453 740 in
3483 688 3688 741 caeteris
3717 703 3796 741 sc~

2217 782 2401 825 cutura
2431 774 2750 828 resurrectio
2790 784 2950 844 atque
2979 775 3348 831 immortalitas
3382 778 3560 831 carnis
3588 788 3643 831 et
3670 778 3794 832 ﬁde-

2219 863 2420 918 lissime
2463 864 2794 931 crederetur,
2826 875 2882 920 ct
2905 866 3286 934 praedicaretur
3315 867 3601 936 intrepide,
3629 876 3683 921 et
3712 886 3799 936 per

2218 955 2400 1009 orbem
2447 963 2603 1011 terra:
2658 957 2967 1025 pullulatura
3022 956 3299 1012 fecundius
3344 973 3466 1013 cum
3512 968 3798 1029 martyrum

2219 1044 2468 1113 sanguine
2495 1055 2778 1100 sereretur.
2826 1047 3157 1115 Legebantur
3183 1048 3328 1101 enim
3371 1048 3639 1116 pneconia
3668 1064 3801 1117 pne-

2217 1136 2459 1192 cedentia
2486 1138 2503 1170 ¹
2528 1138 2932 1207 Prophetarum,
2958 1141 3348 1195 concurrebant
3392 1148 3605 1195 ostenta
3644 1141 3803 1194 virtu-

2219 1238 2353 1298 tum,
2384 1241 2438 1286 et
2468 1232 2883 1301 persuadebatur
2907 1234 3101 1288 veritas
3122 1250 3256 1289 nova
3280 1236 3677 1302 consuetudini,
3702 1253 3805 1291 non

2221 1321 2481 1375 contraria
2512 1322 2726 1386 rationi,
2757 1322 2928 1377 donec
2953 1324 3100 1378 orbis
3129 1332 3289 1379 terra:
3314 1325 3407 1394 qui
3448 1325 3805 1395 persequeba-

2222 1421 2307 1467 tur
2349 1411 2546 1479 l‘urore,
2577 1422 2891 1483 sequeretur
2920 1413 3023 1468 ﬁde
3050 1416 3093 1466 ⁸.

2222 1523 2445 1581 CAPUT
2484 1524 2616 1580 Vill.
2636 1555 2706 1566 -—
2734 1524 2808 1580 De
2827 1528 3084 1581 miraculis
3116 1543 3230 1598 qnw
3252 1536 3305 1580 nt
3329 1528 3552 1581 mundus
3581 1530 3636 1582 in
3666 1528 3809 1583 Chri-

2292 1626 2422 1667 stum
2447 1615 2666 1669 crederet
2692 1618 2825 1687 {acta
2858 1625 2992 1681 sunt,
3021 1626 3069 1670 et
3094 1618 3207 1684 ﬁeri
3234 1617 3425 1671 mundo
3448 1618 3685 1672 credente
3712 1634 3811 1672 non

2294 1705 2545 1759 desinunt.

2297 1819 2349 1872 1.
2377 1818 2505 1886 Cur,
2535 1818 2796 1888 inquiunt,
2828 1834 2969 1875 nunc
2989 1820 3077 1874 illa
3105 1820 3382 1887 miracula,
3411 1838 3529 1891 qua:
3560 1822 3813 1892 praedica-

2174 1955 2180 1962 .
2226 1910 2292 1963 tis
2318 1910 2450 1963 facta
2475 1925 2612 1973 esse,
2645 1925 2750 1964 non
2780 1910 2955 1965 ﬁunt?
2980 1903 3201 1965 Possem
3229 1912 3443 1981 quidem
3485 1912 3692 1990 dicere,
3723 1930 3813 1967 ne—

2224 2002 2450 2055 cessaria
2489 1999 2653 2055 fuisse
2696 2001 3001 2071 priusquam
3045 2003 3288 2058 crederet
3318 2003 3552 2058 mundus
3574 2045 3590 2070 ,
3622 2004 3688 2057 ad
3719 2002 3815 2059 hoc

2225 2102 2282 2146 ut
2306 2093 2545 2148 crederet
2564 2093 2806 2149 mundus.
2826 2094 3076 2163 Quisquis
3097 2095 3270 2150 adhuc
3292 2095 3535 2172 prodigia
3561 2105 3621 2150 ut
3636 2096 3813 2151 credat

2227 2183 2462 2253 inquirit,
2526 2199 2772 2257 magnum
2814 2195 2896 2241 est
2944 2187 3058 2256 ipse
3102 2187 3422 2257 prodigium,
3474 2189 3568 2258 qui
3619 2186 3815 2241 mundo

2226 2275 2475 2331 credente
2506 2290 2608 2330 non
2648 2276 2835 2331 credit.
2869 2276 3065 2332 Verum
3097 2278 3198 2333 hoc
3230 2278 3351 2333 ideo
3377 2279 3591 2346 dicunt,
3621 2288 3681 2333 ut
3722 2294 3817 2335 nec

2228 2378 2353 2424 tunc
2392 2370 2480 2424 illa
2510 2370 2761 2425 miracula
2788 2370 2923 2425 facta
2974 2370 3133 2425 fuisse
3162 2372 3469 2427 credantur.
3499 2371 3665 2427 Unde
3694 2388 3819 2442 ergo

2230 2461 2371 2508 tanta
2420 2453 2525 2508 ﬁde
2552 2454 2793 2509 Christus
2831 2470 3207 2525 usquequaque
3235 2465 3482 2510 cantatur
3525 2457 3581 2510 in
3624 2457 3816 2511 ccelum

2228 2557 2348 2598 cum
2396 2558 2556 2599 carne
2597 2545 2880 2601 sublatus?
2911 2546 3050 2600 uttde
3099 2546 3429 2616 temporibus
3471 2548 3727 2613 eruditis,
3766 2556 3817 2603 et

2232 2652 2390 2693 omne
2428 2636 2568 2706 quod
2610 2637 2724 2693 ﬁeri
2753 2654 2855 2694 non
2884 2649 3057 2708 potest
3103 2641 3499 2708 respueutihus,
3533 2641 3653 2695 sine
3702 2641 3816 2694 ullis

2231 2729 2501 2783 miraculis
2550 2728 2772 2784 nimium
2826 2729 3142 2785 mirabiliter
3202 2729 3538 2784 incredibilia
3596 2730 3819 2785 credidit

2231 2818 2499 2874 mundus?
2526 2820 2606 2874 An
2638 2818 2772 2874 forte
2811 2819 3082 2876 credibilia
3132 2818 3315 2887 fuisse,
3357 2830 3411 2875 et
3457 2820 3583 2875 ideo
3622 2820 3818 2874 credita

2229 2928 2349 2969 esse
2378 2912 2566 2967 dicturi
2597 2913 2759 2967 sunt?
2788 2913 2895 2969 Cur
2923 2928 3050 2984 ergo
3080 2912 3183 2984 ipsi
3205 2929 3311 2968 non
3332 2912 3609 2969 credunt?
3639 2913 3818 2967 Brevis

2231 3015 2311 3061 est
2341 3005 2501 3076 igitur
2543 3015 2728 3060 nostra
2758 3006 3055 3075 complexio
3084 3024 3098 3060 :
3128 3009 3235 3060 Aut
3267 3006 3604 3061 incredibilis
3652 3006 3729 3060 rei
3759 3004 3780 3035 ³
3801 3046 3819 3070 ,

2231 3112 2349 3167 quae
2377 3112 2483 3151 non
2523 3096 2820 3164 videbatur,
2851 3097 2951 3151 alia
2981 3096 3333 3165 incredibilia,
3365 3114 3487 3168 qua:
3517 3106 3699 3151 tamen
3727 3095 3819 3150 ﬁe-

2230 3189 2358 3244 bant
2384 3199 2439 3245 et
2476 3189 2809 3256 videbantur,
2838 3187 3077 3245 fecerunt
3104 3188 3261 3244 ﬁdem
3287 3205 3302 3254 ;
3334 3197 3426 3242 aut
3455 3198 3610 3244 certe
3640 3203 3726 3242 res
3755 3189 3819 3240 ita

2232 3282 2516 3348 credibilis,
2544 3292 2601 3337 ut
2619 3283 2777 3338 nullis
2803 3282 2994 3353 quibus
3012 3282 3426 3353 persuaderetur
3454 3282 3733 3337 miraculis
3754 3281 3819 3335 in-

2231 3374 2453 3445 digeret,
2486 3374 2703 3428 istorum
2736 3374 2953 3428 nimiam
2982 3374 3254 3444 redarguit
3281 3371 3682 3429 inﬁdelitatem.
3714 3372 3821 3426 lloc

2232 3464 2298 3520 ad
2342 3464 2657 3520 refellendos
2706 3465 3023 3520 vanissimos
3072 3465 3321 3519 dixerint.
3352 3464 3488 3519 Nam
3537 3465 3678 3519 facta
3709 3478 3821 3519 esse

2232 3558 2393 3612 multa
2438 3557 2728 3624 miracula,
2768 3572 2887 3627 quae
2937 3565 3319 3612 attestarentur
3363 3556 3436 3611 illi
3491 3557 3588 3611 uni
3637 3555 3818 3627 grandi

2232 3647 2533 3718 salubrique
2576 3647 2853 3713 miraculo,
2906 3663 3010 3717 quo
3060 3646 3302 3705 Christus
3347 3649 3399 3701 in
3451 3649 3659 3704 caelum
3703 3663 3818 3701 cum

2232 3756 2391 3796 carne
2420 3740 2472 3794 in
2499 3755 2601 3811 qua
2640 3741 2947 3805 resurrexit,
2977 3740 3236 3805 ascendit,
3269 3756 3467 3811 negare
3497 3757 3607 3796 non
3642 3756 3821 3811 possu-

2232 3847 2371 3886 mus.
2420 3830 2475 3887 ιιι
2519 3830 2719 3887 eisdem
2769 3832 2964 3901 quippe
3008 3832 3367 3885 veracissimis
3408 3831 3595 3886 Libris
3638 3840 3817 3886 cuncta

2233 3925 2530 3995 conscripta
2574 3934 2715 3991 sunt,
2746 3932 2800 3979 et
2837 3939 2955 3993 qua:
2983 3922 3118 3977 facta
3151 3934 3297 3988 sunt,
3331 3933 3385 3977 et
3430 3936 3659 3993 pr0pter
3687 3924 3823 3992 quod

2233 4014 2553 4069 credendum
2582 4012 2717 4068 facta
2744 4022 2883 4067 sunt.
2912 4012 3058 4079 Hice,
3089 4023 3148 4067 ut
3191 4012 3347 4067 ﬁdem
3378 4012 3645 4077 facerent,
3676 4015 3819 4069 iuno-

2234 4116 2483 4173 tuerunt;
2515 4105 2628 4161 haec
2671 4121 2766 4175 per
2792 4106 2967 4172 ﬁdem,
2996 4121 3154 4174 quam
3199 4105 3463 4172 fecerunt,
3516 4108 3687 4162 multo
3716 4107 3819 4162 cla-

2232 4201 2345 4255 rius
2394 4198 2752 4254 iunotescunt.
2812 4198 3088 4267 chuntur
3130 4199 3326 4268 quippe
3378 4199 3431 4253 in
3483 4200 3721 4270 pupulis,
3770 4208 3820 4251 ut

2232 4290 2552 4357 credantur;
2598 4304 2697 4345 nec
2724 4290 2776 4343 in
2822 4289 3029 4360 populis
3075 4298 3253 4345 tamen
3296 4291 3398 4345 nisi
3441 4292 3655 4347 credita
3684 4291 3819 4360 lego-

2234 4392 2436 4437 rentur.
2475 4380 2607 4437 Nam
2635 4382 2792 4437 etiam
2823 4396 2963 4437 nunc
3005 4380 3139 4436 ﬁunt
3167 4382 3425 4437 miracula
3473 4382 3530 4438 in
3568 4384 3688 4453 ejus
3727 4398 3819 4437 no-

2234 4475 2397 4539 mine,
2440 4471 2552 4527 sive
2582 4487 2674 4543 per
2700 4481 3030 4527 sacramenta
3077 4472 3215 4543 ejus,
3255 4472 3369 4527 sive
3415 4489 3517 4543 per
3560 4475 3822 4531 orationes

2234 4566 2319 4622 vel
2345 4563 2629 4620 memorias
2656 4572 2955 4618 sanctorum
2991 4563 3106 4633 ejus
3133 4579 3148 4628 ;
3180 4562 3275 4617 sed
3304 4579 3411 4618 non
3444 4563 3641 4620 eadem
3667 4564 3819 4619 clari—

2237 4666 2344 4712 tate
2370 4656 2717 4721 illustrantur,
2744 4666 2800 4709 ut
2830 4663 2970 4709 tanta
2999 4663 3195 4725 quanta
3231 4654 3321 4708 illa
3346 4654 3520 4725 gloria
3549 4654 3821 4710 diﬁ‘antcno

2238 4757 2342 4803 tur.
2370 4747 2551 4803 Cauon
2590 4747 2783 4817 quippe
2816 4761 3088 4800 sacrarunt
3122 4746 3470 4811 Litterarum,
3503 4762 3667 4817 quem
3695 4745 3820 4800 deﬁ-

2236 4839 2404 4894 nitum
2431 4837 2593 4892 ‘esse
2636 4836 2933 4906 oportebat,
2976 4836 3064 4889 illa
3109 4835 3234 4891 facit
3279 4836 3479 4906 ubique
3512 4835 3747 4897 recitari,
3774 4842 3823 4895 ct

2237 4929 2509 4985 memoriae
2537 4937 2846 4984 cunctorum
2884 4927 3147 4982 inhmrere
3193 4927 3519 4997 populorum
3556 4950 3570 4986 :
3601 4927 3715 4982 hzee
3737 4942 3823 4981 au-

2238 5032 2344 5078 tem
2395 5022 2710 5091 ubicumque
2748 5019 2900 5085 ﬁunt,
2942 5020 3012 5074 ibi
3058 5019 3299 5076 sciuntur
3342 5020 3432 5073 vix
3477 5034 3512 5075 a
3562 5030 3673 5075 tota
3720 5019 3820 5087 ipsa

2238 5115 2450 5170 civitate
2492 5112 2577 5168 vel
2622 5125 2954 5182 quocumque
3003 5111 3460 5165 commanentium
3513 5112 3657 5166 loco.
3701 5109 3819 5163 Nam

2240 5207 2547 5277 plerumque
2571 5204 2728 5257 etiam
2761 5201 2831 5255 ibi
2870 5199 3174 5270 paucissimi
3217 5201 3417 5265 sciunt,
3461 5200 3819 5271 ignorantibus

2238 5297 2467 5363 cancris,
2491 5294 2717 5349 maxime
2744 5294 2787 5346 si
2811 5306 2995 5361 magna
3025 5291 3090 5344 sit
3119 5290 3308 5345 civitas
3332 5307 3348 5355 ;
3383 5300 3439 5346 et
3469 5292 3691 5362 quando
3707 5288 3818 5343 alihi

2240 5389 2463 5458 aliisque
2500 5394 2802 5450 narrantur,
2824 5399 2929 5438 non
2959 5392 3103 5437 tanta
3129 5398 3193 5437 ea
3222 5384 3578 5438 commendat
3602 5380 3813 5439 auctori-

2244 5490 2345 5548 tas,
2388 5488 2446 5533 ut
2486 5478 2602 5532 sine
2643 5476 2949 5530 difﬁcultate
2993 5474 3081 5528 vel
3118 5472 3458 5529 dubitatione
3504 5474 3820 5539 credantur.

2306 5618 2321 5648 ί
2359 5613 2496 5664 Vind.
2520 5621 2616 5661 Am.
2642 5618 2714 5659 Er.
2743 5617 2795 5659 et.
2818 5610 2983 5671 plures
3000 5614 3130 5666 Mss,
3155 5605 3549 5671 precedcntium

2306 5682 2325 5710 ²
2359 5684 2422 5725 tta
2444 5684 2642 5725 veteres
2664 5672 2793 5739 libri.
2816 5667 2932 5739 editi
2956 5680 3138 5739 autem,
3156 5667 3543 5739 'prosequeretur
3562 5667 3676 5733 ﬁde.

2309 5743 2330 5772 ⁸
2362 5742 2433 5787 sic
2455 5745 2558 5785 Mss.
2601 5743 2654 5783 Αι
2681 5731 3109 5791 editi,incredibili
3134 5731 3223 5781 rei.

2309 5802 2329 5834 δ
2364 5798 2499 5859 Editi,
2524 5798 2773 5848 veteribus
2794 5796 2930 5847 libris
2951 5795 3324 5852 dissentientes,
3352 5794 3681 5859 difantatunt.
