3996 6520
218 430 313 482 Ἡιι

216 538 459 609 quamvis
487 534 806 592 Christianis
838 533 1082 590 fidelibus
1128 549 1159 588 a
1186 533 1429 589 fidelibus
1479 533 1803 589 iudicentur.

289 633 344 685 ‘2.
378 630 683 685 Miraeulum
713 627 853 697 quod
880 627 1162 683 Mediolani
1186 625 1383 681 factum
1410 635 1514 689 est,
1543 640 1663 681 cum
1696 625 1806 679 illic

222 738 482 783 essemus.
511 720 725 793 quando
753 721 1077 774 illutninatus
1101 728 1183 774 est
1207 733 1402 782 cmcus,
1427 718 1491 773 ad
1521 718 1809 772 multorum

222 815 464 871 notitiam
493 812 663 883 potuit
688 811 986 880 pervenire,
1019 809 1140 883 quia
1168 816 1223 864 et
1247 809 1463 878 grandis
1489 816 1568 862 est
1598 808 1808 873 civitas,

222 920 277 964 et
304 907 375 962 ibi
414 913 681 960 erattunc
726 902 1038 971 Imperator,
1068 910 1123 955 et
1161 901 1424 955 immenso
1458 899 1652 969 populo
1676 907 1813 952 teste

225 1014 311 1051 res
332 1005 479 1066 gesta
502 1004 603 1057 est,
632 1000 985 1047 concurrente
1012 990 1079 1045 ad
1107 1005 1329 1059 corpora
1360 999 1651 1059 martyrum
1685 989 1813 1042 Pro-

227 1086 342 1139 tasii
374 1094 428 1139 et
474 1082 709 1139 Gervasii
746 1100 759 1136 :
790 1096 909 1150 qua:
934 1096 1055 1134 cum
1089 1080 1335 1143 laterent,
1383 1090 1438 1133 et
1482 1078 1689 1147 penitus
1720 1092 1814 1131 ne-

227 1180 516 1241 scirentur,
561 1175 812 1243 episcopo
837 1172 1122 1227 Ambrosio
1150 1187 1247 1242 per
1288 1172 1554 1224 soumimn
1583 1169 1815 1223 revelata

228 1275 437 1333 reperta
463 1275 624 1326 sunt;
658 1264 746 1317 ubi
787 1278 962 1322 «aecus
993 1262 1082 1317 ille
1106 1262 1343 1331 depulsis
1374 1260 1644 1315 veteribus
1671 1268 1820 1313 tene-

229 1355 342 1409 bris
369 1355 508 1409 diem
539 1355 673 1407 vidit
699 1352 801 1423 (α).

302 1447 355 1501 '5.
405 1445 557 1515 Apud
602 1445 973 1514 Carthaginem
1020 1456 1198 1498 autem
1243 1444 1362 1513 quis
1407 1443 1575 1507 novit,
1626 1450 1823 1510 prteter

231 1537 515 1593 admodum
546 1537 915 1606 paucissimos,
944 1536 1191 1596 salutem,
1224 1551 1342 1598 qua:
1375 1534 1509 1589 facta
1551 1542 1634 1588 est
1665 1533 1823 1587 Inno-

234 1629 409 1683 centio
436 1643 500 1682 ex
540 1627 797 1681 advocato
834 1627 1045 1681 vicaria:
1091 1625 1438 1694 praefectum,
1470 1625 1560 1679 ubi
1603 1639 1701 1677 nos
1745 1625 1826 1678 in-

236 1719 535 1781 terruimus,
590 1728 645 1772 et
684 1718 855 1772 oculis
904 1718 1209 1786 aspeximus
1254 1717 1491 1771 nostris?
1534 1715 1825 1770 Venientes

234 1808 379 1863 enim
423 1807 491 1863 de
540 1807 927 1868 transmarinis,
982 1821 1067 1861 me
1113 1816 1167 1861 et
1212 1806 1426 1860 fratrem
1470 1820 1645 1859 meum
1690 1804 1827 1875 Aly-

238 1901 383 1969 pium
410 1899 506 1968 (b),
538 1899 772 1953 nondum
798 1898 1014 1967 quidem
1044 1899 1289 1964 clericos,
1322 1897 1417 1953 sed
1434 1898 1543 1967 jam
1574 1898 1682 1951 Deo
1710 1911 1826 1950 ser-

238 1992 465 2054 vientes,
494 2000 554 2042 ut
594 1997 709 2043 erat
737 2003 857 2042 cum
901 1998 1008 2045 tota
1036 1989 1197 2044 domo
1224 2004 1318 2043 sua
1349 1987 1782 2057 religiosissimus
1810 2025 1826 2051 ,

239 2082 357 2154 ipse
374 2090 701 2153 susceperat,
721 2090 775 2137 et
793 2082 931 2150 apud
958 2098 1078 2138 eum
1101 2093 1226 2137 tunc
1252 2080 1639 2135 habitabamus.
1660 2078 1829 2132 Cura—

238 2181 391 2240 batur
436 2194 470 2237 ιι
516 2172 733 2239 medicis
766 2200 779 2235 ;
813 2173 1019 2230 fistulas
1047 2176 1097 2240 ί,
1142 2187 1275 2243 quas
1317 2185 1629 2227 numerosas
1674 2178 1832 2239 atque

239 2279 523 2348 perplexas
571 2275 753 2330 habuit
797 2289 850 2327 in
904 2265 1203 2336 pOSteriore
1246 2272 1404 2333 atque
1448 2263 1552 2316 ima
1595 2260 1834 2330 corporis

243 2379 409 2439 parte,
440 2369 548 2438 jam
580 2376 862 2422 secuerant
907 2361 979 2425 ei,
1007 2368 1062 2413 et
1086 2359 1216 2412 artis
1238 2372 1352 2412 sua}
1377 2365 1570 2410 emtera
1598 2353 1833 2408 mediea-

243 2460 439 2515 mentis
467 2459 713 2529 agebant.
744 2459 941 2513 Passus
969 2461 1145 2506 autem
1178 2452 1345 2506 fuerat
1374 2452 1423 2504 in
1468 2449 1706 2503 sectione
1748 2448 1833 2500 illa

244 2560 298 2606 et
324 2551 602 2604 diuturnos
626 2559 678 2603 et
707 2550 934 2603 acerbos
959 2542 1193 2597 dolores.
1226 2541 1331 2596 Sed
1364 2555 1500 2594 unus
1529 2541 1669 2594 inter
1699 2537 1838 2592 ntul-

247 2651 329 2695 tos
374 2642 523 2694 sinus
564 2640 821 2694 fefellerat
870 2634 1129 2699 medicos,
1179 2643 1337 2704 atque
1385 2634 1455 2688 ita
1503 2633 1745 2696 latuerat,
1779 2640 1838 2684 ut

245 2748 368 2786 cum
416 2748 521 2785 non
554 2739 849 2800 tangerent,
897 2740 1056 2799 quem
1101 2728 1241 2779 ferro
1270 2725 1479 2795 aperire
1521 2724 1836 2778 debuerant.

252 2812 493 2890 Denique
537 2821 738 2875 sanatis
766 2822 1019 2874 omnibus
1047 2832 1166 2884 qua!
1206 2826 1395 2885 aperta
1424 2814 1711 2876 curabant,
1740 2814 1839 2868 iste

248 2920 576 2967 remanserat
619 2910 782 2975 solus,
831 2911 915 2963 cui
969 2906 1163 2963 frustra
1226 2904 1629 2974 impendebatur
1667 2903 1837 2957 labor.

249 3005 394 3073 Quas
437 3018 617 3058 moras
665 3004 751 3057 ille
797 3009 1076 3072 suspectas
1116 2999 1337 3063 habens,
1371 2998 1701 3067 multumque
1732 2995 1841 3049 for-

249 3098 458 3153 midans
505 3110 573 3150 ne
620 3096 811 3149 iterum
862 3101 1171 3155 secaretur,
1220 3091 1360 3159 quod
1418 3091 1467 3144 ei
1524 3090 1842 3159 przedixemt

250 3192 386 3246 alius
416 3189 649 3244 medicus
673 3187 997 3242 domesticus
1024 3183 1165 3253 ejus,
1194 3199 1352 3252 quem
1379 3198 1482 3236 non
1516 3182 1853 3235 admiserant

252 3284 348 3345 illi,
380 3292 438 3337 ut
478 3283 665 3336 saltem
697 3280 921 3342 videret,
952 3292 1074 3333 cum
1109 3277 1336 3346 primum
1364 3287 1541 3330 sectus
1570 3282 1675 3340 est,
1708 3287 1842 3341 quo-

253 3374 412 3427 modo
452 3372 501 3427 id
550 3371 803 3432 facerent,
849 3372 1119 3439 iratusque
1165 3368 1311 3421 illum
1344 3367 1504 3421 domo
1528 3365 1797 3434 ahjecerat
1825 3403 1841 3430 ,

252 3466 445 3536 vixque
489 3474 781 3533 receperat,
816 3462 1009 3531 erupit,
1052 3469 1214 3529 atque
1244 3461 1357 3511 ait:
1387 3457 1583 3511 lteruut
1632 3472 1718 3510 me
1754 3471 1845 3509 se-

254 3559 392 3613 cturi
422 3556 593 3612 estis?
620 3554 698 3608 Ad
748 3554 909 3620 illius,
942 3567 1097 3620 quem
1150 3549 1398 3603 noluistis
1445 3563 1564 3602 esse
1604 3562 1844 3615 pra-scu-

257 3660 395 3713 tem,
444 3648 604 3703 verba
651 3654 908 3701 venturus
958 3641 1120 3697 sum?
1175 3640 1401 3695 lrridere
1453 3640 1526 3692 illi
1581 3637 1845 3691 medicum

256 3739 582 3809 imperitum,
614 3745 921 3805 metumque
948 3732 1178 3787 hominis
1206 3730 1361 3785 bonis
1402 3728 1582 3783 verbis
1613 3725 1847 3795 promis-

257 3829 601 3897 sionihusque
632 3826 817 3880 lenire.
846 3823 1227 3880 Praeterieruut
1264 3833 1318 3875 et
1346 3820 1435 3873 alii
1466 3819 1582 3873 dies
1609 3816 1846 3887 plurimi,

257 3922 500 3991 nihilque
527 3919 837 3990 proficiebat
862 3931 1023 3971 omne
1050 3914 1191 3986 quod
1224 3914 1402 3968 fiebat.
1436 3911 1622 3966 Medici
1670 3919 1848 3965 tamen

259 4012 315 4067 in
341 4026 434 4067 sua
465 4010 845 4081 pollicitatione
874 4005 1249 4077 persistebant,
1281 4019 1385 4059 non
1413 4018 1472 4057 se
1500 4003 1647 4057 illum
1672 4004 1849 4056 sinum

262 4103 426 4166 ferro,
458 4102 551 4157 sed
580 4100 981 4155 medicamentis
1005 4112 1126 4153 esse
1154 4097 1449 4151 clausnros.
1480 4094 1855 4148 Adhibuerunt

261 4204 319 4251 et
345 4194 505 4249 alium
554 4193 892 4263 grandmvum
917 4191 1028 4261 jam
1074 4188 1361 4252 medicum,
1404 4187 1642 4256 satisque
1687 4187 1739 4239 in
1768 4185 1855 4239 illa

262 4296 379 4342 arte
410 4284 675 4340 laudatum
717 4282 914 4354 (adhuc
956 4281 1099 4335 enim
1139 4276 1371 4351 vivebat)
1417 4277 1756 4331 Ammoninm
1787 4276 1809 4307 ⁸
1838 4317 1853 4343 ,

263 4379 352 4448 qui
384 4379 499 4432 loco
540 4378 798 4445 inspecto,
833 4374 972 4429 idem
1005 4373 1144 4444 quod
1176 4372 1249 4427 illi
1276 4388 1343 4428 ex
1368 4386 1553 4426 eorum
1586 4368 1857 4439 diligentia

266 4469 562 4539 peritiaque
590 4466 850 4536 promisit.
883 4464 1049 4535 Cujus
1095 4464 1184 4519 ille
1210 4463 1382 4518 factus
1425 4461 1741 4516 auctoritate
1770 4476 1859 4513 sc-

267 4576 449 4628 curus,
477 4560 769 4615 domestico
796 4573 895 4614 suo
940 4558 1167 4621 medico,
1198 4557 1286 4626 qui
1331 4556 1556 4609 futuram
1604 4553 1864 4623 praedixe-

269 4666 353 4713 rat
378 4654 533 4710 aliam
552 4655 842 4709 sectionem
866 4653 1029 4706 faceta
1054 4651 1339 4715 hilaritate,
1360 4650 1505 4704 velut
1523 4650 1630 4717 jam
1660 4647 1858 4711 salvus,

271 4748 457 4804 illusit.
488 4745 623 4812 Quid
652 4744 845 4816 plura?
873 4744 975 4797 Tot
1003 4743 1117 4796 dies
1144 4751 1327 4811 postea
1357 4740 1584 4794 inaniter
1604 4754 1860 4794 consum-

275 4841 346 4912 pti
371 4839 721 4902 transierunt,
751 4846 808 4892 ut
836 4835 960 4890 fessi
987 4846 1144 4905 atque
1171 4832 1376 4887 confusi
1412 4832 1706 4886 faterentur
1737 4846 1860 4884 eum

275 4934 374 4988 nisi
398 4933 535 4986 ferro
552 4931 702 4984 nullo
725 4928 885 4983 modo
917 4943 1072 4997 posse
1103 4925 1301 4979 sanari.
1328 4923 1575 4992 Expavit,
1605 4922 1867 4991 expalluit

275 5023 438 5084 nimio
467 5023 657 5076 timore
685 5020 926 5074 turbatus
956 5036 968 5072 :
998 5026 1158 5087 atque
1187 5016 1274 5071 ubi
1304 5030 1361 5068 se
1390 5013 1625 5083 collegit,
1659 5010 1865 5081 farique

274 5114 465 5183 potuit,
493 5112 641 5167 abire
670 5112 787 5165 illos
809 5110 989 5180 jussit,
1022 5117 1075 5163 et
1113 5107 1179 5161 ad
1210 5122 1268 5161 se
1297 5104 1526 5174 amplius
1564 5119 1669 5157 non
1711 5117 1868 5157 acce-

273 5206 426 5269 dere,
458 5218 556 5258 nec
578 5202 723 5258 aliud
762 5201 994 5257 occurrit
1021 5200 1237 5270 fatigato
1264 5196 1513 5269 lacryniis
1551 5204 1605 5250 et
1632 5194 1720 5248 illa
1755 5193 1868 5263 jam

291 5377 303 5388 .
340 5318 357 5348 ί
394 5315 529 5373 Editi,
554 5313 822 5388 Curabatur
855 5311 1120 5388 q‘medicis
1154 5317 1351 5388 propter
1396 5307 1624 5388 fistulas:
1652 5312 1703 5388 et
1728 5305 1870 5365 infra,

275 5377 386 5441 jam
412 5384 662 5441 secuerunt
691 5390 819 5441 eunt.
857 5383 914 5441 At_
934 5377 1243 5441 manuscripti
1274 5384 1448 5421 omnes
1469 5377 1735 5441 omittu11t_,_
1756 5380 1870 5431 pro-

276 5430 416 5548 irier;
444 5444 495 5486 et
519 5452 584 5487 ex
607 5439 666 5488 iis
686 5439 879 5501 quidam
904 5438 1102 5496 habent,
1119 5430 1231 5497 ja'm
1253 5440 1503 5487 secuerunt
1524 5432 1601 5494 ei;
1624 5431 1704 5479 alii
1724 5430 1873 5492 longe

282 5516 308 5549 ιι
333 5512 468 5549 ures.
494 5512 622 5549 eum.

302 5516 451 5548 ,ιιιπρδ
494 5516 552 5548 ευ
610 5532 622 5545 ο

280 5516 295 5565 Ι
343 5565 363 5632 ξ
386 5536 523 5632 miti,
543 5516 848 5632 grimoniam
863 5559 1105 5632 diemqm‘,
1124 5566 1220 5632 etc.
1237 5566 1404 5632 Atuss.
1426 5570 1521 5604 non
1532 5551 1870 5632 ιιιιρςριηίίὶερ.

344 5624 418 5684 (α)
442 5616 572 5670 (zonl'.
601 5623 684 5671 lib.
704 5622 753 5681 9,
775 5616 1134 5683 Confess.,'cap.
1160 5623 1209 5675 7,
1230 5634 1280 5668 ιι.
1311 5622 1402 5681 1ϐ;
1426 5626 1578 5668 Serm.
1602 5616 1712 5676 3l8,
1736 5629 1784 5663 n.
1814 5616 1832 5663 1
1856 5628 1870 5675 ;

283 5685 367 5734 lil).
394 5688 411 5733 l
443 5689 667 5734 ttetract..
685 5697 790 5734 can.
822 5685 893 5734 15.
920 5698 968 5731 n.
1006 5685 1054 5734 7.
1081 5690 1132 5732 et
1154 5680 1286 5732 alibi.

348 5708 367 5733 ι.
394 5699 411 5733 ι
443 5699 667 5744 ιιειηειη
685 5699 790 5747 cap.
822 5699 893 5741 ιο,
920 5699 968 5731 n.
1007 5699 1054 5743 Ἰ,
1081 5699 1132 5732 et
1154 5699 1286 5732 anni.

348 5747 419 5808 (ὸ)
449 5744 655 5809 Alypius,
695 5753 739 5796 s.
779 5746 1047 5809 Augustini
1068 5746 1273 5809 amicus,
1292 5748 1510 5809 ATagast‘e
1535 5739 1784 5809 oriundus,
1809 5736 1874 5786 de

286 5800 458 5870 quoin
478 5800 887 5870 confessionibus“,
906 5807 987 5857 lib.
1021 5806 1070 5863 6,
1095 5819 1233 5867 capp.
1258 5800 1315 5856 l0
1362 5800 1413 5854 ιῖι
1440 5803 1522 5863 l2;
1548 5800 1632 5850 lib.
1675 5800 1722 5861 8,
1762 5812 1869 5862 cap.

290 5868 367 5932 I21,
393 5870 635 5932 etpassim
656 5872 704 5921 in
718 5868 950 5933 Epistolis.
980 5874 1210 5924 LAthm-m.

1341 421 1541 477 LIBER
1583 421 1694 477 Ἧι]
1705 422 1948 480 ESIMUS
1983 424 2366 485 SECUNDUS.

3415 435 3511 491 169.

1918 538 2236 593 necessitate
2262 539 2569 608 constricto,
2597 541 2699 598 nisi
2718 540 3065 601 utadliiberet
3086 542 3507 601 Alexandrinum

1916 630 2223 699 quemdam,
2253 633 2343 701 qui
2390 642 2518 687 tunc
2552 633 2834 703 chirurgus
2863 635 3121 689 mirabilis
3173 636 3467 691 habebatur
3492 681 3506 699 ,

1919 730 1974 774 ut
2004 722 2115 791 ipse
2160 721 2359 778 faceret
2384 726 2525 794 quod
2554 726 2623 779 ab
2652 727 2756 780 illis
2786 726 2900 781 fieri
2944 728 3159 782 nolebat
3190 730 3373 782 iratus.
3407 730 3509 783 Sed
3536 760 3544 765 -

1920 825 2264 883 posteaquam
2309 811 2461 868 venit
2502 817 2616 880 ille,
2650 818 2992 883 laboremque
3022 819 3229 871 illorum
3263 820 3314 871 in
3363 820 3507 872 cica-

1921 904 2143 958 tricibus
2170 905 2306 959 sicut
2334 906 2522 959 artifex
2566 907 2714 969 vidit,
2759 908 2879 960 boni
2912 908 3006 960 viri
3055 907 3263 961 functus
3294 908 3472 960 officio
3498 951 3510 966 .

1923 997 2184 1065 persuasit
2215 996 2416 1050 homini
2446 1005 2505 1051 ut
2529 996 2599 1050 illi
2632 997 2803 1067 potius
2830 997 2917 1067 qui
2948 998 2997 1050 in
3023 1014 3089 1051 eo
3129 1007 3329 1051 tantum
3360 999 3513 1052 labo-

1924 1097 2190 1152 raverant,
2212 1097 2467 1157 quantum
2496 1088 2609 1157 ipse
2634 1090 2919 1157 inspiciens
2945 1090 3256 1149 mirabatur,
3284 1092 3515 1142 curatio-

1925 1181 2008 1234 nis
2037 1195 2147 1235 su:e
2191 1181 2297 1235 fine
2341 1180 2668 1245 fruerentur,
2699 1182 2955 1250 adjiciens
2995 1181 3136 1251 quod
3182 1196 3367 1235 revera
3415 1181 3512 1234 nisi

1926 1282 2102 1327 sectus
2146 1283 2308 1338 esset,
2339 1275 2517 1329 salvus
2559 1290 2681 1329 esse
2725 1289 2829 1329 non
2860 1286 3069 1344 posset;
3102 1276 3196 1329 sed
3222 1276 3376 1330 valde
3418 1276 3516 1327 ah-

1930 1365 2149 1420 horrere
2175 1380 2205 1419 a
2235 1366 2346 1420 suis
2375 1365 2635 1430 moribus,
2665 1376 2721 1419 ut
2749 1366 3053 1421 hominibus
3096 1381 3321 1435 quorum
3351 1366 3519 1419 artifi-

1929 1456 2276 1509 ciosissimam
2294 1471 2534 1525 operam,
2556 1456 2891 1521 industriam,
2909 1456 3232 1527 diligentiam
3249 1457 3519 1511 admirans

1933 1545 1985 1599 in
2032 1546 2369 1601 cicatricibus
2408 1548 2523 1617 ejus
2555 1547 2778 1610 videret,
2825 1556 3040 1616 propter
3086 1548 3331 1615 exiguum
3379 1548 3519 1615 quod

1935 1639 2227 1704 remansit,
2278 1639 2511 1709 palmam
2560 1640 2691 1691 tanti
2763 1638 2961 1692 laboris
3001 1637 3258 1691 auferret.
3310 1636 3521 1691 Redditi

1935 1739 2058 1785 sunt
2092 1731 2270 1784 animo
2298 1730 2415 1799 ejus
2442 1770 2457 1794 ,
2508 1740 2561 1785 et
2591 1729 2792 1799 placuit
2843 1738 2900 1782 ut
2937 1729 3123 1782 eodem
3164 1728 3525 1783 Alexandrino

1935 1824 2217 1878 assistente
2248 1823 2350 1893 ipsi
2388 1822 2563 1877 sinum
2608 1822 2756 1875 illum
2799 1819 2962 1883 ferro,
2994 1821 3082 1889 qui
3108 1820 3217 1889 jam
3263 1833 3524 1873 consensu

1937 1914 2174 1969 omnium
2204 1914 2360 1967 aliter
2404 1912 2714 1968 insanabilis
2746 1912 3044 1980 putabatur,
3074 1912 3366 1979 aperirent.
3398 1913 3527 1976 Qua:

1938 2022 2025 2063 res
2048 2008 2207 2061 dilata
2236 2015 2321 2062 est
2357 2008 2409 2061 in
2432 2014 2849 2075 cousequentem
2879 2004 3041 2058 diem.
3077 2003 3181 2057 Sed
3222 2018 3342 2057 cum
3369 2002 3529 2057 abiis-

1939 2110 2060 2156 scut
2086 2100 2178 2165 illi,
2209 2115 2270 2155 ex
2298 2114 2528 2154 maerore
2556 2096 2720 2151 nitnio
2748 2096 2947 2149 domini
2980 2104 3154 2149 tantus
3180 2103 3263 2147 est
3287 2094 3339 2147 iu
3369 2093 3533 2147 domo

1943 2194 2032 2247 illa
2063 2201 2282 2247 exortus
2310 2190 2486 2257 dolor,
2522 2198 2581 2243 ut
2634 2198 2882 2257 tanquam
2935 2186 3135 2240 funeris
3163 2186 3405 2254 planctus
3443 2184 3529 2237 vix

1940 2284 2383 2356 comprimeretur
2403 2298 2432 2336 a
2452 2281 2627 2335 nobis.
2651 2278 2950 2334 Visitabant
2969 2293 3090 2331 eum
3110 2277 3345 2345 quotidie
3363 2276 3531 2329 sancti

1943 2376 2062 2442 viri,
2105 2375 2388 2446 cpiscopus
2433 2382 2559 2426 tunc
2603 2369 2878 2425 Uzalensis
2917 2368 3017 2437 (a),
3064 2368 3233 2421 beata:
3260 2365 3536 2419 memoriae

1942 2466 2284 2533 Saturninus,
2330 2472 2386 2519 et
2432 2462 2710 2534 presbyter
2740 2460 2967 2515 Gelosus
2993 2460 3035 2526 ί,
3068 2474 3131 2513 ac
3161 2457 3369 2512 diaconi
3401 2455 3534 2515 Car-

1946 2558 2272 2629 thaginensis
2314 2555 2571 2610 Ecclesizc
2604 2572 2617 2609 :
2646 2553 2696 2607 in
2741 2552 2934 2622 quibus
2973 2557 3109 2613 erat,
3154 2558 3207 2603 et
3235 2563 3301 2603 ex
3343 2548 3539 2617 quibus

1944 2651 2088 2705 solus
2114 2656 2199 2705 est
2223 2663 2365 2703 nunc
2401 2648 2452 2701 in
2484 2646 2645 2701 rebus
2671 2643 2938 2703 humanis,
2972 2641 3075 2711 iam
3103 2640 3385 2710 episeOpus
3414 2652 3537 2691 eum

1948 2744 2151 2798 honore
2189 2757 2218 2795 a
2250 2742 2405 2795 nobis
2450 2740 2629 2795 debito
2677 2736 3032 2793 nominandus
3079 2734 3363 2799 Aurelius,
3410 2748 3531 2787 cum

1946 2854 2052 2909 quo
2072 2837 2415 2892 recordantes
2439 2832 2702 2888 mirabilia
2723 2845 2885 2901 opera
2916 2829 3005 2883 Dei
3032 2830 3075 2895 ’,
3097 2826 3165 2882 de
3192 2828 3289 2880 hac
3314 2840 3372 2880 re
3395 2840 3541 2894 szepe

1947 2930 2198 2988 collocuti
2257 2943 2483 2989 sumus,
2531 2940 2763 2995 eumque
2808 2921 2964 2977 valde
3010 2920 3353 2983 meminisse,
3401 2917 3541 2987 quod

1947 3036 2470 3086 commemoramus,
2519 3019 2840 3073 invenimus.
2889 3015 2989 3083 Qui
3035 3028 3155 3069 cum
3200 3026 3358 3076 eum,
3404 3011 3545 3063 sicut

1950 3116 2213 3183 solebant,
2243 3129 2469 3185 vespere
2514 3112 2809 3177 visitareut,
2839 3109 3049 3178 rogavit
3085 3121 3179 3161 eos
3223 3103 3545 3159 miserabili-

1950 3210 2049 3264 bus
2098 3207 2368 3279 lacrymis,
2400 3215 2456 3258 ut
2497 3218 2653 3258 mane
2695 3201 3043 3272 dignarentur
3091 3213 3210 3254 csse
3256 3204 3548 3267 prmsentes

1949 3316 2046 3356 suo
2075 3299 2243 3354 funeri
2269 3297 2448 3369 potius
2476 3312 2632 3367 quam
2658 3293 2851 3349 dolori.
2885 3293 3087 3347 Tantus
3112 3291 3253 3346 enim
3284 3305 3405 3344 eum
3434 3305 3550 3343 me-

1951 3402 2037 3447 tus
2067 3408 2131 3447 ex
2162 3390 2428 3461 prioribus
2458 3390 2726 3442 invaserat
2753 3384 2947 3456 poenis,
2979 3394 3036 3438 ut
3062 3398 3121 3437 se
3144 3384 3279 3437 inter
3309 3379 3547 3435 medico-

1952 3502 2069 3540 rum
2103 3499 2291 3537 manus
2318 3499 2425 3536 non
2455 3480 2724 3535 dubitaret
2752 3494 2872 3533 esse
2904 3476 3244 3531 moriturum.
3275 3472 3550 3528 Consolati

1952 3586 2076 3631 snnt
2116 3590 2236 3629 eum
2284 3573 2381 3638 illi,
2413 3583 2465 3626 et
2498 3574 2688 3625 hortati
2728 3580 2789 3623 ut
2830 3570 2884 3623 in
2915 3570 3024 3623 Deo
3069 3568 3277 3631 fideret,
3328 3565 3552 3634 ejusque

1954 3666 2285 3719 voluntatem
2308 3662 2531 3716 viriliter
2552 3661 2730 3715 ferret.
2764 3659 2889 3712 lude
2909 3658 2974 3711 ad
3007 3658 3301 3710 orationem
3328 3653 3552 3724 ingressi

1955 3772 2139 3817 sumus
2177 3774 2190 3809 :
2224 3754 2314 3809 ubi
2364 3752 2516 3806 nobis
2560 3767 2625 3806 ex
2666 3765 2817 3804 more
2854 3764 3026 3818 genua
3058 3746 3363 3817 figentibus,
3394 3754 3554 3813 atque

1958 3845 2387 3904 incumbentibus
2432 3854 2608 3905 terrae,
2654 3840 2743 3895 ille
2794 3855 2852 3893 se
2898 3840 2969 3892 ita
3016 3835 3259 3907 projeeit,
3305 3844 3553 3901 tanquam

1960 3940 2149 3996 fuisset
2172 3939 2351 4009 aliquo
2373 3937 2604 4007 graviter
2630 3932 2939 4001 impellente
2969 3936 3289 3999 prostratus,
3314 3935 3369 3980 et
3394 3925 3558 3993 coepit

1959 4047 2113 4087 orare
2134 4026 2562 4100 :quibusmodis,
2582 4041 2687 4095 quo
2711 4022 2924 4084 affectu,
2945 4034 3050 4090 quo
3072 4025 3218 4072 motu
3243 4015 3426 4079 animi,
3452 4028 3560 4084 quo

1963 4122 2124 4177 ﬂuvio
2150 4122 2527 4191 lacrymarum,
2547 4114 2737 4186 quibus
2755 4111 3042 4183 gemitibus
3062 4119 3220 4180 atque
3238 4105 3558 4177 singultibus

1962 4211 2382 4271 succutientibus
2422 4209 2600 4264 omnia
2628 4207 2867 4262 membra
2898 4204 3014 4274 ejus
3043 4212 3097 4258 et
3130 4216 3266 4272 pene
3294 4198 3553 4254 interelu—

1964 4306 2214 4362 dcntibus
2242 4303 2487 4373 spiritum
2510 4342 2522 4366 ,
2552 4300 2671 4371 quis
2716 4299 2833 4353 ullis
2863 4296 3095 4368 explicet
3126 4293 3342 4348 verbis?
3372 4291 3563 4347 Utrum

1966 4405 2182 4473 orarent
2218 4396 2329 4461 alii,
2358 4408 2457 4448 nec
2486 4393 2541 4447 in
2578 4391 2693 4446 lucc
2722 4405 2907 4444 eorum
2948 4394 3279 4442 averteretur
3317 4382 3564 4448 intentio,

1969 4472 2291 4544 nesciebam.
2309 4485 2422 4556 Ego
2443 4492 2619 4538 tamen
2635 4496 2854 4553 prorsus
2874 4494 3029 4533 orare
3045 4493 3149 4531 non
3170 4485 3408 4544 poteram
3431 4491 3442 4525 :
3466 4472 3566 4525 hoc

1970 4577 2342 4634 tantummodo
2387 4576 2621 4630 breviter
2665 4575 2717 4626 in
2745 4571 2908 4626 corde
2953 4584 3074 4622 meo
3118 4566 3250 4633 dixi,
3294 4564 3518 4618 Domine
3548 4604 3565 4629 ,

1970 4686 2103 4741 quas
2149 4679 2356 4723 tuorum
2398 4680 2583 4735 preces
2629 4662 2869 4726 exaudis,
2918 4660 2963 4713 si
3008 4659 3104 4713 has
3145 4674 3248 4711 non
3299 4654 3563 4709 exaudis?

1970 4760 2110 4815 Nihil
2156 4759 2298 4814 enim
2346 4755 2478 4810 mihi
2518 4743 2796 4808 videbatur
2841 4750 2962 4805 addi
3000 4750 3108 4819 jam
3157 4761 3347 4816 posse,
3380 4745 3481 4798 nisi
3514 4752 3569 4797 ut

1973 4852 2272 4922 exspiraret
2299 4846 2520 4902 orando.
2554 4843 2916 4909 Surreximus,
2966 4849 3020 4894 et
3068 4846 3286 4907 accepta
3332 4836 3400 4889 ah
3442 4834 3567 4903 Elii-.-

1974 4959 2139 5015 seopo
2166 4940 2536 4997 benedictione
2561 4937 2940 4999 discessimus;
2970 4940 3189 5003 rogante
3213 4930 3303 4983 illo
3326 4938 3379 4981 ut
3407 4944 3563 4981 inane

1974 5037 2243 5100 adessent,
2274 5033 2379 5088 illis
2406 5041 2465 5086 ut
2493 5046 2646 5099 mquo
2673 5030 2851 5082 animo
2876 5033 3021 5080 CSScl
3060 5022 3414 5077 hortantibus.
3448 5020 3575 5073 lllu-

1981 5129 2059 5181 xit
2087 5126 2204 5181 dies
2247 5125 2337 5195 qui
2367 5121 2721 5183 metuebatur,
2768 5118 2988 5172 aderant
3018 5115 3156 5169 servi
3190 5114 3302 5175 Dei,
3332 5112 3469 5165 sicut
3513 5127 3573 5165 se

1976 5220 2251 5275 adfuturos
2292 5232 2411 5273 esse
2457 5214 2857 5286 promiserant:
2891 5208 3113 5279 ingreSsi
3165 5215 3288 5262 sunt
3329 5204 3521 5257 medici
3554 5242 3572 5267 ,

1980 5321 2236 5384 parantur
2280 5308 2461 5364 omnia
2506 5322 2626 5376 quze
2669 5304 2795 5357 hora
2846 5302 2929 5355 illa
2976 5300 3263 5369 poscebat,
3299 5296 3574 5349 tremenda

1981 5409 2299 5463 ferramenta
2332 5400 2693 5471 proferuntur,
2723 5395 2959 5451 attonitis
2986 5390 3368 5461 suspensisque
3396 5386 3576 5440 omni-

1982 5503 2097 5555 bus.
2134 5498 2222 5552 Eis
2264 5504 2440 5548 autem
2473 5506 2697 5563 quorum
2740 5496 2857 5542 erat
2886 5484 3055 5554 major
3084 5482 3395 5545 auctoritas,
3425 5474 3576 5531 defe-

1982 5604 2124 5650 ctum
2166 5588 2329 5645 animi
2358 5586 2475 5656 ejus
2518 5580 2849 5639 consolando
2878 5577 3228 5648 erigentibus,
3275 5573 3341 5629 ad
3390 5586 3588 5629 manus

2049 5732 2063 5762 ¹
2103 5727 2324 5788 Plerique
2344 5729 2474 5779 Mss,
2498 5718 2714 5788 Gulosus.

2048 5795 2068 5824 ³
2103 5778 2327 5850 ιιΙοιιιὶιιε
2346 5778 2473 5850 Mss,
2495 5779 2737 5834 mirabilia
2759 5789 2958 5843 operum
2988 5778 3091 5833 Det.

2049 5854 2124 5919 (ιι)
2150 5845 2287 5907 Infra.
2312 5862 2343 5896 ιι
2387 5845 2465 5905 2|.
