3996 6540
568 411 671 466 765

565 526 764 581 secturi
793 525 1030 581 membra
1074 523 1127 578 in
1171 522 1367 579 lectulo
1404 531 1816 593 componuntur,
1863 520 2145 576 solvuntur

566 615 691 670 nodi
721 616 1149 685 ligamentorum,
1180 613 1412 669 nudatur
1440 613 1611 680 locus,
1639 613 1853 682 inspicit
1880 610 2140 676 medicus,

542 716 619 761 .et
641 705 927 762 secandum
955 705 1102 759 illum
1128 705 1302 759 sinum
1344 714 1580 758 armatus
1606 712 1765 772 atque
1803 703 2035 757 intentus
2059 700 2143 754 in-

562 796 746 865 quirit.
772 793 1051 850 Scrutatur
1078 794 1267 857 oculis,
1300 794 1583 864 digitisque
1610 800 1944 856 contrectat;
1978 798 2144 845 tentat

564 885 793 955 denique
833 884 1005 939 modis
1034 883 1281 939 omnibus
1310 900 1325 937 :
1358 883 1558 938 invenit
1600 882 1957 938 firmissimam
1998 881 2140 936 cica-

563 976 769 1029 tricem.
799 975 918 1031 Jam
946 976 1031 1030 illa
1055 975 1235 1029 lzetitia
1275 983 1330 1030 et
1358 974 1473 1030 laus
1497 983 1655 1045 atque
1679 976 1965 1045 gratiarum
2003 973 2141 1029 actio

561 1067 889 1123 misericordi
933 1076 988 1123 et
1033 1066 1378 1136 omnipotenti
1429 1067 1557 1130 Deo,
1610 1082 1729 1137 qua:
1765 1065 1880 1121 frrsa
1924 1074 2008 1121 est
2046 1079 2143 1121 ore

559 1160 797 1213 omnium
824 1159 1236 1231 laerymantibus
1261 1158 1487 1228 gaudiis,
1520 1174 1626 1213 non
1653 1167 1737 1212 est
1760 1155 2139 1213 committenda

560 1250 695 1304 meis
721 1250 897 1305 verbis
924 1267 938 1304 :
970 1252 1233 1320 cogitetur
1260 1250 1452 1319 potius,
1481 1265 1637 1319 quam
1664 1249 1889 1304 dicatur.

628 1344 682 1396 3.
724 1342 781 1399 In
815 1342 1002 1398 eadem
1025 1344 1344 1412 Carthagine
1374 1343 1674 1397 lnnocentia
1693 1382 1708 1407 ,
1738 1339 2137 1411 religiosissima

557 1435 776 1501 femina,
799 1435 867 1490 de
888 1436 1151 1504 primariis
1184 1435 1347 1504 ipsius
1375 1434 1622 1495 civitatis,
1667 1433 1717 1487 in
1750 1431 1978 1486 mamilla
2007 1447 2137 1486 can-

556 1542 703 1580 crum
728 1526 952 1582 habebat
980 1542 1149 1589 :rem,
1178 1527 1313 1580 sicut
1340 1524 1528 1579 ruedici
1548 1524 1748 1588 dicunt,
1789 1523 1946 1578 nullis
1966 1522 2137 1577 medi-

553 1618 815 1673 camentis
835 1618 1125 1673 sanabilem
1156 1616 1250 1689 (a).
1282 1618 1385 1671 Aut
1417 1632 1543 1688 ergo
1570 1615 1787 1686 praecidi
1822 1615 1990 1682 solet,
2018 1624 2072 1669 et
2105 1630 2135 1669 a

552 1723 779 1777 corpore
807 1708 1038 1777 separari
1062 1708 1353 1762 membrum
1394 1707 1483 1761 ubi
1527 1707 1788 1771 nascitur;
1818 1714 1927 1770 aut,
1955 1713 2013 1759 ut
2040 1705 2138 1760 ali-

552 1810 750 1870 quanto
772 1800 930 1855 homo
958 1800 1155 1854 diutius
1185 1800 1343 1862 vivat.
1367 1809 1542 1854 tamen
1568 1799 1690 1853 inde
1715 1807 1888 1876 rporte
1909 1797 2136 1867 quamli-

552 1893 641 1948 bet
675 1893 874 1949 tardius
905 1892 1172 1956 adfutura,
1215 1892 1504 1947 secundum
1536 1889 1906 1960 Hippocratis,
1948 1898 2005 1943 ut
2061 1888 2137 1943 fe-

550 1992 692 2049 runt,
728 1984 1039 2040 sententiam
1072 1985 1087 2016 ¹
1122 1983 1438 2053 (Aphorism.
1469 1990 1593 2036 secl.
1620 1982 1673 2047 6,
1705 1979 1939 2050 aph.58)
1962 1978 2134 2033 omnis

550 2085 634 2130 est
686 2074 978 2129 omittenda
1009 2076 1232 2129 curatio.
1267 2074 1378 2127 lloc
1416 2073 1504 2128 illa
1552 2087 1582 2126 a
1613 2072 1782 2141 perito
1822 2069 2029 2125 medico
2080 2078 2135 2124 et

548 2180 660 2219 sua:
705 2165 883 2219 domui
937 2164 1346 2218 fanriliarissimo
1396 2170 1695 2231 acceperat,
1744 2170 1798 2217 et
1837 2160 1903 2214 ad
1960 2160 2130 2214 solum

550 2256 718 2309 Deum
741 2271 799 2310 se
828 2254 1033 2309 orando
1061 2262 1416 2309 converterat.
1449 2253 1780 2306 Admonctur
1828 2250 1881 2304 in
1931 2248 2133 2303 somnis

545 2347 1003 2415 appropinquante
1033 2344 1253 2407 Pascha,
1285 2353 1340 2398 ut
1362 2345 1411 2398 in
1444 2353 1593 2413 parte
1620 2342 1931 2396 feminarum
1949 2340 2134 2395 obser-

548 2438 691 2491 vanti
732 2436 796 2489 ad
839 2436 1205 2504 baptisterium
1229 2436 1337 2505 (b),
1368 2448 1718 2504 qurecumque
1760 2431 1835 2486 illi
1869 2430 2131 2498 baptizata

545 2527 795 2597 primitus
819 2526 1157 2592 occurrisset,
1177 2526 1411 2596 signaret
1434 2525 1483 2580 ei
1500 2524 1674 2579 locrrm
1693 2523 1842 2592 signo
1867 2520 2062 2576 Christi
2078 2523 2128 2575 ':

544 2618 704 2683 fecit,
732 2627 787 2673 et
829 2617 1110 2673 confestim
1162 2617 1361 2672 sanitas
1400 2624 1682 2671 consecuta
1719 2622 1820 2669 est.
1896 2611 2129 2667 Medicus

544 2725 677 2765 sane
713 2710 801 2781 qui
833 2709 881 2765 ei
929 2709 1158 2777 dixerat,
1191 2719 1247 2763 ut
1276 2708 1402 2763 nihil
1436 2706 1727 2762 curationis
1761 2704 2055 2767 adhiberet.
2085 2703 2129 2758 si

543 2800 702 2869 paulo
728 2799 926 2855 diutius
944 2799 1105 2855 vellet
1128 2799 1328 2862 vivere,
1371 2813 1491 2851 cum
1524 2795 1843 2865 inspexisset
1878 2810 1993 2849 eam
2032 2809 2129 2862 po-

542 2898 682 2955 stea,
707 2899 761 2945 et
784 2890 1116 2944 sanissimam
1144 2889 1521 2961 comperisset,
1544 2902 1700 2959 quam
1744 2886 1892 2959 prius
1933 2886 2130 2940 habere

544 2982 672 3037 illud
701 2982 896 3037 malum
919 2982 1008 3037 tali
1039 2982 1366 3052 inspectione
1390 2989 1712 3053 cognoverat
1739 3020 1754 3045 ,
1780 2978 2028 3046 qumsivit
2061 2978 2129 3033 ab

544 3088 606 3126 ca
660 3073 1004 3129 vehementer
1047 3073 1172 3144 qrrid
1227 3072 1641 3137 adhibuisset‘;
1675 3071 1915 3139 cupiens,
1955 3084 2129 3137 quan-

545 3172 656 3217 tum
680 3164 902 3233 intelligi
930 3164 1105 3228 datur,
1138 3178 1296 3219 nosse
1320 3163 1786 3227 medicamentum,
1804 3172 1911 3230 quo
1933 3159 2130 3227 Hippo-

540 3255 702 3309 cratis
729 3255 966 3310 defmitio
987 3256 1303 3309 vinceretur.
1335 3254 1573 3322 Cumque
1595 3252 1662 3304 al)
1691 3267 1752 3306 ea
1778 3251 1901 3321 quid
1930 3250 2127 3304 facttrm

541 3354 684 3398 esset
712 3345 946 3400 audisset
964 3387 981 3413 ,
1007 3360 1137 3399 voce
1174 3345 1319 3398 velut
1355 3342 1743 3399 contemnentis
1766 3352 1820 3397 et
1847 3342 1991 3395 vultu
2011 3381 2026 3407 ,
2057 3341 2125 3393 ita

543 3446 601 3488 ut
650 3436 738 3490 illa
787 3445 1049 3491 metueret
1083 3452 1149 3491 ne
1185 3434 1396 3505 aliquod
1444 3434 1883 3489 contumeliosum
1908 3433 2125 3487 verbum

542 3527 806 3598 proferret
837 3529 887 3583 in
928 3527 1221 3589 Christum,
1271 3526 1516 3597 religiosa
1562 3525 1859 3581 urbanitate
1902 3540 2127 3593 rcSpon-

540 3620 684 3676 disse
731 3621 895 3675 fertrrr
927 3620 1241 3686 :Putabam,
1297 3619 1485 3689 inquit,
1536 3633 1783 3688 magrmm
1834 3616 2030 3687 aliquid
2078 3627 2127 3671 te

541 3711 670 3765 mihi
711 3710 869 3765 fuisse
900 3710 1182 3766 dicturam.
1207 3711 1377 3778 Atque
1421 3710 1507 3763 illa
1536 3709 1643 3776 jam
1683 3708 2123 3772 exhorrescentc,

542 3817 664 3857 mox
694 3802 896 3856 addidit
924 3820 937 3855 :
969 3801 1103 3869 Quid
1129 3802 1329 3870 grande
1361 3801 1476 3856 fecit
1504 3800 1747 3855 Christus
1778 3815 1967 3855 sanare
1994 3815 2126 3853 can-

539 3894 806 3963 crum,qui
827 3894 1235 3963 quatridrranrrm
1251 3904 1517 3949 mortrrum
1538 3893 1811 3947 suscitavit
1828 3891 2004 3962 (Joan.
2025 3894 2127 3963 XI)?

540 3984 654 4038 lloc
679 4000 779 4053 ego
806 4000 926 4039 cum
956 3984 1255 4050 audissem,
1279 3994 1331 4039 et
1355 3984 1699 4039 veherucnter
1728 3982 2123 4046 stomacharer,

541 4074 595 4129 in
628 4075 714 4129 illa
743 4075 962 4130 civitate
990 4085 1149 4146 atque
1185 4076 1236 4129 in
1268 4076 1353 4129 illa
1395 4090 1618 4145 persona
1640 4114 1655 4139 ,
1687 4090 1790 4128 non
1820 4076 2002 4143 trtique
2030 4073 2127 4128 ob-

544 4182 722 4231 scura,
749 4168 946 4222 factum
977 4177 1082 4222 tam
1123 4168 1308 4239 ingens
1331 4168 1643 4223 miraculum
1671 4167 1748 4222 sic
1771 4168 1936 4223 latere
1959 4209 1973 4233 ,
2001 4167 2126 4223 hinc

540 4270 659 4309 eam
683 4265 735 4310 et
767 4256 1154 4311 adrnonendam
1199 4266 1254 4312 et
1306 4273 1442 4325 pene
1489 4257 1868 4328 objurgandam
1924 4259 2122 4327 putavi.

540 4344 673 4411 Qua:
692 4360 812 4399 cum
833 4345 961 4399 mihi
977 4346 1332 4414 respondisset
1354 4363 1456 4400 non
1472 4362 1530 4403 se
1550 4348 1671 4402 inde
1692 4349 1918 4403 tacuisse
1938 4390 1953 4415 ,
1980 4365 2127 4419 quae-

607 4502 625 4535 ι
661 4508 725 4551 tta
744 4504 1071 4572 manuscripti.
1098 4510 1152 4572 at
1169 4503 1283 4572 editi
1304 4504 1438 4552 \‘ind.
1464 4512 1563 4572 Am.
1582 4511 1678 4572 ῐιῖιζἼ
1697 4505 2125 4572 arrt,_ut_alr’qrmnto

540 4561 682 4630 (roma
704 4561 1063 4630 quietirtsrirfat,
1087 4564 1305 4628 fomentis
1320 4572 1400 4614 es!
1412 4565 1554 4630 pestis
1576 4561 1841 4630 mitigando
1861 4561 2124 4629 Πρώμνη-

543 4625 667 4690 ιηιης.Δ
679 4624 798 4690 sum
819 4631 870 4675 ut
904 4624 1018 4676 inde
1035 4624 1247 4690 mortem
1259 4624 1599 4690 quantumlibet
1616 4624 1804 4677 tardius
1841 4624 2124 4690 adfuturam

540 4682 860 4757 Squgﬁrlqmus,
884 4688 1147 4757 secundum
1187 4682 1507 4757 Hippocratis,
1530 4696 1598 4757 ,ται
1619 4691 1801 4757 fertur,
1821 4682 2120 4757 sententiam.

540 4748 690 4796 Fditio
722 4755 854 4807 tom,
878 4756 979 4806 aut,
997 4754 1057 4812 με
1079 4748 1322 4812 aliquanto
1337 4748 1478 4812 homo
1507 4748 1687 4801 diutius
1711 4750 1850 4809 rirat,
1873 4766 1987 4801 nam
2008 4751 2124 4803 inde

539 4816 742 4878 mortem
759 4808 1098 4878 qrrantrunlibet
1121 4808 1309 4878 tardius
1329 4810 1627 4874 adfulrrrmu,
1657 4808 1921 4863 secundum
1943 4814 2123 4877 Hippo-

539 4870 706 4926 crrm's,
731 4870 780 4919 ut
801 4870 974 4932 fertur,
998 4872 1294 4932 seruengtianr.

606 4932 626 4994 ξ
661 4933 774 4994 \‘ind
801 4930 902 4994 Am.
929 4938 980 4994 et
1002 4939 1096 4994 Er.,
1121 4930 1257 4994 signo
1281 4931 1442 4994 crucis
1464 4932 1658 4994 rfrristi.

606 4993 627 5099 ἶ
653 4993 796 5101 stiti,
814 4992 938 5101 lquid
963 4992 1255 5044 adhibrriSset
1287 4992 1564 5044 curationis.
1605 4997 1766 5055 Abest,
1791 4994 2070 5055 curationis,
2093 5010 2122 5045 a

620 5067 649 5100 11
690 5065 709 5079 ‘
764 5070 810 5101 ll;
836 5067 892 5101 IS.

540 5064 892 5115 "numquis.

604 5111 682 5187 (α)
712 5111 1343 5187 tvimirumguandogmcer
1387 5115 1471 5187 ille
1504 5116 1762 5187 invaluerit
1783 5124 1836 5167 et
1877 5118 2124 5187 perfectus

541 5172 707 5224 fuerit.
732 5183 861 5239 Lege
884 5172 1132 5237 Calenum,
1154 5176 1539 5241 Therapeutieon
1570 5178 1629 5227 ad
1652 5172 1937 5230 clauooném
1961 5180 2045 5229 lib.
2072 5181 2120 5241 ἓ,

542 5248 649 5287 can.
678 5238 752 5287 10.
777 5244 1025 5287 ϐοοωευε.

542 5248 649 5293 cap.
678 5244 752 5287 10.
777 5244 1025 5293 ϐοοωῑυε.

604 5250 649 5297 p.
678 5250 752 5287 tu.
777 5250 1025 5293 cocorum.

602 5296 686 5371 (ὁ)Δ
711 5306 945 5371 Tempora
984 5298 1245 5371 antiquitus
1267 5301 1501 5371 Baptismo
1532 5300 1809 5371 r‘rtescripta
1850 5308 1989 5371 extra
2016 5315 2123 5371 ﬁne-

543 5360 845 5427 cessitatem'
869 5360 1021 5427 fuisse
1040 5360 1214 5427 Pascha
1253 5370 1305 5411 et
1331 5360 1687 5427 't‘entecosteu,
1711 5360 1899 5427 constat
1922 5376 1985 5427 ex
2007 5370 2123 5427 Ter-

545 5417 760 5485 tulliano,
779 5421 903 5471 libro
919 5422 983 5485 de
1006 5425 1257 5483 Baptismo,
1283 5436 1388 5484 cap.
1416 5424 1505 5473 19:
1532 5426 1631 5485 qui,
1666 5417 1688 5469 ἁ
1718 5425 1872 5483 Diem,
1898 5440 1920 5467 υ
1950 5425 2122 5485 inquit,

551 5496 572 5522 ιι
599 5482 842 5546 Baptismo
882 5482 1228 5546 solemniorem
1266 5482 1448 5546 Pascha
1473 5482 1684 5546 praestat,
1725 5482 1925 5534 cumet
1965 5482 2125 5546 passio

550 5556 571 5582 α
605 5542 881 5606 Domini,_in
903 5556 998 5606 qua
1013 5545 1260 5606 tingimur,
1282 5542 1539 5599 adimpléta
1565 5553 1658 5593 est.
1684 5546 1865 5594 Exinde
1888 5542 2123 5595 t’euteco~

548 5615 573 5667 ε
595 5609 672 5649 ste
694 5617 717 5645 ι
748 5603 823 5667 _(_id
849 5603 1017 5667 est,iut
1038 5603 1248 5667 loduitur
1272 5608 1319 5655 in
1348 5608 1474 5655 libro
1509 5606 1574 5654 de
1595 5613 1777 5655 Corona
1806 5606 1987 5663 militis,
2012 5619 2119 5667 cap.

539 5658 646 5734 3,_¢
680 5675 708 5710 a
731 5658 1025 5734 diapasehze
1059 5658 1234 5734 usque
1254 5667 1311 5715 ad
1336 5674 1655 5716 Pentecosten
1677 5684 1701 5711 ι
1734 5668 1751 5727 )
1784 5685 1821 5734 ιΔ
1850 5658 2125 5734 ordinandis

548 5737 572 5767 α
598 5723 798 5790 lavacris
820 5723 1100 5790 latissimum
1118 5723 1321 5790 spatium
1346 5736 1423 5777 est
1446 5741 1458 5776 :
1486 5741 1582 5790 quo
1613 5737 1665 5777 et
1689 5723 1874 5777 Domini
1897 5740 2124 5790 resurre-

548 5796 574 5828 ι
597 5788 692 5834 etio
713 5785 1126 5855 tuterpiscipulos
1146 5785 1476 5851 'frequentala
1504 5785 1612 5851 "est,
1662 5798 1713 5838 ct
1734 5790 1889 5853 gratia
1927 5789 2126 5852 Spiritus

551 5859 574 5889 ι
596 5848 746 5899 sancti
769 5845 1008 5897 dedicata.
1030 5845 1275 5902 Coeuausl

1659 408 1747 464 DE
1783 404 2104 465 CIVITATE
2144 403 2279 474 DEI,
2318 404 2379 462 S.
2418 405 2781 464 AUGUSTINI
3692 421 3759 480 itit

2253 518 2352 573 sivi
2383 519 2451 575 ab
2469 520 2569 585 eis,
2599 535 2733 601 quas
2758 521 2892 577 forte
2917 528 3041 577 tunc
3070 530 3342 579 matronas
3365 525 3673 585 amicissima:
3699 550 3759 589 se-

2248 621 2370 663 cum
2392 608 2638 675 habebat,
2668 620 2845 665 utrum
2887 612 2989 667 hoc
3024 621 3180 669 antea
3228 617 3470 670 scissent.
3515 617 3758 689 Responde-

2249 706 2374 751 runt
2396 712 2456 752 se
2476 700 2695 754 omnino
2716 701 2970 756 nescisse.
2992 702 3149 770 Ecce,
3177 702 3419 773 inquam,
3439 709 3672 775 quomodo
3686 728 3759 767 uel

2250 796 2413 854 taces,
2445 799 2503 844 ut
2528 791 2761 846 necista:
2786 791 3021 858 audiant,
3040 808 3158 864 qua:
3188 794 3281 848 tibi
3312 804 3456 849 tanta
3479 796 3762 858 familiaritate

2246 877 2560 948 iunguntur.
2590 880 2657 935 Et
2677 882 2798 951 quia
2825 881 3056 938 breviter
3079 883 3145 938 ab
3169 899 3232 939 ea
3262 886 3614 953 quaesiverarn,
3636 890 3763 947 fceint

2248 968 2353 1023 illis
2374 970 2711 1027 audientibus
2729 972 3060 1043 multumque
3084 975 3406 1030 mirantibus
3421 986 3473 1031 et
3490 978 3762 1048 gloriﬁcanti-

2247 1057 2349 1113 bus
2378 1060 2566 1125 Deum,
2598 1070 2765 1117 totum
2793 1078 2858 1119 ex
2889 1063 3076 1119 ordine
3096 1104 3111 1130 ,
3139 1064 3577 1135 quemadmodum
3605 1082 3760 1139 gestum

2248 1149 2425 1219 fuerit,
2454 1153 2732 1210 indicaret.

2314 1242 2371 1298 4.
2409 1243 2667 1299 Medicum
2690 1247 2708 1278 ί
2734 1246 3016 1316 quemdam
3047 1247 3340 1317 podagrum
3372 1250 3427 1304 in
3450 1250 3619 1305 eadem
3638 1254 3759 1316 urbe,

2244 1332 2335 1400 qui
2387 1348 2507 1387 cum
2550 1333 2789 1390 dedisset
2824 1352 3015 1391 nomen
3071 1337 3138 1391 ad
3184 1338 3529 1407 Baptismum,
3550 1351 3598 1395 et
3636 1344 3762 1411 pridie

2243 1440 2400 1493 quam
2427 1426 2804 1496 baptizaretur,
2825 1429 2876 1482 in
2904 1429 3104 1484 somnis
3122 1445 3151 1482 a
3174 1431 3356 1499 pueris
3378 1431 3536 1500 nigris
3552 1433 3760 1493 cirratis'.

2242 1531 2376 1585 quos
2433 1518 2759 1589 intelligebat
2807 1520 3112 1583 daemones,
3156 1522 3416 1591 baptizari
3457 1524 3626 1579 eodem
3658 1542 3762 1582 anno

2243 1609 2541 1676 prohibitus
2584 1610 2803 1678 luisset,
2844 1612 3029 1681 eisque
3072 1628 3178 1667 non
3229 1612 3609 1683 obtemperans,
3643 1618 3760 1670 etiam

2242 1701 2678 1758 conculcantibus
2723 1704 2886 1773 pedes
2926 1704 3044 1773 ejus
3082 1705 3133 1759 in
3178 1706 3424 1760 dolorem
3460 1708 3759 1773 acerrimum,

2240 1792 2448 1861 qualem
2475 1810 2740 1864 nunquam
2778 1806 3030 1864 expertus
3055 1806 3137 1851 est
3155 1839 3171 1863 ,
3200 1798 3331 1852 isset
3356 1798 3400 1863 ³,
3420 1800 3665 1869 magisque
3695 1817 3762 1855 eos

2240 1884 2457 1939 vincens
2478 1886 2686 1940 lavacro
2718 1888 3154 1957 regenerationis,
3184 1897 3243 1943 ut
3274 1900 3510 1955 voverat,
3538 1891 3658 1945 ablui
3684 1908 3761 1946 non

2240 1976 2548 2042 distulisset,
2582 1978 2633 2032 in
2665 1978 3115 2050 Baptismateipso
3141 1995 3247 2034 non
3283 1981 3458 2035 solum
3482 1981 3662 2045 dolore,
3684 1998 3763 2052 quo

2240 2070 2375 2123 trltra
2402 2070 2617 2124 solitum
2659 2072 3009 2135 cruciabatrrr,
3047 2088 3231 2127 verum
3262 2073 3427 2128 etiam
3470 2073 3671 2143 podagra
3694 2090 3760 2128 ca-

2238 2161 2409 2217 ruisse
2429 2201 2445 2228 ,
2490 2177 2590 2216 nec
2615 2163 2845 2231 amplius
2863 2205 2876 2226 ,
2909 2179 3028 2219 cum
3055 2164 3144 2218 diu
3167 2173 3355 2235 postea
3386 2166 3618 2231 vixisset,
3645 2165 3763 2233 pedes

2236 2253 2468 2309 doluisse
2492 2256 2609 2324 quis
2636 2256 2817 2309 novit?
2839 2255 2946 2310 Nos
2973 2266 3147 2311 tamen
3179 2257 3429 2311 novimus
3449 2299 3464 2324 ,
3490 2265 3540 2312 et
3563 2257 3764 2327 paucissi-

2237 2345 2307 2399 mi
2331 2344 2518 2400 fratres
2536 2345 2603 2399 ad
2623 2362 2756 2415 quos
2778 2345 2827 2399 id
2855 2347 3023 2414 potuit
3050 2348 3353 2416 pervenire.

2307 2437 2362 2493 5.
2403 2438 2479 2492 Ex
2507 2437 2712 2494 mimo‘
2739 2439 2954 2507 quidam
3002 2438 3382 2513 Curuhitauus,
3428 2456 3529 2496 non
3568 2442 3709 2496 solum
3740 2458 3761 2495 a

2237 2530 2485 2600 paralysi,
2516 2546 2699 2584 verum
2722 2530 2882 2585 etiam
2903 2529 2971 2583 ab
2993 2530 3203 2585 informi
3231 2531 3468 2601 pondere
3491 2532 3760 2601 genitalium,

2235 2633 2355 2672 cum
2398 2619 2774 2690 baptizaretur,
2831 2620 3007 2675 salvus
3049 2620 3271 2675 clTectus
3313 2630 3430 2684 est;
3470 2630 3521 2676 et
3567 2621 3762 2675 liberatus

2235 2720 2462 2780 utraque
2490 2710 2765 2775 molestia,
2799 2719 3050 2780 tauquam
3094 2711 3217 2764 mali
3267 2711 3403 2765 nihil
3449 2710 3687 2765 habuisset
3724 2712 3760 2762 in

2234 2819 2478 2870 corpore,
2508 2802 2575 2859 de
2600 2802 2745 2858 fonte
2764 2803 3179 2873 regenerationis
3224 2804 3489 2859 ascendit.
3529 2803 3643 2872 Quis
3677 2803 3753 2857 hoc

2237 2904 2434 2965 prmter
2463 2893 2717 2948 Currrbim
2744 2895 2907 2958 novit,
2940 2904 2993 2948 et
3037 2903 3233 2963 praater
3261 2895 3563 2949 rarissimus
3600 2894 3759 2961 aliquos

2235 2986 2323 3054 qui
2351 2986 2450 3041 hoc
2477 2985 2795 3053 ubicumque
2821 2985 3006 3039 audire
3032 2986 3354 3055 potuerunt?
3377 2986 3480 3041 Nos
3502 2994 3653 3040 autem
3672 3000 3758 3039 cum

2235 3076 2336 3130 hoc
2356 3076 2824 3145 comperissemus,
2847 3076 3066 3145 jubente
3091 3085 3275 3131 sancto
3301 3077 3549 3146 episcopo
3572 3075 3758 3137 Aurelio,

2235 3167 2394 3221 etiam
2452 3175 2510 3221 ut
2555 3167 2760 3222 veniret
2800 3166 3169 3236 Carthaginem
3203 3166 3467 3221 fecimus:
3494 3166 3701 3236 quamvis
3738 3180 3759 3217 a

2234 3259 2430 3313 talibrrs
2450 3259 2592 3327 prius
2612 3257 2956 3323 audierimus,
2973 3256 3041 3312 de
3066 3273 3293 3327 quorum
3324 3257 3427 3312 lide
3447 3257 3664 3311 dubitare
3684 3270 3758 3307 non

2236 3363 2531 3418 possemus.

2304 3441 2357 3493 6.
2401 3439 2493 3493 \‘ir
2517 3438 2821 3493 tribunitius
2854 3437 3141 3506 Hesperius
3166 3438 3306 3505 apud
3338 3438 3359 3468 ⁸
3387 3452 3482 3491 uos
3509 3446 3609 3499 est;
3644 3433 3759 3486 habet

2234 3531 2286 3585 in
2320 3531 2587 3585 territorio
2608 3529 2909 3584 Fussalensi
2935 3528 3148 3582 fundrrm
3173 3526 3382 3581 Zuhedi
3408 3528 3429 3558 ⁸
3457 3526 3754 3596 appellamur:

2234 3622 2320 3676 uhi
2346 3637 2467 3676 cum
2513 3620 2802 3676 afﬂictione
2843 3620 3148 3674 animalium
3190 3629 3244 3672 et
3283 3633 3553 3673 servorum
3592 3629 3756 3669 suorum

2232 3713 2450 3767 domum
2471 3727 2621 3767 suam
2650 3711 2930 3781 spirituum
2960 3710 3316 3779 malignorum
3347 3711 3451 3763 vim
3472 3709 3757 3775 noxiamper-

2235 3804 2339 3875 peti
2367 3803 2716 3872 comperisset
2744 3843 2760 3869 ,
2799 3801 3003 3869 rogavit
3041 3810 3275 3863 nostros,
3314 3817 3402 3854 me
3428 3802 3646 3860 absente,
3671 3810 3756 3864 pre-

2232 3896 2497 3966 sbyteros,
2538 3904 2596 3950 ut
2620 3894 2812 3965 aliquis
2841 3909 3026 3950 eorum
3073 3894 3163 3947 illo
3195 3902 3463 3963 pergeret,
3492 3892 3626 3961 cujus
3660 3903 3750 3941 or:-

2236 3985 2468 4040 tionibus
2487 3985 2758 4040 cederent.
2781 3984 3021 4039 Perrexit
3040 3983 3400 4049 unus,obtulit
3418 3985 3482 4037 ibi
3502 3981 3754 4037 sacrifm'um

2232 4075 2475 4144 corporis
2522 4074 2757 4139 Christi,
2793 4090 2952 4130 orans
2978 4083 3232 4144 quantum
3263 4076 3455 4143 potuit,
3482 4086 3531 4127 ut
3576 4080 3754 4126 cessaret

2232 4167 2320 4221 illa
2350 4168 2559 4222 vexatio
2594 4184 2607 4221 :
2641 4167 2752 4222 Deo
2790 4167 3029 4236 protinus
3052 4167 3347 4221 miserante
3371 4168 3599 4221 cessavit.
3632 4168 3753 4217 Acce-

2231 4268 2384 4330 perat
2420 4268 2597 4314 autem
2626 4258 2694 4313 ab
2717 4258 2890 4312 amico
2920 4273 3015 4311 suo
3062 4267 3256 4312 terram
3295 4269 3528 4312 sanctam
3556 4257 3614 4309 de
3643 4254 3753 4307 iero-

2230 4351 2449 4422 solymis
2475 4350 2710 4415 allatam,
2751 4348 2839 4403 ubi
2870 4349 3106 4418 seprrltus
3131 4349 3383 4403 Chrisrus
3413 4350 3496 4403 die
3532 4349 3664 4402 tertio
3696 4360 3753 4397 re-

2230 4441 2493 4504 surrexit;
2533 4455 2756 4509 eamque
2808 4440 3158 4508 suspenderat
3202 4441 3251 4494 in
3295 4442 3535 4495 euhicrrto
3574 4453 3672 4503 suo,
3709 4450 3749 4488 ηε

2230 4530 2355 4600 qrrid
2389 4531 2509 4584 mali
2543 4531 2704 4585 etiam
2733 4531 2847 4597 ipse
2893 4540 3177 4599 pateretur.
3210 4532 3280 4585 At
3337 4532 3426 4585 ubi
3472 4530 3640 4585 domus
3672 4528 3753 4592 ejus

2232 4624 2299 4677 ab
2328 4625 2412 4677 illa
2468 4623 2806 4678 infestatione
2847 4632 3066 4692 purgata
3119 4632 3220 4685 est,
3262 4624 3392 4692 quid
3439 4622 3503 4677 de
3550 4622 3622 4675 illa
3653 4628 3750 4671 tem

2232 4714 2403 4781 fieret,
2425 4714 2716 4783 cegitabat;
2744 4728 2899 4784 quam
2934 4713 3130 4767 diutius
3161 4712 3215 4766 in
3244 4714 3491 4768 cubieulo
3526 4728 3611 4766 suo
3640 4722 3749 4762 reve-

2230 4806 2416 4862 rentia:
2435 4821 2592 4861 causa
2628 4806 2823 4860 habere
2851 4804 3081 4859 nolebat.
3108 4803 3270 4858 Forte
3298 4805 3518 4870 accidit,
3556 4811 3605 4855 ut
3624 4814 3697 4868 ego
3715 4806 3749 4849 et

2229 4897 2432 4966 collega
2481 4905 2606 4951 tunc
2660 4912 2813 4951 meus
2865 4896 3147 4966 episc0pus
3195 4896 3481 4952 Sinitcnsis
3522 4896 3540 4927 τ
3567 4888 3749 4948 ecclesia

2294 5052 2309 5083 ι
2346 5050 2479 5114 \‘ind.
2498 5057 2595 5098 Am.
2616 5055 2693 5097 Er.
2721 5052 2772 5098 et
2792 5050 3008 5114 quinque
3033 5056 3136 5096 Mss.
3158 5048 3405 5111 prmlrent,
3434 5046 3714 5114 mendicat.”

2292 5114 2313 5144 ²
2345 5111 2479 5160 Vind.
2508 5121 2605 5159 Am.
2630 5117 2724 5169 Ern,
2748 5109 2945 5160 curatis.
2969 5118 3023 5159 At
3044 5109 3228 5158 Iovlet
3244 5110 3564 5169 manusuipti,
3580 5109 3742 5156 citrum.

2229 5174 2275 5223 id
2302 5181 2395 5231 est,
2410 5174 2625 5223 crinitis:
2646 5185 2754 5233 nam
2782 5173 2935 5221 cirros
2956 5172 3123 5231 capitis
3143 5185 3309 5221 cnnes
3332 5173 3651 5233 interpretatur
3663 5173 3742 5213 500-

2230 5236 2358 5283 nius.
2384 5234 2619 5293 Martialis,
2646 5232 2728 5295 lib.
2746 5233 2797 5295 _9.
2813 5234 2972 5295 epigr.
2994 5233 3054 5281 50
3080 5246 3091 5280 :

2417 5304 2509 5345 Nec
2534 5291 2755 5345 matutini
2777 5291 2961 5344 cirrata
2982 5300 3174 5343 caterva
3208 5291 3447 5355 magistri.

2297 5359 2318 5391 ³
2350 5357 2487 5405 Vind.
2514 5366 2613 5406 Am.
2643 5363 2694 5405 et
2714 5355 2897 5418 aliquot
2920 5364 3043 5413 Mss,
3064 5362 3333 5418 wstrrasset.
3393 5416 3430 5418 V_
3546 5395 3553 5404 .
3673 5408 3679 5417 ,
3722 5406 3726 5412 _

2295 5418 2317 5450 ⁸
2348 5418 2465 5466 Fditi
2492 5431 2595 5481 pro,
2625 5425 2695 5466 Ea:
2716 5416 2879 5481 ntimo,
2901 5418 3098 5481 habent,
3118 5426 3155 5465 1-:
3177 5416 3333 5481 uicino
3356 5416 3527 5481 :idque
3546 5418 3745 5481 super!“

2230 5481 2322 5529 bus
2337 5481 2401 5528 ita
2419 5476 2740 5541 conjunctum,
2762 5479 2826 5527 ad
2851 5492 2966 5541 quos
2989 5476 3211 5541 rdpotm’t
3235 5476 3481 5539 pervenire
3500 5489 3526 5525 ε
3547 5476 3684 5523 riam.

2294 5543 2316 5609 ξ
2351 5541 2488 5609 editi,
2509 5539 2596 5609 qui
2616 5542 2766 5609 apud.
2794 5539 2959 5609 abest,
2978 5539 3077 5603 qui,
3102 5552 3130 5587 a
3154 5546 3263 5609 atss;
3318 5608 3329 5609 ί
3389 5607 3396 5609 Α
3465 5599 3475 5609 σ
3527 5605 3551 5609 _
3586 5588 3671 5609 L1:

2292 5602 2446 5712 fmilia?
2469 5591 2667 5651 bdbedt'.
2690 5608 2898 5660 Quatuor
2922 5591 3048 5662 nisi,
3066 5591 3283 5650 'Zabedi.
3306 5599 3493 5658 ueteri,
3521 5591 3671 5646 καινέΔὶ
3686 5599 3745 5649 ap-

2266 5676 2453 5711 (νιιαιαν.

2231 5677 2694 5786 Ρίιιᾝζῇἰᾈηι-Ειι.
2722 5730 2774 5786 et
2796 5730 2924 5776 ιον..
2945 5719 3229 5786 syrriccusjv.
3257 5722 3414 5779 \‘ind.,
3438 5713 3694 5786 ςῃιιὲειιπξὶἥ
3710 5714 3743 5786 Af

2233 5793 2358 5853 3155.,
2378 5772 2658 5853 ’δξιζὶζιηιδὶδη
2691 5784 2807 5833 \ide
2846 5772 3095 5851 Epistulam
3130 5784 3210 5846 25,
3250 5797 3358 5837 cum
3384 5772 3491 5835 uoti
3508 5791 3601 5845 qua!
3619 5774 3669 5824 de
3685 5772 3743 5821 Ιλλί

2238 5849 2388 5897 verbo
2412 5846 2589 5897 ibidem
2614 5846 2798 5898 tractat.
