3996 6522
233 437 335 493 Ἱϋῧ

233 546 332 600 loci
378 543 626 612 episcopo
649 582 661 603 ,
690 551 749 594 ut
795 539 1027 595 libellum
1053 537 1226 603 daret,
1270 538 1358 606 qui
1405 535 1716 589 recitaretur
1747 533 1796 585 iu

233 633 463 704 pepulo;
505 641 558 686 et
600 630 1032 684 obcdientissime
1071 628 1245 697 paruit
1280 625 1377 700 (a).
1410 626 1465 680 ιιι
1495 639 1600 694 quo
1632 623 1806 692 posuit

233 723 415 786 etiam,
444 719 583 790 quod
616 719 700 772 hic
725 719 951 773 reticere
978 733 1083 771 non
1111 731 1346 786 possum,
1377 713 1623 784 quamvis
1648 711 1714 765 ad
1743 726 1804 764 ea

233 826 351 879 qua:
373 810 474 863 hoc
497 823 632 878 opus
658 817 866 877 urgent,
895 807 1145 862 festinare
1166 805 1476 874 compellar.
1504 805 1545 856 Α
1573 801 1806 872 quodam

233 901 418 956 .ludaao
443 900 578 955 dixit
605 900 704 954 sibi
728 881 889 954 fuisse
913 911 1244 966 persuasum,
1273 904 1332 949 ut
1368 896 1618 948 annulum
1641 895 1807 964 capil-

235 995 360 1048 latio
403 992 612 1062 cingulo
645 993 660 1024 ¹
695 992 988 1056 insereret,
1034 988 1176 1059 quod
1220 988 1320 1043 sub
1361 987 1506 1041 omni
1551 995 1700 1040 veste
1739 985 1806 1039 ad

239 1083 379 1139 nuda
417 1085 657 1153 corporis
697 1084 1030 1152 cingeretur:
1058 1082 1146 1150 qui
1185 1081 1413 1134 annulus
1452 1079 1672 1132 haberet
1709 1077 1808 1132 sub

241 1191 448 1246 gemma
478 1175 705 1246 lapidem
735 1175 784 1227 in
822 1175 1040 1229 renibus
1066 1173 1333 1226 inventum
1362 1171 1530 1225 bovis.
1562 1171 1670 1223 Hoc
1694 1169 1812 1224 alli-

240 1278 361 1338 gata
385 1269 534 1338 quasi
565 1267 804 1322 remedio
835 1267 898 1319 ad
940 1265 1106 1319 sancti
1134 1264 1377 1333 Martyris
1415 1264 1594 1316 limina
1623 1261 1809 1316 venie-

244 1359 350 1412 bat.
391 1358 494 1413 Sed
529 1359 758 1428 profccta
787 1371 816 1410 a
843 1355 1160 1426 Carthagine
1181 1396 1196 1421 ,
1223 1370 1343 1408 cum
1375 1355 1424 1407 iu
1455 1353 1683 1408 confinio
1711 1352 1810 1407 llu-

242 1450 399 1502 minis
426 1447 675 1518 Bagradte
697 1449 746 1500 in
772 1462 864 1502 sua
892 1447 1228 1517 possessione
1255 1446 1555 1508 mansisset,
1586 1459 1810 1512 surgens

239 1550 295 1593 ut
340 1540 441 1593 iter
481 1549 775 1608 perageret,
825 1548 950 1593 ante
993 1537 1154 1608 pedes
1199 1551 1324 1592 suos
1364 1537 1512 1590 illum
1545 1535 1811 1606 jacentcm

239 1633 491 1700 annulum
523 1633 682 1697 vidit,
713 1641 767 1686 et
792 1632 1112 1701 capillatiam
1141 1645 1327 1684 zonam
1364 1645 1466 1700 qua
1494 1628 1666 1684 fuerat
1693 1629 1814 1682 alli-

239 1733 408 1793 gatus,
439 1725 624 1779 mirata
659 1725 899 1778 tentavit.
929 1723 1096 1792 Quam
1127 1737 1245 1776 eum
1274 1721 1492 1774 omnino
1522 1720 1630 1773 suis
1657 1718 1812 1773 nodis

241 1815 596 1882 firmissimis,
643 1815 778 1869 sicut
829 1813 1038 1878 fuerat,
1087 1811 1434 1881 comperisset
1479 1809 1808 1874 adstrictam,

239 1906 510 1974 crepuisse
556 1915 713 1974 atque
763 1905 1039 1958 exsiluisse
1081 1903 1332 1956 annulum
1377 1902 1640 1970 suSpicata
1685 1911 1809 1955 est:

239 1999 329 2068 qui
373 1999 535 2052 etiam
581 1997 694 2066 ipse
737 2011 856 2050 cum
901 1995 1271 2065 integerrimus
1316 1993 1500 2048 fuisset
1543 1993 1808 2057 inventus,

243 2089 432 2143 futurae
454 2087 641 2142 salutis
665 2087 1058 2158 quodaminodo
1083 2087 1276 2157 pignus
1300 2084 1366 2140 de
1389 2095 1533 2140 tanto
1557 2084 1813 2140 miraculo

239 2193 301 2233 se
319 2178 587 2248 accepisse
605 2177 958 2247 praesumpsit,
981 2186 1139 2246 atque
1166 2175 1294 2230 illud
1319 2176 1582 2231 vinculqu
1608 2177 1682 2246 (ὁ)
1705 2177 1813 2230 sol-

241 2284 393 2336 vens,
422 2269 579 2323 simul
620 2284 741 2323 cum
769 2268 957 2324 eodem
986 2268 1204 2333 annulo,
1235 2267 1456 2337 projecit
1494 2267 1545 2321 in
1591 2267 1808 2322 flumen.

243 2361 356 2415 Non
393 2361 658 2415 credunt'
688 2365 810 2425 hoc,
852 2361 939 2430 qui
980 2361 1138 2414 etiam
1181 2360 1458 2414 Dominum
1502 2359 1677 2415 Jesum
1722 2376 1816 2430 per

243 2453 447 2521 integra
490 2451 767 2521 virginalia
811 2452 994 2505 matris
1037 2451 1276 2515 enixum,
1317 2460 1369 2505 et
1411 2450 1478 2504 ad
1527 2451 1814 2519 discipulos

243 2544 396 2598 ostiis
421 2543 617 2596 clausis
645 2543 936 2610 ingressum
977 2540 1139 2594 fuisse
1166 2557 1268 2594 non
1296 2539 1520 2595 credunt
1545 2557 1558 2593 :
1590 2540 1684 2594 sed
1713 2539 1813 2595 hoc

244 2640 392 2687 certe
417 2641 674 2700 quaerant,
706 2639 779 2695 et,
811 2630 853 2684 si
894 2645 1076 2684 verum
1105 2629 1420 2693 invenerint,
1461 2629 1546 2683 illa
1577 2629 1812 2684 credant.

240 2721 550 2778 Clarissima
577 2720 767 2774 femina
794 2729 896 2784 cst,
923 2719 1172 2773 nobiliter
1194 2728 1335 2786 nata,
1363 2719 1610 2773 nobiliter
1631 2730 1814 2788 nupta,

243 2811 552 2881 Carthagini
600 2810 802 2864 habitat
845 2829 858 2864 :
901 2810 1074 2880 ampla
1119 2810 1327 2873 civitas,
1373 2810 1548 2880 ampla
1591 2824 1817 2879 persona

243 2919 359 2958 rem
389 2911 685 2973 quaerentes
731 2902 895 2956 latere
941 2918 1044 2956 nou
1088 2901 1234 2956 sinit.
1284 2901 1482 2972 Martyr
1505 2910 1650 2956 certe
1680 2902 1814 2970 ipse,

241 3011 350 3065 quo
377 2996 693 3064 impetraute
718 2995 802 3049 illa
828 3003 1010 3049 sanata
1032 3001 1132 3059 est,
1161 2993 1215 3048 in
1237 2992 1428 3048 Filium
1454 2993 1816 3064 permanentis

243 3086 464 3155 virginis
501 3085 748 3149 credidit,
791 3086 841 3138 in
871 3099 992 3139 eum
1023 3085 1112 3154 qui
1142 3083 1292 3138 ostiis
1333 3084 1526 3138 clausis
1554 3083 1620 3138 ad
1659 3083 1820 3137 disci-

244 3181 397 3249 pulos
446 3179 724 3249 ingressus
766 3186 883 3244 est,
929 3177 1151 3232 credidit
1196 3193 1210 3229 :
1257 3185 1558 3246 postremo,
1603 3183 1820 3246 propter

243 3273 386 3342 quod
413 3273 591 3327 omnia
622 3272 718 3327 ista
746 3271 997 3326 dicuntur
1020 3287 1049 3323 a
1081 3269 1252 3333 nobis,
1283 3269 1336 3322 in
1369 3284 1490 3324 eum
1519 3268 1609 3338 qui
1635 3283 1821 3322 ascen-

244 3369 322 3420 dit
349 3368 400 3420 in
429 3367 622 3422 cmlum
653 3383 770 3421 cum
799 3380 958 3419 carne
982 3407 995 3429 ,
1043 3365 1096 3418 in
1132 3380 1234 3433 qua
1264 3373 1630 3419 resurrexcrat
1653 3407 1666 3430 ,
1700 3380 1819 3418 cre-

245 3458 380 3511 didit
404 3475 418 3522 ;
463 3466 517 3512 et
545 3458 662 3511 ideo
689 3471 782 3526 per
808 3471 926 3509 cum
956 3462 1098 3508 tanta
1127 3455 1277 3517 fiunt,
1303 3456 1424 3524 quia
1462 3471 1558 3525 pro
1593 3455 1690 3508 ista
1719 3455 1822 3510 fide

245 3549 476 3602 animam
512 3548 703 3618 posuit.
735 3546 890 3600 Fiunt
919 3560 1044 3614 ergo
1089 3545 1250 3598 etiam
1283 3560 1421 3598 nunc
1465 3545 1627 3598 multa
1659 3545 1820 3598 mira-

245 3640 386 3703 cula,
415 3638 603 3693 eodem
635 3639 740 3690 Deo
766 3636 989 3690 faciente
1033 3649 1126 3703 per
1152 3648 1285 3704 quos
1313 3634 1455 3699 vult,
1495 3642 1548 3687 ct
1571 3633 1823 3703 quemad-

249 3729 466 3784 modum
497 3729 638 3794 vult,
671 3727 758 3798 qui
801 3737 852 3781 et
880 3727 965 3780 illa
998 3741 1115 3796 quae
1145 3727 1368 3796 legimus
1393 3724 1519 3780 fecit
1548 3742 1561 3778 :
1600 3725 1692 3778 sed
1723 3726 1820 3778 ista

248 3838 350 3876 nec
391 3821 636 3876 similiter
682 3823 1036 3884 innotescunt,
1080 3833 1274 3888 neque,
1307 3828 1363 3871 ut
1403 3832 1507 3871 non
1536 3817 1824 3872 cxcidant’

248 3915 450 3977 animo,
480 3914 628 3983 quasi
665 3913 847 3982 glarea
876 3911 1164 3975 meruerim,
1211 3909 1394 3964 crebra
1441 3909 1668 3963 lectione
1707 3917 1827 3962 ιιιιι-

249 4007 470 4060 duntur.
504 4003 634 4058 Nam
679 4012 732 4058 et
776 4003 863 4056 ubi
907 4001 1178 4071 diligentia
1221 4010 1335 4065 cst,
1363 4015 1480 4069 qua:
1522 4015 1660 4054 nunc
1688 3999 1825 4068 apud

252 4114 352 4151 nos
379 4111 498 4152 esse
541 4097 736 4166 coepit,
766 4104 821 4148 ut
847 4095 1010 4148 libelli
1037 4109 1218 4147 eorum
1247 4095 1333 4164 qui
1366 4093 1617 4147 benelicia
1651 4091 1824 4161 perci-

255 4190 427 4258 piunt,
469 4191 760 4241 recitentur
799 4187 849 4239 in
897 4186 1122 4255 populo,
1152 4185 1318 4239 semel
1347 4185 1450 4240 hoc
1478 4184 1695 4238 audiunt
1737 4184 1826 4252 qui

254 4281 470 4344 adsunt,
500 4281 783 4348 pluresque
811 4294 914 4331 non
956 4277 1182 4340 adsunt,
1209 4285 1267 4330 ιιι
1295 4292 1391 4331 nec
1423 4276 1496 4329 illi
1529 4275 1614 4344 qui
1643 4274 1828 4329 adfue-

259 4380 404 4436 runt,
439 4380 554 4440 post
580 4370 780 4438 aliquot
804 4370 940 4432 dics,
981 4370 1120 4436 quod
1154 4366 1454 4429 audierunt,
1485 4375 1660 4420 mente
1697 4365 1829 4418 reti-

255 4470 435 4525 neant,
481 4470 531 4514 et
560 4460 644 4513 vix
687 4461 962 4528 quisquam
989 4457 1328 4526 “reperiatur
1373 4457 1606 4522 illorum,
1647 4457 1734 4525 qui
1781 4455 1830 4509 ei

257 4567 416 4620 quem
449 4566 552 4605 non
582 4550 814 4605 adfuisse
843 4549 1174 4618 et-guoverit,
1213 4549 1406 4602 iudicet
1440 4547 1579 4617 quod
1610 4546 1828 4600 audivit.

330 4641 420 4694 29..
461 4641 634 4696 Unum
662 4649 742 4694 est
776 4640 914 4708 apud
947 4655 1043 4693 nos
1074 4638 1300 4701 factum,»
1340 4653 1445 4691 non
1476 4637 1645 4707 majus
1675 4651 1832 4706 quam

263 4734 351 4789 illa
370 4748 495 4802 ,qure
523 4732 631 4786 dixi
650 4772 665 4797 ,
695 4730 787 4784 sed
825 4739 930 4782 tam
958 4730 1160 4783 clarum
1187 4737 1346 4797 atque
1377 4728 1578 4781 illustre
1605 4727 1834 4780 miracu-

265 4828 395 4890 lum,
427 4835 482 4880 ut
510 4825 713 4880 nullum
742 4822 973 4876 arbitrer
997 4836 1116 4874 esse
1145 4819 1558 4889 Hipponensium
1577 4861 1591 4884 ,
1619 4820 1706 4888 qui
1736 4819 1838 4873 hoc

219 4908 234 4918 ’
265 4934 370 4972 non
411 4919 498 4973 vel
538 4917 748 4979 viderit,
798 4917 882 4970 vel
911 4913 1174 4977 didicerit,
1225 4913 1422 4966 nullttm
1468 4912 1556 4982 qui
1595 4911 1837 4966 oblivisci

265 5011 367 5063 ulla
397 5009 606 5063 ratione
632 5007 879 5076 potuerit.
911 5006 1102 5060 Decem
1129 5003 1342 5074 quidam
1370 5001 1558 5056 fratres
1584 5003 1835 5072 (quorum

263 5111 470 5169 septem
498 5108 622 5154 sunt
648 5114 843 5160 mares,
875 5108 982 5151 tres
1013 5093 1243 5164 feminze)
1274 5094 1340 5148 de
1362 5093 1602 5148 Cazsarea
1629 5092 1839 5160 Cappa-

265 5193 436 5247 docia:
461 5204 679 5245 suorum
722 5190 915 5244 civium
946 5203 1049 5242 non
1083 5186 1362 5256 ignobiles,
1407 5184 1688 5238 maledicto
1724 5199 1838 5236 ma-

271 5283 370 5339 tris
395 5283 617 5347 recenti,
647 5281 813 5350 patris
836 5294 1020 5334 eorum
1048 5278 1192 5332 obitu
1233 5276 1517 5337 destitutze,
1565 5289 1681 5344 quae
1707 5273 1844 5342 inju~

332 5459 348 5489 ί
386 5454 520 5502 vind.
549 5459 648 5500 Am.
674 5458 747 5500 Er.
775 5458 827 5501 et
857 5448 1208 5510 Mss.,t1’ncul0.

332 5521 354 5550 ί
389 5515 576 5577 Aliquot
597 5520 722 5568 tttss.,
748 5521 844 5561 Non
869 5507 1085 5577 credant.
1111 5519 1164 5563 Et
1183 5510 1394 5575 quidam,
1420 5516 1519 5559 Non
1535 5507 1751 5559 credent.

335 5580 356 5610 ³
391 5573 556 5624 Plures
581 5582 706 5630 Mss,
730 5573 984 5623 excedant.

335 5638 357 5701 ξ
391 5644 439 5686 tn
463 5634 923 5701 mss.,quisque.___
954 5694 1042 5701 ῃ-
1247 5695 1277 5701 __
1573 5690 1604 5701 ι.

337 5700 410 5760 (ι)
436 5699 533 5760 \jid.
561 5689 814 5760 sermones
835 5693 1046 5760 2518:3934
1064 5730 1078 5755 ,
1105 5701 1221 5760 tom.
1235 5695 1277 5760 ες
1298 5728 1313 5752 ,
1349 5705 1538 5760 necnon
1573 5690 1749 5741 librum
1784 5689 1848 5741 de

275 5753 508 5820 ttiiFacttlis
530 5766 576 5808 S.
593 5765 691 5820 Stei
707 5757 835 5820 hani,
860 5757 905 5804 in
933 5753 1075 5820 hujus
1097 5757 1213 5807 tomi
1235 5757 1264 5805 7
1289 5753 1580 5818 Appendice.

338 5819 412 5883 (ὸ)
444 5827 582 5872 Forte
599 5856 611 5880 ,
647 5817 904 5880 cingulum.

1343 423 1545 484 LIBER
1587 414 1946 478 VICESIMUS
1981 415 2331 474 SECUNDUS

3375 427 3478 482 ’ΠΟ

1916 525 2046 579 riam
2073 525 2172 578 sibi
2211 526 2278 578 ab
2317 528 2396 579 eis
2439 525 2627 582 factant
2653 529 2994 585 acerbissime
3020 531 3158 598 tulit,
3192 534 3279 587 tali
3329 551 3482 603 pmtta

1911 625 2034 670 sunt
2079 615 2330 670 divinitus
2377 620 2626 682 coerciti,
2673 631 2730 674 ut
2777 620 3103 677 horribiliter
3143 635 3486 694 quaterentur

1913 723 2100 763 omnes
2127 717 2360 763 tremore
2387 710 2746 766 membrorum
2778 730 2789 763 :
2820 713 2870 766 in
2902 730 3003 783 qua
3042 715 3330 770 fmdissima
3359 734 3484 787 spe-

1911 803 1994 853 cie
2014 797 2200 852 oculos
2219 812 2432 851 suorum
2455 801 2648 854 civium
2672 818 2774 856 non
2797 802 3046 872 ferentes,
3064 821 3486 876 quaquaversum

1913 888 2103 958 cuique
2135 890 2211 943 ire
2239 890 2409 942 visum
2441 901 2543 957 est,
2576 903 2686 948 toto
2720 910 2852 963 pene
2878 898 3198 964 vagabantur
3220 900 3346 954 orbe
3375 901 3484 954 Ro-

1912 995 2091 1034 mano.
2136 980 2214 1034 Ex
2248 981 2329 1035 his
2366 983 2524 1036 etiam
2564 985 2627 1038 ad
2659 1002 2755 1040 nos
2782 999 3040 1042 venerunt
3068 989 3206 1056 duo,
3239 991 3402 1046 frater
3429 1002 3485 1046 et

1913 1085 2086 1136 soror,
2129 1073 2327 1127 Paulus
2369 1084 2423 1128 et
2467 1075 2720 1139 Palladia,
2765 1080 2943 1133 multis
2965 1080 3083 1135 aliis
3117 1082 3245 1136 locis
3272 1083 3484 1138 miseria

1915 1161 2219 1218 dillauiante
2243 1164 2351 1233 jam
2377 1167 2594 1235 cogniti.
2629 1168 2899 1223 Venerunt
2932 1181 3106 1227 autem
3133 1183 3257 1228 ante
3283 1175 3484 1229 Pascha

1898 1251 2078 1313 ferme
2105 1252 2220 1308 dies
2260 1255 2596 1323 quindecim,
2635 1259 2909 1311 ecclesiam
2951 1262 3218 1328 quotidie,
3247 1270 3301 1317 et
3329 1264 3380 1317 in
3421 1279 3486 1318 ea

1916 1343 2224 1396 memoriam
2293 1345 2658 1413 gloriosissimi
2726 1347 2978 1416 Stephani
3044 1349 3482 1419 frequentabant,

1919 1441 2133 1487 orantes
2163 1442 2221 1487 ut
2242 1433 2352 1502 jam
2393 1435 2490 1488 sibi
2519 1436 2820 1504 placaretur
2843 1438 3004 1505 Deus,
3033 1449 3089 1493 et
3115 1441 3335 1495 salutem
3378 1444 3486 1511 pri.

1914 1522 2106 1576 stinam
2134 1523 2397 1578 redderet.
2428 1526 2492 1579 Et
2518 1526 2654 1590 illic,
2685 1536 2739 1582 et
2767 1543 3098 1597 quacumque
3121 1530 3137 1560 ι
3169 1531 3330 1592 ibant.
3359 1547 3486 1589 con-

1915 1614 2195 1668 vertebant
2233 1615 2287 1668 in
2326 1631 2386 1670 se
2428 1617 2654 1672 civitatis
2687 1628 2980 1688 aspectum.
3009 1621 3253 1676 Nonnulli
3279 1624 3366 1693 qui
3393 1638 3484 1679 cos

1913 1703 2041 1758 alibi
2072 1705 2332 1770 viderant,
2361 1721 2680 1778 causamque
2708 1711 2951 1765 tremoris
2989 1727 3170 1767 eorum
3210 1723 3483 1781 noverant,

1914 1793 2054 1858 aliis,
2081 1803 2137 1848 ut
2162 1795 2354 1864 cuique
2379 1805 2640 1865 poterant,
2669 1799 2986 1855 indicabant.
3013 1801 3165 1857 Venit
3191 1811 3244 1857 et
3265 1804 3483 1867 Pascha,

1915 1891 2072 1952 atque
2116 1884 2230 1952 ipso
2276 1884 2364 1939 die
2402 1885 2670 1942 dominico
2712 1904 2888 1955 mane,
2933 1905 3052 1945 cum
3089 1891 3198 1960 jam
3239 1893 3486 1962 frequens

1917 1973 2142 2042 populus
2172 1990 2403 2043 prmseus
2430 1987 2601 2038 esset,
2639 1987 2693 2032 et
2722 1979 2822 2034 loci
2863 1981 3032 2036 sancti
3069 1984 3365 2050 cancellos,
3399 1983 3487 2038 ubi

1917 2064 2227 2134 martyrium
2249 2075 2364 2119 erat
2384 2067 2427 2130 ³,
2452 2066 2588 2120 idem
2611 2069 2821 2135 juvenis
2842 2084 2998 2125 orans
3024 2079 3246 2138 teneret,
3270 2083 3488 2142 repente

1916 2163 2212 2223 prostratus
2239 2164 2356 2221 est,
2401 2165 2454 2212 et
2482 2157 2762 2212 dormienti
2803 2160 3104 2216 simillimus
3141 2162 3307 2232 jacuit
3334 2181 3349 2218 :
3381 2180 3486 2218 nou

1921 2253 2093 2299 tamen
2141 2254 2393 2314 tremens,
2443 2249 2579 2303 sicut
2605 2250 2762 2304 etiam
2811 2266 2905 2321 per
2941 2266 3184 2308 somnum
3215 2255 3234 2286 ³
3259 2257 3484 2312 solebat.

1917 2335 2264 2405 Stupentibus
2291 2338 2380 2408 qui
2405 2337 2642 2406 aderant,
2671 2350 2829 2410 atque
2855 2343 2970 2397 aliis
2999 2346 3341 2414 paventibus,
3369 2349 3488 2402 aliis

1916 2427 2236 2492 dolentibus,
2263 2443 2382 2482 cum
2404 2445 2524 2484 eum
2551 2431 2763 2500 quidam
2785 2433 2978 2487 vellent
3005 2435 3228 2504 erigere,
3251 2437 3488 2491 nonnulli

1920 2519 2320 2589 prohibuerunt,
2363 2531 2416 2575 et
2454 2523 2628 2592 potius
2667 2524 2867 2578 exitum
2911 2526 3324 2594 exspectandum
3368 2542 3489 2583 esse

1920 2611 2185 2665 dixerunt.
2214 2612 2276 2665 Et
2302 2627 2426 2667 ecce
2452 2616 2699 2680 surrexit,
2723 2624 2777 2668 et
2801 2631 2905 2670 non
2933 2618 3209 2684 tremebat,
3233 2621 3484 2689 quoniam

1918 2711 2134 2756 sanatus
2159 2711 2293 2766 erat,
2325 2711 2377 2758 et
2402 2704 2576 2758 stabat
2601 2705 2910 2772 incolumis,
2945 2709 3153 2763 intuens
3202 2710 3486 2766 intuentes.

1919 2793 2048 2861 Quis
2067 2809 2193 2863 ergo
2218 2809 2276 2848 se
2301 2796 2468 2850 tenuit
2489 2811 2519 2849 a
2547 2796 2786 2852 laudibus
2817 2798 2950 2852 Dei?
2988 2799 3337 2854 Clamantium
3366 2817 3491 2870 gra-

1920 2883 2300 2953 tulantiumque
2328 2885 2545 2939 vocibus
2583 2886 2803 2940 ecclesia
2835 2903 3208 2958 usquequaque
3231 2891 3490 2960 completa

1919 2983 2019 3029 est.
2051 2974 2176 3030 lude
2205 2975 2270 3030 ad
2297 2991 2380 3031 me
2403 2977 2651 3043 eurritur,
2682 2979 2768 3032 ubi
2797 2979 3044 3034 sedebam
3069 2981 3178 3050 jam
3210 2997 3495 3049 processu-

1919 3080 2042 3118 rus:
2068 3065 2217 3120 irruit
2243 3068 2376 3121 alter
2392 3067 2612 3136 quisque
2635 3079 2750 3137 post
2769 3071 3008 3138 alterum,
3030 3073 3203 3126 omnis
3232 3074 3496 3142 posterior

1919 3155 2068 3223 quasi
2101 3170 2314 3224 novum,
2357 3157 2496 3226 quod
2527 3158 2663 3212 alius
2693 3160 2838 3228 prior
2865 3160 3091 3228 dixerat,
3139 3165 3443 3219 nuntiantes
3473 3183 3489 3218 :

1921 3261 2112 3315 meque
2127 3248 2390 3316 gaudente
2407 3257 2460 3303 et
2475 3250 2613 3318 apud
2633 3267 2718 3305 me
2747 3252 2940 3320 gratias
2969 3254 3074 3307 Deo
3097 3266 3306 3323 agente.
3323 3255 3496 3325 ingre-

1921 3339 2066 3393 ditur
2095 3340 2251 3394 etiatn
2297 3341 2409 3410 ipse
2450 3355 2571 3396 eum
2621 3344 2874 3411 pluribus,
2920 3345 3206 3401 inclinatur
3229 3349 3294 3401 ad
3325 3363 3497 3417 genua

1926 3443 2065 3494 mea,
2098 3431 2319 3499 erigitur
2347 3431 2411 3484 ad
2441 3431 2682 3486 osculum
2714 3449 2911 3488 meum.
2944 3435 3284 3491 Procedimus
3309 3437 3374 3492 ad
3403 3453 3498 3508 νος

1925 3519 2128 3587 pulum,
2157 3522 2310 3588 plena
2338 3530 2454 3575 erat
2481 3523 2737 3587 ecclesia,
2779 3526 3095 3592 personabat
3117 3528 3336 3582 vocibus
3363 3544 3500 3598 gau-

1925 3608 2166 3672 diorum,
2200 3609 2308 3662 Deo
2338 3611 2575 3678 gratias!
2622 3613 2732 3666 Deo
2773 3614 2992 3670 laudes!
3027 3618 3240 3672 nemine
3269 3629 3500 3685 tacente,

1927 3699 2048 3753 hinc
2074 3709 2234 3768 atque
2281 3701 2402 3755 inde
2430 3702 2790 3756 clamantium.
2844 3705 3076 3760 Salutavi
3123 3711 3413 3778 populum,
3447 3721 3504 3767 et

1926 3805 2108 3842 rursus
2134 3789 2321 3844 eadem
2349 3789 2672 3846 ferventiore
2697 3808 2827 3848 voce
2853 3795 3170 3850 clamabant.
3200 3799 3360 3853 Facto
3387 3809 3504 3854 tan-

1927 3880 2049 3933 dem
2099 3880 2349 3947 silentio,
2400 3881 2794 3950 Scripturarum
2840 3884 3137 3940 divinarum
3197 3896 3320 3942 sunt
3369 3889 3507 3944 lecta

1927 3971 2205 4025 solemnia.
2239 3971 2340 4026 Ubi
2386 3982 2557 4028 autem
2603 3983 2815 4028 ventum
2858 3985 2940 4030 est
2981 3977 3046 4031 ad
3091 3980 3195 4032 mei
3241 3982 3506 4035 sermonis

1930 4063 2123 4128 locum,
2155 4063 2260 4118 dixi
2292 4080 2452 4131 pauca
2483 4080 2581 4134 pro
2612 4075 2849 4136 tempore
2876 4078 2930 4123 et
2957 4085 3053 4138 pro
3093 4071 3230 4125 illius
3255 4072 3507 4140 jucundi-

1931 4163 2038 4208 tate
2079 4155 2295 4209 laetitiae.
2328 4156 2491 4226 Magis
2528 4159 2667 4212 enim
2697 4173 2790 4212 eos
2835 4160 2886 4213 in
2924 4175 3085 4229 opere
3110 4163 3288 4216 divino
3317 4180 3502 4232 quam-

1932 4247 2051 4300 dam
2085 4247 2176 4301 Dei
2219 4248 2596 4316 eloquentiam,
2644 4265 2747 4303 non
2788 4251 2989 4316 audire,
3037 4253 3130 4307 sed
3174 4254 3513 4309 considerare

1937 4339 2170 4408 permisi.
2201 4339 2485 4394 Nobiscum
2517 4341 2676 4395 homo
2708 4343 2934 4410 prandit,
2972 4352 3024 4396 ct
3049 4344 3330 4414 diligenter
3354 4345 3508 4401 nobis

1934 4444 2152 4485 omnem
2195 4445 2304 4485 sua:
2348 4446 2410 4485 ac
2463 4440 2716 4486 materna:
2780 4433 3132 4503 fraternaeque
3199 4437 3513 4492 calamitatis

1937 4521 2184 4575 indicavit
2211 4523 2502 4577 historiam.
2533 4525 2783 4593 Sequenti
2817 4525 2993 4593 itaque
3019 4525 3126 4592 die,
3160 4536 3278 4595 post
3304 4543 3511 4582 sermo-

1939 4627 2058 4667 nem
2087 4611 2368 4678 redditum,
2397 4614 2717 4668 narrationis
2742 4613 2856 4682 ejus
2877 4615 3114 4668 libellum
3143 4616 3194 4668 itt
3221 4617 3513 4670 crastinum

1938 4705 2133 4773 populo
2161 4704 2489 4758 recitandum
2520 4705 2736 4772 promisi
2770 4703 2973 4775 (Serm.
3000 4705 3097 4759 521
3124 4705 3162 4776 ).
3196 4706 3347 4773 Quod
3391 4722 3513 4761 cum

1939 4812 2006 4850 ex
2051 4795 2318 4850 dominico
2361 4795 2580 4851 Paschze
2624 4795 2710 4850 die
2760 4797 2918 4849 tertio
2967 4798 3116 4851 fieret
3165 4798 3218 4851 in
3261 4797 3521 4866 gradibus.

1939 4885 2174 4950 exedrae,
2201 4887 2252 4940 in
2283 4901 2384 4955 qua
2401 4886 2472 4940 de
2498 4886 2774 4955 superiore
2804 4887 3060 4956 loquebar
3083 4887 3222 4952 loco,
3247 4888 3347 4942 feci
3375 4898 3521 4943 stare

1941 4978 2128 5032 ambos
2152 4977 2338 5030 fratres
2359 5018 2373 5039 ,
2404 4991 2523 5030 cum
2555 4991 2738 5030 eorum
2779 4978 3043 5045 legeretur
3069 4977 3278 5032 libellus
3307 4980 3324 5045 (
3350 4980 3520 5033 Serm.

1943 5069 2090 5140 522).
2123 5069 2430 5124 intuebatur
2461 5070 2684 5138 populus
2720 5070 2999 5124 universus
3030 5084 3188 5124 sexus
3226 5078 3522 5140 utriusque,

1946 5175 2105 5213 unum
2134 5168 2360 5214 stantem
2390 5159 2506 5213 sine
2535 5159 2758 5214 deformi
2791 5171 2936 5214 motu
2961 5201 2978 5225 ,
3005 5161 3230 5214 alterum
3272 5162 3531 5220 membris

1945 5252 2192 5306 omnibus
2231 5261 2676 5306 contrementem.
2703 5253 2768 5306 Et
2798 5253 2884 5322 qui
2926 5252 3096 5322 ipsum
3125 5268 3230 5307 non
3261 5253 3522 5315 viderant,

1948 5342 2072 5411 quid
2115 5343 2167 5396 in
2211 5357 2278 5396 eo
2320 5341 2514 5396 divina:
2564 5343 2992 5397 misericordiat‘
3025 5343 3220 5398 factum
3266 5354 3441 5407 esset,
3476 5346 3526 5398 in

1951 5433 2067 5504 ejus
2111 5447 2298 5488 sorore
2351 5433 2657 5488 cernebant.
2706 5433 2969 5488 Videbant
3012 5434 3152 5487 enim
3196 5433 3319 5502 quid
3363 5434 3414 5486 in
3465 5450 3534 5487 eo

2014 5567 2030 5597 ι
2066 5563 2199 5613 Vind.
2225 5570 2324 5626 Arn.
2348 5570 2424 5613 Er.
2449 5577 2558 5626 cum
2575 5563 2821 5626 nonnullis
2842 5565 3196 5626 manuscriptis,
3215 5577 3529 5626 quocumque.

2013 5628 2035 5658 ⁸
2067 5625 2285 5688 Nonnulli
2310 5633 2436 5684 Mss,
2463 5625 2543 5674 ubi
2575 5623 2805 5688 martyris
2848 5623 3074 5675 Memoria
3087 5623 3515 5688 'cratJtnterpreta

1951 5688 2020 5738 tio
2044 5693 2122 5736 est
2143 5695 2194 5737 et
2218 5684 2478 5746 glossema.

2017 5748 2039 5781 ³
2069 5749 2144 5809 Er.
2169 5744 2367 5803 et't.ov.,
2391 5759 2478 5809 per
2501 5744 2754 5809 senarium.
2775 5745 3094 5809 Emendantur
3119 5760 3181 5797 ex
3207 5746 3315 5809 aliis
3335 5745 3487 5796 libris.

2019 5809 2042 5840 δ
2075 5807 2263 5869 Aliquot
2287 5805 2416 5869 Mss,
2441 5805 2558 5870 quid
2582 5807 2631 5856 in
2654 5819 2710 5858 eo
2746 5805 2907 5857 ditina
2928 5806 3277 5860 misericordia.
