4118 6532
607 418 702 474 771

605 530 992 601 gratulandum,
1021 530 1143 599 quid
1172 543 1267 599 pro
1293 528 1379 584 illa
1406 536 1547 584 esset
1573 528 1848 583 orandum.
1881 526 2023 583 Inter
2049 526 2162 581 lucc

609 623 831 675 recitato
856 634 1034 673 eorum
1062 618 1269 684 libello,
1296 618 1363 673 de
1386 628 1671 687 conspectu
1701 618 1875 689 populi
1905 619 2049 673 abire
2072 635 2165 674 eos

607 709 865 777 praecepi;
908 717 960 761 et
995 706 1060 761 de
1099 716 1207 760 tota
1243 708 1352 777 ipsa
1380 721 1537 761 causa
1574 707 1840 777 aliquanto
1865 708 2165 779 diligentius

603 811 867 865 coeperam
898 796 1183 866 disputare,
1213 810 1333 850 cum
1362 811 1506 863 ecce,
1536 812 1620 851 me
1644 796 1976 866 disputante,
2005 813 2164 854 voces

606 887 724 940 alia:
747 888 815 941 de
840 886 1092 940 memoria
1116 886 1356 957 Martyris
1382 903 1530 941 novae
1554 887 1919 956 gratulationis
1943 889 2163 943 audiun-

604 988 709 1030 tur.
738 978 993 1032 Conversi
1021 986 1144 1032 sunt
1184 992 1249 1032 eo
1277 978 1365 1047 qui
1395 993 1479 1032 me
1516 978 1832 1044 audiebant,
1859 988 2161 1049 ceperunt-

600 1080 707 1133 que
732 1080 1067 1120 concurrere.
1100 1066 1191 1120 llla
1227 1068 1366 1121 enim
1395 1068 1480 1122 ubi
1501 1067 1567 1122 dc
1594 1068 1841 1138 gradibus
1866 1069 2159 1138 descendit,

602 1155 652 1205 in
680 1154 869 1222 quibus
894 1163 1152 1219 steterat,
1185 1156 1251 1209 ad
1282 1166 1521 1210 sanctum
1548 1158 1827 1229 Martyrem
1857 1173 2010 1213 orare
2038 1174 2161 1228 per-

603 1253 837 1298 rexerat.
868 1245 995 1311 ρυω
1020 1260 1144 1300 mox
1170 1256 1225 1300 ιιι
1249 1248 1512 1302 cancellos
1537 1250 1727 1319 attigit,
1753 1250 1985 1319 collapsa
2014 1251 2161 1304 simi-

599 1333 719 1387 liter
757 1335 899 1388 velut
948 1335 999 1390 in
1052 1350 1337 1402 somnum,
1382 1353 1511 1392 sana
1564 1339 1808 1393 surrexit.
1860 1340 1989 1394 Dum
2032 1356 2159 1411 ergo

602 1424 990 1491 requireremus
1014 1425 1138 1493 quid
1166 1424 1361 1480 factum
1391 1427 1568 1492 fuerit,
1613 1430 1750 1484 unde
1785 1430 1883 1485 iste
1910 1432 2159 1500 strepitus

598 1511 765 1587 hctus
779 1514 1069 1580 exstiterit,
1102 1516 1323 1585 ingressi
1367 1526 1491 1571 sunt
1517 1533 1636 1572 cum
1662 1520 1749 1573 illa
1784 1521 1834 1575 in
1863 1521 2155 1587 basilicam,

597 1604 683 1657 ubi
712 1582 953 1670 eramus,
984 1582 1305 1663 adducentes
1343 1623 1460 1663 eam
1502 1624 1683 1664 sanam
1712 1611 1778 1665 de
1813 1612 2053 1684 Martyris
2078 1613 2153 1685 (a)

597 1691 735 1746 loco.
784 1694 915 1747 Tum
944 1710 1068 1749 vero
1099 1706 1269 1751 tantus
1294 1698 1363 1752 ab
1392 1709 1615 1768 utroque
1640 1716 1767 1756 sexu
1795 1702 2158 1759 admirationis

594 1781 795 1836 clamor
821 1793 1035 1838 exortus
1062 1794 1173 1851 est,
1215 1796 1272 1841 ut
1302 1803 1403 1842 vox
1431 1790 1732 1845 continuata
1760 1808 1880 1847 cum
1912 1794 2157 1865 lacrymis

597 1887 702 1927 non
725 1873 989 1930 videretur
1016 1891 1169 1945 posse
1195 1877 1331 1933 ﬁniri
1354 1879 1504 1949 (Vid.
1530 1882 1694 1936 Serm.
1720 1884 1870 1954 525).
1898 1885 2157 1941 Perducta

593 1976 677 2019 est
703 1967 769 2021 ad
800 1982 920 2021 eum
951 1969 1119 2023 locum
1142 2011 1159 2035 ,
1193 1971 1278 2026 ubi
1310 1973 1467 2042 paulo
1494 1983 1617 2029 ante
1644 1985 1863 2030 steterat
1903 1986 2152 2032 tremens.

595 2054 935 2112 Exsultabant
949 2074 1063 2113 eam
1081 2060 1305 2115 similem
1324 2061 1530 2129 fratri‘,
1551 2065 1633 2119 cui
1652 2064 1927 2121 doluerant
1948 2083 2155 2123 reman-

595 2148 730 2203 sisse
756 2149 1062 2205 dissimilem
1101 2169 1114 2205 :
1144 2162 1199 2209 et
1236 2155 1467 2211 nondum
1510 2157 1654 2213 fusas
1697 2172 1880 2229 preces
1907 2177 2030 2217 suas
2058 2178 2153 2233 pro

592 2236 680 2291 illa
700 2281 717 2305 ,
739 2239 846 2308 jam
876 2250 1049 2296 tamen
1078 2245 1330 2313 pricviam
1357 2248 1678 2304 voluntatem
1721 2259 1825 2305 tam
1854 2253 1959 2307 cito
1986 2268 2153 2308 exau-

588 2328 749 2384 ditam
795 2346 913 2387 esse
959 2335 1265 2390 cernebant.
1317 2338 1659 2396 Exsultabant
1707 2343 1759 2396 in
1802 2343 1894 2398 Dei
1941 2345 2150 2401 laudem

588 2435 718 2475 voce
734 2424 753 2452 ⁸
772 2423 887 2477 sine
907 2425 1101 2491 verbis,
1127 2436 1273 2483 tanto
1292 2430 1486 2496 sonitu,
1509 2443 1760 2502 quantum
1783 2451 1936 2491 aures
1955 2446 2151 2494 nostra:

589 2511 726 2567 ferre
749 2514 834 2567 vix
857 2526 1088 2583 possent.
1114 2518 1249 2586 Quid
1273 2531 1385 2575 erat
1405 2522 1455 2575 in
1484 2524 1728 2581 cordibus
1752 2529 2147 2596 exsultantium,

587 2603 686 2657 nisi
715 2602 845 2660 ﬁdes
870 2606 1097 2677 Christi,
1131 2625 1226 2680 pro
1254 2628 1356 2682 qua
1380 2613 1399 2643 ³
1419 2612 1672 2685 Stephani
1702 2618 1917 2689 sanguis
1952 2621 2150 2677 eﬁ'usus

586 2705 668 2749 est
689 2696 713 2749 ?

584 2806 805 2864 CAPUT
831 2808 921 2863 IX.
943 2841 1015 2851 —
1040 2812 1188 2878 Quod
1216 2816 1448 2870 uniuersa
1471 2818 1734 2883 miracula,
1763 2835 1877 2890 quat
1901 2838 1990 2892 per
2014 2839 2150 2876 mar-

652 2906 785 2967 tyres
826 2900 878 2953 in
909 2900 1094 2956 Christi
1122 2906 1324 2960 nomine
1352 2908 1519 2976 fiunt,
1567 2910 1610 2964 ei
1655 2912 1775 2980 ﬁdei
1815 2914 2148 2970 testimonium

651 2988 835 3057 ferant,
871 3007 968 3060 qua
996 2994 1049 3046 in
1080 2994 1329 3049 Christum
1356 3008 1601 3069 martyres
1628 3001 1967 3059 crediderunt.

650 3097 782 3165 Cui,
813 3101 911 3155 nisi
955 3101 1077 3159 huic
1115 3105 1234 3160 ﬁdei
1280 3116 1597 3164 attestantur
1636 3111 1734 3166 ista
1773 3113 2058 3183 miracula,
2091 3117 2143 3172 in

586 3202 687 3254 qua
720 3190 1043 3258 praedicatur
1067 3194 1310 3251 Christus
1338 3201 1688 3256 resurrexisse
1716 3203 1767 3256 in
1795 3218 1974 3272 carne,
2012 3217 2065 3261 ct
2091 3208 2144 3263 in

580 3276 771 3329 coelum
801 3281 1103 3337 ascendisse
1131 3299 1251 3338 cum
1282 3287 1482 3342 carne?
1524 3288 1655 3356 Quia
1684 3300 1738 3345 et
1765 3292 1862 3362 ipsi
1887 3305 2145 3368 martyres

584 3362 740 3432 hujus
781 3366 900 3422 ﬁdei
932 3382 1211 3442 martyres,
1244 3373 1294 3428 id
1320 3386 1422 3441 est,
1472 3376 1627 3447 hujus
1656 3380 1777 3436 ﬁdei
1823 3391 1984 3440 testes
2025 3362 2143 3442 fue-

583 3464 738 3521 rttnt,
772 3456 893 3511 huic
938 3459 1057 3515 ﬁdei
1104 3464 1460 3520 testimonium
1504 3468 1846 3536 perhibentes
1889 3476 2141 3532 mundum

582 3544 1000 3604 inimicissimum
1031 3560 1085 3606 et
1125 3554 1547 3613 crudelissimum
1582 3563 1950 3631 pertulerunt;
1992 3582 2143 3622 eum-

578 3651 714 3704 que,
746 3652 852 3693 non
894 3645 1251 3713 repugnando,
1298 3646 1391 3702 sed
1434 3651 1709 3706 moriendo
1732 3653 1989 3711 vicerunt.
2036 3658 2141 3712 Pro

578 3725 675 3779 ista
706 3726 809 3783 ﬁde
838 3732 1029 3786 mortui
1069 3743 1225 3802 sunt,
1255 3737 1345 3806 qui
1385 3738 1499 3794 haec
1535 3755 1565 3793 a
1596 3740 1818 3797 Domino
1857 3746 2140 3816 impetrare

576 3830 812 3887 possunt,
855 3837 1071 3894 propter
1097 3827 1247 3895 cujus
1285 3845 1478 3885 nomen
1518 3834 1678 3888 occisi
1722 3846 1864 3891 sunt.
1910 3838 2014 3892 Pro
2041 3841 2138 3896 hac

574 3910 678 3963 ﬁde
707 3915 978 3979 prmcessit
1000 3931 1183 3972 eorum
1213 3919 1345 3974 mira
1383 3925 1658 3991 patientia,
1687 3936 1744 3981 ut
1772 3927 1825 3983 in
1852 3928 1935 3985 his
1973 3932 2135 3986 mira-

570 4001 709 4057 culis
740 4011 882 4058 tanta
909 4004 1005 4060 ista
1039 4010 1271 4076 potentia
1297 4023 1629 4083 sequeretur.
1660 4016 1789 4072 Nam
1815 4020 1862 4075 si
1886 4023 2061 4077 carnis
2083 4025 2134 4078 in

572 4099 829 4147 mtcrnnm
874 4098 1194 4152 resurrectio
1228 4101 1311 4154 vel
1355 4093 1459 4157 non
1504 4107 1763 4173 praevenit
1803 4110 1858 4163 in
1900 4108 2133 4179 Christo,

571 4181 650 4233 vel
699 4197 801 4235 non
834 4194 1053 4239 ventura
1095 4196 1197 4252 est,
1246 4191 1382 4245 sicut
1425 4197 1805 4262 praenuntiatur
1840 4214 1869 4253 a
1900 4201 2132 4271 Christo,

569 4273 654 4324 vel
679 4273 813 4326 sicut
840 4277 1184 4342 prie-nuntiata
1214 4290 1297 4335 est
1332 4297 1361 4335 a
1390 4283 1695 4355 Prophetis,
1723 4304 1753 4343 a
1782 4292 1970 4360 quibus
2000 4311 2134 4364 prie-

569 4361 839 4416 nuntiatus
863 4372 944 4417 est
962 4363 1235 4432 Christus;
1264 4384 1359 4424 cur
1384 4382 1439 4427 et
1463 4377 1655 4430 mortui
1679 4377 1701 4409 ⁸
1727 4387 1868 4435 tanta
1891 4361 2131 4453 possunt,

506 4476 515 4483 -
565 4450 653 4518 qui
698 4466 794 4520 pro
834 4468 896 4507 ea
940 4453 1045 4509 ﬁde
1070 4496 1084 4521 ,
1134 4472 1234 4527 qua
1282 4458 1397 4515 hinc
1440 4469 1756 4523 resurrectio
1797 4450 2130 4542 prmdicatiir,

563 4542 723 4596 occisi
754 4546 914 4599 sunt?
956 4545 1078 4601 Sive
1106 4549 1248 4603 enim
1281 4551 1418 4608 Deus
1444 4553 1558 4624 ipse
1588 4572 1684 4627 per
1708 4574 1767 4615 se
1795 4560 1966 4632 ipsum
1998 4568 2133 4622 miro

562 4635 741 4702 modo,
783 4652 887 4706 quo
929 4654 1017 4694 res
1063 4645 1382 4711 temporales
1424 4657 1675 4716 operatur
1720 4662 1969 4722 aeternus,
2015 4659 2133 4715 sive

560 4739 655 4794 per
682 4742 807 4781 suos
853 4729 1124 4785 ministros
1172 4734 1270 4787 ista
1318 4735 1510 4804 faciat;
1560 4751 1615 4795 et
1658 4744 1843 4800 eadem
1873 4747 1985 4816 ipsa
2014 4765 2132 4819 qua:

560 4830 655 4882 per
697 4818 967 4874 ministros
1015 4820 1172 4890 facit,
1218 4824 1329 4881 sive
1357 4830 1596 4897 quaedam
1645 4834 1802 4889 faciat
1848 4840 2006 4894 etiam
2038 4818 2133 4911 per

558 4904 841 4977 Martyrum
872 4910 1109 4979 spiritus,
1138 4913 1275 4968 sicut
1301 4931 1397 4985 per
1438 4918 1678 4979 homines
1706 4925 1879 4983 adhuc
1922 4930 1973 4984 in
2009 4948 2131 4987 eor-

560 5010 685 5063 pore
706 5001 1061 5068 constitutos;
1091 5005 1203 5060 sive
1222 5010 1397 5064 omnia
1424 5011 1522 5067 ista
1552 5030 1649 5083 per
1668 5018 1916 5088 Angelos,
1942 5025 2130 5091 quibus

558 5084 909 5158 invisibiliter,
936 5091 1351 5165 immutabiliter,
1378 5109 1432 5155 et
1453 5084 1861 5175 incorporaliter
1885 5084 2127 5185 imperat,

556 5185 842 5244 operetur;
890 5188 947 5234 ut
989 5197 1109 5252 quae
1154 5201 1249 5254 per
1277 5188 1535 5262 Martyres
1578 5196 1690 5251 ﬁeri
1736 5198 2018 5271 dicuntur,
2049 5209 2129 5262 eis

556 5266 827 5321 orantibus
861 5276 1063 5324 tantum
1092 5282 1147 5327 et
1190 5276 1591 5345 impetrantibus
1612 5325 1628 5351 ,
1670 5301 1776 5341 non
1818 5292 1975 5348 etiam
2001 5266 2129 5366 ope-

554 5355 799 5411 tantibus
830 5358 993 5425 ﬁant;
1038 5362 1150 5418 sive
1194 5366 1297 5421 alia
1337 5368 1475 5439 istis,
1511 5374 1612 5429 alia
1654 5376 1759 5433 illis
1803 5383 2006 5450 modis,
2037 5355 2127 5458 qui

625 5648 647 5712 ξ
680 5646 903 5712 Plerique
926 5646 1055 5711 Mss;
1071 5646 1179 5712 quo.

620 5708 874 5793 ἴηὲίξὲἱθ·
892 5708 1108 5793 ἐξξῇᾒῇ
1137 5708 1285 5783 ἀὶιανε
1307 5734 1557 5793 martyres-

617 5768 695 5831 (α)
707 5774 865 5833 Forte,
885 5768 1118 5838 martyrii.

1617 416 1703 471 DE
1739 414 2057 472 CIVITATE
2096 416 2229 486 DEI,
2270 417 2330 474 S.
2371 419 2732 499 AUCUSTINI
2874 427 2885 434 ’
3727 451 3820 507 τη

2275 532 2419 586 nullo
2460 537 2618 591 modo
2654 540 3029 609 comprehendi
3066 557 3098 600 ι
3137 550 3448 606 mortalibus
3488 567 3702 623 possunt
3734 578 3747 614 :
3775 565 3821 621 ei

2273 629 2445 677 tamen
2474 635 2786 683 atleslautur
2825 631 2937 687 hinc
2979 634 3118 702 ﬁdei,
3164 638 3216 692 in
3247 654 3350 710 qua
3381 645 3558 699 carnis
3597 647 3648 703 iu
3680 661 3820 708 reter-

2270 727 2395 768 num
2426 719 2742 774 resurrectio
2770 723 3107 791 prmdicatnr.

2267 864 2490 923 CAPUT
2517 869 2586 924 Χ.
2608 901 2681 913 -
2707 874 2907 939 Quanto
2953 877 3152 948 dignius
3198 882 3507 941 honorentur
3554 903 3785 964 martyre:
3804 940 3819 965 ,

2336 958 2423 1024 qui
2448 959 2560 1014 ideo
2588 963 2746 1017 multa
2772 967 2901 1019 mira
2929 969 3187 1039 obtinent,
3210 984 3267 1027 ut
3295 975 3428 1030 Deus
3455 995 3599 1036 verus
3621 958 3817 1046 colatur,

2335 1063 2485 1117 quant
2512 1052 2764 1110 dwrnones
2781 1095 2797 1121 ,
2824 1058 2911 1127 qui
2936 1061 3000 1113 ob
3024 1061 3118 1116 hoc
3143 1066 3374 1133 quaedam
3404 1072 3600 1140 faciunt
3620 1114 3636 1141 ,
3664 1078 3824 1142 animi

2335 1137 2410 1191 dii
2433 1156 2538 1195 esse
2562 1143 2829 1199 credantur

2335 1292 2432 1348 Hic
2455 1293 2595 1352 forte
2620 1297 2809 1355 dicturi
2835 1314 2958 1357 sunt
2984 1345 2998 1369 ,
3022 1306 3178 1361 etiam
3203 1310 3335 1365 deos
3361 1328 3488 1370 suos
3510 1316 3681 1387 aliqua
3702 1322 3822 1378 mira

2263 1378 2470 1438 fecisse.
2497 1385 2639 1442 Bene
2660 1430 2676 1454 ,
2704 1390 2747 1444 si
2770 1392 2879 1460 jam
2901 1395 3154 1465 incipiunt
3174 1399 3304 1456 deos
3324 1418 3450 1459 suos
3477 1410 3674 1464 nostris
3694 1427 3823 1466 inor-

2265 1472 2366 1526 tuis
2387 1475 2687 1533 hominibus
2706 1497 3033 1553 comparare.
3062 1493 3143 1543 An
3165 1492 3343 1548 dicent
3361 1498 3521 1553 etiam
3552 1515 3611 1556 se
3638 1503 3822 1559 habere

2261 1560 2389 1617 deos
2414 1579 2478 1620 ex
2507 1566 2807 1627 hominibus
2852 1580 3071 1633 mortuis
3094 1621 3110 1645 ,
3155 1583 3294 1638 sicut
3336 1587 3618 1647 llereulem
3642 1635 3659 1661 ,
3697 1597 3824 1653 sicut

2261 1654 2542 1713 Romulum
2570 1702 2586 1727 ,
2611 1663 2747 1718 sicut
2769 1667 2901 1721 alios
2922 1672 3113 1727 multos
3136 1714 3150 1737 ,
3178 1691 3312 1744 quos
3334 1678 3385 1732 in
3407 1680 3629 1738 deorum
3652 1703 3824 1744 nume-

2260 1760 2374 1801 rum
2396 1760 2634 1819 receptos
2653 1755 2973 1823 Opinantur?
3000 1761 3102 1816 Sed
3125 1767 3278 1820 nobis
3299 1780 3562 1843 martyres
3589 1792 3689 1832 non
3709 1788 3824 1835 sunt

2258 1834 2330 1889 dii
2360 1855 2372 1889 :
2395 1838 2516 1907 quia
2538 1856 2697 1897 unum
2719 1847 3069 1920 eumdcmque
3090 1854 3257 1910 Deum
3287 1867 3341 1913 et
3367 1834 3608 1919 nostrum
3639 1868 3824 1925 scimus

2258 1934 2312 1979 et
2335 1939 2643 1999 martyrum.
2674 1933 2781 1989 Nec
2810 1944 2984 1994 tamen
3015 1943 3283 2002 miraculis
3306 1990 3322 2014 ,
3354 1965 3473 2020 qua:
3504 1970 3603 2023 per
3630 1957 3819 2013 Mento-

2258 2015 2362 2070 rias
2385 2029 2685 2077 nostrorum
2722 2038 3015 2099 martyrum
3053 2034 3184 2090 liunt
3210 2076 3226 2103 ,
3269 2040 3378 2095 ullo
3419 2045 3582 2099 modo
3619 2063 3825 2119 compa-

2258 2106 2419 2161 randa
2450 2120 2573 2166 sunt
2599 2115 2851 2174 miracula
2873 2161 2887 2186 ,
2912 2137 3030 2192 quae
3056 2126 3187 2182 facta
3211 2145 3306 2198 per
3326 2136 3516 2205 templa
3550 2106 3826 2209 perhiben-

2260 2206 2343 2251 tur
2367 2197 2597 2257 illorum.
2632 2205 2824 2263 Verum
2854 2213 2898 2266 si
2936 2230 3037 2284 qua
3074 2219 3264 2277 similia
3296 2225 3546 2283 videntur
3567 2272 3583 2297 ,
3629 2234 3760 2288 sicut
3795 2253 3823 2292 a

2258 2289 2436 2361 Moyse
2466 2298 2602 2366 magi
2630 2298 2920 2359 Pharaonis
2955 2309 2973 2375 (
3005 2307 3175 2365 Exod.
3206 2330 3292 2370 vm
3325 2318 3365 2385 ),
3406 2321 3484 2375 sic
3533 2289 3718 2381 eorum

2255 2380 2375 2436 victi
2403 2394 2524 2440 sunt
2546 2402 2577 2441 a
2607 2394 2925 2463 martyribus
2952 2401 3167 2457 nostris.
3217 2380 3482 2465 Fecerunt
3520 2423 3702 2470 autem
3743 2420 3823 2473 illa

2253 2469 2522 2531 daemones
2551 2493 2616 2532 eo
2645 2480 2780 2537 fastu
2808 2484 3027 2554 impura:
3052 2495 3318 2565 superbiae
3343 2539 3357 2562 ,
3389 2516 3497 2569 quo
3536 2469 3720 2561 eorum

2252 2576 2370 2618 esse
2397 2566 2681 2626 voluerunt
2708 2591 2721 2627 :
2748 2574 2946 2633 faciunt
2971 2591 3147 2638 autem
3176 2586 3272 2640 ista
3295 2602 3563 2664 martyres
3586 2637 3602 2661 ,
3628 2599 3713 2653 vel
3736 2616 3824 2668 po-

2254 2651 2356 2708 tius
2399 2656 2535 2712 Deus
2573 2672 2663 2717 aut
2717 2669 2989 2725 orantibus
3035 2685 3125 2729 aut
3161 2651 3600 2748 cooperaniihus'
3624 2691 3703 2744 eis
3725 2651 3754 2754 ,τ
3773 2702 3825 2746 ιιι

2250 2741 2380 2798 ﬁdes
2406 2747 2494 2802 illa
2526 2753 2762 2819 proﬁciat
2790 2797 2805 2821 ,
2834 2774 2937 2829 qua
2965 2777 3058 2818 eos
3080 2804 3095 2829 ,
3141 2782 3244 2822 non
3268 2771 3398 2827 deos
3422 2790 3549 2833 esse
3581 2792 3787 2836 nostros
3806 2825 3822 2849 ,

2250 2833 2344 2943 sed
2364 2851 2523 2892 unum
2548 2841 2709 2898 Deum
2733 2846 2927 2906 habere
2956 2857 3229 2914 nobiscum
3251 2864 3561 2923 credamus.

2250 2924 2324 2979 illi
2360 2929 2549 2986 talibus
2576 2934 2676 2991 diis
2703 2939 2816 2995 suis
2839 2952 2893 2997 et
2923 2949 3114 3016 templa
3143 2951 3548 3015 ardilicaverunt
3570 3001 3589 3028 ,
3630 2972 3685 3019 et
3724 2924 3826 3022 sta-

2249 3024 2462 3075 luerunt
2485 3038 2607 3080 aras
2630 3068 2645 3088 .
2673 3037 2727 3083 et
2755 3035 3058 3092 sacerdotes
3077 3039 3422 3104 instituerunt
3445 3092 3461 3117 ,
3486 3062 3544 3107 et
3572 3058 3823 3113 sacriﬁcia

2248 3108 2519 3166 fecerunt:
2549 3133 2645 3173 nos
2667 3132 2841 3177 autem
2874 3132 3194 3199 martyribus
3238 3108 3460 3195 nostris.
3480 3160 3591 3200 non
3638 3151 3824 3219 templa

2247 3200 2385 3257 sicut
2421 3203 2522 3261 (liis
2545 3249 2559 3273 ,
2586 3210 2678 3266 sed
2717 3212 2996 3275 Memorias
3032 3224 3169 3281 sicut
3214 3227 3523 3292 hominibus
3568 3200 3820 3305 mortuis.

2246 3304 2474 3397 quorum
2494 3300 2630 3366 apud
2659 3301 2826 3360 Deum
2856 3308 3036 3366 vivunt
3059 3316 3277 3384 spiritus
3299 3362 3315 3386 ,
3342 3323 3707 3397 fabricamus;
3732 3300 3825 3388 nec

2245 3379 2318 3435 ibi
2344 3385 2595 3454 erigimus
2620 3393 2806 3450 altaria
2826 3438 2842 3463 ,
2873 3399 2923 3454 in
2951 3405 3142 3472 quibus
3181 3414 3553 3474 sacriﬁcemus
3586 3427 3825 3496 martyri-

2245 3471 2341 3496 ιω,
2415 3492 2460 3496 ,,
2485 3479 2503 3496 ,
2607 3484 2619 3496 .
2653 3484 2685 3496 λ

2244 3471 2343 3528 bus
2365 3516 2381 3541 ,
2411 3479 2504 3533 sed
2533 3484 2621 3538 uni
2650 3484 2759 3542 Deo
2787 3498 2841 3544 et
2876 3507 3168 3567 martyrum
3197 3512 3251 3557 et
3292 3517 3478 3563 nostro
3504 3512 3521 3543 ⁸
3550 3530 3565 3566 :
3593 3515 3661 3568 ad
3690 3471 3823 3585 qhod

2243 3567 2556 3625 sacriﬁcium
2581 3614 2596 3639 ,
2627 3576 2762 3632 sicut
2789 3580 3030 3641 homines
3058 3588 3150 3644 Dei
3175 3632 3191 3657 ,
3220 3595 3308 3663 qui
3340 3600 3607 3657 mundum
3635 3605 3685 3659 in
3708 3567 3825 3674 ejus

2242 3655 2574 3718 confessione
2594 3665 2831 3724 vicerunt
2854 3713 2867 3737 ,
2890 3688 2989 3730 suo
3014 3676 3133 3734 loco
3152 3690 3207 3736 et
3225 3685 3413 3742 ordine
3443 3694 3821 3761 nominantur;

2245 3760 2348 3799 non
2381 3757 2553 3808 tamen
2583 3770 2612 3808 a
2649 3764 2924 3819 sacerdote
2947 3808 2963 3833 ,
3007 3770 3093 3838 qui
3136 3777 3439 3847 sacriﬁcat,
3486 3784 3819 3843 invocantur.

2243 3835 2354 3939 Deo
2382 3842 2576 3913 quippe
2598 3888 2614 3913 ,
2644 3865 2749 3904 non
2776 3853 2902 3923 ipsis
2927 3835 3230 3931 sacriﬁcat,
3262 3835 3513 3939 quamvis
3545 3876 3598 3931 in
3630 3879 3824 3935 Memo-

2242 3926 2317 3982 ria
2357 3935 2618 3991 sacriﬁcet
2661 3956 2845 3999 eorum
2890 3963 2904 3999 :
2957 3951 3077 4018 quia
3124 3954 3217 4011 Dei
3265 3926 3523 4020 sacerdos
3566 3979 3686 4034 est,
3720 3987 3818 4025 non

2241 4017 2472 4077 illorum.
2507 4026 2680 4096 Ipsum
2719 4049 2845 4090 vero
2886 4042 3203 4101 sacriﬁcium
3234 4065 3429 4120 corpus
3458 4070 3547 4112 est
3584 4061 3779 4117 Christi
3802 4104 3817 4127 ,

2240 4111 2378 4213 quod
2411 4129 2514 4169 non
2535 4118 2753 4217 offertur
2769 4124 2908 4217 ipsis
2930 4170 2945 4195 ,
2973 4134 3093 4200 quia
3122 4136 3223 4192 hoc
3242 4111 3369 4196 sunt
3393 4156 3450 4199 et
3477 4111 3820 4217 ipsiithii'liu;

2240 4199 2397 4268 igitur
2440 4209 2613 4275 potius
2658 4215 2984 4276 credendum
3031 4235 3114 4279 est
3161 4231 3415 4289 miracula
3460 4238 3819 4299 facientibus?

2237 4291 2384 4348 eisne
2411 4298 2498 4366 qui
2527 4314 2585 4355 se
2615 4302 2755 4371 ipsos
2784 4309 2967 4365 volunt
2997 4312 3183 4373 haberi
3219 4321 3352 4378 deos
3393 4328 3465 4383 ab
3508 4330 3595 4385 his
3636 4336 3819 4403 quibus

2235 4396 2296 4437 ea
2328 4384 2560 4456 faciunt;
2592 4408 2658 4446 an
2689 4396 2766 4450 eis
2791 4400 2920 4468 qui,
2950 4413 3007 4458 ut
3046 4405 3099 4461 in
3146 4409 3312 4467 Deum
3352 4419 3613 4477 credatur
3637 4384 3667 4488 ,1
3683 4426 3817 4494 quod

2235 4481 2288 4569 ct
2318 4475 2557 4569 Christus
2586 4492 2668 4536 est
2694 4526 2709 4549 ,
2752 4484 2951 4545 faciunt
2991 4495 3245 4567 quidquid
3287 4505 3539 4565 mirabile

2235 4562 2381 4619 eisne
2401 4567 2489 4635 qui
2516 4584 2663 4625 sacra
2691 4590 2780 4628 sua
2803 4579 2962 4636 etiam
2983 4586 3205 4643 crimina
3236 4605 3330 4647 sua
3351 4609 3478 4653 esse
3503 4601 3816 4668 voluerunt;

2235 4667 2300 4706 an
2323 4655 2400 4711 eis
2427 4660 2514 4727 qui
2547 4676 2644 4717 nec
2673 4664 2855 4723 laudes
2879 4687 3004 4729 suas
3026 4676 3210 4733 volunt
3231 4696 3353 4739 esse
3381 4701 3541 4744 saera
3568 4707 3663 4747 sua
3687 4735 3703 4758 ,
3730 4696 3817 4749 sed

2237 4750 2401 4798 totum
2423 4752 2561 4816 quod
2588 4756 2845 4812 veraciter
2869 4759 3153 4820 laudantur
3174 4809 3189 4833 ,
3216 4771 3283 4825 ad
3304 4773 3421 4843 ejus
3440 4779 3672 4847 gloriam
3689 4750 3816 4851 ἰιι-ο-

2237 4833 2390 4892 licere
2419 4838 2468 4893 in
2498 4854 2603 4911 quo
2625 4844 2948 4905 laudantur?
2974 4853 3028 4908 In
3058 4857 3284 4915 Domino
3308 4833 3512 4937 quippe
3541 4833 3820 4928 laudantur

2233 4926 2422 4982 anima:
2448 4945 2631 4989 eorum
2658 4937 2678 5005 (
2705 4937 2850 4995 Paul.
2876 4957 3040 5000 xum
3066 4989 3080 5013 ,
3110 4950 3145 5004 ὅ
3169 4949 3208 5019 ).
3241 4926 3545 5015 Credamus
3576 4926 3818 5034 ergoreis

2240 5026 2294 5071 et
2318 5034 2438 5075 vera
2464 5022 2757 5085 dicentibus
2776 5072 2789 5096 ,
2819 5041 2874 5088 et
2895 5035 3028 5093 mira
3058 5038 3395 5101 facientibus.
3420 5022 3666 5109 Dicendi;
3682 5056 3816 5111 enim

2233 5123 2356 5163 vera
2382 5151 2398 5177 ,
2427 5117 2565 5181 passi
2591 5129 2712 5174 sunt
2735 5163 2750 5187 ,
2778 5133 2835 5177 nt
2856 5140 3075 5195 possent
3101 5132 3277 5192 facere
3302 5141 3462 5196 mira.
3494 5145 3551 5199 In
3580 5149 3662 5202 eis
3688 5151 3817 5203 veris

2232 5208 2313 5253 est
2340 5205 2660 5273 praecipuum
2686 5251 2703 5274 ,
2730 5214 2869 5281 quod
2896 5215 3141 5276 Christus
3167 5233 3471 5288 resurrexit
3499 5250 3531 5289 a
3562 5241 3814 5305 mortuis,

2231 5298 2285 5342 et
2314 5290 2756 5355 immortalitatem
2785 5311 3190 5369 resurrectionis
3218 5316 3270 5371 in
3297 5334 3393 5374 sua
3419 5338 3592 5381 carne
3621 5329 3816 5398 primus

2231 5382 2497 5449 ostendit,
2543 5402 2700 5456 quam
2746 5393 2900 5450 nobis
2940 5399 3240 5460 adfuturam
3265 5449 3281 5471 ,
3323 5411 3412 5466 vel
3456 5414 3515 5470 in
3558 5382 3816 5490 principio

2231 5470 2351 5524 novi
2381 5475 2558 5529 sreculi
2582 5516 2598 5543 ,
2630 5479 2715 5535 vel
2745 5481 2799 5537 in
2827 5482 2985 5556 hujus
3014 5491 3118 5548 ﬁne
3148 5470 3417 5565 promisit.

2294 5686 2310 5718 ι
2345 5688 2427 5737 Hie
2450 5690 2563 5762 editi
2574 5693 2782 5765 addunt,
2822 5702 3117 5767 sacriﬁcium
3153 5708 3459 5770 immolemus
3482 5733 3503 5771 :
3528 5725 3661 5789 quod
3678 5726 3816 5778 abest

2294 5760 2612 5789 namnam-imi:

2229 5756 2258 5794 δ
2280 5756 2629 5815 mattttscriptis.
