4072 6496
491 467 598 523 205

489 588 622 639 ciunt
647 577 740 635 sibi
770 570 1036 629 manducet
1068 575 1112 619 et
1150 562 1289 617 bibit.
1323 558 1364 629 (I
1396 557 1514 613 Cor.
1546 570 1618 618 ιι,
1650 551 1742 616 28,
1772 545 1888 617 29.)
1923 540 2073 611 Quod

491 684 667 727 autem
699 668 757 722 ﬁt.
789 679 882 734 per
908 673 1068 715 omne
1098 666 1327 723 tempus,
1360 663 1465 718 quo
1495 648 1546 700 in
1590 641 1822 699 Ecclesia
1853 634 2079 691 salubri-

495 778 574 821 ter
601 758 947 817 constitutum
978 759 1080 816 est,
1114 757 1167 802 ιιι
1195 746 1260 799 ad
1306 757 1498 798 nomen
1538 735 1732 793 Christi
1763 730 2080 787 accedentes

491 852 997 909 catechutncnorum
1026 838 1222 911 gradus
1246 830 1535 901 cxcipiat‘;
1560 826 1663 881 hoc
1684 824 1741 877 ﬁt
1764 820 1930 876 multo
1953 816 2080 871 dili-

491 943 702 1014 gentius
733 949 787 994 et
812 934 1096 992 instantius
1124 930 1206 982 his
1232 925 1442 988 diebus,
1488 919 1682 987 quibus
1704 913 2082 980 Compcteutes

494 1044 770 1097 vocantur,
808 1043 930 1085 cum
962 1024 1027 1079 ad
1064 1015 1459 1092 percipiendum
1481 1009 1808 1079 Baptismum
1849 1017 1943 1056 sua
1985 1015 2082 1053 no-

496 1130 637 1183 mina
679 1126 788 1193 jam
819 1121 1101 1175 dederunt.

568 1184 798 1272 (ἶΑροΤ
821 1210 933 1266 γιι.
954 1236 1026 1247 ——
1050 1205 1133 1259 11).
1163 1201 1315 1271 Virgo
1344 1211 1456 1269 qua:
1479 1193 1705 1248 nesciens
1729 1186 1898 1258 nupsit
1922 1184 2087 1237 alieno

501 1313 631 1375 viro,
664 1324 729 1361 an
745 1301 993 1359 censenda
1021 1298 1085 1352 sit
1115 1294 1366 1347 adultera.
1396 1284 1753 1357 Apostolorum
1781 1275 2009 1346 exemplo
2042 1282 2089 1326 et

503 1366 685 1458 litteris
721 1399 795 1452 nil
826 1392 1000 1468 juvari
1042 1389 1127 1459 qui
1179 1385 1349 1439 volunt
1376 1376 1706 1450 baptizandos
1732 1372 1795 1425 de
1818 1371 1927 1424 sola
1953 1366 2054 1437 ﬁde
2073 1406 2088 1431 ,

504 1492 781 1564 baptizatos
812 1456 925 1540 uero
965 1482 1025 1536 de
1054 1456 1278 1533 moribus
1308 1466 1677 1525 admonendos.
1708 1461 1845 1530 Quid
1891 1459 1968 1521 si,
2014 1456 2095 1509 in-

503 1585 694 1641 auiuut
714 1624 728 1644 ,
756 1580 908 1646 virgo
952 1572 1199 1628 nesciens
1242 1566 1358 1619 viro
1388 1559 1633 1631 nupserit
1661 1553 1879 1612 alieno?
1910 1550 2020 1604 lloc
2048 1548 2093 1601 si

504 1688 720 1743 semper
749 1668 980 1729 nesciat,
1009 1672 1279 1730 nunquam
1328 1669 1392 1709 ex
1442 1653 1544 1705 hoc
1572 1646 1677 1703 erit
1714 1644 1954 1699 adultera
1993 1656 2008 1693 :
2049 1637 2095 1692 si

510 1774 684 1820 autem
714 1762 878 1820 sciat,
907 1756 1015 1826 jam
1058 1768 1125 1806 cx
1167 1748 1271 1803 hoc
1312 1758 1432 1801 esse
1463 1738 1721 1809 incipiet,
1753 1750 1817 1789 ex
1843 1748 1949 1802 quo
1976 1744 2096 1783 eum

512 1857 687 1910 alieno
715 1852 829 1905 viro
856 1847 1030 1902 sciens
1052 1836 1343 1897 cubaverit.
1365 1833 1517 1889 Sicut
1537 1831 1591 1885 in
1606 1828 1729 1897 jure
1752 1822 2095 1896 przediorum,

514 1944 712 2001 tamdiu
743 1941 967 2011 quisque
994 1937 1149 1989 bona:
1174 1929 1298 1985 ﬁdei
1321 1938 1602 1998 possessor
1628 1916 1932 1975 rectissime
1963 1912 2097 1966 dici-

516 2049 621 2102 tur,
653 2033 905 2106 quamdiu
948 2044 1008 2084 se
1053 2022 1333 2097 possidere
1379 2019 1589 2087 ignorat
1639 2011 1872 2065 aliemmt
1916 2024 1929 2059 :
1976 2018 2096 2057 cum

519 2149 647 2188 vero
692 2128 903 2189 scierit,
935 2136 1034 2178 nec
1082 2120 1149 2174 ab
1188 2117 1364 2171 aliena
1402 2105 1747 2182 possessione
1786 2097 2103 2161 recesserit,

520 2234 645 2279 tunc
673 2220 825 2275 male
854 2214 975 2270 ﬁdei
1005 2209 1337 2283 perhibetur,
1369 2212 1496 2257 tunc
1520 2199 1662 2270 justc
1694 2194 1923 2263 injustus
1951 2204 2109 2243 voca-

521 2325 628 2369 tur.
678 2310 827 2366 Absit
867 2278 1104 2376 ergo-nt
1142 2311 1305 2353 sensu
1350 2294 1509 2364 plane
1546 2304 1652 2344 non
1697 2286 1965 2345 humano,
2014 2278 2110 2334 sed

523 2405 679 2474 plane
718 2413 857 2453 vano
905 2373 981 2449 sic
1031 2391 1306 2447 doleamus
1352 2398 1473 2439 cum
1506 2378 1699 2449 ﬂagitia
1746 2373 2108 2443 corriguntur,

524 2506 775 2563 tanquam
825 2484 1092 2543 connubia
1142 2478 1507 2535 dirimantur:
1543 2469 1773 2524 maxime
1812 2465 1864 2519 in
1896 2463 2113 2518 civitate

526 2550 833 2645 Dei-nostri,
860 2579 912 2631 in
940 2580 1122 2629 monte
1150 2578 1337 2626 sancto
1362 2565 1480 2635 ejus
1508 2560 1678 2631 (Psal.
1712 2572 1853 2612 xcvu
1873 2596 1889 2619 ,
1912 2554 1949 2608 2
1967 2593 1982 2619 ,
2017 2550 2073 2624 5)
2093 2592 2112 2619 ,

526 2677 628 2730 hoc
655 2681 739 2728 est
767 2672 819 2725 in
853 2665 1088 2723 Ecclesia
1108 2704 1123 2729 ,
1154 2661 1243 2717 ubi
1275 2657 1578 2727 nuptiarum
1601 2668 1705 2706 non
1738 2648 1911 2704 solum
1933 2646 2117 2699 vincu-

528 2768 674 2832 lum,
701 2778 886 2818 vcrum
933 2759 1093 2814 etiam
1138 2756 1532 2809 sacramentum
1577 2744 1647 2797 ita
1689 2736 2117 2801 commendatur,

529 2870 587 2916 ut
612 2873 717 2913 non
742 2857 898 2909 liccat
926 2852 1040 2904 viro
1071 2860 1291 2900 uxorem
1320 2854 1471 2897 suam
1515 2834 1669 2890 alteri
1701 2832 1945 2893 tradere;
1978 2826 2120 2897 quod

531 2953 585 3005 in
619 2945 891 3018 republica
934 2950 1060 2994 tunc
1101 2937 1342 2990 Romana
1365 2971 1379 2995 ,
1413 2943 1517 2983 non
1545 2924 1718 2980 solum
1757 2919 1977 2976 minime
2006 2917 2123 2972 cul-

535 3010 800 3110 pabiliter,
834 3046 1017 3087 verum
1059 3027 1220 3082 etiam
1249 3018 1587 3077 laudabiliter
1613 3014 1749 3070 Cato
1780 3010 1971 3066 fecisse
2004 3024 2125 3079 per-

536 3100 749 3185 hibetur
796 3118 1093 3193 (l’lutarch.
1162 3116 1217 3170 in
1258 3113 1446 3168 Catone
1491 3106 1726 3176 minore).
1774 3104 1956 3172 Neque
2004 3100 2127 3155 hinc

536 3218 737 3275 diutius
777 3188 935 3269 modo
961 3209 1235 3277 disputare
1274 3215 1411 3271 opus
1437 3207 1557 3263 est,
1584 3210 1705 3251 cum
1735 3202 1788 3248 ct
1814 3193 1888 3246 illi
1936 3188 2129 3260 quibus

542 3306 843 3380 respondeo
873 3316 978 3357 non
1008 3297 1238 3352 audeant
1262 3292 1567 3353 afﬁrmare,
1612 3284 1817 3340 nullum
1865 3282 1967 3336 hoc
2010 3293 2130 3334 esse

544 3407 855 3471 peccatum,
888 3405 1064 3460 neque
1104 3392 1301 3457 negent
1348 3396 1469 3435 esse
1516 3376 1870 3437 adulterium,
1919 3388 1987 3427 ne
2030 3371 2131 3440 ipsi

547 3491 771 3546 Domino
798 3493 1090 3551 sanctoque
1112 3473 1403 3545 Evangelio
1428 3479 1611 3541 aperte
1636 3466 2019 3523 convincantur
2038 3462 2135 3517 oh-

544 3584 755 3638 sistere.
790 3574 895 3633 Sed
924 3588 1044 3627 cum
1075 3570 1155 3624 eis
1175 3567 1351 3638 placet
1378 3562 1606 3632 primum
1636 3554 1995 3612 admittendos
2015 3568 2134 3608 esse

548 3673 683 3728 tales
711 3668 777 3724 ad
810 3659 1207 3737 percipiendum
1255 3652 1506 3724 Baptismi
1538 3656 1933 3706 sacramentum
1975 3654 2031 3701 et
2067 3644 2135 3699 ad

547 3761 877 3818 Dominicam
904 3766 1144 3810 mensam
1165 3790 1179 3815 ,
1204 3746 1413 3804 etiamsi
1440 3742 1827 3799 correctionem
1854 3753 1989 3792 voce
2020 3751 2135 3791 ma-

547 3852 895 3911 nifestissima
930 3840 1330 3902 recusaverint;
1364 3838 1472 3891 imo
1498 3848 1626 3888 vero
1655 3830 1788 3886 nihil
1813 3844 1908 3885 eos
1944 3829 2011 3882 de
2038 3827 2140 3882 hac

548 3964 607 4004 re
637 3957 857 4016 prorsus
882 3933 1157 3994 admoneri
1187 3938 1439 4002 oportere
1459 3967 1472 3991 ,
1497 3924 1593 3980 sed
1624 3930 1807 3993 postea
1841 3920 2053 3983 doceri;
2086 3927 2142 3972 ut

549 4040 595 4094 si
659 4031 908 4106 praecepti
957 4023 1383 4083 observationem
1437 4015 1768 4086 receperint,
1822 4012 2143 4080 culpamque

552 4126 917 4188 correxerint,
944 4120 1241 4175 habeantur
1267 4114 1320 4168 in
1350 4111 1557 4174 tritico;
1586 4108 1635 4163 si
1677 4116 1855 4159 autem
1898 4110 2141 4157 content-

558 4220 797 4291 pserint,
817 4216 955 4269 inter
983 4212 1184 4265 zizania
1214 4198 1688 4259 tolerenturzsatis
1717 4194 2006 4250 ostendunt
2039 4208 2143 4247 non

558 4328 619 4367 se
658 4307 880 4365 crimina
913 4303 1015 4358 ista
1048 4295 1365 4359 defendere,
1407 4300 1499 4345 aut
1524 4287 1674 4359 quasi
1717 4285 1851 4340 levia
1892 4284 1973 4338 vel
2004 4283 2147 4337 nulla

559 4402 669 4459 sint
714 4410 891 4468 agere.
936 4391 1068 4458 Quis
1099 4387 1241 4443 enim
1272 4380 1592 4438 adulterium
1636 4378 1790 4432 home
1841 4375 1954 4444 spei
2000 4374 2146 4428 chri-

560 4493 767 4548 stianus
790 4484 997 4541 nullum
1026 4495 1121 4535 seu
1151 4489 1371 4546 parvum
1399 4471 1603 4528 crimen
1629 4465 1934 4523 existimet?

636 4582 724 4637 11.
756 4576 1009 4634 Ordinem
1042 4582 1217 4625 tamen
1263 4581 1371 4636 quo
1400 4563 1516 4617 lucc
1541 4563 1595 4617 in
1625 4560 1743 4614 aliis
1770 4559 1851 4613 vel
1881 4557 2153 4627 corrigan-

563 4688 650 4733 tur
674 4672 756 4729 vel
788 4672 1043 4724 ferantur.
1071 4662 1139 4716 de
1175 4655 1469 4729 Scripturis
1495 4653 1694 4709 sanctis
1722 4667 1781 4706 se
1808 4650 2046 4720 proferre
2069 4664 2156 4702 ar-

564 4771 851 4825 bitrantur,
879 4772 1001 4813 cum
1048 4755 1231 4808 dicunt
1274 4746 1562 4819 Apostolos
1609 4744 1688 4798 sic
1730 4742 1938 4812 egisse;
1990 4749 2045 4794 et
2087 4738 2159 4795 de

565 4857 783 4917 Litteris
821 4865 1009 4909 eorum
1058 4843 1303 4916 qumdam
1348 4836 1654 4894 testimonia
1705 4834 2015 4903 proferunt,
2068 4831 2157 4886 ubi

566 4949 907 5024 reperiuntur
960 4939 1110 5010 prius
1170 4932 1472 4989 insinuasse
1520 4926 1819 4981 doctrinam
1886 4921 2043 4989 ﬁdei,
2096 4936 2159 4975 ac

566 5012 761 5102 deinde
779 5049 990 5095 morum
1024 5027 1306 5086 tradidisse
1335 5028 1624 5092 precepts.
1648 5018 1823 5085 Atque
1850 5013 1975 5068 hinc
2002 5012 2159 5067 intel-

572 5135 663 5203 ligi
707 5132 930 5191 volunt,
980 5121 1103 5178 ﬁdei
1148 5110 1518 5173 tantummodo
1553 5108 1792 5179 regulam
1834 5104 2162 5174 baptizandis

575 5239 694 5281 esse
721 5215 1094 5276 insinuandam
1121 5212 1166 5276 ’,
1196 5214 1382 5280 postea
1404 5217 1537 5259 vero
1557 5200 1668 5271 jam
1695 5196 1975 5267 baptizatis
2000 5196 2162 5249 etiam

575 5315 697 5367 vita:
740 5310 794 5365 in
833 5306 1027 5362 melius
1070 5298 1336 5356 mutanda:
1381 5299 1646 5366 praecepta
1676 5287 1933 5343 tradenda
1967 5304 1981 5339 :
2014 5285 2163 5355 quasi

578 5404 781 5472 aliquas
795 5393 1166 5467 Apostolorum
1190 5386 1458 5457 Epistolas
1477 5383 1655 5452 legant
1670 5376 1736 5435 ad
1760 5391 1854 5431 eos
1882 5375 1969 5445 qui
1998 5373 2167 5444 bapti-

581 5493 739 5558 zandi
778 5494 905 5545 sunt
942 5482 1095 5537 datas
1117 5520 1133 5545 ,
1165 5479 1253 5533 ubi
1278 5478 1344 5531 de
1373 5477 1485 5531 sola
1512 5474 1615 5528 ﬁde
1643 5472 2086 5541 disputaverunt;
2113 5473 2169 5520 et

586 5586 718 5640 alias
744 5578 810 5635 ad
832 5573 1129 5644 baptizatos
1149 5611 1164 5635 ,
1194 5568 1384 5637 quibus
1414 5574 1677 5636 prter-epla
1707 5563 1776 5618 de
1798 5560 1952 5616 malis
1972 5573 2168 5613 caven-

651 5742 670 5773 ι
699 5737 841 5794 editi,
858 5726 1113 5794 accipiant.
1132 5723 1419 5773 Concinnius
1439 5730 1566 5794 Mss,
1588 5717 1834 5794 excipiat;
1859 5720 1963 5780 ipse
1984 5715 2173 5767 scilicet

651 5742 670 5773 ι
699 5737 841 5794 mm,
858 5733 1113 5791 accipiant.
1132 5733 1419 5773 conemmus
1439 5733 1566 5780 Mss,
1588 5733 1698 5770 exc:
1753 5733 1834 5775 at;
1859 5733 1963 5780 Ipse
1984 5733 2171 5767 scutcet

586 5802 765 5866 gradus
806 5792 1267 5845 catechumenorum
1313 5796 1399 5833 eos
1433 5785 1514 5844 qui
1560 5783 1617 5829 sd
1874 5790 2053 5828 nomen
2091 5788 2171 5826 ac-

587 5864 785 5916 ἐθόιιιιι.

652 5904 908 5972 i'siéuss.
937 5921 991 5961 Al.
1013 5910 1146 5969 editi,
1183 5904 1517 5957 intimandum.

1452 438 1539 493 DF.
1582 435 1736 491 FIDE
1780 429 1864 485 ΕΤ
1905 420 2264 483 OPEIHBUS.
2309 423 2364 479 S.
2409 419 2781 479 AUGUSTINI

3672 402 3796 457 ‘20}

2184 547 2268 600 dis
2314 543 2573 609 bonisque
2612 531 2951 591 instituendis
2977 529 3215 584 moribus
3243 525 3606 581 continentur.
3641 516 3790 574 Cum

2188 637 2347 706 igitur
2367 646 2463 689 eos
2486 608 2552 683 ad
2578 626 2911 682 Christianos
2932 620 3043 691 jam
3084 618 3378 687 baptizatos
3407 613 3623 667 dediSSe
3658 608 3792 663 Lit-

2188 736 2332 782 teras
2360 729 2569 777 constet
2589 760 2604 785 ,
2642 733 2740 772 cur
2766 725 2993 783 utroque
3037 723 3286 766 sermone
3323 715 3587 762 cnnlexlte
3618 712 3753 755 sunt
3776 740 3797 763 ,

2190 825 2245 871 et
2268 830 2333 870 eo
2371 813 2573 869 scilicet
2601 809 2691 879 qui
2720 806 2785 861 ad
2817 806 2973 860 ﬁdem
2995 843 3009 865 ,
3044 811 3100 856 et
3133 816 3198 855 eo
3234 798 3324 869 qui
3368 797 3434 851 ad
3474 795 3638 849 vitam
3688 793 3800 846 bo-

2194 922 2315 961 nam
2357 901 2623 975 pertinet?
2659 900 2741 955 An
2782 896 2921 953 forte
2961 894 3069 965 jam
3112 892 3287 961 placet
3348 897 3405 943 ut
3448 884 3804 957 baptizandis

2195 1009 2477 1068 utrumque
2516 1009 2621 1049 non
2671 991 2890 1053 demus,
2918 998 2973 1043 et
3014 982 3290 1054 baptizatis
3329 990 3610 1049 utrumque
3660 975 3803 1029 red-

2194 1088 2426 1145 damus?
2471 1084 2625 1155 Quod
2690 1083 2737 1139 si
2788 1078 3020 1137 absurde
3071 1075 3285 1140 dicitur,
3339 1086 3468 1141 ergo
3521 1069 3807 1123 fateantur

2196 1180 2481 1252 Apostolos
2532 1174 2829 1233 doctrinam
2890 1185 3041 1226 suam
3093 1182 3163 1223 ex
3227 1175 3453 1233 utroque
3497 1159 3807 1231 perfectam

2198 1249 2309 1330 suis
2336 1270 2586 1344 Epistolis
2612 1266 2899 1329 indidisse;
2932 1260 3027 1317 sed
3052 1266 3333 1329 propterea
3359 1256 3678 1324 plerumque
3708 1249 3808 1302 iu-

2199 1342 2441 1421 sinuasse
2464 1363 2614 1434 prius
2638 1358 2816 1422 ﬁdem,
2843 1368 2906 1409 ac
2926 1350 3121 1407 deinde
3146 1346 3287 1419 quod
3310 1345 3377 1399 ad
3404 1345 3562 1398 vitam
3588 1342 3808 1395 bonam

2199 1457 2432 1528 pertinet
2457 1433 2780 1522 subiecisse,
2810 1445 2931 1516 quia
2956 1452 3011 1498 et
3042 1442 3094 1496 in
3118 1438 3332 1493 homine
3364 1437 3476 1505 ipso
3506 1433 3608 1487 nisi
3646 1446 3809 1500 pra:-

2201 1520 2356 1603 cedat
2394 1520 2701 1609 ﬁdes,vita
2745 1540 2881 1594 bona
2926 1533 3076 1604 sequi
3116 1546 3223 1586 nou
3268 1528 3480 1599 poterit.
3512 1520 3807 1591 Quidquid

2204 1642 2345 1699 enim
2374 1639 2536 1693 homo
2559 1633 2723 1691 veluti
2744 1639 2891 1686 recte
2916 1624 3104 1683 fecerit
3122 1665 3138 1691 ,
3168 1621 3269 1677 nisi
3299 1619 3366 1674 ad
3392 1618 3644 1688 pietatem
3673 1627 3813 1682 qum

2205 1737 2271 1792 ad
2316 1736 2479 1789 Deum
2523 1738 2633 1792 est,
2674 1725 2956 1787 referatur,
2996 1727 3199 1774 rectum
3248 1712 3354 1768 dici
3398 1725 3504 1765 non
3554 1716 3811 1777 oportet.

2206 1827 2359 1896 Quod
2389 1825 2433 1880 si
2464 1822 2850 1877 arbitrarentur
2883 1810 3045 1882 aliqui
3085 1807 3230 1863 stulti
3274 1814 3332 1859 et
3364 1802 3520 1857 nimis
3560 1798 3816 1869 imperiti

2208 1894 2587 1990 Apostolorum
2619 1909 2883 1980 Epistolas
2911 1904 2978 1959 ad
3001 1901 3416 1957 catechumenos
3442 1894 3625 1958 datas,
3670 1906 3818 1961 pro-

2211 1986 2353 2069 fecto
2382 2011 2542 2064 etiam
2581 2005 2678 2074 ipsi
2722 2002 3031 2062 faterentur,
3068 1992 3304 2048 nondum
3350 1986 3628 2057 baptizatis
3662 1998 3814 2051 pra:-

2211 2113 2365 2174 cepta
2397 2073 2612 2155 morum?
2654 2095 2745 2165 qui
2785 2090 2908 2146 ﬁdei
2950 2092 3280 2156 congruant,
3313 2079 3472 2135 simul
3510 2092 3633 2131 cum
3678 2073 3819 2128 ﬁdei

2218 2197 2419 2269 regulis
2447 2188 2739 2248 intimanda
2758 2204 2772 2239 :
2790 2183 2890 2239 nisi
2916 2183 3055 2236 forte
3077 2178 3144 2233 ad
3160 2178 3295 2230 hanc
3307 2170 3682 2229 necessitatem
3704 2181 3820 2221 sua

2218 2266 2317 2347 nos
2369 2288 2455 2344 isti
2496 2281 2855 2354 disputatione
2890 2273 3252 2344 compellunt,
3296 2276 3355 2323 ut
3380 2266 3577 2337 primas
3622 2269 3825 2332 partes

2224 2383 2583 2454 Epistolarum
2605 2371 3016 2446 apostolicarum
3045 2366 3135 2421 ubi
3161 2363 3229 2418 de
3252 2360 3358 2416 ﬁde
3384 2359 3695 2427 loquuntur,
3718 2368 3828 2407 ca-

2221 2444 2551 2532 techumenis
2572 2444 2823 2538 legendas
2849 2462 3053 2525 velint;
3087 2453 3409 2527 posteriores
3436 2457 3611 2502 autem
3636 2444 3827 2499 ﬁdeli-

2221 2572 2361 2634 bus,
2407 2566 2495 2621 ubi
2534 2536 2647 2633 jam
2690 2555 2995 2629 prazcipitur
3031 2544 3477 2622 quemadmodum
3518 2536 3829 2594 Christiani

2224 2630 2405 2717 vivere
2431 2630 2681 2713 debeant.
2705 2648 2859 2719 Quod
2885 2646 2930 2701 si
2947 2640 3317 2699 stultissimum
3339 2644 3421 2689 cst
3448 2632 3659 2693 dicere;
3695 2630 3832 2681 nul-

2224 2753 2335 2807 lum
2365 2761 2491 2819 ergo
2513 2744 2889 2799 documentum
2919 2742 3003 2790 est
3021 2731 3180 2799 hujus
3206 2724 3471 2797 opinionis
3494 2737 3562 2777 ex
3593 2720 3831 2789 Episto-

2227 2844 2294 2899 lis
2319 2809 2694 2911 Apostolorum
2718 2873 2732 2895 ,
2761 2845 2857 2883 cur
2878 2826 2998 2881 ideo
3023 2821 3346 2877 arbitremur
3370 2810 3721 2883 baptizandos
3751 2809 3835 2863 de

2230 2934 2343 2991 sola
2370 2899 2479 2985 ﬁde
2502 2968 2517 2993 ,
2546 2925 2840 2995 baptizatos
2862 2927 3038 2971 autem
3062 2912 3133 2967 de
3159 2908 3398 2965 moribus
3421 2899 3829 2961 admonendos,

2230 3024 2349 3096 quia
2376 3022 2450 3076 illi
2479 3016 2664 3089 primis
2688 3011 2924 3084 partibus
2953 3006 3274 3061 Litterarum
3302 3011 3516 3054 suarum
3543 3006 3838 3047 commen-

2231 3083 2495 3175 daverunt
2513 3083 2708 3175 ﬁdem,
2739 3120 2802 3159 ac
2822 3110 3009 3174 postea
3034 3099 3426 3165 consequenter
3455 3096 3512 3142 ut
3538 3086 3677 3140 bene
3697 3100 3729 3137 a
3762 3083 3839 3136 ﬁ-

2233 3210 2441 3269 delibus
2466 3206 2739 3261 viveretur
2776 3193 2974 3252 hortati
3015 3196 3161 3245 sunt.
3201 3180 3457 3253 Quamvis
3504 3177 3647 3233 enim
3694 3175 3839 3229 illud

2237 3304 2415 3376 prius,
2445 3299 2550 3354 hoc
2579 3291 2844 3366 posterius
2864 3327 2881 3354 ,
2918 3281 3215 3353 smpissime
3255 3284 3435 3330 tamen
3465 3284 3568 3325 una
3594 3273 3842 3322 contex-

2238 3397 2383 3451 tionc
2430 3387 2696 3447 sermonis
2745 3391 3028 3447 utrumque
3074 3366 3511 3429 catechumenis,
3540 3370 3846 3429 utrumque

2242 3486 2490 3543 ﬁdelibus
2515 3524 2530 3547 ,
2559 3488 2843 3544 utrumque
2879 3462 3207 3538 baptizandis
3228 3505 3243 3526 ,
3276 3467 3560 3525 utrumque
3589 3451 3848 3521 baptiza-

2241 3582 2309 3636 tis
2330 3620 2346 3647 ,
2373 3579 2485 3633 sive
2508 3585 2561 3627 ut
2588 3573 2941 3630 instruantur,
2963 3562 3077 3615 sive
3103 3572 3170 3611 ne
3193 3552 3597 3613 obliviscantur,
3624 3546 3752 3598 sive
3781 3552 3851 3596 ut

2244 3670 2612 3744 proﬁteantur,
2637 3662 2749 3716 sive
2769 3667 2827 3713 ut
2845 3653 3249 3710 conﬁrmentur,
3272 3640 3515 3699 doctrina
3541 3634 3848 3693 sanissima

2243 3728 2297 3821 et
2324 3758 2730 3833 diligentissima
2776 3742 3173 3820 praedicandum
3217 3747 3321 3794 est.
3369 3730 3619 3804 Epistolze
3652 3728 3855 3795 itaque

2409 3818 2707 3920 ,vEpistolae
2732 3818 2952 3898 Joannis
2974 3876 2991 3901 ,
3017 3834 3085 3890 de
3105 3830 3297 3902 quibus
3316 3823 3559 3897 quredam
3582 3818 3855 3874 testimo-

2247 3953 2334 4008 nia
2362 3907 2821 4004 commemorant,
2850 3932 3047 3987 addant
3074 3934 3129 3981 et
3160 3921 3306 3978 Pauli
3339 3927 3395 3974 et
3418 3916 3644 3970 aliorum
3690 3911 3857 3978 Apo-
3918 3907 3923 3912 '

2248 4043 2544 4103 stolorutn;
2572 4050 2634 4090 ea
2665 4029 2872 4085 ratione
2897 4017 3265 4090 accipiendum
3306 4020 3390 4066 est
3413 4006 3557 4079 quod
3583 4004 3856 4057 adverte-

2249 4142 2375 4194 runt
2396 4098 2543 4201 prius
2562 4126 2629 4182 de
2657 4122 2762 4177 ﬁde
2788 4133 2853 4173 ac
2884 4122 3064 4186 postea
3094 4110 3161 4164 de
3190 4104 3427 4162 moribus
3456 4098 3560 4154 dici
3585 4138 3599 4162 ,
3632 4109 3809 4166 quam
3837 4136 3857 4160 ,

2253 4226 2353 4281 nisi
2376 4199 2529 4277 fallor
2551 4221 2592 4286 ‘,
2621 4210 2956 4286 apertissime
2983 4199 3232 4272 exposui.

2324 4279 2550 4371 CAPUT
2571 4279 2878 4362 int—.2.
2897 4299 2939 4351 A
2958 4295 3109 4349 Petro
3139 4306 3238 4343 non
3265 4287 3374 4341 sola
3387 4284 3532 4353 ﬁdes,
3546 4279 3634 4332 sed
3663 4287 3710 4331 et
3731 4293 3858 4345 pa:-

2256 4404 2463 4464 nitentia
2485 4395 2801 4469 baptizandis
2830 4388 3122 4462 pra'dicata.
3160 4376 3461 4434 Ptenitentia
3487 4371 3699 4428 indicta,
3744 4385 3865 4422 non

2255 4499 2413 4555 solius
2433 4488 2777 4562 inﬁdelitatis,
2807 4482 2894 4537 sed
2922 4480 3034 4533 vitae
3064 4472 3241 4529 veteris
3268 4465 3523 4521 mutandae
3549 4463 3601 4515 in
3636 4475 3865 4514 nouam.

2258 4590 2366 4649 Sed
2427 4551 2499 4642 in.
2540 4581 2759 4638 Actibus
2815 4568 3191 4642 Apostolorum
3264 4561 3486 4619 Petrus,
3563 4551 3865 4620 inquiunt,

2259 4688 2339 4743 sic
2365 4683 2628 4738 allocutus
2653 4679 2734 4727 est
2772 4668 2893 4723 illos
2917 4662 3005 4732 qui
3033 4658 3198 4713 verbo
3225 4652 3407 4707 audito
3434 4644 3685 4716 baptizati
3724 4655 3873 4697 sunt.

2260 4793 2368 4835 uno
2397 4775 2483 4831 die
2510 4771 2608 4825 tria
2634 4762 2797 4820 millia
2816 4802 2832 4827 ,
2866 4767 2923 4812 ut
2951 4756 3029 4810 eis
3052 4751 3220 4809 solam
3261 4744 3443 4803 ﬁdem,
3485 4752 3587 4809 qua
3613 4737 3668 4790 in
3695 4733 3875 4789 Chri-

2262 4882 2404 4928 stum
2433 4863 2741 4921 crederent,
2774 4849 3106 4923 prmdicaret.
3129 4839 3230 4909 Qui
3260 4852 3382 4893 cum
3403 4832 3685 4892 dixissent,
3716 4827 3875 4892 Quid

2266 4956 2546 5036 faciemus?
2572 4919 2847 5019 respondit
2870 4942 2977 5005 eis,
3007 4936 3153 5006 Agite
3193 4926 3535 5003 prandentium
3554 4962 3572 4988 ,
3612 4931 3656 4973 et
3686 4919 3876 4988 bapti-

3038 5028 3050 5036 ‘
3230 5024 3244 5035 '
3335 5019 3398 5036 ’λέ
3431 5016 3533 5036 ηεΑξ
3579 5009 3851 5036 l--..r1___-

2265 5009 2408 5111 laetur
2430 5044 2768 5113 unusquisque
2792 5044 3007 5089 vestrum
3033 5028 3087 5081 in
3106 5024 3306 5079 nomine
3328 5016 3533 5073 Domini
3563 5013 3691 5067 Jesu
3710 5009 3879 5065 Chri-

2268 5148 2333 5203 sti
2358 5146 2411 5197 in
2430 5136 2772 5195 remissionem
2795 5133 3113 5197 peccatorum
3130 5159 3147 5183 ,
3171 5124 3216 5170 et
3238 5110 3495 5182 accipietis
3515 5108 3710 5161 donum
3737 5104 3882 5172 δρία

2269 5239 2396 5293 ritus
2418 5230 2597 5287 sancti.
2620 5228 2729 5280 Cur
2755 5233 2881 5288 ergo
2902 5228 3010 5269 non
3040 5210 3322 5264 advertunt
3346 5206 3487 5273 quod
3516 5198 3722 5253 dictum
3758 5207 3879 5257 est,

2272 5327 2418 5398 Agite
2444 5311 2821 5393 paenitentiam?
2852 5307 2923 5361 lbi
2946 5313 3027 5358 est
3057 5300 3198 5355 enim
3220 5296 3342 5350 vita:
3364 5290 3563 5347 veteris
3595 5288 3882 5357 exspolia-

2274 5378 2382 5481 n3,
2413 5378 2475 5468 ιιί
2508 5422 2643 5464 nova
2689 5402 2975 5458 induantur
3003 5392 3092 5464 qui
3134 5386 3490 5457 baptizantur.
3533 5378 3635 5434 Cui
3681 5386 3878 5431 autem

2274 5469 2542 5565 fructuosa
2567 5507 2650 5554 est
2670 5488 2984 5567 pmnitentia
3009 5527 3023 5549 ,
3048 5496 3165 5553 quae
3191 5478 3366 5547 agitur
3391 5473 3457 5527 de
3484 5469 3716 5524 mortuis
3735 5481 3881 5537 Ope-

2276 5600 2424 5655 ribus
2445 5637 2460 5661 ,
2488 5593 2532 5648 si
2565 5592 2619 5645 in
2655 5558 2914 5640 adulterio
2948 5577 3255 5646 perseveret
3280 5566 3507 5633 aliisque
3536 5558 3879 5625 sceleribus,

2276 5655 2469 5762 quibus
2495 5679 2709 5738 dilectio
2740 5671 2922 5729 mundi
2952 5667 3110 5737 hujus
3139 5655 3467 5716 involvitur?

2346 5830 2360 5858 ι
2398 5822 2533 5891 ωίιεῆ,
2558 5813 2703 5876 quod,
2723 5809 2819 5861 nisi
2850 5804 3008 5871 fallor.
3028 5807 3081 5851 At
3103 5806 3231 5857 uss,
3256 5804 3420 5859 quam,
3452 5790 3551 5841 nisi
3572 5785 3734 5851 fauor.
3751 5785 3879 5832 snt:-

2284 5896 2408 5949 πάξ,
2437 5892 2689 5934 rattmetu.
