4118 6524
314 410 418 465 ’173

313 518 539 575 CAPUT
570 517 662 573 XI.
692 547 762 559 -—
785 515 973 573 Contra
1020 515 1308 569 Platonicos
1331 554 1347 581 ,
1373 515 1457 585 qui
1493 514 1557 569 de
1585 513 1899 569 naturalibus

384 610 746 663 elementorum
813 606 1117 679 ponderibus
1180 613 1597 676 argumentantur
1654 613 1905 657 terrenum

386 717 570 770 corpus
597 700 649 754 in
676 701 801 753 caelo
828 714 934 753 esse
960 715 1059 751 non
1086 711 1253 767 posse.

385 793 440 847 1.
479 791 677 845 Contra
703 790 845 861 quod
877 804 1125 859 magnum
1152 788 1245 842 Dei
1271 786 1467 842 donum
1501 785 1906 842 ratiocinatores

316 882 401 937 isti
428 923 443 945 ,
492 898 720 953 quorum
766 882 1115 951 cogitationes
1158 880 1306 934 novit
1352 880 1609 935 Dominus
1653 880 1905 950 quoniam

322 989 471 1027 vana:
499 982 626 1028 sunt
655 974 673 1043 (
706 972 849 1026 Psat.
879 987 1001 1026 xcnt
1028 1014 1043 1037 ,
1070 972 1130 1025 Η
1156 969 1200 1043 ),
1222 970 1289 1025 de
1316 969 1639 1041 ponderibus
1664 971 1906 1025 elemen-

321 1072 495 1119 torum
545 1072 987 1132 argumentantur
1036 1081 1049 1117 :
1106 1063 1357 1132 quoniam
1405 1062 1605 1117 scilicet
1651 1062 1906 1131 magistro

317 1155 539 1209 Platone
567 1154 872 1209 didicerunt
896 1194 911 1219 ,
961 1152 1141 1208 mundi
1168 1152 1274 1207 duo
1299 1167 1525 1223 corpora
1556 1152 1785 1206 maxima
1820 1160 1904 1205 at-

317 1260 421 1315 que
451 1254 719 1314 postrema
746 1243 953 1298 duobus
982 1242 1171 1297 mediis
1194 1283 1209 1309 ,
1252 1258 1379 1297 aere
1421 1243 1625 1298 scilicet
1652 1250 1706 1297 et
1728 1256 1863 1311 aqua
1885 1281 1902 1308 ,

315 1350 433 1390 esse
455 1336 696 1405 copulata
724 1345 882 1405 atque
904 1332 1205 1403 conjuncta.
1234 1333 1309 1387 Ac
1333 1347 1425 1401 per
1448 1332 1548 1387 hoc
1572 1374 1587 1399 ,
1616 1333 1861 1402 inquiunt
1885 1373 1902 1398 ,

313 1428 563 1496 quoniam
597 1436 736 1481 terra
775 1426 969 1481 abhinc
1013 1440 1227 1480 sursum
1260 1440 1443 1478 versus
1474 1432 1557 1478 est
1582 1424 1747 1494 prima
1773 1465 1788 1488 ,
1820 1437 1907 1478 se-

314 1519 483 1573 cunda
522 1535 658 1589 aqua
698 1534 858 1589 super
884 1528 1079 1573 terram
1106 1560 1120 1583 ,
1150 1517 1337 1572 tertius
1365 1532 1457 1571 aer
1481 1532 1643 1587 super
1669 1531 1859 1587 aquam
1885 1557 1902 1583 ,

314 1624 557 1683 quartum
579 1629 740 1683 super
764 1628 889 1668 aera
913 1613 1141 1677 caelum;
1170 1626 1274 1665 non
1300 1618 1473 1681 potest
1492 1626 1609 1665 esse
1632 1619 1903 1665 terrenum

312 1718 507 1772 corpus
532 1704 583 1758 in
614 1704 771 1775 coelo.
802 1703 1082 1757 Momentis
1107 1702 1250 1756 enim
1282 1702 1512 1771 propriis
1536 1742 1551 1767 ,
1582 1710 1635 1755 ut
1659 1701 1904 1779 ordinem

313 1808 467 1847 suum
501 1802 716 1849 teneant
740 1836 753 1854 .
785 1793 990 1864 singula
1012 1794 1271 1848 elementa
1304 1793 1586 1847 librantur.
1619 1793 1755 1847 Ecce
1774 1808 1906 1863 qua-

312 1885 451 1939 libus
474 1886 801 1954 argumentis
831 1886 1231 1955 omnipotentia:
1264 1885 1354 1939 Dei
1383 1884 1612 1939 humana
1635 1885 1905 1940 contradi-

311 1976 383 2031 cit
413 1975 694 2034 inﬁrmitas
720 2019 733 2041 ,
764 1993 922 2047 quam
956 1976 1194 2048 possidet
1220 1978 1445 2031 vanitas.
1478 1976 1617 2045 Quid
1656 1993 1785 2047 ergo
1828 1979 1903 2032 fa-

312 2067 458 2121 ciunt
488 2067 540 2122 in
565 2083 693 2123 aere
722 2077 931 2123 terrena
957 2077 1034 2123 tot
1056 2083 1282 2138 corpora
1304 2110 1318 2132 ,
1342 2084 1463 2123 cum
1492 2084 1522 2123 a
1551 2079 1692 2124 terra
1718 2070 1787 2124 sit
1812 2085 1904 2125 aer

313 2156 542 2211 tertius?
567 2156 676 2212 Nisi
710 2160 848 2213 forte
872 2199 886 2222 ,
914 2158 1003 2228 qui
1037 2173 1133 2227 per
1173 2158 1471 2228 plumarum
1508 2168 1560 2213 et
1608 2175 1901 2229 pennarum

312 2248 580 2304 levitatem
624 2250 840 2305 donavit
877 2252 1052 2304 avium
1102 2252 1326 2305 terrenis
1352 2253 1668 2321 corporibus
1693 2262 1749 2307 ιιι
1778 2270 1901 2323 por-

314 2348 493 2397 tentur
519 2342 569 2397 in
601 2358 727 2399 aere
749 2386 763 2409 ,
799 2344 1189 2399 immortalibus
1219 2344 1369 2399 factis
1390 2346 1703 2416 corporibus
1734 2346 1905 2401 homi-

314 2449 440 2490 num
473 2450 577 2490 nen
609 2437 804 2506 poterit
830 2436 1030 2492 donare
1055 2438 1306 2493 virtutem
1331 2479 1347 2503 ,
1372 2454 1475 2507 qua
1497 2439 1653 2491 etiam
1682 2437 1733 2493 in
1755 2454 1903 2493 sum-

313 2540 401 2579 mo
429 2524 569 2581 caelo
613 2526 823 2581 valeant
852 2526 1109 2583 habitare.
1143 2527 1402 2582 Animalia
1432 2544 1640 2597 quoque
1664 2528 1774 2598 ipsa
1803 2540 1908 2584 ter-

309 2633 437 2674 rena
462 2660 477 2683 ,
510 2635 629 2689 qua:
661 2620 841 2674 volare
873 2637 978 2675 non
1003 2628 1259 2691 possunt,
1291 2620 1558 2690 inquibus
1580 2630 1635 2677 et
1657 2621 1902 2677 homines

308 2720 469 2777 sunt,
502 2712 640 2767 sicut
670 2712 769 2767 sub
796 2729 931 2784 aqua
962 2714 1136 2784 pisces
1160 2755 1175 2779 ,
1209 2730 1327 2785 qua:
1353 2723 1478 2769 sunt
1503 2730 1759 2786 aquarum
1784 2717 1903 2771 ani-

310 2804 469 2858 malia
494 2844 509 2868 ,
541 2804 609 2859 ita
639 2804 739 2860 sub
767 2813 908 2860 terra
938 2806 1121 2861 vivere
1149 2804 1471 2860 debuerunt.
1502 2805 1610 2861 Cur
1639 2822 1767 2877 ergo
1798 2822 1903 2862 non

309 2895 495 2950 saltem
518 2894 585 2951 de
605 2897 841 2952 secundo
864 2938 878 2960 ,
904 2896 954 2952 id
977 2906 1059 2953 est
1082 2939 1097 2963 ,
1130 2897 1195 2951 de
1216 2897 1367 2968 aquis
1391 2939 1406 2964 ,
1428 2898 1521 2953 sed
1545 2899 1611 2954 de
1633 2900 1901 2956 elemento

310 2986 468 3040 tertio
498 2994 767 3042 terrenum
794 2987 991 3042 animal
1014 2988 1187 3057 carpit
1214 2986 1350 3042 hanc
1370 2989 1575 3043 vitam?
1600 3006 1762 3060 quare
1783 3008 1904 3046 cum

310 3077 573 3147 pertineat
599 3078 665 3132 ad
696 3087 893 3134 terram
918 3120 934 3145 ,
968 3079 1019 3133 in
1049 3078 1285 3133 secundo
1310 3121 1325 3145 ,
1349 3079 1488 3149 quod
1514 3095 1677 3152 super
1704 3089 1903 3137 terram

309 3180 393 3222 cst
416 3211 431 3234 ,
458 3170 724 3225 elemento
749 3171 927 3226 vivere
949 3170 993 3225 si
1024 3181 1278 3241 cogatur,
1310 3171 1564 3227 continuo
1593 3172 1902 3241 suffocatur,

310 3270 365 3314 et
394 3270 449 3315 nt
477 3262 620 3316 vivat
642 3304 656 3329 ,
689 3261 822 3316 vivit
841 3262 893 3317 in
918 3262 1077 3318 tertio
1097 3261 1120 3315 ἲ
1138 3277 1207 3317 an
1226 3271 1372 3317 errat
1400 3262 1487 3318 hic
1514 3262 1648 3318 ordo
1668 3264 1905 3320 elemen-

314 3362 487 3407 torum
510 3394 527 3418 ,
557 3353 639 3409 vel
672 3354 847 3423 potius
877 3369 983 3408 non
1010 3354 1063 3408 in
1094 3362 1282 3408 natura
1312 3368 1491 3408 rerum
1515 3394 1532 3421 ,
1564 3354 1659 3409 sed
1692 3355 1743 3409 in
1777 3356 1906 3411 isto.

313 3461 428 3500 rum
456 3446 1003 3516 argumentationibus
1031 3445 1249 3501 deﬁcit?
1271 3444 1472 3501 Omitto
1500 3446 1679 3502 dicere
1702 3488 1716 3510 ,
1750 3447 1893 3517 quod

308 3538 418 3607 jam
448 3537 499 3593 in
520 3539 674 3593 tertio
689 3538 896 3594 decimo
917 3537 1054 3593 libro
1072 3538 1180 3593 dixi
1221 3538 1361 3608 (cap.
1391 3537 1458 3591 18
1478 3536 1519 3607 ).
1546 3553 1705 3607 quam
1730 3539 1896 3593 multa

312 3627 491 3697 gravia
526 3636 736 3683 terrena
765 3629 873 3683 sint
898 3642 1119 3698 corpora
1144 3666 1160 3692 ,
1187 3630 1327 3681 sicut
1353 3626 1624 3695 plumbum
1650 3668 1666 3692 ,
1694 3637 1749 3681 et
1797 3626 1907 3682 for-

313 3734 455 3773 mam
484 3727 661 3775 tamen
687 3720 756 3776 ab
778 3720 982 3775 artiﬁce
1007 3719 1302 3789 accipiant,
1335 3734 1439 3788 qua
1467 3727 1652 3775 natare
1692 3718 1911 3776 valeant

314 3827 476 3881 super
503 3827 692 3882 aquam
735 3810 858 3884 (a):
898 3821 952 3867 ct
996 3819 1047 3865 ut
1091 3810 1317 3881 accipiat
1359 3809 1666 3880 qualitatem
1714 3825 1911 3880 corpus

316 3903 607 3958 humanum
633 3944 648 3969 ,
674 3919 775 3973 qua
806 3901 931 3958 ferri
956 3902 1007 3956 in
1029 3901 1223 3956 coitum
1252 3942 1267 3965 ,
1296 3908 1351 3955 et
1377 3915 1498 3955 esse
1525 3900 1693 3971 possit
1722 3901 1774 3956 in
1803 3917 1913 3958 ca:-

316 3993 368 4047 lo
388 4035 403 4057 ,
438 3993 787 4062 omnipotenti
815 3991 1019 4047 Artiﬁci
1050 3990 1477 4046 contradicitur?

384 4086 439 4139 2.
478 4083 595 4140 Jam
619 4100 748 4140 vero
775 4093 961 4139 contra
985 4082 1113 4138 illud
1134 4081 1274 4152 quod
1297 4081 1404 4136 dixi
1436 4082 1682 4151 superius
1708 4124 1723 4147 ,
1751 4083 1912 4138 etiam

318 4178 476 4231 istum
497 4175 903 4232 considerantes
923 4184 1082 4245 atque
1105 4180 1390 4229 tractantes
1416 4172 1802 4227 elementorum
1828 4189 1915 4227 or-

317 4269 498 4323 dinem
527 4309 543 4335 ,
577 4283 680 4336 quo
710 4266 984 4322 confidunt
1008 4307 1022 4330 ,
1071 4280 1175 4319 non
1215 4263 1489 4318 inveniunt
1517 4262 1736 4317 omnino
1774 4264 1914 4333 quod

319 4361 518 4415 dicant.
551 4360 639 4415 Sic
667 4368 750 4415 est
774 4358 915 4414 enim
945 4358 1067 4412 hinc
1094 4371 1305 4411 sursum
1328 4369 1517 4409 versus
1546 4365 1683 4409 terra
1709 4354 1877 4425 prima
1897 4398 1911 4421 ,

318 4470 453 4522 aqua
482 4453 714 4509 secunda
738 4495 755 4520 ,
784 4452 972 4508 tertius
1002 4466 1096 4507 aer
1122 4492 1137 4517 ,
1175 4460 1422 4521 quartum
1465 4449 1661 4503 caelum
1686 4490 1702 4513 ,
1736 4458 1794 4504 ut
1822 4465 1915 4503 su-

320 4561 414 4614 per
441 4546 619 4600 omnia
647 4544 715 4599 sit
736 4544 928 4598 anima:
952 4553 1158 4597 natura.
1184 4541 1316 4595 Nam
1344 4548 1398 4595 et
1422 4540 1734 4595 Aristoteles
1755 4541 1913 4611 quin«

320 4647 429 4691 tum
459 4650 653 4707 corpus
677 4652 795 4692 eam
830 4635 965 4690 dixit
1003 4649 1124 4691 esse
1151 4631 1249 4707 (b),
1291 4642 1346 4688 et
1394 4630 1546 4686 Plato
1590 4632 1816 4687 nullum.
1863 4632 1919 4689 Si

318 4732 561 4802 quintum
605 4737 787 4793 esset,
835 4737 982 4784 certe
1021 4718 1275 4796 superius.
1312 4735 1458 4781 esset
1491 4726 1743 4780 «cteris:
1798 4740 1918 4780 cum

318 4836 447 4877 vero
475 4821 679 4876 nullum
708 4830 791 4875 est
815 4860 830 4886 ,
858 4820 1027 4874 multo
1055 4818 1222 4888 magis
1249 4825 1465 4887 superat
1490 4817 1691 4871 omnia.
1724 4817 1780 4871 in
1813 4826 1918 4871 ter-

321 4928 451 4968 reno
477 4928 606 4983 ergo
632 4911 758 4982 quid
793 4911 916 4965 facit
948 4910 1216 4981 corpore?
1263 4908 1316 4963 in
1349 4908 1447 4962 hac
1476 4906 1617 4962 mole
1646 4907 1772 4978 quid
1812 4908 1922 4977 agit

320 5004 569 5060 subtilior
610 5002 900 5058 omnibus?
944 5003 994 5057 in
1034 5002 1135 5057 hoc
1172 5001 1406 5072 pondere
1440 5000 1567 5071 quid
1605 5000 1714 5070 agit
1753 4999 1922 5055 levior

322 5095 614 5150 omnibus?
637 5093 689 5147 in
718 5094 817 5148 hac
842 5092 1093 5149 tarditate
1116 5092 1241 5162 quid
1263 5091 1371 5163 agit
1392 5090 1619 5146 celerior
1639 5090 1922 5144 omnibus?

324 5188 468 5243 Itane
499 5202 593 5256 per
621 5181 781 5256 hujus
812 5195 918 5239 tam
948 5185 1266 5239 excellentis
1296 5194 1500 5238 natura:
1531 5184 1781 5238 meritum
1813 5198 1920 5238 non

323 5279 517 5349 joterit
539 5279 680 5336 efﬁci
704 5320 721 5345 ,
766 5287 823 5332 nt
864 5292 1058 5348 corpus
1097 5278 1213 5347 ejus
1257 5275 1464 5331 levetur
1512 5275 1564 5329 in
1603 5275 1794 5330 emtum
1821 5316 1837 5342 ,
1868 5283 1925 5331 et

322 5386 444 5428 cum
474 5373 647 5428 valeat
676 5386 818 5427 nunc
842 5381 1030 5425 natura
1055 5384 1340 5439 corporum
1373 5377 1711 5424 terrenorum
1740 5368 1923 5436 depri-

324 5479 473 5523 mere
506 5464 713 5518 animas
749 5462 998 5517 deorsum
1024 5504 1040 5529 ,
1090 5460 1395 5531 aliquando
1420 5469 1473 5515 et
1515 5458 1709 5515 animae
1746 5460 1925 5515 levare

327 5569 538 5614 sursum
569 5562 777 5609 terrena
805 5566 1028 5621 corpora
1055 5566 1160 5605 non
1193 5550 1446 5604 valebunt
1477 5550 1502 5603 'l

400 5647 454 5703 5.
495 5646 612 5702 Jam
639 5644 682 5699 si
708 5643 773 5697 ad
799 5657 984 5698 eorum
1015 5642 1270 5697 miracula
1299 5636 1577 5696 veniamus
1603 5683 1619 5707 ,
1648 5655 1767 5712 qua:
1788 5638 1924 5696 facta

388 5758 464 5821 (α)
502 5755 675 5807 Confer
713 5752 1034 5815 Aristotelem,
1075 5752 1164 5804 lib.
1202 5753 1235 5802 4
1271 5753 1337 5802 de
1391 5753 1534 5811 Cario,
1579 5764 1686 5813 cap.
1740 5749 1790 5801 6.

1434 5822 1679 5872 Cooumvs.

392 5883 466 5947 (tr)
491 5878 661 5933 Confer
683 5890 846 5941 supra,
868 5876 952 5928 lib.
977 5876 1051 5941 10,
1076 5889 1181 5942 cap.
1210 5876 1284 5939 16,
1301 5889 1350 5925 ιι.
1374 5876 1424 5941 2,

1442 402 1644 460 LIBER
1684 399 1793 458 για
1805 399 2051 458 ESIMUS
2090 400 2453 460 SECUNDUS

3533 428 3601 485 74

2016 526 2047 565 a
2075 512 2176 566 diis
2206 515 2316 575 suis
2336 528 2610 586 opponunt
2632 519 2789 593 Mart)
2803 522 2948 579 ribus
2977 531 3174 584 nostris
3192 570 3208 596 ,
3232 547 3408 590 nonne
3434 540 3595 595 etiam

2015 604 2128 674 ipsa
2160 622 2256 676 pro
2288 609 2439 665 nobis
2469 612 2676 678 facere,
2716 624 2770 670 et
2810 619 2964 673 nobis
3004 622 3336 691 reperientur
3379 632 3598 688 omnino

2015 695 2316 763 proﬁcere?
2342 698 2470 753 Nam
2500 702 2636 757 inter
2678 719 2867 775 magna
2912 710 3165 767 miracula
3206 714 3429 773 deorum
3470 736 3600 776 suo-

2013 800 2128 839 rum
2154 827 2169 850 ,
2205 788 2441 857 profecto
2477 808 2725 864 magnum
2768 796 2894 853 illud
2921 810 3003 855 est
3029 842 3046 868 ,
3076 804 3217 873 quod
3249 805 3418 862 Varro
3446 824 3598 866 com-

2013 890 2275 934 memorat
2295 921 2311 945 ,
2345 880 2609 939 Vestalem
2630 888 2888 959 virginem
2914 932 2928 954 ,
2953 907 3074 947 cum
3098 897 3483 963 periclitaretur
3501 901 3601 957 fal-

2013 971 2404 1061 sa‘suspicione
2429 973 2496 1029 de
2525 985 2710 1046 stupro
2733 1021 2748 1044 ,
2790 981 3027 1037 cribrum
3068 985 3316 1055 implesse
3356 1004 3492 1061 aqua
3531 992 3601 1048 de

2014 1054 2231 1125 Tiberi,
2260 1072 2313 1115 et
2337 1064 2403 1117 ad
2430 1080 2556 1121 suos
2576 1066 2785 1135 judices
2828 1072 2971 1126 nulla
3015 1054 3323 1146 ejusiparte
3363 1054 3599 1139 stillante

2013 1159 2276 1218 portasse.
2303 1153 2435 1222 Quis
2469 1173 2620 1227 aqua:
2663 1161 2866 1229 pondus
2904 1179 3064 1234 supra
3106 1169 3337 1224 cribrum
3387 1175 3601 1229 tenuit?

2011 1244 2139 1318 quis
2173 1254 2249 1300 tot
2276 1250 2520 1304 cavernis
2552 1253 2857 1321 patentibus
2887 1256 3016 1311 nihil
3048 1258 3169 1314 inde
3196 1260 3250 1315 in
3283 1272 3478 1318 terram
3505 1281 3599 1320 ca-

2012 1339 2140 1393 dere
2169 1341 2455 1409 permisit?
2486 1341 2815 1412 Responsuri
2846 1357 2969 1402 sunt
2994 1389 3008 1413 ,
3054 1350 3259 1421 Aliquis
3298 1354 3465 1423 deus,
3508 1367 3601 1413 aut

2010 1430 2202 1500 aliquis
2230 1430 2460 1486 dtemon.
2492 1431 2549 1488 Si
2580 1432 2711 1489 deus
2733 1477 2749 1502 ,
2780 1439 3035 1508 numquid
3065 1442 3233 1511 major
3257 1454 3340 1499 est
3369 1446 3480 1502 Deo
3503 1450 3596 1519 qui

2012 1519 2135 1574 fecit
2162 1520 2302 1577 hunc
2330 1522 2629 1577 mundum?
2657 1524 2713 1579 Si
2742 1524 2953 1582 dmmon
2978 1569 2993 1593 ,
3036 1532 3293 1602 numquid
3335 1538 3597 1605 potentior

2010 1619 2093 1665 est
2114 1612 2316 1681 Angelo
2339 1654 2352 1677 ,
2380 1614 2468 1683 qui
2494 1614 2602 1667 Deo
2622 1616 2787 1670 servit
2810 1658 2825 1682 ,
2854 1633 2885 1672 a
2911 1635 3019 1689 quo
3039 1620 3208 1677 factus
3228 1636 3307 1679 est
3331 1628 3595 1684 mundus?

1986 1700 2065 1757 «Si
2094 1719 2221 1773 ergo
2246 1704 2378 1758 deus
2412 1704 2587 1760 minor
2606 1747 2621 1771 ,
2649 1707 2731 1761 vel
2758 1710 2977 1779 angelus
3000 1753 3016 1778 ,
3056 1713 3138 1767 vel
3177 1714 3386 1772 dazmon
3428 1722 3599 1788 potuit

2010 1796 2217 1866 pondus
2246 1796 2448 1852 humidi
2478 1797 2724 1854 elementi
2756 1801 2832 1855 sic
2856 1802 3183 1872 suspendere
3206 1846 3221 1870 ,
3252 1816 3312 1860 ut
3336 1824 3596 1879 aquarum

2009 1888 2252 1944 videatur
2288 1899 2486 1945 mutata
2525 1890 2690 1947 fuisse
2730 1902 2917 1948 natura
2949 1912 2961 1948 :
3013 1894 3156 1952 itane
3186 1898 3323 1952 Deus
3352 1902 3599 1971 omnipo-

2016 1988 2135 2036 tens
2156 2023 2170 2045 ,
2205 1980 2295 2052 qui
2325 1984 2502 2039 omnia
2531 1984 2644 2054 ipse
2671 1987 2872 2041 creavit
2901 1987 3165 2044 elementa
3190 2032 3206 2055 ,
3240 2000 3451 2048 terreno
3476 2010 3599 2050 cor-

2009 2072 2127 2142 pori
2158 2088 2320 2142 grave
2350 2075 2557 2144 pondus
2583 2075 2791 2133 auferre
2821 2094 2925 2134 non
2960 2082 3191 2150 poterit,
3220 2093 3277 2138 ut
3316 2084 3366 2140 in
3409 2087 3599 2143 eodem

2009 2165 2277 2220 elemento
2308 2166 2509 2223 habitet
2535 2169 2857 2226 vivificatum
2881 2186 3075 2243 corpus
3100 2216 3115 2242 ,
3159 2175 3210 2230 in
3237 2194 3342 2249 quo
3372 2181 3598 2237 voluerit

2008 2258 2282 2313 viviﬁcans
2310 2260 2571 2330 spiritus?

2080 2351 2135 2405 4.
2179 2350 2380 2406 Deinde
2425 2368 2547 2409 eum
2584 2369 2706 2409 aera
2745 2357 2980 2413 medium
3016 2369 3216 2429 ponant
3256 2362 3394 2417 inter
3423 2363 3597 2435 ignem

2010 2442 2242 2512 desuper
2270 2452 2326 2499 et
2350 2460 2542 2516 aquam
2572 2447 2758 2503 subter
2780 2490 2794 2514 ,
2822 2449 2948 2519 quid
2986 2460 3070 2507 est
3108 2453 3251 2523 quod
3294 2470 3413 2509 enm
3465 2457 3601 2513 inter

2013 2548 2209 2604 aquam
2238 2544 2292 2590 et
2317 2551 2509 2607 aquam
2534 2578 2550 2603 ,
2581 2548 2633 2593 et
2664 2539 2801 2594 inter
2825 2557 3015 2611 aquam
3046 2552 3099 2598 et
3129 2554 3321 2600 terram
3348 2564 3491 2619 sche
3520 2551 3601 2605 in-

2011 2626 2300 2681 venimus?
2325 2628 2463 2696 Quid
2493 2630 2636 2684 enim
2667 2632 2854 2687 volunt
2883 2649 3002 2689 esse
3028 2651 3254 2706 aquosas
3284 2638 3448 2695 nubes
3470 2682 3485 2704 ,
3521 2641 3604 2697 in-

2014 2726 2094 2772 ter
2124 2734 2257 2788 quas
2284 2729 2337 2775 et
2377 2720 2545 2775 maria
2591 2736 2685 2777 aer
2726 2724 2931 2779 medius
2970 2728 3274 2795 reperitur?
3316 2730 3556 2796 Quonam
3583 2773 3600 2797 ,

2013 2824 2196 2878 quaeso
2222 2851 2238 2877 ,
2269 2810 2661 2867 elementorum
2693 2814 2926 2883 pondere
2952 2826 3113 2887 atque
3140 2819 3327 2874 ordine
3351 2820 3602 2891 efﬁcitur,

2015 2910 2074 2955 ut
2114 2911 2380 2958 torrentes
2420 2904 2785 2960 violentissimi
2826 2917 2983 2978 atque
3023 2908 3363 2965 undosissimi
3389 2952 3403 2975 ,
3450 2923 3606 2966 ante-

2012 3012 2170 3066 quam
2200 2997 2299 3051 sub
2326 3012 2451 3053 aere
2480 2997 2534 3052 in
2564 2999 2720 3054 terris
2749 3009 2965 3054 currant
2988 3042 3004 3066 ,
3033 3016 3195 3071 super
3216 3018 3339 3058 aera
3367 3004 3417 3057 in
3453 3006 3605 3059 nubi-

1986 3108 1997 3125 ί
2016 3089 2115 3144 bus
2144 3091 2409 3161 pendeant
2430 3094 2451 3147 ?
2470 3091 2578 3147 Cur
2602 3092 2835 3164 denique
2854 3110 2947 3150 aer
2966 3105 3047 3151 est
3074 3097 3280 3152 medius
3300 3098 3437 3154 inter
3456 3116 3605 3153 sum-

2013 3196 2099 3236 ma
2128 3182 2253 3238 caeli
2278 3224 2293 3248 ,
2338 3192 2392 3238 et
2439 3184 2580 3239 nuda
2627 3194 2889 3240 terrarum
2920 3188 2960 3251 ί,
3003 3202 3422 3258 quaquaversum
3461 3192 3607 3246 orbis

2016 3276 2320 3331 extenditur
2343 3319 2359 3343 ,
2390 3277 2436 3332 si
2464 3279 2612 3333 locus
2635 3278 2751 3349 ejus
2777 3279 2915 3334 inter
2940 3281 3132 3336 emtum
3162 3290 3214 3335 et
3238 3297 3402 3352 aquas
3423 3324 3438 3347 ,
3465 3283 3606 3339 sicut

2016 3382 2275 3438 aquarum
2303 3368 2441 3424 inter
2467 3369 2639 3439 ipsum
2668 3378 2723 3425 et
2753 3380 2924 3426 terras
2949 3379 3033 3426 est
3053 3372 3418 3427 constitutus?

2087 3462 2143 3517 5.
2187 3462 2463 3518 Postremo
2496 3464 2541 3517 si
2581 3463 2651 3518 ita
2680 3473 2764 3519 est
2795 3464 3179 3519 elementorum
3219 3466 3350 3519 ordo
3387 3465 3607 3543 disposi-

2018 3561 2103 3608 tus
2127 3595 2143 3620 ,
2174 3564 2230 3608 ut
2261 3554 2558 3609 secundum
2593 3554 2874 3611 Platonem
2910 3556 3119 3612 duobus
3162 3558 3352 3618 mediis
3376 3606 3393 3630 ,
3438 3565 3488 3619 id
3528 3576 3609 3622 est

2015 3658 2140 3699 aere
2166 3652 2220 3698 et
2246 3660 2381 3716 aqua
2409 3686 2425 3712 ,
2469 3645 2577 3700 dno
2614 3654 2854 3702 extrema
2879 3687 2895 3713 ,
2940 3647 2991 3703 id
3027 3657 3110 3705 est
3150 3649 3284 3721 ignis
3326 3663 3381 3708 et
3428 3666 3565 3710 terra
3589 3697 3608 3721 ,

2010 3734 2301 3806 jnngantur
2325 3779 2340 3803 ,
2363 3736 2591 3807 caelique
2612 3737 2850 3793 obtineat
2878 3736 2968 3795 ille
2989 3743 3186 3797 summi
3211 3746 3231 3774 ¹
3255 3743 3426 3799 locum
3451 3787 3465 3808 ,
3492 3745 3608 3802 haec

2016 3836 2193 3883 autem
2224 3827 2339 3893 imi,
2368 3828 2514 3883 velut
2541 3828 2863 3884 fundaminis
2892 3831 3073 3886 mundi
3099 3874 3114 3900 ,
3146 3842 3201 3889 et
3239 3833 3360 3890 ideo
3390 3836 3441 3890 in
3466 3839 3608 3892 caelo

2017 3937 2140 3979 esse
2170 3938 2276 3978 non
2305 3932 2478 3994 potest
2507 3932 2690 3991 terra;
2734 3941 2831 3981 cur
2863 3936 2945 3983 est
2992 3928 3106 3999 ipse
3150 3930 3285 4001 ignis
3330 3932 3381 3987 in
3425 3936 3606 4008 terra?

2019 4013 2323 4068 Secundum
2352 4014 2489 4069 hanc
2510 4015 2704 4086 quippe
2733 4017 2993 4073 rationem
3023 4020 3091 4074 ita
3118 4021 3215 4076 ista
3237 4021 3347 4078 duo
3374 4024 3610 4081 elemen-

2020 4113 2070 4160 ta
2101 4104 2154 4160 in
2182 4106 2316 4161 locis
2342 4106 2570 4176 propriis
2595 4149 2611 4174 ,
2653 4108 2760 4163 imo
2791 4124 2855 4164 ac
2895 4123 3105 4166 summo
3127 4153 3143 4178 ,
3193 4122 3328 4167 terra
3373 4125 3427 4169 et
3473 4116 3609 4185 ignis

2020 4211 2139 4253 esse
2164 4196 2463 4252 debuerunt
2488 4241 2502 4264 ,
2531 4206 2588 4252 ut
2610 4200 3060 4269 quemadmodum
3094 4203 3279 4259 nolunt
3305 4205 3357 4259 in
3398 4221 3611 4261 summo

2022 4302 2141 4343 esse
2171 4303 2328 4358 posse
2357 4288 2498 4358 quod
2527 4289 2618 4344 imi
2645 4299 2727 4345 est
2751 4333 2767 4358 ,
2801 4292 2870 4347 ita
2898 4308 2995 4348 nec
3024 4294 3076 4347 in
3120 4295 3228 4349 imo
3274 4306 3452 4366 posset
3492 4313 3612 4354 esse

2022 4381 2162 4450 quod
2204 4381 2394 4435 summi
2440 4390 2542 4436 est.
2589 4382 2740 4438 Sicut
2784 4399 2911 4455 ergo
2944 4386 3137 4441 nullam
3169 4397 3352 4457 putant
3382 4388 3462 4444 vel
3492 4404 3614 4445 esse

2026 4474 2112 4528 vel
2144 4473 2372 4528 futuram
2399 4490 2518 4530 esse
2547 4484 2706 4531 terra:
2738 4478 3049 4545 particulam
3092 4480 3144 4533 in
3182 4480 3321 4535 ccelo
3342 4520 3359 4551 ,
3390 4481 3457 4534 ita
3490 4481 3613 4535 nul-

2025 4565 2128 4620 lam
2160 4567 2473 4636 particulam
2506 4567 2685 4623 videre
2713 4567 2995 4623 debuimus
3021 4569 3157 4638 ignis
3189 4572 3239 4625 in
3271 4581 3430 4625 terra.
3462 4572 3613 4626 Nunc

2024 4672 2153 4712 vero
2176 4674 2283 4711 non
2306 4658 2481 4711 solum
2514 4658 2566 4712 in
2597 4659 2751 4713 terris
2776 4702 2791 4724 ,
2823 4674 3006 4713 verum
3035 4662 3192 4714 etiam
3225 4663 3323 4716 sub
3355 4663 3511 4717 terris
3541 4664 3611 4718 ita

2025 4757 2145 4814 est,
2206 4758 2261 4802 ut
2308 4764 2430 4803 eum
2482 4759 2732 4804 eructent
2780 4752 3009 4806 vertices
3063 4756 3364 4819 montium;
3419 4766 3613 4825 prailer

2025 4839 2166 4910 quod
2198 4840 2250 4894 in
2280 4839 2466 4895 usibus
2493 4841 2766 4895 hominum
2797 4851 2851 4896 et
2880 4858 3000 4897 esse
3039 4843 3212 4913 ignem
3257 4846 3307 4899 in
3352 4855 3489 4900 terra
3515 4889 3530 4913 ,
3560 4857 3613 4902 et

2026 4948 2147 4986 eum
2178 4932 2325 4987 nasci
2349 4931 2591 4987 videmus
2637 4948 2701 4987 ex
2747 4943 2933 4987 terra:
2983 4934 3412 5004 quandoquidem
3451 4946 3505 4992 et
3546 4937 3613 4993 de

2027 5024 2181 5095 lignis
2206 5024 2350 5080 etde
2376 5024 2638 5095 lapidibus
2659 5026 2897 5081 nascitur
2919 5067 2934 5091 ,
2965 5042 3084 5095 qua:
3106 5036 3231 5081 sunt
3250 5042 3470 5099 corpora
3498 5030 3614 5085 sine

2027 5115 2357 5170 dubitatione
2401 5124 2637 5171 terrena.
2686 5114 2791 5171 Sed
2844 5116 2969 5182 ille,
3021 5117 3300 5187 inquiunt,
3352 5118 3487 5188 ignis
3532 5129 3616 5175 est

2029 5209 2346 5280 tranquillus
2367 5251 2382 5275 ,
2411 5224 2575 5279 purus
2599 5251 2614 5273 ,
2645 5208 2892 5264 innoxius
2917 5250 2932 5274 ,
2965 5213 3321 5279 sempiternus
3346 5229 3361 5265 :
3392 5213 3489 5267 iste
3516 5227 3613 5266 au-

2032 5311 2138 5357 tem
2172 5302 2413 5358 turbidus
2439 5344 2454 5368 ,
2479 5300 2686 5356 fumeus
2710 5343 2725 5379 ,
2748 5300 3112 5371 corruptibilis
3132 5311 3290 5371 atque
3315 5312 3614 5373 corruptor.

2034 5393 2144 5450 Nec
2203 5402 2378 5449 tamen
2429 5393 2727 5463 corrumpit
2778 5403 3027 5458 montes,
3080 5393 3132 5447 in
3179 5393 3370 5463 quibus
3417 5394 3620 5465 jugiter

2032 5494 2223 5541 :cstuat
2245 5527 2261 5553 ,
2293 5498 2653 5554 cavernasque
2683 5480 2966 5537 terrarum.
2999 5482 3195 5539 Verum
3222 5493 3341 5539 esto
3369 5525 3384 5548 ,
3427 5484 3497 5539 sit
3539 5484 3617 5541 illi

2034 5576 2136 5633 iste
2161 5575 2434 5633 dissimilis
2457 5616 2473 5640 ,
2505 5585 2564 5628 ut
2608 5568 2831 5631 terrenis
2868 5573 3280 5629 habitationibus
3315 5584 3571 5646 congruat
3599 5594 3614 5632 :

2032 5682 2130 5723 cur
2153 5681 2283 5738 ergo
2316 5666 2504 5720 nolunt
2530 5673 2589 5719 ut
2614 5664 2894 5720 credamus
2916 5672 3158 5720 naturam
3184 5680 3467 5739 corporum
3503 5673 3616 5722 ter-

2103 5809 2117 5839 ¹
2156 5814 2218 5855 tta
2242 5812 2347 5855 uss.
2374 5811 2425 5855 At
2450 5802 2587 5863 mliti,
2606 5811 2650 5854 et
2668 5803 2764 5854 inm
2782 5808 3040 5853 terrarum.

2103 5871 2123 5902 ³
2159 5869 2293 5928 editi,
2317 5878 2551 5917 summum
2566 5879 2587 5930 ;
2609 5867 2687 5917 dis
2712 5866 3011 5918 enticutibns
3031 5875 3131 5917 uss.
