3996 6516
565 396 708 455 ’⁸175

603 532 861 574 renorum
890 514 1174 587 aliquando
1197 513 1654 584 incorruptibilem
1684 511 1876 570 factam
1903 511 2041 568 caelo
2065 525 2196 566 con-

608 609 906 664 venientem
933 606 1164 662 futuram
1190 648 1205 674 ,
1237 606 1375 660 sicut
1400 620 1540 660 nunc
1566 604 1703 675 ignis
1727 603 2087 673 corruptibilis
2115 600 2202 656 his

604 704 857 759 convenit
884 703 1080 758 terris?
1107 701 1247 756 Nihil
1292 701 1449 772 igitur
1489 697 1717 754 atl‘erunt
1758 713 1822 752 ex
1873 695 2201 768 ponderibus

609 806 768 866 atque
796 795 982 850 ordine
1007 795 1393 850 elementorum
1421 835 1435 859 ,
1473 792 1615 848 unde
1657 790 2007 861 omnipotenti
2050 789 2160 843 Deo
2183 829 2198 852 ,

605 886 892 955 quominus
931 883 1091 940 faciat
1133 899 1358 956 corpora
1407 893 1586 938 nostra
1627 883 1750 938 talia
1776 925 1791 950 ,
1845 891 1904 937 ut
1939 883 2101 937 etiam
2148 879 2200 933 in

606 978 744 1031 cmlo
769 975 977 1046 possint
1008 974 1248 1030 habitare
1271 1017 1286 1043 ,
1321 974 1688 1046 praescribunt.

605 1087 833 1143 CAPUT
873 1087 1083 1142 Xll.—-
1107 1086 1298 1144 Contra
1340 1087 1623 1141 calumnias
1663 1086 1972 1155 inﬁdelium,
2020 1084 2202 1155 quibus

663 1179 981 1234 Christianos
1006 1180 1069 1232 de
1103 1179 1293 1233 credita
1320 1179 1487 1233 carnis
1515 1179 1880 1232 resurrectione
1903 1177 2138 1231 irrident.

679 1295 731 1348 1.
808 1293 914 1350 Sed
939 1293 1406 1362 scrupulosissime
1454 1306 1736 1362 qumrere,
1787 1300 1841 1346 et
1889 1291 2046 1346 tidem
2097 1305 2198 1361 qua

601 1385 878 1440 credimus
907 1394 1330 1440 resnrrecturam
1376 1399 1613 1451 carnem,
1647 1385 1719 1438 ita
1749 1382 2060 1451 quaerendo,
2108 1396 2199 1436 as-

603 1479 783 1532 solent
826 1477 1071 1544 irridere,
1113 1477 1304 1536 Utrum
1349 1476 1487 1531 l'etus
1523 1476 1746 1530 abortivi
1781 1474 2106 1544 resurgant?
2131 1473 2201 1529 Et

603 1571 856 1640 quoniam
885 1571 1141 1625 Dominus
1167 1570 1259 1636 ait,
1288 1570 1447 1623 Amen
1477 1569 1590 1622 dico
1621 1569 1775 1632 vobis,
1807 1567 2025 1639 capillus
2052 1567 2198 1638 capi-

605 1665 668 1718 tis
692 1664 841 1718 vestri
869 1680 969 1718 non
997 1664 1174 1735 peribit
1203 1661 1355 1736 (Luc.
1391 1679 1505 1729 XXI,
1541 1662 1625 1733 l8)
1655 1680 1668 1717 :
1700 1671 1876 1716 utrum
1913 1668 2116 1716 statura
2145 1670 2199 1715 et

605 1756 771 1812 robur
797 1756 1022 1827 aequalia
1060 1756 1235 1811 futura
1274 1755 1382 1810 sint
1409 1755 1680 1820 omnibus,
1720 1769 1786 1808 an
1817 1753 2045 1808 diversa:
2072 1766 2198 1806 cor-

603 1864 795 1920 porum
819 1849 1180 1920 quantitates?
1204 1849 1260 1904 Si
1291 1848 1436 1903 enim
1466 1847 1741 1917 aequalitas
1761 1860 2046 1916 corporum
2073 1844 2195 1911 erit,

609 1941 752 1996 unde
776 1940 1048 1996 habebunt
1073 1941 1214 2011 quod
1245 1940 1331 1995 hic
1360 1954 1467 1994 non
1495 1939 1796 1994 habuerunt
1821 1938 1871 1992 in
1901 1937 2043 1991 molc
2070 1950 2197 1991 cor-

607 2033 752 2102 poris
793 2031 870 2086 illi
899 2031 1146 2096 abortivi,
1195 2032 1238 2086 si
1279 2039 1562 2100 resurgent
1602 2040 1656 2084 et
1687 2029 1827 2099 ipsi?
1856 2030 1962 2084 Aut
2003 2028 2047 2082 si
2089 2043 2198 2082 non

605 2133 907 2196 resurgent,
940 2125 1062 2194 quia
1109 2139 1206 2178 nec
1253 2123 1363 2178 nati
1413 2131 1558 2189 sunt,
1601 2120 1697 2177 sed
1736 2120 1911 2185 elfusi,
1951 2119 2197 2175 eamdem

528 2238 534 2245 -
605 2215 954 2286 quzestionem
996 2215 1063 2269 de
1097 2215 1333 2285 parvulis
1364 2223 1598 2278 versant,
1628 2211 1770 2267 unde
1814 2211 1920 2266 illis
1949 2224 2197 2266 mensura

605 2307 869 2376 corporis,
898 2321 1058 2376 quam
1087 2320 1226 2359 nunc
1252 2305 1487 2360 defuisse
1512 2302 1774 2364 videmus,
1803 2300 2043 2367 accedat,
2074 2314 2197 2355 cum

601 2397 658 2451 in
688 2398 785 2452 hac
812 2406 968 2452 (etate
1005 2397 1325 2451 moriuntur.
1356 2395 1540 2466 Neque
1577 2396 1719 2450 enim
1751 2393 1943 2449 dicturi
1985 2408 2196 2462 sumus,

602 2505 699 2545 eos
727 2505 834 2546 non
879 2500 1296 2554 resurrecturos,
1328 2488 1416 2558 qui
1461 2503 1566 2542 non
1608 2487 1779 2542 solum
1809 2484 2196 2556 generationis,

604 2597 789 2636 verum
815 2581 975 2636 etiam
1007 2579 1429 2650 regenerationis
1453 2592 1678 2648 capaces
1703 2586 1844 2631 sunt.
1879 2575 2080 2630 Deinde
2110 2575 2198 2630 in-

606 2681 897 2745 terrogant,
929 2689 1086 2742 quem
1117 2671 1335 2727 modum
1363 2672 1496 2742 ipsa
1528 2670 1806 2741 a-qualitas
1833 2668 2076 2724 habitura
2103 2669 2196 2725 sit.

604 2766 660 2820 Si
683 2766 824 2820 enim
845 2775 962 2818 “tam
994 2764 1168 2835 magni
1209 2773 1264 2818 et
1302 2772 1407 2816 tam
1443 2763 1582 2832 longi
1615 2769 1774 2816 erunt
1797 2775 2006 2825 omnes,
2036 2775 2195 2831 quam

604 2859 821 2914 luerunt
846 2858 1168 2929 quicumque
1195 2857 1281 2912 hic
1307 2857 1521 2911 luerunt
1556 2853 1774 2910 maximi
1800 2863 1962 2925 atque
2001 2854 2200 2924 longis-

604 2950 748 3012 simi,
789 2964 896 3004 non
926 2949 1098 3004 solum
1141 2948 1208 3002 dc
1250 2947 1502 3017 parvulis,
1553 2945 1650 3003 sed
1682 2945 1749 3000 de
1775 2944 2018 3016 plurimis
2047 2961 2197 3015 quze~

606 3041 786 3107 runt‘,
818 3040 958 3095 unde
999 3035 1108 3094 illis
1137 3053 1476 3094 accessurum
1516 3037 1604 3103 sit,
1633 3037 1775 3108 quod
1808 3036 1893 3093 hic
1932 3035 2121 3102 deluit,
2152 3036 2199 3091 si

608 3133 708 3186 hoc
760 3132 984 3202 quisque
1026 3131 1270 3201 recipiet,
1312 3129 1455 3201 quod
1501 3130 1586 3184 hic
1631 3129 1836 3184 habuit.
1893 3129 1949 3183 Si
1994 3137 2196 3196 autem,

607 3224 750 3294 quod
786 3224 861 3278 ait
889 3223 1198 3295 Apostolus,
1225 3238 1545 3278 occursuros
1571 3238 1668 3278 nos
1697 3238 1887 3278 omnes
1912 3225 1963 3277 in
1992 3240 2198 3277 mensu-

604 3331 715 3367 ram
742 3315 904 3369 cetatis
930 3313 1256 3384 plenitudinis
1278 3313 1463 3368 Christi
1491 3311 1707 3384 (Ep/tes.
1736 3329 1809 3380 ιγ,
1844 3315 1962 3382 15);
1989 3325 2043 3369 et
2069 3314 2197 3370 illud

605 3405 857 3471 alterum,
893 3403 1032 3470 Quos
1062 3403 1438 3475 prccdestinavit
1465 3406 1748 3473 conformes
1765 3407 1786 3437 ³
1816 3406 2051 3477 imaginis
2077 3405 2201 3461 Filii

605 3497 686 3550 ani
712 3496 890 3565 (Rom.
920 3511 1035 3557 vui,
1063 3494 1178 3564 29),
1207 3495 1286 3550 sic
1324 3495 1727 3566 intelligendum
1757 3507 1859 3562 est,
1901 3509 1956 3552 ut
1995 3507 2197 3553 statura

605 3597 660 3640 et
687 3587 876 3641 modus
905 3586 1100 3642 Christi
1132 3587 1373 3657 corporis
1400 3588 1639 3642 omnium
1681 3589 1770 3658 qui
1803 3590 1854 3644 in
1884 3606 2048 3660 regno
2079 3591 2199 3661 ejus

607 3687 797 3746 erunt,
853 3678 1212 3734 humanorum
1263 3694 1548 3748 corporum
1598 3681 1668 3734 sit
1719 3679 1931 3735 futurus
1973 3699 1988 3735 :
2023 3681 2200 3738 Multis

608 3775 732 3837 erit,
757 3773 1022 3843 inquiunt,
1047 3771 1113 3826 de
1137 3772 1502 3842 magnitudine
1533 3781 1585 3827 et
1606 3773 1933 3842 longitudine
1958 3777 2200 3846 corporis

607 3863 995 3919 detrahendum
1028 3881 1041 3916 :
1070 3873 1124 3918 et
1154 3864 1240 3917 ubi
1277 3863 1387 3934 jam
1415 3865 1538 3930 erit,
1570 3864 1802 3936 Capillus
1843 3867 2023 3936 capitis
2053 3871 2199 3923 vestri

605 3973 704 4009 non
730 3955 926 4026 peribit,
960 3957 1003 4010 si
1025 3956 1092 4010 de
1118 3957 1229 4026 ipsa
1259 3955 1500 4026 corporis
1525 3959 1818 4028 quantitate
1840 3969 1945 4014 tam
1973 3962 2198 4018 multum

607 4048 841 4116 peribit?
867 4047 1120 4113 Quamvis
1166 4056 1218 4101 et
1259 4047 1328 4102 de
1369 4049 1496 4117 ipsis
1537 4048 1741 4118 capillis
1770 4051 1940 4121 possit
1983 4052 2197 4124 inquiri,

607 4153 784 4195 utrum
817 4141 1002 4196 redeat
1043 4140 1297 4211 quidquid
1329 4141 1671 4197 tendentibus
1711 4143 1927 4199 decidit.
1957 4145 2111 4212 Quod
2154 4147 2200 4202 si

609 4233 904 4286 rediturum
936 4242 1036 4296 est,
1070 4232 1191 4301 quis
1230 4248 1334 4286 non
1365 4233 1660 4289 exhorreat
1701 4236 1843 4290 illam
1884 4237 2199 4294 deformita-

611 4324 754 4378 tem?
804 4324 937 4378 Nam
981 4323 1086 4378 hoc
1132 4336 1186 4378 et
1225 4325 1293 4379 de
1334 4327 1599 4395 unguibus
1638 4329 1848 4385 videtur
1899 4334 2200 4389 necessario

605 4427 948 4483 secuturum,
1001 4427 1057 4470 ut
1109 4417 1294 4471 redeat
1337 4426 1443 4472 tam
1491 4420 1717 4475 multum
1764 4424 1906 4492 quod
1957 4429 2199 4496 corporis

607 4508 897 4562 euratura'
927 4508 1183 4563 desecuit.
1237 4509 1302 4562 Et
1345 4509 1435 4565 ubi
1481 4510 1584 4564 erit
1629 4512 1829 4567 decus?
1869 4516 2011 4584 quod
2049 4529 2226 4574 certe-

609 4602 798 4672 majus,
829 4618 986 4672 quam
1021 4603 1071 4655 in
1102 4602 1199 4656 ista
1241 4619 1363 4658 esse
1406 4606 1750 4674 corruptione
1781 4608 1974 4677 potuit,
2025 4609 2077 4665 in
2110 4612 2197 4668 illa

605 4698 715 4764 jam
760 4695 1160 4748 inunortalitate
1195 4710 1316 4749 esse
1342 4696 1578 4752 debebit.
1611 4697 1665 4754 Si
1706 4710 1883 4755 autem
1916 4718 2021 4758 non
2068 4705 2198 4760 red-

607 4787 725 4849 ibit,
767 4801 896 4856 ergo
926 4786 1120 4856 peribit
1149 4805 1162 4841 :
1195 4789 1462 4855 quomodo
1497 4805 1645 4860 ergo,
1678 4791 1944 4863 inquiunt,
1975 4798 2199 4867 capillus

604 4878 796 4948 capitis
827 4893 934 4932 non
963 4879 1194 4947 peribit?
1229 4879 1302 4933 De
1330 4881 1498 4935 macie
1526 4897 1741 4952 quoque
1769 4887 1850 4940 vel
1879 4887 2198 4958 pinguedine

605 4969 857 5022 similiter
901 4968 1193 5038 disputant.
1235 4968 1365 5022 Nam
1419 4971 1460 5024 si
1501 4973 1734 5041 :I‘qttalcs
1779 4990 1966 5032 omnes
2008 4991 2195 5044 erunt;

607 5076 714 5113 non
755 5060 938 5128 utique
979 5059 1068 5112 alii
1121 5060 1307 5126 macri,
1355 5061 1445 5114 alii
1477 5062 1700 5132 pingues
1742 5075 1920 5121 erunt.
1964 5069 2198 5127 Accedet

608 5169 735 5220 ergo
777 5152 894 5205 aliis
922 5150 1143 5220 aliquid,
1191 5151 1311 5205 aliis
1353 5151 1640 5209 minuetur.
1690 5157 1767 5210 Ac
1799 5173 1894 5227 per
1921 5159 2042 5228 hoc,
2090 5179 2195 5218 non

609 5243 747 5311 quod
794 5251 910 5297 erat
952 5242 1335 5313 recipiendum,
1379 5244 1474 5299 sed
1517 5245 1711 5302 alicubi
1752 5249 2054 5309 addendum
2091 5265 2195 5324 est,

609 5333 747 5402 quod
764 5348 871 5391 non
899 5332 1032 5400 fuit;
1063 5342 1120 5388 et
1145 5335 1334 5389 alicuhi
1359 5335 1707 5404 perdendum,
1734 5341 1876 5411 quod
1908 5343 2024 5398 luit.

679 5425 734 5479 2.
778 5426 852 5482 De
881 5428 1010 5498 ipsis
1047 5427 1206 5482 etiam
1247 5431 1677 5500 corruptionibus
1720 5445 1774 5489 et
1810 5436 2197 5508 dilapsionibus

611 5530 894 5587 corporum
935 5527 1288 5588 mortuorum,
1320 5536 1441 5575 cum
1486 5523 1630 5577 aliud
1662 5535 1898 5582 vertatur
1942 5530 1993 5584 in
2021 5533 2196 5601 pulve-

670 5671 687 5743 ξ
720 5671 797 5743 sic
807 5739 815 5743 Α
828 5670 1075 5743 placat-aditi
1095 5684 1236 5743 vero,
1259 5672 1346 5723 sed
1362 5678 1408 5743 et
1423 5672 1484 5722 de
1494 5671 1725 5743 plurimis
1747 5681 1935 5741 magnis
1951 5691 2192 5743 quierunt.

664 5733 688 5758 ‘
722 5732 843 5806 mliti:
858 5732 1062 5806 reddunt,
1087 5733 1236 5806 fieri;
1251 5736 1379 5806 quod
1403 5732 1606 5806 verbum
1633 5738 1723 5787 hoc
1747 5732 2079 5801 Apo'stoli'loeo
2096 5732 2194 5800 non

607 5795 809 5865 reperiri
828 5795 884 5865 in
907 5798 1246 5865 titanuscr_i_ptis
1262 5795 1358 5856 jam
1381 5795 1640 5860 aliquoties
1666 5810 1741 5851 est
1765 5795 2094 5858 observatum.

668 5858 689 5888 ³
721 5859 860 5921 ωιιί,
885 5872 1022 5908 cura.
1048 5857 1216 5909 Melius
1232 5865 1362 5921 Mss,
1381 5857 1629 5912 curatura.

1679 392 1765 450 ne
1805 346 2126 448 civmre
2166 389 2297 454 om,
2338 391 2396 448 s.
2439 393 2810 454 AUGUSTth
3719 424 3784 478 ττι

2306 527 2444 579 rem,
2477 514 2528 569 in
2561 532 2719 579 auras
2745 518 2887 574 aliud
2915 521 3231 591 exhaletur;
3260 526 3365 582 sint
3387 545 3511 598 quos
3537 534 3699 606 bestia,
3719 545 3784 602 sint

2307 620 2440 707 quos
2489 608 2626 707 ignis
2676 611 2972 707 absumat;
3023 615 3298 689 naufragio
3341 625 3419 678 vel
3469 628 3784 707 quibuscumque

2306 699 2460 768 aquis
2497 700 2567 753 ita
2597 702 2814 789 quidam
2848 717 3084 773 pereant,
3111 720 3169 764 ut
3193 726 3377 767 eorum
3405 730 3577 774 carnes
3602 699 3785 784 inltunio.

2307 805 2419 845 rem
2445 794 2666 862 putredo
2689 796 2974 864 dissolvat;
3005 817 3109 855 non
3140 805 3474 864 mediocriter
3490 827 3784 886 permoventur,

2305 888 2466 951 atque
2495 885 2674 940 omnia
2719 887 2818 941 ista
2849 891 3084 962 recolligi
3122 893 3175 947 in
3203 909 3418 952 carnem
3448 911 3494 955 et
3532 905 3786 980 redintegrati

2308 987 2466 1069 posse
2504 990 2611 1030 non
2640 979 2883 1035 credunt.
2925 981 3315 1042 Consectantur
3347 991 3498 1047 etiam
3523 979 3786 1069 quasqucta-

2306 1062 2502 1120 ditates
2526 1076 2582 1122 et
2609 1069 2756 1137 vitia,
2803 1071 2918 1127 sive
2945 1076 3256 1144 accedaut‘,
3288 1081 3406 1137 sive
3443 1062 3683 1144 nascantur
3703 1115 3712 1144 :
3733 1098 3787 1149 utri

2306 1164 2362 1211 et
2400 1170 2737 1218 monstrosos
2782 1174 2966 1233 partus
3007 1183 3128 1223 cum
3175 1171 3400 1231 horrore
3443 1187 3583 1248 atque
3619 1182 3788 1243 irrisione

2305 1262 2749 1320 commemorant,
2772 1265 2827 1310 et
2853 1259 3131 1328 requirunt
3159 1277 3403 1332 quamam
3433 1270 3654 1340 cujusque
3672 1274 3789 1330 deiur-

2307 1342 2506 1398 mitatis
2535 1350 2859 1404 resurrectio
2888 1352 2957 1406 sit
2984 1351 3182 1409 futura.
3217 1357 3275 1412 Si
3304 1361 3441 1415 enim
3473 1365 3586 1419 nihil
3610 1370 3690 1423 tale
3713 1372 3789 1425 red-

2307 1432 2384 1488 ire
2412 1434 2464 1488 in
2493 1451 2690 1507 corpus
2717 1438 2947 1497 hominis
2989 1444 3282 1504 dixerimus
3301 1493 3313 1514 ,
3347 1459 3696 1524 responsionem
3727 1480 3790 1519 no-

2305 1533 2470 1580 stram
2500 1527 2567 1584 de
2595 1529 2728 1585 locis
2747 1534 3046 1603 vulnerum,
3071 1556 3190 1595 cum
3214 1544 3407 1613 quibus
3435 1548 3672 1606 Dominum
3691 1555 3791 1611 Chri-

2305 1626 2448 1673 stum
2483 1626 2844 1682 resurrexisse
2876 1631 3252 1702 praedicamus,
3295 1651 3353 1693 se
3379 1641 3693 1701 CONlulaturos
3714 1665 3791 1705 esse

2307 1725 2660 1779 praesumunt.
2693 1718 2798 1774 Sed
2831 1719 2970 1777 inter
2989 1725 3102 1781 lure
3123 1729 3304 1783 omnia
3330 1735 3543 1803 qumstio
3567 1737 3790 1796 dinieillim:

2306 1803 2392 1858 illa
2432 1809 2768 1877 prOponitur,
2816 1813 2869 1867 in
2913 1815 3066 1887 cujus
3102 1833 3322 1876 carnem
3365 1824 3578 1881 reditura
3617 1830 3669 1883 sit
3695 1847 3790 1896 caro,

2303 1911 2406 1965 qua
2442 1913 2639 1969 corpus
2675 1902 2916 1972 alterius,
2959 1914 3225 1967 vescentis
3254 1912 3476 1970 humana
3514 1920 3679 1975 viscera
3706 1923 3792 1977 latnt:

2304 1989 2680 2058 compellente,
2730 1996 2984 2052 nutritur.
3036 2000 3093 2054 in
3134 2017 3354 2059 carnem
3400 2009 3579 2078 quippe
3613 2027 3792 2066 cont-em

2304 2086 2387 2131 est
2414 2081 2548 2173 ejus,
2575 2083 2662 2153 qui
2695 2085 2886 2142 talibus
2909 2089 3036 2146 vixit
3063 2093 3363 2164 alimentis;
3385 2110 3430 2154 οε
3463 2119 3519 2156 ea
3540 2118 3640 2173 qua:
3662 2108 3794 2159 macies

2304 2170 2612 2268 ostenderat
2653 2174 3000 2268 detrimenta,
3055 2186 3346 2256 supplevit.
3401 2170 3570 2248 Utrum
3614 2212 3712 2268 ergo
3748 2199 3793 2253 illi

2305 2259 2490 2362 redeat
2521 2262 2722 2362 hom‘ini
2744 2269 2896 2340 cujus
2925 2288 3052 2329 caro
3083 2278 3230 2346 prius
3256 2279 3375 2350 fuit,
3405 2300 3466 2338 an
3492 2286 3560 2342 illi
3584 2259 3793 2358 potiuscu-

2299 2357 2389 2420 jus
2417 2363 2600 2422 postea
2630 2357 2765 2414 facta
2806 2371 2905 2427 est,
2939 2365 3007 2421 ad
3051 2367 3152 2426 hoc
3191 2357 3660 2445 pcrcdntantur,ut
3690 2382 3791 2437 ﬁdem

2305 2449 2715 2540 resurrectionis
2755 2452 2978 2540 illudant
3004 2477 3017 2514 :
3048 2476 3110 2516 ac
3153 2463 3232 2519 sic
3276 2468 3466 2524 animae
3502 2471 3791 2538 ltumanr,ant

2304 2539 2656 2634 alternantes,
2698 2545 2837 2602 sicut
2880 2549 3050 2619 Plato,
3080 2569 3237 2611 veras
3267 2557 3584 2616 infelicitatcs
3609 2563 3793 2634 falsasque

2307 2631 2620 2727 promittant
2661 2635 3054 2709 beatitudines;
3099 2656 3191 2702 aut
3220 2661 3342 2719 post
3372 2654 3552 2709 multas
3576 2657 3716 2711 itidem

2304 2721 2515 2778 diversa
2543 2742 2766 2798 corpora
2800 2735 3183 2804 revelationes,
3235 2743 3512 2814 aliquando
3543 2757 3684 2802 tamen
3705 2721 3794 2813 eain,

2304 2815 2444 2911 sicut
2470 2816 2817 2911 Porphyrius,
2851 2827 3004 2884 linire
3033 2831 3298 2900 miserias,
3324 2846 3378 2892 et
3405 2837 3467 2893 ad
3506 2855 3586 2895 eas
3609 2857 3796 2911 nunquam

2305 2908 2483 2965 redire
2509 2910 2808 2984 fateantur;
2840 2935 2944 2974 non
2973 2928 3152 2979 tamen
3179 2940 3383 3000 corpus
3407 2929 3625 2988 habendo
3644 2908 3797 2988 inliner.

2307 3000 2432 3066 tale,
2463 3003 2556 3058 sed
2583 3020 2778 3076 corpus
2804 3023 2965 3066 omne
2991 3013 3265 3086 fugiendo.

2305 3113 2534 3170 CAPUT
2575 3116 2712 3173 Xlll.
2739 3151 2812 3160 —
2837 3123 2916 3176 An
2942 3125 3154 3182 abortiri
3181 3145 3285 3185 non
3315 3133 3583 3202 pertineant
3604 3135 3658 3187 ad
3683 3151 3794 3188 resur-

2403 3210 2696 3276 rectionem,
2725 3212 2770 3268 si
2794 3216 3041 3282 pertinent
3070 3220 3140 3272 ad
3169 3237 3440 3278 numerum
3465 3237 3735 3280 mortuorum.

2378 3325 2459 3381 Ad
2502 3326 2620 3383 haec
2645 3345 2772 3400 ergo
2800 3347 2919 3403 qua:
2948 3333 3016 3389 ab
3051 3349 3240 3391 eorum
3286 3351 3436 3408 parte
3475 3342 3713 3402 contraria,
3744 3356 3795 3394 me

2305 3418 2590 3491 dirigente,
2629 3423 2758 3478 mihi
2808 3425 3054 3483 videntur
3095 3433 3366 3500 opposita,
3408 3435 3712 3490 misericordia
3741 3435 3796 3487 [id

2307 3515 2443 3569 meis
2481 3515 2686 3571 nisibus
2727 3531 2884 3586 opem
2927 3519 3156 3586 ferente,
3198 3527 3563 3596 respondeam.
3598 3528 3795 3582 Abortitus

2308 3609 2464 3676 l'etus,
2499 3611 2611 3681 qui,
2637 3627 2759 3668 eum
2781 3614 2892 3683 jam
2936 3617 3195 3674 vixissent
3222 3621 3274 3675 in
3305 3631 3473 3687 utero,
3501 3624 3561 3677 ihi
3585 3633 3683 3676 sunt
3703 3637 3794 3673 mnt-

2309 3702 2404 3768 tui,
2445 3714 2847 3763 resurrecturos
2873 3719 2931 3763 ut
2969 3710 3265 3780 affirmare,
3315 3715 3386 3768 ita
3432 3730 3604 3786 negare
3638 3727 3793 3767 nonam
3881 3700 3884 3707 ’

2305 3795 2409 3852 deo
2439 3814 2452 3850 :
2485 3802 2729 3868 quamvis
2755 3815 2861 3856 non
2888 3803 3094 3859 videam
3125 3809 3399 3876 quomodo
3423 3811 3484 3864 ad
3511 3825 3594 3863 eos
3618 3825 3696 3862 non
3720 3821 3795 3874 pcr-

2310 3889 2476 3944 tineat
2507 3894 2828 3948 resurrectio
2859 3908 3215 3963 mortuorum,
3265 3900 3310 3954 si
3357 3917 3459 3954 non
3497 3901 3740 3955 eximuntur
3757 3896 3795 3947 de

2309 3998 2534 4037 numero
2574 3996 2928 4041 mortuorum.
2979 3991 3087 4043 Ant
3131 3991 3280 4046 enim
3322 4008 3428 4047 non
3472 4007 3635 4048 omnes
3668 3986 3794 4043 mortui

2309 4083 2610 4144 resurgeut,
2640 4085 2696 4130 et
2729 4089 2886 4132 erunt
2912 4080 3104 4150 aliqua:
3132 4082 3384 4138 humana:
3407 4086 3583 4138 animm
3615 4083 3702 4138 sine
3719 4094 3794 4131 ott-

2308 4165 2529 4233 poribus
2559 4167 2612 4221 in
2637 4177 2923 4237 :eternum,
2953 4187 3074 4242 qua:
3103 4188 3338 4244 corpora
3379 4177 3608 4240 humana,
3631 4170 3796 4243 quamvis

2308 4256 2445 4311 intra
2474 4258 2678 4313 viscera
2710 4272 2974 4330 materna,
3009 4273 3291 4333 gestarum
3317 4285 3330 4321 :
3355 4276 3445 4321 aut
3469 4268 3509 4322 si
3545 4279 3697 4320 omnes
3725 4261 3794 4311 nni-

2307 4365 2410 4404 mm
2444 4351 2688 4406 humanm
2714 4353 2973 4422 recipient
3002 4357 3343 4424 resurgentia
3388 4374 3478 4412 sua
3501 4372 3701 4425 carpant.
3722 4365 3795 4418 ll“

2310 4442 2611 4498 habuerunt
2637 4444 2958 4516 ubicumque
2982 4447 3238 4514 viventia,
3282 4449 3618 4505 et-morientia
3639 4445 3795 4511 velintve-

2308 4544 2452 4603 runt,
2485 4551 2588 4592 non
2622 4537 2835 4593 invenio
2863 4540 3318 4610 quemadmodum
3346 4545 3514 4599 dicam
3551 4543 3608 4597 ad
3640 4549 3794 4594 resurre

2306 4633 2537 4688 etionem
2564 4648 2673 4687 non
2698 4633 2969 4702 pertinere
2989 4643 3350 4704 mortuorum,
3380 4649 3695 4708 quoscumque
3709 4643 3794 4684 mor-

2309 4734 2430 4778 tuos
2461 4725 2622 4778 etiam
2664 4725 2718 4779 in
2756 4725 2924 4780 uteris
2950 4735 3207 4783 matrum.
3239 4729 3349 4784 Sed
3389 4720 3793 4784 utrumlibetdehis

2305 4816 2531 4886 quisque
2557 4817 2777 4883 sentiat,
2806 4817 2948 4886 quod
2975 4817 3045 4873 de
3063 4818 3177 4888 jam
3206 4821 3352 4876 natis
3383 4821 3638 4876 inlantibus
3658 4811 3791 4868 dum

2307 4923 2448 4976 mus,
2482 4908 2584 4964 hoc
2609 4909 2770 4964 etiam
2806 4910 2874 4966 de
2914 4911 3018 4966 illis
3061 4911 3465 4984 intelligendum
3506 4921 3595 4976 est,
3619 4911 3653 4964 si
3676 4920 3791 4962 resur-

2304 5011 2431 5071 geut
2462 4999 2560 5076 (a).

2305 5113 2533 5170 CAPUT
2563 5113 2704 5169 XIV.
2734 5146 2809 5156 —
2834 5116 2909 5170 An
2963 5117 3179 5188 infantes
3223 5120 3278 5173 in
3323 5137 3382 5174 ea
3423 5120 3518 5174 sint
3562 5106 3788 5170 restari-1M

2379 5205 2673 5260 habitudine
2715 5208 2964 5278 corporis,
3005 5225 3158 5279 quam
3189 5210 3411 5266 habituri
3449 5219 3576 5266 erant
3600 5204 3788 5261 alatisac-

2375 5317 2539 5355 ερεειι.

2375 5411 2512 5480 Quid
2541 5420 2670 5483 emo
2713 5412 2780 5468 de
2818 5413 3105 5469 infantibus
3146 5415 3344 5472 dicturi
3381 5431 3571 5479 sumus,
3610 5408 3686 5465 nisi
3714 5402 3787 5474 qui:

2307 5517 2412 5556 non
2441 5503 2493 5556 in
2522 5518 2584 5558 ea
2617 5505 2970 5559 resurrecturi
3013 5516 3136 5560 sunt
3165 5509 3408 5576 corporis
3445 5506 3697 5577 exiguitate.
3724 5506 3786 5562 '1'"

2303 5598 2534 5662 mortui;
2576 5597 2669 5651 sed
2697 5597 2839 5668 quod
2879 5599 2959 5654 eis
2998 5600 3198 5655 tardius
3226 5617 3555 5658 accessurum
3599 5603 3684 5652 erat
3706 5602 3786 5643 tem-

2304 5707 2454 5762 pore,
2489 5692 2589 5746 hoc
2619 5702 2741 5746 sunt
2778 5693 2874 5747 illo
2913 5693 3006 5748 Dei
3046 5709 3208 5763 opere
3251 5697 3388 5752 miro
3425 5705 3568 5767 atque
3593 5684 3788 5748 celerrimo

2366 5810 2383 5840 ι
2422 5805 2556 5856 \‘ind.
2582 5811 2682 5854 Am.
2708 5812 2782 5853 Er.
2810 5813 2863 5856 et
2884 5813 3010 5864 Mss,
3035 5804 3132 5855 sire
3153 5808 3398 5860 accidant.

2366 5871 2440 5932 (a)
2472 5867 2604 5918 Catil.
2629 5867 2862 5918 Euchirid.
2888 5881 2938 5918 ιι.
2957 5869 3021 5918 ‘33
3038 5902 3054 5929 ,
3083 5868 3239 5920 initio.
