3996 6522
287 434 387 495 τ’ἶῖ

287 548 580 617 recepturi?
620 547 673 603 ln
704 548 963 603 sententia
992 548 1187 619 quippe
1229 544 1455 611 Domini,
1507 544 1593 598 ubi
1634 544 1726 607 ait,
1753 540 1853 597 Ca.-

285 637 435 705 pillus
470 639 649 707 capitis
676 640 822 693 vestri
847 655 948 693 non
977 638 1153 708 peribit
1182 638 1334 710 (Luc.
1362 652 1479 701 xxi,
1508 634 1621 706 18),
1652 634 1849 690 dictum

283 735 364 781 est
402 743 506 781 non
533 728 833 783 defuturum
866 744 984 783 esse
1022 729 1162 798 quod
1202 727 1317 790 fuit,
1346 742 1453 781 non
1481 736 1658 781 autem
1686 738 1849 794 nega-

281 828 390 873 tum
424 830 506 874 est
546 821 845 875 adfuturum
886 836 1005 875 esse
1050 820 1190 890 quod
1231 819 1415 875 defuit.
1461 818 1635 874 Defuit
1672 828 1849 873 autem

280 907 467 963 infanti
492 922 701 966 mortuo
727 912 959 981 perfecta
976 913 1239 980 quantitas
1260 911 1341 965 sui
1365 911 1605 980 corporis
1632 927 1645 963 :
1676 908 1851 979 perfe-

277 1007 365 1053 cto
387 1001 579 1070 quippe
609 1001 794 1055 infanti
819 1001 967 1056 deest
992 1001 1169 1070 utique
1194 1000 1446 1070 perfectio
1474 999 1848 1069 magnitudinis

279 1094 603 1161 corporalis;
630 1109 748 1162 qua:
787 1108 905 1146 cum
936 1093 1238 1155 accesserit,
1265 1092 1372 1160 jam
1414 1100 1613 1145 statura
1642 1091 1847 1159 longior

276 1194 397 1235 esse
422 1196 527 1235 non
556 1183 741 1250 possit.
766 1182 916 1235 Hunc
942 1180 1282 1249 perfectionis
1311 1178 1523 1233 modum
1550 1180 1624 1232 sic
1653 1179 1849 1231 habent

274 1282 483 1341 omnes,
526 1283 584 1327 ut
628 1289 747 1326 cum
796 1272 888 1326 illo
937 1272 1300 1342 concipiantur
1331 1279 1489 1340 atque
1531 1277 1845 1333 nascantur;

274 1362 368 1415 sed
409 1361 603 1418 habent
641 1363 694 1415 in
731 1363 956 1427 ratione,
988 1376 1095 1416 non
1136 1362 1187 1415 in
1227 1362 1367 1415 mole
1395 1376 1408 1413 :
1439 1361 1573 1414 sicut
1602 1361 1713 1428 ipsa
1736 1360 1844 1426 jam

272 1452 511 1505 membra
545 1452 721 1506 omnia
763 1462 889 1507 sunt
915 1452 1141 1507 latenter
1170 1454 1225 1505 in
1268 1450 1491 1515 semine,
1523 1465 1643 1502 cum
1682 1449 1844 1504 etiam

272 1542 410 1597 natis
440 1544 691 1598 nonnulla
717 1544 889 1599 adhuc
912 1543 1109 1608 desint,
1152 1543 1289 1597 sicut
1327 1542 1534 1605 dentes,
1562 1555 1623 1595 ac
1647 1542 1691 1595 si
1718 1541 1845 1610 quid

270 1632 555 1701 ejusmodi.
604 1633 662 1687 ln
686 1644 790 1703 qua
818 1635 1025 1689 ratione
1062 1632 1470 1702 uniuscujusque
1496 1632 1731 1685 materiae
1761 1632 1842 1683 iu-

267 1724 378 1777 dita
398 1726 680 1792 corporali,
707 1725 815 1793 jam
846 1723 1258 1794 quodammodo,
1293 1732 1349 1776 ut
1376 1723 1447 1776 ita
1472 1720 1668 1784 dicam,
1693 1720 1841 1773 licia-

270 1816 415 1868 tum'
450 1830 567 1871 esse
603 1816 814 1870 videtur
837 1814 935 1886 (a),
978 1814 1119 1885 quod
1148 1813 1382 1868 nondum
1422 1820 1524 1877 est,
1566 1812 1674 1864 imo
1699 1810 1841 1879 quod

269 1904 417 1972 latet,
450 1906 543 1961 sed
566 1920 782 1961 accessu
812 1906 1067 1975 temporis
1092 1905 1213 1968 erit,
1244 1903 1325 1958 vel
1348 1902 1520 1972 potius
1546 1899 1836 1971 apparebit.

266 1996 326 2050 in
368 1997 465 2052 hac
506 2013 632 2067 ergo
677 1998 851 2052 infans
873 1997 982 2067 jam
1027 1996 1205 2051 brevis
1244 2003 1335 2049 aut
1374 1994 1559 2063 longus
1602 2000 1704 2053 est,
1749 1991 1837 2059 qui

266 2085 441 2141 brevis
468 2088 722 2157 longusve
764 2086 968 2141 futurus
1016 2094 1117 2141 est.
1163 2083 1465 2141 Secundum
1496 2084 1631 2137 hanc
1673 2080 1838 2135 ratio-

264 2194 385 2231 nem
429 2180 663 2247 profecto
708 2180 760 2233 in
806 2179 1192 2234 resurrectione
1242 2176 1481 2246 corporis
1523 2174 1838 2229 detrimenta

262 2270 503 2338 corporis
547 2284 653 2324 non
699 2270 944 2323 timemus
981 2286 993 2321 :
1027 2268 1167 2339 quia,
1206 2267 1307 2321 etsi
1349 2265 1621 2336 mqualitas
1663 2262 1836 2318 futura

261 2371 409 2415 esset
433 2362 688 2427 omnium,
726 2362 796 2414 ita
826 2370 883 2415 ut
918 2374 1103 2414 omnes
1128 2357 1388 2427 usquead
1414 2357 1685 2427 giganteas
1719 2368 1835 2409 ma-

260 2452 565 2520 gnitudines
605 2454 961 2523 pervenirent,
998 2467 1062 2507 ne
1096 2451 1173 2505 illi
1196 2451 1322 2521 qui'
1361 2449 1576 2504 maximi
1602 2448 1830 2511 fuerunt,

260 2543 436 2596 minus
463 2542 719 2599 haberent
762 2543 959 2613 aliquid
1002 2544 1053 2596 in
1095 2550 1317 2605 statura,
1350 2540 1491 2610 quod
1531 2540 1611 2594 eis
1649 2547 1834 2593 contra

258 2634 576 2689 sententiam
616 2634 811 2689 Christi
856 2634 1070 2703 periret,
1124 2633 1214 2703 qui
1251 2632 1401 2698 dixit,
1452 2645 1550 2685 nec
1586 2631 1833 2701 capillum

256 2725 449 2793 capitis
494 2742 615 2781 esse
642 2730 963 2796 periturum;
1012 2723 1250 2780 Creatori
1287 2725 1469 2794 utique
1492 2724 1584 2792 qui
1629 2724 1835 2779 creavit

253 2824 446 2869 cuncta
472 2816 537 2870 de
568 2816 752 2882 nihilo,
780 2815 1047 2886 quomodo
1087 2814 1241 2869 desse
1266 2822 1463 2884 posset,
1494 2812 1636 2868 unde
1672 2812 1834 2869 adde-

254 2913 343 2957 ret
368 2904 505 2972 quod
536 2905 835 2961 addendum
861 2921 979 2960 esse
1006 2906 1172 2960 mirus
1192 2905 1381 2959 artifex
1407 2905 1628 2960 nosset?

252 2995 481 3050 CAPUT
519 2996 632 3051 XV.
682 3027 753 3037 —-
796 2997 874 3051 An
922 2999 989 3050 ad
1048 2997 1302 3050 DominiCi
1351 3002 1575 3066 corporis
1627 2996 1832 3051 modum

363 3088 585 3139 omnium
614 3096 925 3140 mortuorum
963 3098 1304 3141 resurrectura
1343 3087 1441 3139 sint
1486 3102 1718 3156 corpora.

324 3166 431 3223 Sed
481 3171 661 3239 utique
698 3169 941 3225 Christus
989 3172 1040 3223 in
1083 3184 1143 3224 ea
1185 3184 1433 3223 mensura
1470 3171 1727 3239 corporis,
1777 3172 1830 3224 in

252 3276 359 3329 qua
388 3269 469 3314 est
502 3257 1086 3326 mortuus,resurrexit,
1102 3275 1200 3315 nec
1229 3258 1310 3314 fas
1328 3259 1351 3291 ³
1376 3268 1460 3314 est
1480 3260 1681 3324 dicere,
1707 3274 1827 3316 cum

249 3351 659 3404 resurrecuonis
696 3352 931 3406 omnium
973 3361 1181 3419 tempus
1225 3350 1447 3414 venerit,
1496 3364 1829 3405 accessuram

249 3442 469 3510 corpori
514 3441 626 3511 ejus
654 3456 771 3495 eam
817 3441 1251 3510 magnitudinem,
1279 3456 1437 3511 quam
1478 3456 1586 3495 non
1626 3441 1828 3507 habuit,

246 3530 469 3599 quando
490 3530 542 3583 in
567 3545 628 3584 ea
662 3530 955 3600 discipulis,
987 3532 1038 3583 in
1064 3546 1165 3600 qua
1196 3530 1297 3584 illis
1319 3538 1435 3585 erat
1463 3540 1640 3596 notus,
1660 3544 1829 3598 appa-

245 3623 383 3688 ruit,
428 3630 484 3675 ut
522 3622 842 3692 longissimis
892 3622 1006 3676 fieri
1053 3623 1220 3691 possit
1260 3622 1498 3691 aequalis.
1549 3621 1607 3676 Si
1652 3632 1829 3676 autem

242 3717 543 3771 dixerimus
588 3716 653 3769 ad
701 3716 955 3769 Dominici
1001 3716 1241 3784 corporis
1268 3713 1483 3769 modum
1512 3717 1670 3769 etiam
1698 3728 1832 3783 qqu

241 3822 478 3878 rumque
507 3807 707 3878 majora
733 3812 954 3877 corpora
987 3805 1291 3877 redigenda,
1324 3806 1516 3875 peribit
1542 3807 1610 3861 de
1634 3807 1829 3861 multo-

243 3916 367 3953 rum
416 3900 727 3968 corporibus
767 3899 1072 3968 plurimum,
1121 3913 1242 3953 cum
1284 3898 1398 3968 ipse
1437 3912 1539 3952 nec
1579 3898 1828 3966 capillum

240 3990 543 4058 periturum
575 4004 695 4044 esse
721 3989 1042 4059 promiserit.
1073 3989 1258 4043 Restat
1292 4003 1441 4057 ergo,
1472 3997 1528 4041 nt
1556 4003 1703 4042 suam
1740 4004 1829 4042 re-

239 4080 414 4148 cipiat
447 4080 671 4149 quisque
696 4094 1021 4145 mensuram,
1050 4095 1206 4150 quam
1235 4082 1312 4133 vel
1343 4080 1524 4132 habuit
1550 4080 1602 4132 in
1636 4080 1826 4147 juven-

238 4178 380 4235 tnte,
410 4169 619 4223 etiamsi
644 4184 806 4224 senex
830 4179 912 4223 est
935 4181 1207 4235 mortuus;
1229 4172 1311 4224 vel
1342 4170 1513 4225 fuerat
1531 4170 1826 4236 habiturus,

238 4261 288 4314 si
321 4270 410 4315 est
431 4271 556 4314 ante
582 4260 877 4315 defunctus.
908 4263 1080 4330 Atque
1116 4261 1240 4314 illud
1273 4260 1412 4329 quod
1438 4274 1827 4314 commemora-

237 4352 317 4404 vit
350 4350 643 4417 Apostolus
669 4350 734 4404 de
776 4365 1023 4404 mensura
1059 4351 1228 4404 celatis
1257 4349 1599 4420 plenitudinis
1628 4348 1828 4403 Christi

236 4441 466 4514 (Epltes.
497 4457 569 4503 iv,
608 4443 722 4511 15),
768 4452 858 4496 aut
899 4454 1115 4512 propter
1162 4443 1305 4497 aliud
1348 4442 1701 4511 intelligamus
1743 4441 1828 4495 di-

236 4543 394 4589 ctum
422 4546 564 4597 esse,
595 4533 645 4587 id
673 4543 775 4598 est,
803 4544 860 4588 ut
898 4535 975 4588 illi
1002 4534 1157 4603 capiti
1200 4535 1252 4588 in
1280 4534 1485 4604 populis
1511 4532 1828 4588 Christianis

237 4622 540 4679 accedente
591 4625 828 4678 omnium
880 4624 1205 4693 perfectione
1250 4626 1607 4680 membrorum
1654 4625 1829 4679 aetatis

234 4714 361 4784 ejus
404 4726 652 4765 mensura
706 4715 1067 4782 compleatur;
1106 4724 1216 4779 aut,
1255 4716 1302 4769 si
1340 4714 1443 4769 hoc
1483 4714 1550 4769 de
1593 4730 1831 4770 resurre-

234 4805 425 4858 ctione
455 4816 736 4870 corporum
765 4802 963 4857 dictum
992 4812 1096 4870 est,
1140 4804 1219 4858 sic
1258 4804 1579 4873 accipiamus
1602 4804 1823 4871 dictum,

236 4902 301 4947 ut
330 4906 437 4947 nec
470 4892 630 4956 ultra,
659 4908 757 4947 nec
788 4892 923 4947 infra
940 4893 1233 4962 iuvenilem
1252 4894 1272 4925 ⁸
1299 4895 1521 4950 formam
1550 4906 1829 4966 resurgant

233 4996 476 5051 corpora
512 4992 881 5047 mortuorum;
910 4984 1003 5038 sed
1046 4984 1097 5037 in
1137 4984 1255 5051 ejus
1291 4986 1482 5040 aetate"
1520 4996 1576 5040 et
1611 4987 1824 5051 robore,

236 5087 418 5142 usque
441 5071 507 5126 ad
530 5088 692 5140 quam
712 5074 982 5128 Christum
1013 5075 1095 5128 hic
1124 5075 1431 5143 pervenisse
1458 5076 1823 5145 cognovimus.

234 5163 399 5217 Circa
444 5162 658 5230 triginta
702 5165 897 5233 quippe
938 5178 1106 5216 annos
1145 5164 1465 5218 definierunt
1507 5180 1629 5220 esse
1667 5168 1826 5221 etiam

303 5314 320 5344 ι
363 5310 503 5358 Vind.
528 5323 627 5360 am.
651 5322 702 5361 et
726 5320 818 5370 Er.,
842 5316 1074 5363 innatum.

304 5376 325 5405 ³
363 5380 495 5428 l.ov.,
524 5386 583 5439 ne
605 5373 676 5439 illi
694 5375 1008 5438 quidemqui.
1048 5376 1213 5435 Abest,
1236 5374 1528 5439 quidem,ah
1557 5375 1701 5425 editis
1721 5378 1828 5426 aliis

234 5443 291 5486 et
318 5435 679 5495 manuscriptis.

304 5497 326 5529 ³
364 5495 502 5542 Vind.
543 5504 643 5545 Am.
668 5505 718 5544 et
739 5504 831 5555 PL,
857 5501 1008 5559 nefas.
1032 5500 1328 5559 Castigantur
1354 5511 1416 5547 ex
1461 5498 1605 5546 editis
1638 5499 1745 5546 aliis
1770 5508 1820 5548 et

233 5558 600 5618 manuscriplis.

299 5628 323 5649 ο
359 5627 571 5691 veteres
593 5618 718 5691 libri,
756 5618 1060 5679 jnvcnalem;
1085 5626 1137 5668 et
1160 5619 1299 5680 infra,
1340 5632 1443 5681 cap.
1476 5620 1547 5678 l6,
1563 5620 1779 5681 juvenali
1809 5634 1827 5670 .'

232 5698 392 5750 atque
412 5688 480 5728 ita
498 5689 789 5729 constanter.
928 5739 939 5749 .

304 5751 324 5778 δ
353 5746 429 5793 sic
446 5748 551 5789 Mss.
575 5750 627 5790 At.
652 5743 787 5799 editi,
812 5744 895 5789 sed
922 5754 971 5789 ut
993 5754 1050 5790 ea
1066 5746 1224 5791 (etate.

304 5809 381 5867 tu)
442 5806 637 5867 Dictum,
669 5803 977 5851 translatione
1005 5806 1309 5867 texeutium;
1348 5806 1481 5865 quasi
1517 5806 1613 5865 jatn
1632 5802 1710 5851 illa
1731 5817 1823 5853 ceu

233 5870 340 5918 tela
363 5864 506 5915 texta
532 5873 607 5912 est
631 5866 677 5911 in
700 5879 867 5926 puero,
887 5866 974 5912 sed
996 5878 1089 5913 non
1114 5864 1379 5925 explicata;
1438 5864 1545 5913 ιω).
1578 5873 1726 5914 Vives.

490 5951 758 6011 PATROL.
800 5948 950 6013 XLI.

1402 430 1600 485 LIBER
1642 424 1997 483 VICESIMUS
2033 428 2400 485 SECUNDUS.

3417 444 3519 498 778

1956 540 2138 596 surculi
2187 540 2341 610 hujus
2385 542 2673 599 doctissimi
2724 545 2965 602 homines
3007 549 3373 617 juventutem:
3402 568 3521 624 qua:

1954 646 2077 687 cum
2114 633 2272 688 fuerit
2298 636 2468 703 spatio
2496 637 2710 706 proprio
2733 639 3031 703 terminata,
3071 640 3193 696 inde
3207 642 3317 712 jam
3346 643 3519 699 homi-

1954 736 2077 776 nem
2106 722 2161 775 in
2184 722 2498 777 detrimenta
2534 739 2753 795 vergere
2780 729 3047 797 gravioris
3075 744 3138 785 ac
3174 731 3358 787 senilis
3384 741 3518 787 ειδ-

1952 814 2039 866 tis.
2068 812 2134 867 Et
2163 813 2282 867 ideo
2310 828 2415 867 non
2444 828 2561 869 esse
2588 815 2805 881 dictum,
2830 818 2887 872 In
2916 834 3216 876 mensuram
3240 823 3514 893 corporis;

1951 905 2056 968 vel,
2083 903 2140 959 ln
2177 919 2481 959 mensuram
2522 916 2737 963 statura:
2762 926 2775 962 :
2800 910 2913 976 sed,
2954 912 3007 963 in
3042 928 3327 967 mmmam
3352 916 3515 970 matis

1950 994 2270 1064 plenitudinis
2294 995 2497 1052 Christi.

1950 1084 2170 1140 CAPUT
2202 1086 2339 1140 XVI.
2359 1087 2613 1152 —Qualis
2637 1089 2958 1160 intelligenda
2983 1093 3045 1144 sit
3079 1104 3364 1148 sanctorum
3387 1111 3512 1150 con-

2263 1178 2503 1245 formatio
2542 1179 2607 1231 ad
2631 1180 2900 1249 imaginem
2929 1180 3052 1235 Filii
3083 1183 3194 1237 Dei.

2020 1266 2149 1320 Illud
2178 1269 2335 1322 etiam
2361 1269 2502 1337 quod
2528 1270 2603 1323 ait
2626 1310 2638 1331 ,
2669 1273 3049 1339 prwdestinatos
3076 1276 3356 1343 conformes
3379 1278 3514 1331 ima-

1946 1358 2078 1426 gini:
2108 1356 2231 1411 Filii
2282 1357 2376 1411 Dei
2403 1358 2574 1427 (Rom.
2622 1375 2735 1420 vni.
2776 1360 2867 1431 29)
2892 1404 2907 1428 ,
2932 1372 3104 1431 potest
3135 1374 3188 1419 et
3216 1366 3512 1421 secundum

1946 1445 2253 1500 interiorem
2302 1446 2570 1501 hominem
2596 1449 2840 1518 intelligi.
2880 1450 3029 1506 Unde
3068 1455 3219 1508 nobis
3245 1456 3351 1509 alio
3394 1457 3511 1511 loco

1943 1536 2092 1601 dicit,
2112 1536 2281 1591 Nolite
2300 1540 2605 1607 conformari
2626 1540 2743 1592 huic
2766 1541 2972 1607 arcula,
2994 1544 3081 1595 sed
3103 1544 3445 1611 reformantini
3459 1548 3511 1603 in

1943 1626 2161 1681 novitate
2197 1628 2376 1681 mentis
2416 1639 2592 1681 vestra:
2643 1628 2824 1700 (Ibid.
2847 1646 2963 1698 xu,
2993 1631 3030 1685 2
3054 1634 3094 1701 ).
3136 1632 3236 1690 Ubi
3271 1650 3399 1706 ergo
3422 1652 3510 1692 re-

1942 1714 2269 1781 formamur,
2300 1731 2369 1771 ne
2416 1718 2805 1772 conformemur
2847 1719 2972 1775 huic
3021 1722 3218 1779 saeculo
3244 1764 3260 1790 ,
3282 1724 3356 1779 ibi
3386 1741 3516 1781 con-

1941 1802 2230 1859 formamur
2257 1805 2349 1860 Dei
2397 1806 2554 1861 Filio.
2582 1808 2761 1862 Potest
2807 1818 2861 1863 et
2898 1810 2977 1864 sic
3003 1813 3193 1882 accipi,
3214 1823 3292 1881 ut,
3316 1831 3509 1885 quem-

1938 1895 2222 1951 admodum
2272 1897 2360 1951 ille
2411 1898 2565 1951 nobis
2618 1899 2976 1965 mortalitate,
3025 1901 3097 1956 ita
3161 1917 3261 1959 nos
3302 1905 3379 1959 illi
3428 1907 3511 1962 ef-

1939 1985 2177 2039 liciamur
2243 1987 2636 2041 immortalitate
2702 1989 3005 2046 conformes
3054 1993 3245 2062 :quod
3297 1996 3511 2064 quidem

1936 2084 1992 2129 et
2008 2075 2076 2129 ad
2126 2075 2294 2145 ipsam
2336 2080 2782 2134 resurrectionem
2833 2096 3116 2151 corporum
3161 2087 3412 2154 pertinet.
3453 2089 3511 2145 Si

1936 2178 2112 2223 autem
2129 2170 2287 2224 etiam
2304 2170 2360 2224 in
2386 2169 2467 2227 his
2482 2172 2678 2240 verbis,
2696 2188 2803 2243 qua
2824 2173 2991 2229 forma
3018 2187 3377 2235 resurrectura
3403 2182 3512 2237 sint

1935 2266 2159 2328 corpora
2194 2274 2376 2316 sumus
2395 2260 2692 2327 admoniti;
2741 2264 2878 2318 sicut
2921 2265 3009 2320 illa
3046 2281 3327 2337 mensura,
3354 2272 3427 2327 ita
3454 2283 3509 2328 et

1936 2350 2034 2403 ista
2086 2349 2467 2415 conformatio,
2510 2366 2617 2408 non
2650 2355 2959 2425 quantitatis
3005 2356 3345 2429 intelligenda
3386 2370 3506 2427 est,

1934 2440 2030 2494 sed
2067 2443 2257 2494 aetatis.
2292 2440 2593 2513 Resurgent
2616 2443 2795 2513 itaque
2822 2459 3009 2500 omnes
3039 2457 3146 2501 tam
3172 2450 3348 2518 magni
3387 2465 3509 2505 cor-

1937 2544 2087 2601 pore,
2116 2546 2274 2602 quam
2302 2533 2388 2587 vel
2416 2543 2568 2588 erant
2596 2576 2612 2603 ,
2640 2535 2722 2590 vel
2744 2534 2903 2590 futuri
2924 2546 3075 2592 erant
3100 2538 3153 2593 in
3185 2538 3405 2608 juvenili
3429 2557 3507 2596 ae-

1935 2634 2071 2691 tate,
2096 2628 2336 2696 quamvis
2362 2626 2493 2681 nihil
2517 2626 2727 2693 oberit,
2749 2628 2957 2684 etiamsi
3002 2630 3103 2684 erit
3138 2631 3394 2687 infantilis
3421 2635 3506 2688 vel

1933 2716 2114 2772 senilis
2152 2716 2391 2787 corporis
2418 2717 2585 2772 forma
2612 2758 2629 2784 ,
2674 2717 2766 2772 ubi
2804 2732 2904 2773 nec
2932 2719 3129 2776 mentis
3152 2762 3169 2787 ,
3201 2736 3301 2777 nec
3341 2722 3508 2791 ipsius

1932 2805 2172 2875 corporis
2197 2807 2305 2861 ulla
2332 2807 2628 2862 remanebit
2646 2807 2947 2863 infirmitas.
2966 2808 3115 2865 Unde
3140 2812 3298 2866 etiam
3323 2813 3370 2866 si
3390 2814 3507 2882 quis

1933 2900 1987 2952 in
2013 2912 2079 2953 eo
2102 2900 2342 2967 corporis
2361 2899 2520 2953 modo
2546 2940 2561 2965 ,
2590 2900 2644 2953 in
2681 2915 2788 2969 quo
2810 2901 3086 2956 defunctus
3116 2912 3198 2957 est
3218 2945 3233 2969 ,
3266 2919 3510 2960 resurre-

1931 3000 2139 3045 cturum
2157 3007 2583 3061 unumquemque
2602 2994 3027 3069 contendit,nou
3044 3006 3125 3049 est
3153 3010 3273 3050 cum
3297 2997 3392 3052 illo
3421 3000 3501 3052 la~

1932 3084 2145 3137 boriosa
2172 3084 2589 3138 contradictione
2618 3084 2978 3153 pugnandum.

1932 3173 2153 3229 CAPUT
2182 3173 2344 3229 XVII.
2370 3174 2539 3227 —-An
2585 3175 2639 3228 in
2667 3192 2758 3229 suo
2796 3192 2917 3229 sexu
2963 3178 3311 3231 resuscitanda
3360 3188 3509 3247 atque

2230 3282 2467 3320 mansura
2490 3268 2589 3319 sint
2631 3283 2844 3336 corpora
2875 3269 3198 3338 feminarum.

2002 3356 2249 3410 Nonnulli
2280 3366 2496 3425 propter
2522 3355 2624 3410 hoc
2665 3357 2805 3426 quod
2832 3357 3029 3412 dictum
3075 3369 3157 3413 est
3180 3400 3196 3425 ,
3228 3357 3395 3413 Donec
3420 3377 3505 3414 oc-

1932 3462 2193 3500 curramus
2236 3463 2406 3502 omnes
2434 3448 2451 3479 ⁸
2482 3447 2535 3500 in
2565 3447 2727 3499 virum
2772 3450 3089 3518 perfectum,
3129 3449 3184 3501 in
3226 3465 3509 3509 mensuram

1929 3537 2092 3590 (etatis
2118 3537 2445 3605 plenitudinis
2469 3535 2656 3591 Christi
2682 3536 2897 3607 (Ephes.
2928 3553 3001 3602 tv,
3046 3538 3137 3608 15)
3164 3556 3178 3605 ;
3209 3548 3284 3605 et,
3307 3545 3511 3611 confor-

1931 3646 2033 3682 mes
2053 3629 2287 3697 imaginis
2316 3627 2444 3681 Filii
2465 3626 2600 3691 Dei;
2629 3643 2725 3681 nec
2756 3631 2807 3681 in
2830 3644 2958 3682 sexu
2978 3628 3208 3684 femineo
3230 3646 3507 3686 resurrec-

1933 3726 2077 3770 turas
2100 3716 2323 3769 feminas
2345 3716 2564 3770 credunt
2594 3757 2607 3778 ,
2640 3715 2733 3769 sed
2761 3716 2812 3769 in
2836 3717 2971 3769 virili
3010 3732 3196 3771 omnes
3221 3720 3369 3771 aiunt
3394 3719 3469 3789 (a)
3492 3762 3507 3774 .

1931 3806 2177 3877 quoniam
2207 3808 2343 3861 Deus
2370 3807 2542 3861 solum
2571 3806 2740 3859 virum
2775 3806 2896 3859 fecit
2940 3821 3007 3858 ex
3056 3804 3181 3860 limo
3206 3847 3221 3874 ,
3253 3806 3503 3861 feminam

1931 3912 1999 3952 ex
2027 3897 2161 3951 viro.
2180 3895 2286 3950 Sed
2313 3896 2441 3949 mihi
2472 3896 2663 3949 melius
2683 3910 2869 3964 sapere
2898 3896 3162 3962 videntur,
3190 3897 3278 3965 qui
3306 3906 3508 3951 utrum-

1931 4003 2034 4058 que
2080 4002 2263 4042 sexum
2316 3997 2738 4041 resurrecturum
2777 4000 2895 4040 esse
2945 4002 3051 4039 non
3099 3986 3361 4042 dubitant.
3393 3987 3507 4041 Non

1930 4080 2072 4134 enim
2099 4079 2263 4133 libido
2286 4078 2357 4133 ibi
2385 4081 2505 4142 erit,
2556 4092 2673 4146 qua:
2698 4078 3025 4133 confusionis
3055 4088 3344 4134 estcausa.
3370 4078 3504 4134 Nam

1932 4172 2234 4241 priusquam
2266 4179 2594 4240 peccassent,
2629 4167 2755 4222 nudi
2782 4179 2955 4236 erant,
2984 4178 3037 4224 et
3080 4184 3189 4224 non
3215 4168 3510 4226 confunde-

1934 4263 2126 4316 bantur
2155 4262 2233 4315 vir
2259 4270 2312 4315 et
2339 4259 2557 4314 femina.
2585 4258 2906 4328 Corporibus
2932 4274 3061 4329 ergo
3094 4260 3203 4314 illis
3248 4260 3377 4314 vitia
3408 4260 3506 4316 de—

1933 4352 2212 4407 trahentur
2234 4393 2250 4419 ,
2276 4361 2461 4406 natura
2494 4352 2814 4405 servabitur.
2842 4350 2958 4405 Non
2990 4360 3071 4404 est
3099 4362 3277 4405 autem
3322 4352 3507 4406 vitium

1934 4459 2099 4499 sexus
2127 4443 2386 4498 femineus
2416 4460 2430 4495 :
2459 4441 2552 4496 sed
2578 4451 2765 4496 natura
2800 4459 2812 4494 :
2845 4457 2962 4511 qua:
2991 4452 3115 4496 tunc
3140 4442 3351 4511 quidem
3382 4452 3437 4497 et
3475 4458 3505 4496 a

1933 4536 2218 4589 concubitu
2264 4544 2319 4589 et
2357 4548 2387 4587 a
2443 4542 2597 4603 partu
2650 4533 2899 4586 immunis
2954 4533 3092 4586 erit:
3125 4542 3282 4586 erunt
3329 4541 3508 4587 tamen

1935 4627 2177 4680 membra
2208 4625 2457 4688 feminea,
2492 4640 2595 4676 non
2623 4622 3018 4676 accommodata
3049 4622 3164 4676 usui
3192 4623 3385 4687 veteri,
3414 4624 3508 4678 sed

1940 4715 2120 4770 decori
2147 4730 2306 4778 novo,
2336 4729 2439 4783 quo
2496 4728 2602 4767 non
2627 4713 2889 4766 alliciatur
2915 4712 3221 4781 aspicientis
3246 4715 3507 4785 concupi~

1930 4810 2132 4864 Scentia
2162 4849 2177 4874 ,
2246 4821 2364 4876 quae
2433 4806 2575 4859 nulla
2626 4806 2765 4871 erit,
2819 4805 2915 4859 sed
2967 4805 3061 4860 Dei
3128 4805 3373 4861 laudetur
3420 4821 3509 4860 sa-

1933 4899 2130 4967 pientia
2165 4908 2323 4967 atque
2370 4895 2672 4963 clementia,
2700 4894 2790 4965 qui
2817 4905 2873 4950 et
2899 4895 3040 4965 quod
3068 4910 3173 4950 non
3195 4903 3311 4949 erat
3340 4896 3466 4952 fecit
3488 4936 3504 4959 ,

1930 4999 1986 5044 et
2023 4988 2268 5043 liberavit
2322 5002 2353 5041 a
2422 4989 2760 5054 corruptione
2827 4986 2968 5055 quod
3015 4987 3156 5042 fecit.
3224 4987 3292 5043 Ut
3363 4990 3504 5042 enim

1932 5082 1987 5135 in
2013 5080 2231 5133 exordio
2271 5079 2481 5147 generis
2509 5076 2725 5131 humani
2751 5075 2819 5132 de
2858 5078 3024 5130 latere
3054 5077 3151 5130 viri
3194 5078 3509 5131 dormientis

1934 5182 2082 5226 costa
2108 5172 2346 5225 detracta
2392 5168 2587 5223 femina
2614 5168 2765 5221 ﬁeret
2787 5210 2801 5233 ,
2835 5169 3102 5221 Christum
3133 5176 3188 5222 et
3215 5168 3506 5224 Euclesiam

1934 5264 2020 5318 tali
2049 5262 2186 5316 facto
2207 5264 2316 5329 jam
2344 5270 2468 5312 tunc
2497 5258 2801 5326 prophetari
2834 5259 3130 5326 oportebat.
3160 5259 3334 5328 Sopor
3352 5261 3501 5330 quip-

1936 5368 1999 5422 pe
2026 5353 2114 5405 ille
2129 5351 2224 5404 viri
2256 5350 2407 5422 (Gen.
2434 5365 2466 5402 ll
2498 5390 2512 5413 ,
2542 5350 2660 5417 ‘21),
2695 5364 2839 5403 mors
2862 5360 2978 5402 erat
3002 5348 3198 5404 Christi
3230 5351 3328 5421 (ὁ),
3356 5352 3508 5420 cujus

1930 5443 2189 5499 exanimis
2213 5443 2266 5496 in
2295 5457 2453 5497 cruce
2476 5441 2752 5510 pendentis
2794 5441 2929 5495 latus
2964 5440 3145 5496 lancea
3182 5446 3505 5513 perforatum

1997 5558 2013 5587 ³
2051 5556 2133 5604 llic
2156 5556 2206 5602 in
2228 5553 2330 5603 sola
2354 5553 2567 5603 editione
2596 5560 2705 5601 Lov.
2736 5551 2940 5613 additur,
2960 5551 3009 5602 in
3032 5553 3259 5604 unitatem
3280 5552 3413 5613 fidei.

2000 5618 2073 5678 (a)
2098 5623 2267 5678 auctor
2291 5624 2370 5665 est
2388 5618 2715 5678 Hieronymus,
2760 5614 2961 5674 Epistola
2984 5618 3045 5663 ad
3069 5614 3432 5675 Pammachium,
3460 5620 3506 5671 in

1934 5690 1997 5727 eo
2013 5676 2189 5727 errore
2210 5676 2359 5725 fuisse
2382 5676 2657 5738 Origenem.
2694 5678 2911 5738 Armenis
2933 5678 3159 5725 eumdem
3182 5691 3401 5727 errorem
3422 5682 3505 5728 tri-

1933 5740 2037 5789 huit
2053 5740 2200 5788 Guido
2218 5736 2487 5795 Carmenta,
2508 5746 2558 5787 et
2580 5739 2810 5786 vicesimo
2833 5737 2937 5785 loco
2964 5738 3095 5787 inter
3117 5752 3289 5789 eorum
3312 5752 3504 5790 errores

1932 5808 2177 5851 recenset.
2200 5806 2448 5853 COQUEUS.

1993 5862 2063 5923 (ὑ)
2086 5860 2215 5910 conf.
2240 5860 2325 5909 lib.
2350 5860 2381 5909 2
2400 5862 2462 5909 de
2479 5867 2595 5909 Gen.
2620 5867 2749 5909 cont.
2767 5859 2964 5908 Itanicli.
2989 5874 3023 5908 n
3058 5862 3138 5910 57.

2693 5942 3163 6020 ίῑ·⁷ίη9ι-ιοὶηᾳ.]
