3996 6520
524 1688 539 1746 l

515 1818 536 1857 ’κ

651 404 755 461 779

647 524 751 583 est,
778 524 936 587 atque
963 514 1085 571 inde
1116 513 1328 584 sanguis
1366 520 1419 568 et
1446 527 1578 583 aqua
1606 513 1853 582 proﬂuxit
1875 511 2054 583 (Joan.
2087 527 2176 565 xix
2196 552 2211 577 ,

648 608 740 677 54)
770 622 918 676 :qure
958 613 1285 660 sacramenta
1310 618 1429 659 esse
1457 603 1699 658 novimus
1719 642 1734 667 ,
1761 603 1952 671 quibus
1981 600 2212 657 mdiﬂca-

648 707 735 752 tur
762 696 1016 754 Ecclesia.
1040 696 1171 750 Nam
1202 694 1303 750 hoc
1329 696 1487 748 etiam
1509 694 1669 748 verbo
1693 694 1961 762 Scriptura
1988 708 2080 747 usa
2101 702 2211 757 est,

648 791 732 844 ubi
761 807 864 845 non
890 790 1100 861 legitur,
1124 789 1411 855 Formavit,
1435 794 1527 843 aut
1552 788 1755 855 Finxit;
1784 786 2214 855 sed,xEdiﬁcavit

647 895 756 932 eam
797 879 849 933 in
891 884 1146 937 mulierem
1177 878 1327 950 (Gen.
1372 895 1407 934 ιι
1435 921 1449 945 ,
1477 878 1573 949 22)
1606 896 1620 931 :
1670 878 1809 933 unde
1837 890 1892 933 et
1927 877 2213 947 Apostolus

644 970 1047 1026 aedificationem
1072 971 1202 1026 dicit
1244 972 1480 1040 corporis
1508 970 1704 1027 Christi
1733 971 1948 1041 (Ephes.
1976 985 2052 1037 tv,
2086 968 2173 1039 12)
2193 1011 2208 1037 ,

643 1062 784 1131 quod
812 1073 894 1116 est
942 1062 1200 1117 Ecclesia.
1245 1062 1499 1117 Creatura
1531 1070 1614 1117 est
1654 1077 1781 1132 ergo
1837 1062 1928 1116 Dei
1982 1059 2207 1126 femina,

642 1153 779 1208 sicut
810 1154 892 1207 vir
924 1172 938 1208 :
968 1154 1062 1209 sed
1085 1165 1139 1208 ut
1167 1154 1234 1211 de
1261 1154 1375 1208 viro
1403 1154 1573 1219 fieret,
1602 1154 1773 1207 unitas
1794 1151 2160 1208 commendata
2191 1166 2207 1216 ;

645 1254 698 1298 ιιι
726 1253 900 1299 autem
933 1244 1023 1299 illo
1050 1245 1209 1299 modo
1237 1244 1392 1299 ﬁeret
1416 1285 1431 1307 ,
1458 1243 1702 1299 Christus
1725 1285 1741 1311 ,
1768 1253 1826 1298 ut
1850 1243 2047 1299 dictum
2088 1250 2167 1296 est
2190 1283 2206 1309 ,

643 1345 697 1389 et
736 1334 972 1389 Ecclesia
1004 1336 1221 1405 figurata
1272 1343 1372 1391 est.
1403 1335 1501 1402 Qui
1554 1349 1680 1405 ergo
1707 1343 1989 1404 utrumque
2023 1347 2208 1388 sexum

644 1426 909 1493 instituit,
941 1435 1222 1495 utrumque
1260 1425 1523 1481 restituet.
1556 1425 1795 1495 Denique
1819 1433 1872 1479 et
1899 1425 2011 1493 ipse
2053 1422 2209 1478 Iesus

644 1516 1009 1586 interrogatus
1034 1532 1063 1570 a
1092 1515 1417 1581 Sadducmis,
1440 1516 1529 1586 qui
1558 1515 1819 1585 negabant
1856 1514 2205 1569 resurrectio-

635 1623 780 1673 nem,
808 1609 961 1678 cujus
985 1617 1187 1679 septem
1240 1606 1460 1663 fratrum
1486 1608 1588 1662 erit
1615 1622 1747 1661 uxor
1769 1649 1785 1674 ,
1811 1621 1969 1677 quam
2012 1604 2209 1675 singuli

636 1698 974 1768 habuerunt,
1008 1699 1131 1753 dum
1162 1699 1386 1769 quisque
1414 1712 1600 1753 eorum
1652 1696 1814 1752 vellet
1841 1694 2073 1751 defuncti
2118 1710 2205 1750 se-

638 1806 782 1857 men,
812 1792 948 1846 sicut
972 1791 1080 1847 Lex
1096 1799 1439 1862 prmceperat,
1467 1790 1731 1844 excitare:
1763 1788 1981 1856 Erratis,
2015 1788 2203 1858 inquit,

637 1888 909 1939 nescientes
939 1884 1253 1954 Scripturas,
1282 1898 1441 1951 neque
1463 1882 1691 1935 virtutem
1708 1880 1803 1935 Dei
1828 1880 2039 1950 (Matth.
2071 1895 2202 1946 xm,

629 1974 745 2049 29).
776 1976 988 2030 Etcum
1020 1976 1168 2031 locus
1214 1986 1357 2029 esset
1384 1975 1422 2040 ι,
1449 1983 1507 2029 ιιι
1534 1974 1757 2040 diceret,
1809 1974 1885 2028 De
1913 1988 2015 2043 qua
2061 1974 2204 2028 enim

628 2084 717 2122 me
747 2067 1102 2137 interrogatis,
1128 2067 1211 2121 vir
1236 2066 1335 2121 erit
1363 2066 1521 2120 etiam
1550 2066 1682 2135 ipsa,
1716 2080 1820 2119 non
1851 2066 2072 2129 mulier;
2098 2079 2204 2117 non

630 2159 732 2214 hoc
752 2158 886 2213 dixit
918 2176 932 2213 :
955 2158 1048 2212 sed
1078 2158 1215 2212 dixit
1242 2199 1257 2223 ,
1288 2157 1355 2215 In
1382 2158 1744 2211 resurrectione
1767 2157 1900 2210 enim
1930 2172 2085 2226 neque
2109 2172 2206 2208 nu-

629 2252 740 2305 bent
765 2291 780 2317 ,
812 2267 969 2323 neque
1018 2266 1198 2305 uxores
1226 2251 1446 2317 ducent,
1469 2250 1557 2303 sed
1586 2258 1702 2302 sunt
1730 2249 1857 2302 sicut
1907 2248 2085 2318 Angeli
2108 2246 2205 2302 Dei

626 2343 679 2395 in
732 2340 856 2395 caelo
885 2339 1044 2413 (Ibid.
1092 2340 1205 2411 '50).
1237 2340 1492 2411 Equales
1522 2340 1704 2411 utique
1740 2338 1957 2410 Angelis
1986 2340 2205 2395 immor-

628 2434 829 2489 talitate
854 2449 917 2489 ac
940 2434 1213 2500 felicitate,
1247 2449 1355 2488 non
1398 2449 1560 2489 carne
1590 2452 1603 2488 :
1636 2434 1773 2488 sicut
1818 2447 1918 2487 nec
1956 2448 2196 2488 resurre-

629 2526 833 2592 ctione,
885 2541 989 2596 qua
1036 2541 1142 2580 non
1171 2526 1509 2597 indiguerunt
1545 2526 1767 2596 Angeli;
1799 2528 2048 2596 quoniam
2105 2540 2203 2582 nec

624 2618 759 2672 mori
799 2625 1102 2688 potuerunt.
1123 2617 1340 2687 Nuptias
1358 2632 1485 2687 ergo
1508 2616 1764 2672 Dominus
1799 2616 2009 2672 futuras
2039 2632 2200 2688 nega-

627 2709 708 2764 vit
734 2724 854 2765 esse
882 2712 936 2763 in
966 2710 1361 2764 resurrectione
1389 2751 1404 2776 ,
1428 2724 1533 2763 non
1568 2708 1829 2764 feminas:
1860 2718 1915 2765 et
1943 2709 2016 2764 ibi
2040 2724 2203 2780 nega-

624 2802 721 2870 vit,
750 2802 838 2857 ubi
861 2802 981 2857 talis
1026 2803 1253 2872 quaestio
1281 2802 1606 2867 vertebatur,
1635 2810 1694 2855 ut
1712 2816 1830 2856 eam
1859 2810 2049 2871 negato
2070 2816 2204 2857 sexu

625 2894 869 2950 muliebri
916 2895 1177 2949 celeriore
1224 2894 1473 2949 facilitate
1526 2893 1871 2959 dissolveret,
1902 2896 1947 2948 si
1974 2908 2094 2947 eum
2126 2892 2202 2947 ibi

506 3040 524 3052 ,
622 2996 982 3055 prtenosceret
1028 3003 1135 3042 non
1163 2986 1433 3041 futurum:
1468 2985 1575 3040 imo
1613 2990 1773 3041 etiam
1822 2986 2053 3040 futurum
2080 3000 2201 3041 esse

623 3078 852 3133 firmavit
889 3079 1135 3146 dicendo,
1169 3078 1290 3133 Non
1318 3081 1540 3147 nubent,
1563 3078 1705 3149 quod
1728 3078 1794 3133 ad
1827 3078 2055 3134 feminas
2082 3093 2199 3148 per-

616 3168 750 3223 tinet
780 3186 794 3236 ;
824 3186 981 3240 neque
1027 3187 1205 3226 uxores
1247 3172 1473 3236 ducent,
1526 3170 1666 3240 quod
1697 3169 1764 3225 ad
1810 3171 1975 3236 viros,
2031 3169 2201 3225 Erunt

621 3275 784 3330 ergo,
817 3277 934 3331 qum
972 3263 1055 3317 vel
1098 3263 1297 3318 nubere
1343 3262 1427 3317 hic
1470 3262 1667 3329 solent,
1696 3262 1780 3318 vel
1824 3262 2020 3318 ducere
2057 3276 2197 3318 uxo-

618 3370 745 3410 res:
776 3355 870 3410 sed
911 3356 982 3409 ibi
1014 3355 1115 3410 hoc
1142 3372 1245 3409 non
1281 3355 1495 3410 facient.

614 3468 843 3525 CAPUT
873 3468 1059 3524 XVIII.
1089 3499 1162 3509 -—
1188 3468 1266 3523 De
1290 3469 1397 3522 viro
1450 3468 1671 3538 perfecto
1698 3508 1714 3533 ,
1742 3467 1797 3521 id
1843 3476 1916 3521 est
1955 3467 2155 3521 Christo
2181 3508 2196 3533 ,

688 3572 737 3615 et
760 3578 971 3633 corpore
996 3563 1105 3634 ejus
1130 3604 1143 3626 ,
1171 3563 1226 3616 id
1251 3573 1323 3618 est
1350 3560 1583 3618 Ecclesia
1618 3604 1632 3629 ,
1663 3578 1777 3633 qua:
1799 3572 1871 3618 est
1898 3562 2060 3634 ipsius
2089 3560 2199 3633 ple-

690 3656 889 3710 nitudo.

688 3768 917 3823 Proinde
943 3768 1085 3838 quod
1112 3768 1188 3823 ait
1206 3769 1493 3839 Apostolus
1510 3811 1525 3835 ,
1550 3784 1868 3826 occursuros
1893 3784 1991 3825 nos
2011 3784 2198 3827 omnes

616 3864 670 3918 in
690 3863 861 3917 virum
883 3861 1199 3933 perfectum,
1233 3863 1393 3919 totius
1422 3863 1588 3933 ipsius
1626 3863 2080 3919 circumstantiam
2119 3864 2197 3919 le-

614 3955 811 4010 ctionis
845 3954 1187 4010 considerare
1209 3954 1486 4022 debemus,
1514 3972 1633 4026 quae
1674 3956 1746 4013 ita
1772 3972 1831 4012 se
1860 3955 2019 4012 habet
2049 3974 2063 4011 :
2099 3957 2199 4025 Qui

618 4048 874 4103 descendit
897 4089 911 4113 ,
932 4048 1102 4119 inquit
1128 4087 1144 4113 ,
1176 4048 1284 4119 ipse
1308 4059 1380 4103 est
1402 4059 1448 4103 et
1472 4050 1558 4120 qui
1585 4051 1810 4104 ascendit
1855 4066 2006 4121 super
2028 4067 2199 4106 omnes

623 4140 811 4207 caelos,
840 4149 897 4193 ut
943 4139 1472 4210 adimpleret'omnia.
1500 4141 1569 4196 Et
1619 4144 1728 4213 ipse
1772 4143 1910 4197 dedit
1954 4143 2199 4208 quosdam

621 4231 823 4300 quidem
848 4230 1137 4300 Apostolos,
1159 4232 1403 4301 quosdam
1426 4243 1594 4287 autem
1620 4233 1927 4303 Prophetas,
1953 4233 2200 4305 quosdam

624 4338 741 4375 vero
762 4321 1129 4392 Evangelistas,
1157 4323 1405 4393 quosdam
1433 4334 1599 4377 autem
1628 4335 1853 4393 pastores
1879 4334 1925 4379 et
1946 4326 2197 4389 doctores,

616 4410 687 4463 ad
713 4413 1193 4466 consummationem
1222 4423 1534 4477 sanctorum,
1560 4415 1611 4467 in
1639 4430 1767 4484 opus
1806 4415 2072 4469 ministerii
2100 4456 2117 4483 ,
2148 4416 2199 4469 in

617 4504 1005 4573 ardificationem
1047 4508 1272 4575 corporis
1303 4504 1491 4559 Christi
1517 4548 1530 4567 ,
1560 4506 1717 4559 donec
1743 4522 2066 4571 occurramus
2091 4523 2201 4560 om-

621 4611 708 4652 nes
730 4598 785 4650 in
813 4598 1057 4651 unitatem
1078 4598 1197 4665 ﬁdei
1230 4639 1246 4664 ,
1269 4608 1316 4652 et
1340 4599 1646 4668 agnitionem
1676 4596 1802 4652 Filii
1825 4598 1939 4663 Dei,
1968 4599 2019 4652 in
2040 4601 2200 4652 virum

621 4687 916 4756 perfectum,
948 4690 1001 4742 in
1029 4705 1312 4743 mensuram
1340 4689 1504 4742 artatis
1533 4689 1866 4759 plenitudinis
1886 4688 2074 4745 Christi
2101 4707 2121 4744 :
2143 4700 2201 4743 ut

620 4777 754 4831 ultra
779 4794 882 4831 non
901 4778 1057 4832 simus
1084 4779 1302 4848 parvuli,
1318 4780 1506 4848 jactati
1524 4788 1571 4833 et
1596 4779 1883 4834 circumtuli
1900 4781 2039 4835 omni
2055 4790 2200 4837 vento

621 4869 867 4924 doctrina:
887 4912 901 4937 ,
924 4871 979 4924 in
1030 4871 1266 4925 illusione
1293 4870 1551 4925 hominum
1574 4914 1588 4939 ,
1634 4873 1688 4926 in
1716 4884 1811 4927 ast'
1833 4875 1904 4927 tia
1929 4876 1951 4906 ²
1975 4875 2045 4928 ad
2091 4892 2201 4929 ma-

622 4962 957 5016 chinationem
978 4962 1166 5016 erroris
1189 4978 1207 5015 :
1232 4962 1486 5017 ueritatem
1535 4972 1701 5017 autem
1726 4965 1965 5035 facientes
1991 4966 2046 5019 in
2080 4968 2201 5020 cha-

622 5053 770 5107 ritate
791 5069 1071 5123 augeamur
1095 5054 1149 5105 in
1200 5052 1290 5106 illo
1317 5070 1407 5123 per
1431 5054 1621 5118 omnia,
1644 5055 1731 5124 qui
1776 5063 1849 5109 est
1873 5064 2024 5126 caput
2048 5056 2199 5111 Chri-

620 5155 729 5200 stus
756 5163 775 5211 ,°
804 5162 867 5199 ea:
889 5162 991 5218 quo
1016 5155 1178 5199 totum
1227 5162 1411 5216 corpus
1436 5162 1717 5199 connexum
1743 5187 1757 5209 ,
1788 5157 1836 5201 et
1884 5159 2195 5219 compactum

624 5252 713 5304 per
736 5251 930 5290 omnem
956 5244 1141 5288 tactum
1163 5235 1647 5290 subministrationis
1672 5277 1687 5302 ,
1714 5237 1989 5290 secundum
2021 5255 2195 5309 opera-

617 5328 808 5381 tionem
832 5328 886 5381 in
909 5343 1195 5381 mensuram
1221 5328 1614 5397 uniuscujusque
1640 5327 1819 5395 partis,
1840 5328 2201 5385 incrementum

627 5419 851 5487 corporis
878 5418 1001 5487 facit
1027 5417 1080 5470 in
1100 5417 1491 5483 adiﬁcationem
1514 5418 1611 5481 sui,
1639 5417 1692 5470 in
1712 5417 1963 5472 charitate
1983 5419 2196 5491 (Ephes.

628 5522 698 5567 tv,
732 5508 939 5578 lO-lG).
981 5509 1120 5562 Ecce
1149 5508 1236 5577 qui
1284 5516 1366 5561 est
1389 5506 1469 5560 vir
1501 5505 1785 5576 perfectus,
1816 5519 1972 5578 caput
1998 5520 2051 5564 et
2078 5526 2170 5564 cor
2190 5540 2202 5553 ι

629 5610 750 5664 pus,
776 5600 916 5665 quod
946 5606 1153 5653 constat
1181 5597 1428 5651 omnibus
1455 5598 1705 5653 membris
1728 5639 1745 5664 ,
1785 5614 1905 5668 qua:
1930 5614 2027 5654 suo
2065 5609 2197 5654 tem-

693 5730 712 5762 |
745 5728 881 5777 Vind.
898 5738 996 5777 Am.
1020 5738 1072 5779 et
1094 5736 1190 5785 Er..
1206 5736 1387 5780 Etcum
1406 5738 1545 5793 aptus
1558 5730 1691 5781 locus
1705 5737 1840 5781 esset.
1864 5731 2048 5796 Aliquot
2070 5740 2197 5793 Mss,

628 5794 963 5853 Etcumocyus
985 5799 1121 5853 esset.

690 5854 713 5886 ⁸
742 5853 816 5901 sic
835 5851 940 5901 MSS.
975 5851 1092 5900 Editi
1115 5863 1252 5911 vero,
1276 5852 1324 5901 in
1347 5851 1583 5902 astutiam.

1692 402 1779 455 DE
1818 398 2134 454 Cl‘v’lTATE
2174 400 2307 467 DEI,
2340 400 2393 457 S.
2437 398 2801 458 AUGUSTINI
3714 410 3787 468 τεο

2321 528 2450 583 pore
2493 514 2921 585 eomplebuntur.
2949 514 3198 584 Quotidie
3244 526 3419 573 tamen
3449 516 3603 573 eidem
3637 524 3787 591 eormri

2318 606 2595 675 accedunt,
2631 610 2757 663 dum
2783 608 3073 665 aedificatur
3100 610 3367 676 Ecclesia,
3397 612 3476 665 cui
3503 612 3694 679 dicitur,
3726 616 3789 671 ιο.

2316 706 2482 754 autem
2506 701 2623 754 estis
2650 717 2830 771 corpus
2856 700 3064 768 Christi,
3108 711 3158 757 et
3184 703 3406 756 membra
3429 703 3471 772 (Ι
3498 702 3600 758 Cor.
3621 721 3695 772 xu,
3713 708 3786 773 Ξῖ).

2317 790 2384 844 Et
2410 790 2567 857 alibi,
2601 792 2707 845 Pro
2732 810 2941 863 corpore
2966 835 2985 861 ,
3014 795 3207 864 inquit,
3239 811 3367 867 ejus,
3396 796 3521 864 quod
3543 807 3606 850 est
3628 797 3789 853 Ecclesia

2317 880 2535 951 (Coloss.
2558 899 2593 949 ι,
2624 883 2741 954 24).
2773 885 3006 955 Itemque
3040 887 3205 952 alibi,
3263 886 3406 942 Unus
3464 889 3625 958 panis,
3684 906 3789 943 suis

2314 988 2497 1042 corpus
2526 975 2671 1029 multi
2692 992 2865 1030 sumus
2888 976 2931 1049 (I
2959 977 3075 1031 Cor.
3105 993 3158 1044 ι,
3190 976 3306 1049 17).
3340 978 3413 1033 De
3453 979 3589 1048 cujus
3619 984 3788 1049 corporis

2314 1062 2665 1121 aedificatione
2711 1075 2765 1121 et
2812 1067 2899 1122 hic
2925 1068 3122 1123 dictum
3177 1077 3299 1137 est,
3353 1069 3434 1122 Ad
3490 1074 3789 1125 consumamin-

2313 1169 2426 1207 nem
2449 1165 2767 1223 sanctorum,
2814 1158 2866 1211 in
2893 1175 3020 1228 opus
3071 1159 3372 1226 ministerii,
3400 1161 3451 1213 in
3497 1162 3789 1229 adiﬁcationat

2312 1248 2535 1317 corporis
2582 1247 2803 1303 Christi.
2852 1264 2917 1305 ac
2966 1250 3157 1306 deinde
3202 1251 3496 1319 subjectum
3543 1252 3658 1307 unde
3696 1269 3788 1308 nunc

2311 1337 2536 1405 agimus,
2568 1337 2740 1394 Donec
2764 1356 3086 1396 occurramus
3111 1358 3283 1396 omnes
3308 1343 3363 1395 in
3397 1342 3615 1397 unitatem
3637 1345 3739 1411 ﬁdei,
3756 1356 3785 1399 et

2311 1429 2614 1497 agnitionem
2638 1429 2763 1485 Filii
2787 1429 2905 1495 Dei,
2930 1433 2983 1486 in
3008 1433 3169 1487 uirum
3198 1435 3493 1504 perfectum,
3513 1438 3561 1489 in
3584 1454 3790 1489 mensuram

2309 1519 2471 1573 tetatis
2496 1520 2823 1590 plenitudinis
2863 1521 3083 1587 Christi,
3106 1533 3160 1579 et
3186 1534 3420 1590 ecetera;
3463 1524 3616 1581 donec
3653 1527 3783 1582 eadem

2310 1624 2559 1665 mensura
2599 1610 2651 1665 in
2690 1626 2911 1682 corpore
2940 1612 3281 1683 intelligenda
3311 1623 3455 1669 esset
3482 1655 3495 1679 ,
3521 1617 3787 1680 ostenderet,

2309 1697 2491 1754 dicens
2524 1717 2536 1754 :
2565 1699 2856 1772 Augeamur
2904 1703 2956 1756 in
2996 1702 3087 1757 illo
3132 1721 3223 1775 per
3251 1706 3423 1758 omnia
3449 1747 3464 1773 ,
3492 1708 3569 1777 qui
3602 1717 3659 1761 est
3691 1719 3789 1777 caput

2309 1788 2575 1855 Christus;
2601 1809 2664 1847 ea:
2686 1808 2784 1863 quo
2812 1802 2969 1848 totunt
2988 1810 3173 1861 corpus
3218 1811 3497 1851 connexum
3520 1838 3536 1865 ,
3563 1806 3603 1851 et
3626 1814 3789 1865 compac-

2310 1892 2415 1937 tum
2462 1900 2552 1954 per
2598 1900 2794 1947 omnem
2820 1894 3008 1940 tactum
3044 1886 3519 1941 subministrationis
3541 1928 3556 1953 ,
3597 1889 3790 1941 secundm

2308 1974 2643 2044 operationem
2655 1976 2707 2029 in
2721 1992 3007 2031 mensuram
3030 1976 3426 2047 uniuscujusque
3440 1978 3600 2047 partis.
3620 1978 3789 2032 Sicutest

2307 2080 2434 2135 ergo
2459 2081 2705 2121 mensura
2732 2067 3149 2137 uniuscujusque
3174 2068 3343 2137 partis
3367 2084 3381 2133 ;
3414 2068 3482 2123 ita
3505 2068 3641 2123 totius
3662 2083 3789 2135 oorpo-

2308 2156 2402 2223 ris,
2433 2159 2573 2228 quod
2597 2159 2842 2213 omnibus
2879 2160 2987 2214 suis
3013 2160 3256 2229 partibus
3303 2169 3542 2224 constat,
3568 2170 3637 2215 est
3670 2162 3788 2229 utique

2306 2265 2552 2305 mensura
2572 2251 2929 2320 plenitudinis,
2950 2250 3016 2306 de
3030 2267 3131 2321 qua
3158 2251 3362 2307 dictum
3382 2260 3489 2308 est:
3509 2250 3567 2305 In
3584 2268 3789 2305 mensuram

2305 2344 2466 2395 artatis
2508 2342 2832 2412 plenitudinis
2858 2341 3062 2397 Christi.
3090 2344 3262 2409 Quam
3318 2343 3662 2414 plenitudinem
3684 2343 3789 2395 etiam

2305 2432 2396 2488 illo
2418 2434 2849 2489 commemoravit
2869 2434 3009 2500 loco,
3040 2435 3129 2489 ubi
3154 2436 3232 2489 ait
3259 2434 3327 2490 de
3349 2434 3551 2490 Christo
3575 2433 3661 2487 :Et
3676 2436 3786 2504 ipsum

2306 2523 2444 2578 dedit
2496 2533 2646 2595 caput
2692 2542 2841 2595 super
2886 2526 3056 2580 omnia
3091 2524 3340 2581 Ecclesia:
3383 2528 3399 2557 ¹
3426 2568 3440 2591 ,
3468 2542 3569 2597 qua
3614 2535 3672 2579 est
3708 2541 3780 2576 ror-

2306 2631 2399 2683 pus
2421 2616 2550 2685 ejus,
2585 2616 2843 2684 plenitudo
2868 2617 2976 2685 ejus
3001 2657 3015 2681 ,
3058 2618 3145 2687 qui
3186 2618 3360 2671 omnia
3384 2619 3435 2671 in
3458 2618 3653 2671 omnibus
3672 2614 3791 2683 inplo-

2304 2715 2387 2759 tur
2413 2708 2432 2737 ²
2461 2705 2674 2775 (Ephes.
2708 2724 2761 2775 t,
2791 2708 2863 2762 22
2892 2718 2939 2763 et
2965 2694 3079 2779 25).
3120 2708 3322 2764 Verum
3349 2710 3392 2763 si
3421 2708 3517 2763 hoc
3535 2709 3591 2763 ad
3626 2721 3791 2763 resima-

2302 2797 2493 2852 ctionis
2519 2797 2765 2863 formam,
2788 2800 2842 2853 in
2870 2815 2969 2871 qua
2998 2801 3100 2856 erit
3128 2802 3505 2871 unusquisque,
3536 2799 3786 2855 referendum

2302 2896 2483 2954 esset;
2510 2889 2634 2959 quid
2663 2905 2761 2945 nos
2790 2891 3071 2961 impediret
3122 2892 3399 2947 nominato
3424 2894 3532 2947 viro
3576 2891 3787 2959 intelligere

2301 2990 2355 3035 et
2375 2980 2621 3036 feminam
2644 3023 2659 3049 ,
2692 2990 2749 3036 ut
2782 2983 2953 3037 virum
2982 2998 3077 3052 pro
3104 2984 3325 3039 homine
3351 2985 3566 3054 positum
3592 2983 3785 3052 accipere.

2302 3074 2462 3128 mus?
2506 3074 2653 3130 Sicut
2681 3074 2731 3128 in
2758 3090 2824 3130 eo
2848 3075 2987 3145 quod
3010 3075 3214 3130 dictum
3240 3085 3345 3142 est,
3373 3075 3550 3130 Beatus
3591 3076 3652 3129 vir
3669 3074 3730 3142 qui
3748 3073 3788 3123 ιιι

2301 3177 2401 3221 met
2422 3166 2696 3222 Dominum
2721 3167 2894 3240 (Psal.
2917 3184 3024 3235 cxi,
3056 3168 3106 3241 l)
3136 3186 3150 3226 :
3181 3170 3367 3241 utique
3395 3170 3465 3225 ibi
3488 3178 3597 3224 sunt
3616 3176 3658 3223 et
3687 3166 3784 3221 femi-

2300 3275 2406 3326 nae,
2434 3275 2553 3330 quae
2578 3259 2765 3315 timent
2803 3260 3104 3315 Dominum.

2300 3352 2525 3409 CAPUT
2549 3352 2692 3408 XIX.
2718 3383 2789 3394 --
2816 3352 2965 3418 Quod
2986 3353 3156 3407 omnia
3171 3353 3403 3424 corporis
3420 3353 3551 3416 vitia,
3578 3348 3786 3421 quiuit:

2371 3443 2473 3497 vita
2510 3444 2734 3497 humano
2767 3444 3023 3497 contraria
3058 3452 3174 3497 sunt
3201 3444 3402 3509 decori,
3442 3444 3491 3496 in
3515 3439 3784 3495 resurrectim

2369 3550 2473 3589 non
2501 3536 2601 3589 sint
2624 3539 2797 3606 futura
2816 3575 2831 3599 ,
2863 3533 2947 3587 ubi
2976 3544 3208 3590 manente
3236 3535 3459 3589 naturali
3485 3530 3733 3591 substantia,
3752 3527 3784 3577 il

2370 3645 2529 3683 unam
2567 3628 2989 3699 pulchritudinem
3016 3636 3063 3682 et
3090 3629 3315 3697 qualitas
3346 3636 3589 3683 concurret
3616 3634 3653 3678 et
3680 3636 3783 3690 qla-

2372 3721 2509 3776 titas.

2374 3814 2428 3868 1.
2446 3813 2582 3880 Quid
2593 3813 2703 3883 jam
2724 3812 3073 3883 reSpondeam
3094 3811 3163 3868 de
3178 3812 3391 3883 capillis
3409 3819 3555 3882 atque
3575 3800 3784 3877 unguibus?

2298 3903 2477 3961 Semel
2518 3904 2716 3975 quippe
2762 3903 3033 3959 intellecto
3064 3906 3137 3958 ita
3166 3902 3304 3958 nihil
3350 3903 3621 3973 periturum
3643 3890 3783 3950 essedo

2300 4009 2545 4065 corpore,
2576 4004 2634 4049 ut
2661 3993 2899 4049 deforme
2924 3993 3057 4047 nihil
3081 3994 3151 4049 sit
3182 3994 3235 4048 in
3261 4008 3503 4063 corpore,
3530 3988 3663 4045 simul
3685 3980 3783 4038 intel-

2302 4085 2481 4156 ligitur
2516 4100 2580 4141 ea
2608 4100 2730 4155 quae
2766 4084 3059 4139 deformem
3105 4082 3316 4138 factura
3346 4082 3544 4137 fuerant
3582 4080 3783 4133 euomitu-

2304 4187 2430 4244 tem,
2453 4192 2646 4233 massae
2690 4176 2792 4246 ipsi
2816 4191 3094 4231 accessura
3118 4190 3262 4241 esse,
3310 4190 3416 4231 non
3446 4173 3563 4228 locis
3599 4172 3641 4223 in
3657 4166 3783 4235 quibus

2302 4268 2663 4325 membrorum
2700 4266 2872 4321 forma
2915 4273 3180 4336 turpetur.
3221 4265 3385 4321 Velut
3425 4265 3468 4319 si
3504 4263 3563 4317 de
3597 4261 3693 4313 limo
3724 4265 3783 4304 ηε

2303 4362 2483 4429 ﬁeret,
2504 4358 2647 4431 quod
2674 4375 2860 4414 rursus
2902 4358 2955 4413 in
2984 4356 3238 4412 eumdum
3272 4357 3457 4413 limum
3500 4354 3714 4411 redactum
3735 4355 3783 4397 to-

2303 4462 2418 4508 tum
2456 4434 2525 4508 de
2553 4460 2664 4507 toto
2693 4452 2882 4506 iterum
2927 4450 3100 4516 fieret,
3134 4464 3243 4504 non
3288 4460 3433 4505 esset
3468 4434 3781 4503 necesseulilh

2303 4560 2427 4617 pars
2455 4544 2589 4610 limi,
2618 4559 2735 4614 quae
2759 4544 2810 4597 in
2848 4557 2977 4597 ansa
3005 4540 3197 4608 fuerat,
3228 4542 3299 4597 ad
3325 4556 3503 4597 ansam
3528 4537 3707 4593 rediret.
3728 4534 3783 4579 aut

2303 4653 2423 4709 quae
2462 4635 2682 4691 fundum
2726 4634 2959 4702 fecerat,
3003 4635 3117 4705 ipsa
3155 4649 3347 4689 rursus
3391 4633 3573 4688 faceret
3604 4622 3779 4681 fundum;

2303 4728 2430 4784 dum
2453 4736 2631 4783 tamen
2660 4734 2829 4781 totum
2852 4733 3216 4782 reverteretur
3242 4727 3299 4781 in
3321 4734 3506 4791 totum,
3531 4721 3576 4776 id
3593 4727 3673 4779 est,
3693 4720 3782 4765 totus

2303 4820 2396 4876 ille
2422 4820 2583 4875 limus
2624 4819 2676 4874 in
2717 4826 2889 4873 totum
2918 4834 3013 4873 vas
3052 4818 3199 4873 nulla
3242 4819 3329 4873 sui
3380 4816 3569 4888 perdita
3604 4815 3782 4881 partem

2303 4920 2528 4968 mearet.
2560 4911 2897 4982 Quapropter
2936 4910 2983 4964 si
3011 4910 3187 4981 capilli
3232 4911 3395 4966 toties
3437 4908 3563 4964 tonsi
3596 4908 3781 4968 ωιευεδη

2303 5004 2507 5061 desecti
2535 5004 2599 5060 ad
2622 5005 2737 5059 loca
2754 5019 2847 5058 sua
2865 5002 3179 5059 deformiter
3194 5002 3443 5068 redeunt,
3464 5015 3560 5055 non
3577 4991 3780 5050 redibunt:

2306 5108 2405 5151 nec
2441 5104 2619 5149 tamen
2648 5094 2840 5163 cuique
2864 5092 3163 5163 resurgenti
3201 5092 3482 5162 peribunt,
3510 5088 3611 5158 quia
3634 5083 3674 5135 in

2305 5185 2429 5241 dem
2465 5200 2713 5250 carnem,
2764 5193 2823 5238 ut
2864 5198 3257 5254 quemcumque
3301 5184 3374 5238 ibi
3428 5182 3585 5236 locum
3618 5175 3781 5239 εοφοηί

2309 5285 2545 5343 teneant,
2574 5282 2783 5329 servata
2820 5273 3048 5344 partium
3088 5273 3457 5344 congruentia,
3488 5265 3682 5325 materiae
3709 5269 3780 5310 ωι·

2308 5368 2569 5422 tabilitate
2601 5376 2897 5421 vertentur.
2924 5365 3177 5432 Quamvis
3201 5365 3344 5435 quod
3370 5365 3443 5419 ait
3471 5360 3702 5417 Dominus.
3719 5346 3780 5400 σοί

2309 5460 2462 5529 pillus
2491 5458 2670 5526 capitis
2699 5458 2851 5511 vestri
2876 5474 2975 5510 non
3002 5456 3179 5527 peribit
3201 5454 3357 5528 (Luc.
3391 5471 3493 5518 xxI,
3526 5452 3627 5517 i8).
3651 5458 3723 5499 που
3741 5438 3780 5485 δέ

2372 5552 2388 5581 ι
2424 5548 2562 5605 miti.
2586 5560 2729 5612 super
2752 5560 2937 5612 onmem
2960 5543 3238 5612 ειειεβίατης
3275 5554 3333 5596 At
3370 5536 3779 5612 meliori-“>999?

2304 5623 2447 5674 super
2467 5597 2908 5675 enutia'Ecclesiw.
2949 5611 3021 5657 sic
3039 5610 3187 5657 etiam
3222 5608 3283 5675 in_
3299 5608 3541 5675 veteribus

2305 5660 2755 5752 ᾶυείω
2780 5682 2991 5752 Emi"
3017 5677 3136 5752 ενι»
3171 5668 3416 5752 eum,
3454 5660 3779 5752 εξεέίέἓᾰξηῑέἲ

2305 5749 2401 5806 non
2423 5724 2646 5841 gensgfi.
2672 5724 2900 5793 Haac'ipsa
2942 5731 3090 5781 lectio
3122 5724 3203 5779 est
3225 5724 3491 5791 Hieronymi
3512 5726 3557 5775 in
3574 5724 3737 5770 εοωωαλ

2307 5800 2391 5841 nis
2413 5804 2530 5841 ADO'
2606 5808 2637 5841 I.

2307 5801 2391 5846 riis
2413 5801 2637 5855 Apostoli.

2381 5860 2399 5888 '
2434 5856 2503 5905 Sic
2520 5863 2624 5905 Mss.
2650 5859 2705 5903 At
2730 5853 2865 5914 editi,
2882 5852 3125 5914 adimplet.
