3996 6524
285 419 384 477 78!

287 526 632 598 longitudine,
665 527 757 583 sed
782 527 849 584 de
875 543 1096 584 numero
1124 528 1432 599 capillorum
1452 531 1647 585 dictum
1673 528 1841 583 multo

285 619 457 686 aptius
504 619 670 686 possit
717 619 954 690 intelligi.
1004 619 1152 674 Unde
1191 630 1246 674 et
1286 621 1409 675 alibi
1462 620 1617 682 dicit,
1661 619 1846 691 Capilli

283 709 460 777 capitis
479 711 624 761 vestri
645 713 888 763 numerati
908 719 1021 764 sunt
1045 727 1212 764 omnes
1235 711 1251 742 ⁸
1279 709 1425 781 (Luc.
1457 725 1551 776 xu,
1574 708 1648 781 '1').
1666 709 1846 778 Neque

283 799 386 852 hoc
429 799 548 854 ideo
568 801 819 868 dixerim,
870 802 1010 872 quod
1053 802 1248 871 aliquid
1292 803 1589 857 existimem
1635 802 1848 871 corpori

284 888 528 956 cuiquam
553 891 574 920 ³
604 891 928 959 periturum,
966 891 1102 960 quod
1153 892 1457 946 naturaliter
1503 896 1704 955 inerat;
1751 891 1846 945 sed

284 980 425 1048 quod
453 980 688 1037 deforme
713 992 890 1037 natum
919 983 1088 1037 fuerat
1114 984 1242 1051 (non
1265 985 1444 1055 utique
1458 983 1528 1038 ob
1551 985 1712 1051 aliud,
1742 984 1846 1039 nisi

287 1080 342 1124 ut
373 1071 494 1125 hinc
519 1089 727 1142 quoque
753 1075 1124 1129 ostenderetur
1142 1117 1156 1141 ,
1187 1090 1342 1144 quam
1368 1077 1436 1129 sit
1465 1077 1687 1144 ptenalis
1715 1091 1844 1130 con-

283 1161 416 1215 ditio
445 1164 544 1216 ista
574 1165 923 1233 mortalium),
955 1166 1032 1220 sic
1057 1181 1176 1220 esse
1209 1165 1523 1231 rediturum,
1554 1174 1610 1219 ut
1637 1175 1845 1221 servata

285 1253 589 1321 integritate
632 1254 973 1319 substantiae,
1002 1255 1308 1310 deformitas
1349 1265 1548 1324 pereat.
1599 1254 1653 1310 Si
1701 1255 1845 1309 enim

283 1352 510 1398 statuam
543 1354 716 1414 potest
746 1346 930 1399 artifex
959 1347 1117 1400 homo
1138 1386 1153 1410 ,
1185 1361 1341 1415 quam
1379 1357 1591 1414 propter
1617 1345 1845 1415 aliquam

283 1448 497 1488 causam
523 1435 813 1490 deformem
843 1437 1058 1503 fecerat,
1087 1436 1337 1502 conﬂare,
1363 1446 1415 1491 et
1437 1437 1845 1505 pulcherrimam

285 1523 526 1589 reddere,
559 1526 627 1578 ita
655 1538 710 1579 ut
738 1527 865 1580 nihil
896 1527 1018 1582 inde
1043 1527 1368 1591 substantiae,
1401 1527 1492 1581 sed
1523 1525 1636 1580 sola
1666 1526 1846 1581 defor-

285 1613 442 1667 mitas
474 1626 692 1683 pereat,
722 1631 784 1671 ac
809 1618 852 1671 si
901 1616 1024 1686 quid
1057 1617 1110 1670 in
1147 1617 1233 1671 illa
1273 1617 1438 1686 ﬁgura
1483 1616 1661 1684 priore
1699 1615 1847 1670 inde-

284 1714 470 1760 center
492 1708 753 1772 exstabat,
782 1723 878 1763 nec
909 1709 1168 1777 parilitate
1193 1707 1214 1739 ³
1241 1708 1464 1778 partium
1490 1707 1840 1777 congruebat,

287 1811 394 1851 non
421 1798 488 1853 de
518 1807 649 1864 toto,
677 1800 816 1855 unde
845 1800 1074 1866 fecerat,
1103 1810 1373 1869 amputare
1398 1808 1557 1869 atque
1579 1814 1844 1870 separare,

286 1888 380 1942 sed
409 1889 481 1942 ita
507 1904 856 1960 conspergere
893 1889 1178 1945 universo‘
1204 1899 1361 1959 atque
1390 1890 1635 1956 miscere,
1665 1899 1723 1944 ut
1747 1904 1847 1946 nec

285 1977 576 2033 feditatem
603 1980 789 2044 faciat,
819 1996 916 2036 nec
970 1982 1170 2036 minuat
1211 1982 1584 2051 quantitatem;
1617 1980 1742 2051 quid
1780 1981 1848 2037 de

285 2071 648 2141 omnipotente
691 2072 905 2127 Artifice
947 2072 1284 2128 sentiendum
1326 2073 1443 2127 est?
1490 2073 1698 2142 Ergone
1740 2087 1846 2126 non

287 2163 483 2232 poterit
507 2177 742 2232 quasque
769 2163 1130 2217 deformitates
1155 2163 1502 2218 humanorum
1528 2178 1806 2232 corporum
1830 2203 1845 2228 ,

286 2267 394 2307 non
420 2254 579 2309 modo
622 2256 862 2320 usitatas,
893 2271 1077 2312 verum
1103 2256 1260 2310 etiam
1304 2270 1453 2309 raras
1490 2263 1649 2325 atque
1692 2271 1846 2309 mon-

288 2350 513 2411 strosas,
545 2359 662 2414 quae
689 2344 813 2399 huic
838 2346 1047 2401 misera:
1074 2345 1191 2400 vitae
1222 2354 1537 2415 congruunt,
1565 2345 1851 2401 abhorrent

286 2442 459 2488 autem
488 2435 555 2488 ab
585 2435 671 2488 illa
701 2435 870 2490 futura
902 2435 1150 2491 felicitate
1179 2444 1502 2502 sanctorum,
1533 2436 1609 2490 sic
1639 2434 1848 2494 auferre

286 2537 350 2578 ac
390 2525 634 2593 perdere,
663 2536 720 2580 ut
749 2541 1105 2597 quascumque
1144 2541 1326 2581 earum
1373 2526 1605 2594 faciunt,
1632 2528 1732 2582 etsi
1757 2543 1850 2582 na-

287 2617 496 2682 turalia,
540 2627 711 2673 tamen
744 2619 987 2677 indecora
1018 2629 1354 2676 excrementa
1398 2619 1704 2674 substantia:
1727 2634 1848 2674 cor-

287 2709 505 2776 poralis,
535 2710 676 2764 nulla
697 2710 812 2780 ejus
841 2711 1188 2766 diminutione
1215 2710 1500 2765 tollantur?

357 2799 412 2853 2.
440 2802 518 2855 Ac
541 2816 636 2871 per
665 2801 765 2856 hoc
787 2817 890 2857 non
910 2811 990 2857 est
1015 2802 1207 2856 macris
1235 2802 1582 2871 pinguibusve
1608 2809 1850 2858 metuen-

285 2889 435 2957 dum,
474 2908 542 2949 ne
565 2892 637 2948 ibi
676 2894 836 2950 etiam
874 2894 1004 2950 tales
1034 2895 1160 2962 sint,
1187 2893 1386 2964 quales,
1414 2892 1458 2948 si
1484 2901 1721 2963 possent,
1752 2909 1851 2950 nec

287 2982 375 3038 hic
397 2998 516 3039 esse
541 2986 853 3040 voluissent.
876 2986 1062 3041 Omnis
1086 2985 1227 3040 enim
1250 2985 1490 3054 corporis
1518 2984 1852 3053 pulchritudo

285 3083 366 3129 est
393 3076 622 3144 partium
667 3077 1008 3146 congruentia
1033 3091 1153 3130 cum
1191 3075 1416 3144 quadam
1444 3075 1639 3130 coloris
1672 3075 1851 3129 suavi-

285 3175 413 3222 tate.
437 3168 534 3223 Ubi
561 3178 737 3223 autem
758 3185 862 3224 non
882 3180 964 3224 est
988 3171 1216 3239 partium
1237 3170 1601 3238 congruentia,
1625 3179 1717 3224 aut
1731 3170 1852 3226 ideo

283 3258 409 3327 quid
430 3258 664 3324 offendit,
685 3261 807 3330 quia
837 3276 1057 3330 pravum
1087 3270 1169 3315 est
1188 3260 1231 3325 ⁵,
1257 3269 1347 3314 aut
1369 3261 1486 3314 ideo
1501 3263 1620 3329 quia
1646 3275 1849 3329 parum,

286 3356 377 3401 aut
398 3346 516 3401 ideo
545 3350 666 3417 quia
692 3349 933 3404 nimium.
962 3349 1191 3405 Proinde
1217 3349 1358 3403 nulla
1383 3350 1484 3403 crit
1520 3349 1849 3418 deformitas,

284 3454 442 3508 quam
476 3439 600 3492 facit
627 3439 1022 3508 incongruentia
1065 3439 1325 3509 partium,
1361 3439 1446 3493 ubi
1468 3447 1522 3493 et
1545 3455 1664 3509 qua:
1691 3455 1852 3510 prava

285 3540 409 3584 sunt
451 3532 817 3601 corrigentur;
867 3540 920 3587 et
948 3531 1088 3601 quod
1138 3532 1313 3584 minus
1358 3540 1439 3585 est
1480 3547 1636 3601 quam
1675 3532 1848 3599 decet,

286 3621 425 3676 unde
444 3619 666 3676 Creator
703 3621 869 3686 novit,
913 3621 1037 3676 inde
1082 3620 1443 3690 supplebitur;
1474 3630 1528 3675 et
1555 3621 1693 3690 quod
1734 3622 1851 3690 plus

283 3721 366 3766 est
391 3727 546 3781 quam
577 3711 748 3778 decet,
778 3712 1015 3766 materia:
1057 3721 1265 3766 servata
1309 3711 1643 3780 integritate,
1672 3711 1851 3765 detra-

287 3801 458 3856 hetur.
485 3801 694 3857 Coloris
742 3817 902 3872 porro
944 3802 1174 3857 suavitas
1224 3811 1418 3871 quanta
1449 3801 1571 3868 erit,
1612 3801 1697 3855 ubi
1723 3800 1850 3871 justi

285 3893 559 3962 fulgebunt
574 3895 710 3949 sicut
730 3895 808 3949 sol
828 3895 877 3947 in
901 3910 1063 3964 regno
1080 3893 1250 3948 Patris
1261 3893 1343 3947 sui
1366 3892 1572 3963 (Matth.
1595 3908 1705 3958 xm,
1721 3892 1852 3962 45)?

285 3986 413 4052 Qua:
437 3987 651 4040 claritas
690 3987 741 4040 in
769 3986 967 4042 Christi
998 4001 1221 4055 corpore
1243 4026 1257 4051 ,
1283 4001 1402 4039 cum
1431 3985 1754 4050 resurrexit,
1787 3986 1854 4039 ab

285 4078 454 4131 oculis
494 4077 873 4148 discipulorum
915 4079 1090 4146 potius
1116 4076 1423 4130 abscondita
1468 4075 1663 4140 fuisse,
1695 4090 1852 4146 quam

285 4167 517 4222 defuisse
537 4168 798 4224 credenda
822 4177 919 4221 est.
942 4167 1057 4220 Non
1093 4166 1234 4221 enim
1261 4182 1376 4221 eam
1411 4166 1573 4220 ferret
1595 4168 1854 4220 humanus

285 4268 444 4327 atque
473 4259 714 4312 infirmus
758 4267 1039 4326 aspectus,
1075 4256 1285 4326 quando
1326 4258 1461 4311 illea
1503 4256 1614 4311 suis
1661 4257 1730 4309 ita
1756 4255 1852 4309 de-

285 4349 437 4402 beret
462 4347 682 4414 attendi,
712 4358 767 4401 ut
790 4357 968 4417 posset
993 4349 1227 4418 agnosci.
1253 4347 1370 4415 Quo
1395 4348 1646 4416 pertinuit
1669 4347 1851 4415 etiam,

289 4447 346 4492 ut
375 4440 822 4493 contrectantibus
843 4439 1148 4492 ostenderet
1172 4452 1387 4491 suorum
1417 4437 1692 4491 vulnerum
1717 4436 1857 4491 cica-

289 4530 481 4594 trices;
512 4537 569 4583 ut
594 4530 752 4584 etiam
786 4530 961 4585 cibum
1009 4538 1297 4598 potumque
1323 4537 1594 4590 sumeret,
1625 4542 1731 4581 non
1755 4526 1854 4581 ali-

287 4629 586 4674 mentorum
613 4621 900 4690 indigentia
921 4662 936 4686 ,
966 4621 1059 4674 sed
1088 4634 1150 4674 ea
1177 4633 1280 4688 qua
1309 4626 1362 4673 et
1402 4619 1501 4672 hoc
1528 4626 1734 4687 poterat
1761 4631 1856 4687 po-

287 4717 496 4763 testate.
533 4707 668 4762 Cum
698 4720 871 4763 autem
919 4707 1119 4777 aliquid
1167 4723 1272 4761 non
1323 4707 1566 4772 videtur,
1615 4708 1855 4774 quamvis

289 4800 446 4863 adsit,
471 4815 501 4852 a
527 4799 719 4870 quibus
757 4800 879 4865 alia,
927 4814 1043 4868 qua:
1091 4798 1288 4867 pariter
1325 4797 1540 4862 adsunt,
1590 4798 1853 4864 videntur,

290 4889 428 4944 sicut
472 4890 614 4944 illam
644 4890 943 4943 claritatem
985 4889 1208 4943 dicimus
1243 4887 1473 4941 adfuisse
1515 4902 1618 4940 non
1656 4888 1852 4952 visam,

288 4999 319 5038 a
370 4982 561 5051 quibus
610 4983 711 5035 alia
765 4981 1109 5045 videbantur,
1162 4982 1365 5048 ἀορασία
1404 4993 1576 5047 grmce
1625 4977 1853 5033 dicitur:

287 5075 430 5144 quod
459 5074 626 5128 nostri
675 5075 990 5142 interpretes
1035 5070 1195 5124 latine
1222 5070 1398 5123 dicere
1441 5084 1544 5122 non
1586 5069 1848 5133 valentes,

289 5168 343 5220 in
374 5167 509 5219 libro
538 5166 808 5220 Geneseos
833 5164 1122 5218 caecitatem
1165 5161 1492 5228 interpretati
1522 5170 1664 5214 sunt.
1709 5159 1858 5215 Hanc

289 5257 430 5311 enim
460 5255 601 5325 passi
623 5265 745 5309 sunt
771 5254 1081 5319 Sodomita,
1105 5251 1316 5321 quando
1330 5251 1638 5320 quaerebant
1663 5251 1857 5304 ostium

352 5454 370 5484 ί
406 5460 524 5509 vox,
547 5462 723 5509 manes,
742 5449 882 5498 abest
903 5461 932 5497 a
952 5448 1287 5510 manuscriptis
1302 5454 1351 5497 et
1367 5445 1426 5495 ab
1442 5444 1583 5496 editis
1598 5443 1732 5493 Vind.
1755 5451 1854 5493 Iun.

352 5517 372 5580 ξ
404 5523 581 5580 omnes
601 5519 728 5570 Mss.,
751 5510 937 5580 cuique.
1073 5569 1101 5580 Α,

353 5577 374 5607 ³
406 5578 478 5624 sic
500 5581 604 5623 Mss.
635 5580 689 5621 At
711 5571 848 5631 editi,
868 5571 1118 5634 parililaa'.

351 5638 372 5667 ⁸
404 5635 508 5684 Sola
531 5635 678 5683 editio
697 5641 825 5693 l.ov.,
841 5632 1076 5682 universa.

353 5698 373 5728 ³
405 5699 477 5746 sic
497 5696 678 5758 aliquot
700 5689 821 5744 MssI
843 5701 898 5743 At
922 5693 1222 5758 editi,__loco,
1250 5703 1466 5752 pravum,
1485 5689 1720 5758 habent,“
1741 5700 1856 5758 par-

290 5770 398 5805 uum
427 5771 443 5806 :
469 5753 787 5819 preter-quam
809 5756 935 5818 quod
961 5769 1021 5806 ex
1048 5753 1141 5803 illis
1163 5753 1274 5812 duo,
1317 5758 1388 5800 Er.
1411 5760 1462 5800 et
1481 5757 1589 5799 Lov.
1614 5753 1853 5807 omittunt,

295 5826 375 5869 aut
405 5819 511 5869 ideo
531 5819 642 5884 quia
663 5832 850 5882 parum.

1399 420 1598 476 LIBER
1639 415 1998 474 VlGESlMUS
2034 417 2402 476 SECUNDUS.

3410 425 3510 481 782

1951 531 2080 600 justi
2107 531 2227 596 viri,
2261 545 2358 584 nec
2382 537 2626 600 poterant
2651 531 2889 586 invenire
2917 530 3066 601 (Gen.
3095 546 3206 599 xix,
3239 534 3350 601 ll).
3381 534 3511 602 Quae

1952 620 2000 675 si
2023 620 2233 675 czecitas
2264 620 2469 686 fuisset,
2502 624 2688 692 quatit
2717 633 2774 678 ut
2819 623 2947 677 nihil
2979 625 3144 692 possit
3182 625 3371 687 videri,
3399 642 3506 681 non

1953 713 2144 766 ostium
2167 727 2270 782 quo
2292 713 2711 782 ingrederentur,
2738 715 2831 770 sed
2851 715 3012 771 duces
3037 715 3240 772 itineris
3260 732 3288 772 a
3316 718 3509 788 quibus

1953 800 2076 856 inde
2099 802 2506 867 abducerentur,
2537 804 2861 874 inquirerent
2895 808 2993 876 (a).

2023 894 2076 948 5.
2109 891 2275 966 [ΧΧ.]
2317 893 2508 950 Nescio
2555 910 2660 966 quo
2712 906 2891 952 autem
2931 897 3089 952 modo
3135 899 3214 953 sic
3254 899 3513 955 afficimnr

1952 999 2133 1039 amore
2162 995 2452 1054 martyrum
2478 986 2781 1051 beatorum,
2811 997 2868 1042 ut
2894 989 3120 1042 velimus
3150 989 3200 1042 in
3231 989 3324 1043 illo
3348 1005 3514 1059 regno

1953 1075 2005 1129 in
2035 1091 2219 1131 eorum
2242 1078 2550 1146 corporibus
2578 1079 2756 1134 videre
2775 1079 3050 1134 vulnerum
3076 1082 3364 1146 cicatrices,
3396 1100 3514 1151 qua:

1954 1183 2049 1238 pro
2071 1168 2266 1224 Christi
2295 1172 2511 1226 nomine
2557 1172 2918 1242 pertulerunt:
2952 1183 3006 1228 et
3050 1175 3272 1229 fortasse
3305 1175 3514 1230 videbi-

1953 1275 2091 1316 mus.
2123 1260 2238 1315 Non
2265 1263 2407 1316 enim
2437 1263 2746 1318 deformitas
2775 1265 2825 1319 in
2852 1265 2929 1320 eis
2949 1307 2963 1328 ,
2998 1267 3091 1320 sed
3120 1266 3347 1337 dignitas
3373 1270 3476 1321 erit
3499 1309 3512 1329 .

1952 1361 2004 1405 et
2031 1353 2306 1421 quaedam,
2335 1356 2575 1424 quamvis
2614 1357 2666 1410 in
2706 1372 2948 1425 corpore,
2982 1374 3086 1412 non
3133 1361 3392 1429 corporis,
3421 1360 3513 1416 sed

1951 1443 2159 1496 virtutis
2179 1443 2515 1512 pulchritudo
2537 1446 2771 1517 fulgebit.
2789 1447 2898 1503 Nec
2925 1448 3042 1503 ideo
3073 1458 3247 1504 tamen
3271 1451 3316 1506 si
3343 1451 3514 1520 aliqua

1952 1535 2268 1604 martyribus
2310 1545 2577 1606 amputata
2620 1546 2676 1592 et
2713 1539 2885 1593 ablata
2931 1548 3055 1593 sunt
3097 1541 3332 1596 membra
3357 1582 3373 1607 ,
3401 1541 3517 1596 sine

1953 1625 2081 1694 ipsis
2123 1627 2377 1682 membris
2406 1639 2562 1682 erunt
2603 1630 2655 1682 in
2710 1632 3100 1686 resurrectione
3142 1643 3515 1700 mortuorum,

1952 1716 2142 1784 quibus
2168 1716 2366 1771 dictum
2397 1726 2496 1783 est,
2541 1717 2768 1788 Capillus
2791 1721 2971 1789 capitis
3005 1723 3153 1774 uestri
3177 1739 3276 1776 non
3319 1723 3515 1791 peribit.

1954 1805 2058 1860 Sed
2100 1807 2144 1860 si
2188 1805 2288 1861 hoc
2331 1807 2543 1863 decebit
2569 1809 2623 1863 in
2675 1809 2764 1864 illo
2793 1825 2930 1865 novo
2974 1813 3187 1877 saeculo,
3218 1821 3276 1866 ut
3325 1813 3516 1867 indicia

1953 1894 2305 1964 gloriosorum
2348 1898 2622 1953 vulnerum
2662 1900 2714 1954 in
2744 1900 2838 1954 illa
2869 1901 3151 1956 immortali
3191 1917 3348 1956 carne
3397 1916 3517 1956 cer-

1952 1995 2166 2054 nantur,
2194 1988 2282 2042 ubi
2308 1988 2545 2043 membra
2569 2031 2583 2055 ,
2607 1997 2664 2045 ut
2691 1990 3101 2058 praeciderentur
3119 2031 3134 2056 ,
3164 2005 3409 2059 percussa
3437 1992 3519 2046 vel

1952 2087 2098 2132 secta
2123 2087 2265 2144 sunt,
2295 2079 2367 2134 ibi
2392 2080 2684 2146 cicatrices,
2713 2080 2808 2136 sed
2837 2091 3010 2136 tamen
3036 2081 3235 2137 eisdem
3264 2083 3521 2138 membris

1953 2168 2192 2236 redditis,
2235 2185 2342 2224 non
2379 2172 2619 2240 perditis,
2665 2173 3010 2242 apparebunt.
3050 2172 3306 2240 Quamvis
3343 2175 3519 2242 itaque

1952 2260 2129 2313 omnia
2157 2275 2275 2329 qua:
2301 2262 2608 2317 acciderunt
2629 2264 2837 2332 corpori
2863 2263 3009 2328 vitia,
3041 2273 3167 2318 tunc
3193 2279 3300 2318 non
3328 2274 3515 2328 erunt;

1954 2366 2062 2406 non
2091 2360 2215 2406 sunt
2243 2362 2416 2408 tamen
2455 2353 2757 2423 deputanda
2788 2354 2876 2410 vel
2919 2354 3234 2425 appellanda
3261 2355 3388 2410 vitia
3415 2355 3522 2410 vir-

1953 2442 2079 2496 tutis
2122 2441 2337 2497 indicia.

1952 2597 2178 2655 CAPUT
2205 2598 2324 2654 XX.
2353 2629 2421 2639 —
2449 2600 2596 2666 Quod
2623 2603 2677 2655 in
2713 2601 3071 2656 resurrectione
3095 2609 3402 2654 mortuorum
3428 2616 3522 2652 na-

2026 2701 2139 2745 tura
2165 2708 2433 2761 corporum
2459 2693 2753 2760 quibuslibet
2791 2694 2953 2747 modis
2986 2694 3339 2764 dissipatorum
3363 2693 3418 2747 in
3443 2693 3524 2747 in-

2026 2794 2218 2856 tegrum
2242 2786 2585 2857 undecumque
2605 2785 2886 2842 revocanda
2910 2785 2997 2840 sit.

2027 2938 2078 2992 l.
2111 2937 2260 2992 Absit
2279 2946 2456 2992 autem
2484 2947 2542 2992 ut
2566 2937 2632 2992 ad
2660 2938 3019 2993 resuscitanda
3047 2950 3268 3007 corpora
3293 2938 3522 3008 vitaeque

1955 3027 2225 3085 reddenda
2254 3042 2360 3081 non
2407 3027 2575 3095 possit
2606 3028 2990 3094 omnipotentia
3030 3027 3296 3081 Creatoris
3343 3027 3524 3081 omnia

1956 3136 2234 3187 revocare,
2258 3135 2378 3189 quae
2405 3118 2489 3172 vel
2515 3120 2716 3184 bestize,
2746 3122 2834 3175 vel
2856 3120 2992 3190 ignis
3017 3119 3329 3189 absumpsit,
3357 3120 3442 3174 vel
3470 3121 3524 3174 in

1959 3214 2230 3284 pulverem
2261 3214 2563 3267 cineremve
2593 3211 2906 3280 collapsum,
2940 3211 3021 3265 vel
3057 3211 3109 3264 in
3135 3211 3405 3264 humorem
3437 3225 3528 3264 so-

1957 3307 2147 3372 lutum,
2164 3307 2248 3361 vel
2275 3306 2326 3361 in
2345 3321 2501 3361 auras
2521 3313 2604 3360 est
2618 3306 2938 3359 exhalatum.
2967 3303 3120 3358 Absit
3139 3303 3357 3358 utsinus
3381 3302 3526 3357 ullus

1955 3405 2325 3467 secretumque
2365 3407 2568 3452 naturae
2597 3396 2668 3450 ita
2698 3396 2918 3464 recipiat
2953 3394 3153 3464 aliquid
3199 3393 3525 3449 subtractum

1956 3491 2202 3545 sensibus
2239 3491 2456 3555 nostris,
2499 3498 2557 3543 ut
2584 3489 2820 3544 omnium
2846 3486 3112 3542 Creatoris
3140 3497 3229 3541 aut
3255 3488 3412 3541 lateat
3437 3501 3526 3541 co-

1954 3581 2270 3648 gnitionem,
2308 3589 2400 3633 aut
2432 3580 2646 3649 effugiat
2690 3589 3023 3648 potestatem.
3053 3579 3218 3632 Deum
3253 3587 3400 3632 certe
3430 3593 3528 3631 vo-

1955 3671 2091 3736 lens,
2131 3671 2264 3725 sicut
2304 3680 2539 3740 poterat,
2576 3670 2797 3724 definire
2825 3670 3012 3724 Cicero
3040 3677 3214 3723 tantus
3238 3681 3421 3723 auctor
3449 3670 3529 3738 ip-

1956 3778 2138 3818 sorum
2159 3805 2175 3832 ,
2245 3763 2392 3818 Mens
2437 3763 2667 3833 quazdam
2698 3803 2714 3826 ,
2744 3762 2945 3830 inquit,
2978 3771 3050 3814 est
3077 3761 3243 3816 soluta
3282 3770 3327 3814 et
3350 3761 3526 3826 libera,

1955 3865 2145 3909 secreta
2186 3855 2247 3908 ab
2283 3855 2421 3907 omni
2481 3853 2788 3906 concretione
2809 3852 3027 3914 mortali,
3058 3852 3225 3904 omnia
3248 3851 3460 3906 sentiens
3481 3861 3528 3905 et

1957 3964 2173 4013 movens,
2199 3948 2407 4014 ipsaque
2432 3945 2642 4012 praedita
2663 3953 2800 3997 motu
2823 3944 3121 4014 semmtemo
3147 3942 3166 4015 (
3195 3943 3399 3996 Tuscul.
3437 3943 3525 3996 lib.

1958 4039 2024 4102 1,
2070 4054 2185 4106 cap.
2234 4037 2348 4107 27).
2380 4036 2492 4090 Hoc
2538 4045 2714 4089 autem
2767 4036 2966 4104 reperit
3023 4035 3075 4088 in
3124 4034 3380 4088 doctrinis
3415 4049 3530 4087 ma-

1957 4143 2181 4200 gnorum
2224 4126 2684 4197 philosOphorum.
2735 4124 2804 4180 Ut
2851 4124 3008 4195 igitur
3048 4124 3338 4178 secundum
3385 4124 3530 4192 ipsos

1958 4226 2177 4295 loquar,
2206 4222 2472 4292 quomodo
2501 4219 2696 4291 aliquid
2725 4219 2807 4274 vel
2830 4205 2958 4272 latet
2980 4219 3156 4272 omnia
3185 4218 3525 4280 sentientem,

1957 4318 2042 4372 vel
2084 4316 2498 4371 irrevocabiliter
2522 4313 2651 4383 fugit
2679 4313 2855 4366 omnia
2881 4307 3220 4365 moventem?

2028 4410 2082 4463 2.
2113 4407 2264 4464 Unde
2285 4407 2394 4476 jam
2421 4405 2578 4460 etiam
2619 4403 2844 4473 quaestio
2869 4401 2957 4455 illa
2984 4399 3234 4454 solvenda
3261 4409 3381 4465 est,
3411 4414 3530 4469 quae

1959 4500 2228 4558 difficilior
2270 4497 2480 4551 videtur
2517 4494 2768 4550 caeteris:
2823 4492 2907 4545 ubi
2938 4491 3215 4559 quaeritur,
3256 4503 3377 4542 cum
3407 4503 3532 4544 caro

1960 4589 2158 4647 mortui
2193 4588 2428 4642 hominis
2467 4585 2627 4639 etiam
2661 4582 2878 4635 alterius
2907 4578 2968 4632 fit
2997 4578 3221 4632 viventis
3259 4592 3409 4644 caro,
3446 4579 3531 4631 cui

1961 4682 2137 4752 potius
2184 4692 2371 4733 eorum
2420 4676 2473 4729 in
2525 4671 2916 4728 resurrectione
2965 4667 3235 4722 reddatur.
3291 4667 3346 4721 Si
3389 4666 3533 4720 enim

1961 4771 2221 4842 quiSpiam
2265 4765 2540 4821 confectus
2569 4763 2708 4817 fame
2749 4769 2909 4829 atque
2935 4757 3243 4826 compulsus
3287 4765 3534 4809 vescatur

1959 4861 2313 4919 cadaveribus
2338 4855 2611 4912 hominum
2633 4896 2648 4919 ,
2675 4851 2814 4919 quod
2845 4849 3042 4904 malum
3082 4846 3365 4916 aliquoties
3393 4845 3534 4898 acci-

1961 4956 2134 5019 disse,
2160 4963 2215 5008 et
2240 4960 2395 5005 vetus
2419 4954 2642 5002 testatur
2689 4942 2908 4998 historia
2929 4982 2944 5007 ,
2973 4950 3027 4994 et
3053 4950 3355 4993 nostrorum
3395 4945 3533 4990 tem-

1963 5059 2150 5116 porum
2205 5038 2436 5094 infelicia
2483 5035 2848 5104 experimenta
2895 5030 3191 5084 docuerunt
3238 5026 3346 5098 (b);
3401 5040 3532 5079 num

1963 5135 2239 5205 quisquam
2265 5128 2495 5184 veridica
2523 5126 2729 5180 ratione
2750 5121 3056 5184 contendet,
3081 5128 3245 5174 totum
3268 5117 3531 5186 digestum

2029 5308 2102 5370 (a)
2133 5305 2262 5370 conf.
2286 5309 2462 5370 Qu_:est.
2489 5302 2537 5349 in
2559 5306 2676 5370 Gen.
2699 5301 2878 5370 quiest.

2027 5354 2100 5433 (‘65
2130 5354 2320 5433 Indicat‘
2343 5366 2543 5433 formst
2565 5354 2732 5433 dm.“
2755 5354 3536 5433 ἓξὲθξιξ.ΪὲΙΞ¹⁶ἰ¹Ρ.ν,ξῖ¹ἒὲΞ..ἓἮὲ.ξ¹3δ

1962 5409 2729 5493 opn'es'sif;'ahm'bb3mee.nuir
2751 5419 2812 5493 at;
2825 5409 3530 5493 AEEE‘EE’.SE““‘.’JE“§SE‘.§°%)2

1962 5469 2514 5546 EE'FqGEéb'erﬁEmigiii
2533 5469 2732 5546 Historia
2757 5469 3080 5546 ecclesiastica
3097 5505 3112 5530 ,
3143 5469 3238 5543 lib.
3263 5470 3320 5546 9,
3333 5483 3437 5546 cap.
3520 5485 3534 5546 ξ

1965 5533 2344 5613 ξῖῐῖἶῦἶοιῆἶξῶίιέ
2395 5533 2597 5613 Epistula
2624 5541 2679 5590 16
2695 5536 3093 5613 ,.ad‘t"rinc‘iqunl_
3111 5533 3534 5613 νὶςξςὶξιιῗιιξῄε-Δσι⁸

1971 5597 2247 5665 (aliaalia;
2265 5597 2400 5662 cibos
2418 5597 2578 5669 erupit
2598 5600 2914 5653 esurientium
2935 5597 3130 5669 rabies,
3154 5601 3206 5669 et
3227 5597 3538 5669 suainvigem

1972 5654 2526 5726 lﬁkﬁiira'nﬁﬁddt’.‘
2547 5669 2659 5714 dum
2692 5672 2846 5712 mater
2869 5670 2966 5707 non
2988 5654 3354 5726 parcit‘lactahnti
3387 5654 3535 5726 infan-

1974 5715 2506 5799 Biman'i'éc'tiii‘
2520 5736 2678 5788 utero,
2715 5736 2862 5788 quem
2895 5715 3039 5782 paulo
3079 5715 3477 5833 angogggerat.
3505 5728 3529 5756 ι
