4118 6542
519 420 624 475 785

529 534 689 588 fuisse
705 511 799 600 per
821 530 952 583 imos
972 521 1342 607 meatus,-nihil
1368 520 1488 576 inde
1510 519 1563 574 in
1585 518 1699 588 ejus
1719 515 1928 572 carnem
1951 516 2070 569 muu‘
2114 519 2116 522 '

523 621 690 677 t'atum
715 619 869 688 atque
892 603 1221 676 conversum,
1252 626 1369 665 cum
1399 611 1508 679 ipsa
1539 609 1732 662 macies
1757 621 1875 676 quae
1898 603 1995 659 fuit
2019 614 2073 657 et

523 706 630 768 non
661 719 760 776 est,
800 707 925 763 satis
953 691 1146 760 indicet
1171 719 1288 773 qum
1315 703 1416 756 illis
1451 700 1587 755 escis
1614 697 1924 753 detrimenta
1948 709 2072 762 sup-

525 802 661 872 pleta
688 799 833 868 sint?
866 784 979 851 Jam
1024 797 1197 862 itaque
1238 793 1418 861 aliqua.
1451 789 1608 860 paqu
1644 798 1767 842 ante
1808 785 2066 856 praamisi,

521 907 640 962 quae
663 889 727 944 ad
757 883 912 942 istum
937 899 1144 954 quoque
1164 881 1356 936 nodum
1377 878 1682 934 solvendum
1714 875 1885 930 valere
1912 873 2073 927 debe-

523 981 673 1034 bunt.
701 975 962 1044 Quidquid
989 975 1137 1028 enini‘
1155 970 1390 1026 carnium
1415 967 1654 1022 exhausit
1682 965 1862 1028 fames,
1897 969 2072 1032 utique

524 1075 574 1126 in
599 1084 754 1126 auras
771 1079 849 1125 est
873 1067 1172 1123 exhalatum
1199 1082 1213 1119 :
1243 1063 1382 1118 unde
1405 1063 1633 1116 diximus
1656 1061 2068 1127 omnipotentem

521 1164 684 1217 Deum
715 1174 867 1230 posse
893 1154 1144 1213 revocare
1172 1154 1310 1224 quod
1335 1153 1482 1222 fugit.
1511 1151 1780 1206 Reddetur
1800 1163 1924 1218 ergo
1946 1163 2071 1202 caro

521 1253 604 1306 illa
631 1249 848 1313 homini,
876 1249 928 1302 in
958 1263 1062 1316 quo
1090 1261 1208 1302 esse
1233 1253 1356 1299 caro
1377 1239 1603 1296 humana
1631 1241 1871 1308 primitus
1889 1239 2066 1306 etrapit.

520 1342 600 1394 Ab
628 1341 718 1394 illo
742 1340 934 1409 quippe
959 1338 1124 1391 altero
1163 1346 1406 1404 tanquam
1447 1342 1626 1386 mutuo
1665 1339 1869 1398 sumpta
1909 1329 2071 1397 depu-

519 1430 671 1484 tanda
696 1439 774 1482 est
797 1445 812 1480 :
843 1430 962 1496 qua?
987 1427 1121 1480 sicut
1147 1438 1221 1478 aes
1242 1424 1466 1477 alienum
1485 1463 1501 1489 ,
1531 1421 1579 1476 ei
1607 1419 1926 1474 redhibenda
1954 1427 2068 1484 est,

517 1519 655 1572 unde
679 1529 885 1586 sumpta
912 1525 1010 1570 est.
1041 1516 1142 1570 Sua
1167 1513 1413 1578 verozillii,
1435 1511 1780 1582 quem'fames
1800 1510 2070 1565 exinanie-

518 1616 626 1674 rat,
658 1608 726 1662 ab
753 1608 832 1661 eo‘
853 1607 942 1676 qui
967 1613 1138 1675 potest
1158 1605 1328 1659 :et‘iam
1356 1603 1596 1658 exhalata
1637 1616 1904 1664 revocare,
1945 1601 2067 1654 red-

517 1697 687 1750 detur.
719 1696 968 1763 Quamvis
992 1695 1092 1748 etsi
1122 1693 1362 1747 omnibus
1385 1692 1604 1761 perisset
1626 1692 1943 1756 modis,.nec
1967 1691 2068 1744 ulla

517 1786 630 1855 ejus
659 1787 902 1840 materies
939 1785 990 1838 in
1030 1784 1152 1838 ullis
1195 1792 1414 1836 natura»
1440 1781 1669 1835 latebris'
1695 1782 2064 1845 remansisset,

515 1878 656 1931 unde
682 1877 868 1941 vellet,
894 1890 1009 1930 eam
1044 1884 1314 1944 repararet
1336 1872 1700 1942 Omnipotens.
1731 1870 1835 1927 Sed
1857 1881 2071 1940 propter

516 1970 828 2022 sententiam
856 1969 1101 2022 Veritatis
1125 2009 1138 2028 ,
1163 1981 1264 2035 qua
1289 1965 1485 2019 dictum
1511 1971 1610 2025 est,
1639 1962 1867 2031 Capillus
1891 1964 2068 2031 capitis

516 2059 662 2111 uestri
689 2049 1022 2126 no'n'p‘eribit;
1047 2054 1332 2110 absurdum
1365 2063 1447 2109 est
1470 2062 1529 2107 ut
1553 2063 1950 2122 putemus..cum
1975 2065 2067 2107 ca-

516 2147 672 2215 pillus
710 2146 935 2200 hominis
966 2146 1138 2214 perire
1165 2141 1498 2213 n'on'possit,
1519 2142 1696 2196 tantas
1720 2155 1905 2196 carnes
1933 2142 2067 2196 fante

515 2237 760 2305 depastas
782 2245 940 2306 atque
966 2243 1303 2304 consumptas
1321 2232 1495 2303 perire
1517 2231 1764 2301 potuisse.

585 2328 639 2382 5.
665 2327 864 2392 Quibus
888 2326 1132 2380 omnibus
1159 2339 1254 2394 pro
1283 2332 1464 2380 nostro
1483 2323 1696 2377 modulo
1722 2322 2068 2377 consideratis

513 2430 668 2490 atque
711 2419 976 2482 tractatis,
1007 2417 1122 2472 hate
1147 2432 1350 2471 summa
1383 2415 1690 2481 conficitur,
1712 2424 1768 2468 nt
1809 2415 1860 2468 in
1881 2414 2064 2468 res'ur'o

513 2512 747 2582 rectione
773 2508 1020 2582 carnisin
1043 2516 1295 2571 aeternum
1325 2522 1413 2559 eas
1444 2505 2066 2574 tnensurasihabcatcor-

514 2581 700 2669 porum
748 2580 1090 2667 magnitudo,
1133 2609 1263 2666 quas
1309 2594 1534 2648 habebat
1586 2592 1915 2663 perficienda:
1954 2591 2066 2649 sive

512 2690 757 2761 perfectce
787 2690 1037 2760 cujusque
1063 2687 1227 2742 indita
1264 2688 1471 2757 corpori
1511 2687 1643 2739 ratio
1666 2687 1979 2755 juventutis,
2012 2687 2064 2740 in

510 2782 870 2836 membrorum
914 2795 1121 2849 quoque
1162 2779 1394 2833 omnium
1433 2777 1660 2833 modulis
1703 2793 1937 2848 congruo
1973 2778 2069 2833 de-

509 2885 635 2925 core
665 2880 909 2938 .servato.
940 2870 1089 2936 Quod
1137 2869 1301 2924 decus
1350 2879 1406 2923 ut
1459 2878 1728 2934 servetur,
1780 2870 1824 2922 si
1871 2869 2065 2939 aliquid

509 2961 776 3029 demptum
819 2960 974 3014 fuerit
1020 2959 1282 3014 indecenti
1325 2959 1477 3013 alicui
1503 2958 1779 3029 granditati
1822 2960 2064 3028 ineparte

507 3050 679 3119 aliqua
707 3050 1032 3114 constituta,
1061 3048 1199 3118 quod
1230 3064 1324 3117 per
1349 3057 1512 3112 totum
1532 3085 1533 3088 η
1555 3033 1860 3117 spargatur,
1890 3059 1947 3102 ut
1972 3064 2065 3104 ne-

509 3153 610 3208 que
633 3139 684 3192 id
712 3149 924 3209 pereat,
953 3146 1007 3215 et
1033 3140 1370 3220 congruentia
1409 3139 1634 3207 partium
1659 3139 1851 3207 ubique
1886 3147 2066 3193 tenea-
2158 3165 2168 3180 ο

505 3238 612 3294 μιν,
643 3245 747 3284 non
771 3240 854 3284 est
881 3229 1188 3291 absurdum,
1223 3239 1277 3281 ut
1305 3227 1495 3297 aliquid
1520 3228 1642 3282 inde
1665 3230 1821 3282 etiam
1851 3237 2066 3284 staturae

507 3321 744 3390 corporis
770 3319 890 3374 addi
929 3334 1085 3389 posse
1123 3319 1431 3378 credamus;
1464 3333 1583 3371 cum
1625 3318 1868 3372 omnibus
1891 3315 2066 3389 parti-

507 3413 626 3476 bus,
657 3420 714 3466 ut
739 3412 986 3465 decorem
1029 3409 1326 3464 custodiant
1345 3449 1359 3474 ,
1383 3409 1438 3477 id
1465 3397 1992 3479 distribuitur,iquod
2017 3411 2065 3465 si

507 3502 872 3575 enormiterfin
913 3514 1014 3579 una
1045 3507 1218 3578 esset,
1245 3487 1424 3568 utique
1466 3513 1572 3552 non
1614 3497 1843 3564 deceret.
1888 3501 1991 3552 Aut
2018 3500 2062 3552 si

505 3591 840 3646 contenditur.
863 3592 914 3644 in
937 3605 996 3644 ea
1024 3604 1283 3659 quemque
1312 3597 1508 3642 statura
1535 3590 1772 3658 corporis
1816 3604 2059 3644 resurre-

503 3691 707 3736 cturum
731 3696 866 3743 esse,
890 3680 941 3733 in
971 3695 1068 3748 qua
1093 3677 1369 3733 defunctus
1394 3687 1494 3743 est,
1523 3693 1628 3731 non
1651 3680 1953 3749 pugnaciter
1978 3694 2064 3733 re-

493 3771 792 3826 sistendum
821 3779 902 3825 est
921 3787 935 3833 ;
968 3779 1170 3823 tantum
1190 3763 1327 3824 absit
1345 3769 1517 3823 omnis
1539 3767 1866 3837 deformitas,
1890 3770 2061 3826 omnis

507 3861 802 3936 infirmitas,
831 3860 1003 3914 omnis
1030 3858 1275 3924 tarditas,
1307 3858 1582 3926 omnisque
1603 3859 1870 3927 corruptio
1889 3901 1904 3924 ,
1937 3867 1992 3914 et
2016 3859 2061 3914 si

491 3959 624 4030 quid
663 3958 802 4022 aliud
835 3957 1094 4034 illudnon
1121 3955 1273 4036 decet
1296 3969 1538 4036 regnum,
1571 3954 1621 4006 in
1660 3968 1764 4023 quo
1819 3968 2060 4008 resurre-

501 4050 693 4104 ctionis
717 4056 770 4102 et
795 4044 1268 4117 promissionis‘filii
1289 4044 1520 4112 aequales
1534 4053 1689 4109 erunt
1714 4044 1926 4112 Angelis
1943 4042 2056 4110 Dei,

502 4139 545 4192 si
572 4153 676 4191 non
705 4149 948 4204 corpore,
982 4149 1086 4187 non
1107 4142 1279 4197 aetate,
1302 4142 1446 4185 certe
1466 4132 1734 4186 felicitate.

501 4286 726 4342 CAPUT
765 4284 907 4339 XXI.
936 4313 1007 4323 —
1045 4281 1124 4335 De
1157 4283 1370 4335 novitate
1405 4282 1626 4350 corporis
1663 4282 1966 4350 spiritualt's,
2009 4298 2062 4335 tn

487 4369 492 4374 ’
636 4389 642 4396 ’
780 4383 783 4388 ’
829 4391 978 4446 quam
1003 4383 1289 4428 sanctorum
1313 4388 1430 4425 caro
1452 4373 1739 4428 mutabitur.

578 4509 899 4564 Restituetur
925 4519 1052 4575 ergo
1081 4513 1140 4560 et.
1165 4503 1414 4578 quidquid
1448 4502 1515 4558 de
1540 4489 1857 4572 corporibus
1896 4504 2024 4557 vivis
2044 4545 2058 4568 ,

504 4601 589 4655 vel
616 4609 732 4668 post
755 4606 976 4652 mortem
1005 4595 1071 4649 de
1092 4593 1440 4649 cadaveribus
1474 4594 1654 4672 periit,
1682 4603 1734 4648 et
1761 4595 1917 4649 simul
1941 4610 2059 4649 cum

505 4708 570 4747 eo
595 4690 734 4760 quod
773 4690 824 4743 in
855 4688 1108 4756 sepulcris
1137 4687 1406 4752 remansit,
1436 4686 1492 4739 in
1519 4671 1803 4762 Spiritualis
1826 4687 2060 4764 corporis

504 4759 792 4836 novitatem
835 4794 902 4833 ex
943 4776 1185 4831 animalis
1228 4776 1462 4844 corporis
1504 4759 2058 4832 vetustate'mutatum

504 4882 761 4942 resurget,
791 4867 1180 4936 incorruptione
1203 4874 1358 4934 atque
1382 4865 1769 4921 immortalitate
1793 4867 2059 4922 vestitum.

505 4961 612 5018 Sed
637 4960 849 5018 etsiwel
872 4973 997 5014 casu
1024 4957 1197 5026 aliquo
1221 4956 1365 5026 gravi
1395 4958 1477 5010 vel
1517 4955 1844 5010 inimicorum
1871 4958 2060 5011 imma-

500 5057 670 5111 nitate
692 5063 860 5108 totum
883 5050 1092 5120 penitus
1113 5057 1414 5103 conteratur
1439 5048 1491 5101 in
1519 5048 1802 5118 pulverem,
1830 5059 1984 5118 atque
2009 5050 2060 5103 in

505 5162 660 5200 antas
695 5144 778 5198 vel
807 5144 862 5197 in
886 5156 1047 5211 aquas
1078 5140 1372 5208 dispersum
1412 5147 1664 5208 quantum
1699 5140 1810 5194 fieri
1851 5151 2058 5208 potest,

509 5251 762 5305 nusquam
807 5246 924 5286 esse
967 5231 1168 5284 sinatur
1199 5230 1441 5292 omnino,
1471 5227 1613 5281 nullo
1639 5229 1795 5282 modo
1825 5231 2062 5284 subtrahi

507 5327 697 5393 poterit
724 5320 1115 5388 omnipotentia:
1143 5318 1423 5381 Creatoris,
1453 5317 1547 5372 sed
1571 5319 1788 5386 capillus
1812 5321 1865 5372 in
1889 5336 1953 5374 eo
1978 5336 2063 5372 ca-

507 5417 627 5486 pitis
657 5429 760 5468 non
787 5415 995 5482 peribit.
1027 5410 1139 5464 Erit
1162 5409 1509 5479 crgospiritui
1531 5407 1736 5462 subdita
1759 5424 1883 5464 caro
1910 5412 2065 5478 Spiri-

509 5507 684 5570 tualis,
712 5505 805 5558 sed
831 5514 1005 5557 tamen
1030 5516 1175 5567 caro,
1204 5517 1308 5554 non
1337 5501 1553 5568 spiritus
1577 5515 1591 5549 :
1621 5501 1756 5554 sicut
1774 5501 1918 5554 carni
1941 5503 2067 5556 sub-

510 5595 652 5649 ditus
681 5594 774 5646 fuit
811 5593 1022 5661 spiritus
1061 5593 1172 5659 ipse
1208 5590 1460 5651 carnalis,
1497 5589 1590 5643 scd
1619 5601 1790 5644 tamen
1818 5593 2060 5660 spiritus,

507 5702 614 5739 non
641 5697 785 5736 caro.
808 5683 967 5748 Cujus
986 5683 1061 5735 rei
1087 5681 1340 5735 habemus
1357 5680 1772 5748 experimentum
1798 5681 1848 5734 in
1871 5693 2064 5736 nostra:

505 5789 679 5842 poena:
705 5770 1052 5827 deformitate.
1078 5770 1191 5826 Non
1219 5771 1357 5825 enim
1385 5770 1670 5824 secundum
1696 5785 1904 5826 carnem
1925 5815 1938 5839 ,
1967 5772 2060 5827 sed

1555 406 1642 460 DE
1679 402 1992 460 CIVITA‘I‘E
2029 401 2158 469 οεί,
2181 401 2236 456 S.
2278 403 2635 461 AUGUSTINI

3643 407 3756 463 τες

2178 518 2356 586 utique
2383 515 2672 572 secundum
2705 516 2945 586 spiritum
2973 516 3212 572 carnales
3235 521 3390 573 erant
3407 558 3423 583 ,
3447 518 3646 588 quibus
3675 523 3759 574 ait

2176 607 2499 673 Apostolus:
2533 605 2655 660 Non
2690 607 2828 676 potui
2863 607 2996 660 vobis
3031 607 3164 677 loqui
3191 611 3335 677 quasi
3363 608 3756 678 spiritualibus,

2172 695 2260 748 sed
2286 696 2428 763 quasi
2451 695 2734 760 carnalibus
2757 695 2801 766 (l
2826 693 2943 751 Cor.
2974 711 3048 762 ut,
3076 697 3151 765 l).
3178 698 3243 751 Et
3269 697 3430 753 homo
3452 699 3757 766 spiritualis

2172 787 2249 840 sic
2279 788 2330 840 in
2370 787 2466 842 hac
2504 790 2606 841 vita
2635 787 2842 851 dicitur,
2876 797 2932 841 ut
2959 797 3133 842 tamen
3163 803 3386 858 corpore
3417 788 3594 843 adhuc
3622 804 3752 844 car-

2173 877 2304 930 nalis
2331 878 2429 942 sit,
2458 887 2513 931 et
2537 878 2711 932 videat
2745 879 2902 932 aliam
2942 878 3110 947 legem
3149 879 3201 932 in
3232 879 3488 933 membris
3515 880 3631 933 suis
3658 895 3752 933 reo

2172 977 2486 1036 pugnantem
2515 967 2614 1037 legi
2641 968 2833 1021 mentis
2851 982 2960 1021 sua:
2979 967 3151 1038 (Rom.
3173 984 3262 1033 vn,
3285 967 3376 1040 25)
3407 969 3541 1022 :erit
3562 975 3759 1022 antem

2171 1061 2326 1114 etiam
2355 1074 2576 1129 corpore
2603 1060 2908 1129 spiritualis,
2939 1075 3058 1114 cum
3087 1059 3271 1114 eadem
3299 1075 3424 1114 caro
3452 1061 3529 1114 sic
3555 1075 3756 1116 resur-

2170 1148 2395 1214 rexerit,
2422 1158 2480 1202 ut
2515 1150 2605 1203 fiat
2639 1149 2778 1219 quod
2797 1150 3066 1218 rscriptum
3093 1159 3207 1215 est,
3237 1149 3532 1204 Seminatur
3559 1166 3760 1217 corpus

2170 1239 2404 1302 animale,
2432 1249 2850 1308 resurgetcorpus
2873 1240 3133 1308 spirituale
3155 1240 3192 1307 (Ι
3213 1238 3332 1294 Cor.
3358 1240 3590 1309 “312).
3615 1241 3758 1307 Quae

2169 1328 2239 1382 sit
2264 1335 2459 1394 autem,
2486 1339 2540 1382 et
2567 1344 2719 1398 quam
2749 1344 2934 1399 magna
2963 1331 3251 1398 spiritualis
3280 1332 3521 1399 corporis
3547 1334 3756 1400 gratia,

2170 1419 2417 1488 quoniam
2447 1419 2678 1480 nondum
2719 1420 2860 1474 venit
2889 1420 2940 1474 in
2965 1422 3388 1488 experimentum
3407 1461 3422 1487 ,
3456 1437 3652 1476 vereor
3683 1438 3762 1476 ne

2173 1508 2505 1561 temerarium
2528 1509 2600 1562 sit
2618 1523 2774 1562 omne
2793 1509 2932 1577 quod
2956 1509 3022 1564 de
3046 1508 3130 1562 illa
3151 1509 3424 1578 profertur
3444 1509 3757 1579 eloquium.

2171 1594 2544 1652 Verumtamen
2579 1596 2698 1666 quia
2730 1598 3071 1666 spcino‘str'ze
3105 1598 3355 1668 gaudium
3396 1608 3622 1668 propter
3653 1599 3761 1654 Dei

2172 1683 2376 1738 laudem
2401 1700 2504 1739 non
2531 1695 2612 1740 est
2637 1687 2934 1752 tacendum,
2960 1695 3012 1742 ct
3036 1687 3103 1742 de
3130 1688 3328 1742 intimis
3352 1689 3592 1743 ardentis
3621 1704 3762 1743 sano-

2169 1774 2238 1826 cti
2267 1774 2462 1828 amoris
2477 1774 2728 1840 medullis
2752 1775 2948 1830 dictum
2973 1785 3055 1830 est
3073 1817 3088 1840 ,
3119 1775 3335 1830 Domine
3355 1817 3369 1840 ,
3403 1777 3562 1834 dilexi
3582 1778 3758 1831 decc.

2168 1880 2270 1917 rem
2297 1864 2475 1918 domus
2501 1876 2600 1920 tua:
2625 1865 2804 1937 (Psal.
2835 1883 2956 1931 xxv,
2987 1868 3054 1937 8)
3083 1885 3098 1922 :
3123 1868 3190 1922 de
3213 1867 3370 1922 donis
3390 1869 3510 1935 ejus
3537 1885 3665 1938 qute
3697 1873 3760 1924 in

2171 1955 2268 2010 hac
2293 1958 2732 2012 aerumnosissima
2760 1959 2863 2011 vita
2889 1959 3042 2012 bonis
3071 1959 3328 2028 malisque
3356 1959 3600 2030 largitur,
3629 1962 3763 2031 ipso

2168 2050 2473 2117 adjuvante,
2516 2050 2992 2119 conjiciamus,.ut.
3032 2065 3346 2120 possumus,
3377 2060 3643 2120 quantum
3683 2055 3764 2106 sit

2168 2140 2312 2203 illud,
2347 2142 2482 2210 quod
2511 2142 2740 2195 nondum
2767 2142 2988 2211 experti,
3019 2143 3197 2212 utique
3226 2143 3385 2213 digne
3421 2144 3605 2213 eloqui
3637 2160 3762 2198 non

2166 2233 2421 2286 valemus.
2443 2232 2640 2286 Omitto
2657 2233 2795 2288 enim
2817 2233 3030 2302 quando
3051 2233 3178 2287 fecit
3201 2233 3471 2288 hominem
3499 2245 3760 2298 rectum;

2165 2325 2353 2378 omitto
2379 2324 2538 2378 vitam
2558 2325 2711 2378 illam
2736 2324 2964 2379 duorum
2990 2325 3272 2395 conjugum
3301 2326 3356 2380 in
3393 2326 3635 2395 paradisi
3666 2326 3765 2381 fe-

2166 2414 2432 2470 cunditate
2454 2414 2677 2486 felicem,
2703 2415 2948 2485 quoniam
2973 2417 2989 2448 ¹
3013 2426 3119 2472 tam
3143 2417 3317 2472 brevis
3338 2416 3458 2482 fuit,
3483 2427 3544 2472 ut
3566 2417 3639 2471 ad
3666 2434 3766 2471 na-
3792 2447 3794 2449 >

2165 2506 2421 2559 scentium
2445 2502 2675 2561 'sensum
2717 2521 2816 2561 nec
2851 2506 2961 2574 ipsa
2990 2510 3294 2576 pervenerit
3325 2525 3338 2561 :
3368 2509 3421 2563 in
3452 2510 3562 2564 hac
3581 2526 3764 2580 quam

2168 2595 2424 2659 novimus,
2451 2597 2501 2648 in
2527 2611 2627 2665 qua
2655 2595 2824 2650 adhuc
2852 2611 3053 2660 sumus,
3084 2597 3235 2666 cujus
3265 2599 3610 2663 tentationes,
3640 2601 3766 2655 imo

2167 2700 2320 2755 quam
2376 2695 2536 2740 totam
2584 2689 2962 2754 tentationem,
3010 2690 3260 2759 quamdiu
3304 2692 3358 2744 in
3400 2707 3466 2746 ea
3500 2705 3714 2748 .snmus
3741 2733 3762 2760 ,

2165 2777 2546 2844 quantumlibet
2588 2777 2956 2846 proﬁciamus,
3005 2781 3209 2848 perpeti
3255 2795 3386 2835 non':
3407 2781 3762 2847 desinimus,

2165 2882 2280 2936 qute
2306 2868 2412 2920 sint
2441 2868 2628 2922 indicia
2658 2870 2797 2925 circa
2833 2885 3000 2941 genus
3027 2871 3319 2926 humanum
3341 2874 3601 2942 bonitatis
3628 2875 3760 2940 Dei,

2163 2958 2282 3026 quis
2303 2961 2496 3028 poterit
2517 2959 2820 3028 explicare?

2166 3069 2386 3127 CAPUT
2423 3069 2584 3125 XXII.
2615 3102 2686 3112 --
2717 3072 2792 3126 De
2817 3075 3028 3127 miseriis
3055 3073 3118 3128 ac
3140 3075 3288 3128 malis
3306 3116 3320 3138 ,
3352 3077 3534 3144 quibus
3563 3077 3768 3130 huma-

2235 3179 2352 3214 nam
2388 3180 2541 3232 genus
2584 3165 2758 3216 merito
2799 3166 2973 3234 prima:
2998 3163 3436 3232 'pra'varicationis
3467 3167 3765 3221 obnoxium

2183 3259 2188 3265 ’
2236 3263 2306 3306 cst
2327 3295 2341 3318 ,
2369 3265 2412 3307 et
2442 3270 2472 3306 a
2503 3253 2694 3322 quibus”
2715 3271 2856 3309 nmio
2883 3256 2980 3309 nisi
3017 3271 3106 3326 per
3140 3255 3328 3311 Christi
3363 3259 3584 3327 gratiam
3604 3245 3765 3312 Ilibe-

2234 3353 2394 3398 ratur.
2697 3362 2700 3366 ’

2235 3457 2286 3509 1.
2318 3455 2446 3510 Nam
2473 3439 2698 3532 quod‘ad
2727 3457 2947 3526 primam
2969 3457 3224 3528 originem
3253 3457 3764 3533 pertinet,'omnem

2165 3549 2460 3602 mortalium
2483 3535 2784 3620 progeniem
2805 3547 2967 3604 fuisse
2985 3548 3308 3614 damnatam,
3333 3549 3447 3602 haec
3471 3551 3593 3618 ipsa
3617 3553 3761 3616 vita,

2163 3641 2206 3695 si
2239 3642 2343 3694 vita
2370 3641 2588 3695 dicenda
2619 3649 2733 3708 est,
2766 3648 2842 3694 tot
2864 3648 2918 3694 et
2947 3641 3104 3694 tantis
3129 3641 3282 3694 malis
3309 3635 3464 3716 plena
3491 3650 3759 3695 testatur.

2164 3730 2299 3798 Quid
2327 3727 2465 3786 enim
2495 3730 2637 3784 aliud
2665 3730 2862 3785 indicat
2900 3729 3163 3784 horrenda
3191 3728 3434 3799 qnicdam
3467 3733 3765 3799 profundi-

2165 3832 2246 3876 tas
2271 3822 2594 3891 ignorantiae,
2622 3836 2687 3875 cx
2710 3835 2810 3889 qua
2837 3819 3007 3874 omnis
3030 3835 3181 3875 error
3204 3811 3402 3879 existit,
3435 3821 3526 3889 qui
3555 3837 3762 3875 omnes

2164 3910 2298 3964 filios
2325 3911 2490 3964 Adam
2521 3910 2800 3964 tenebroso
2824 3909 3048 3979 quodam
3077 3909 3197 3966 sinu
3223 3907 3466 3980 Suscipit,
3498 3919 3557 3964 ut
3585 3913 3762 3967 homo

2162 4003 2229 4058 ab
2249 4003 2339 4057 illo
2363 4002 2574 4057 liberari
2596 4003 2709 4056 sine
2731 4001 2926 4068 labore,
2949 4001 3152 4077 dolore,
3182 4004 3374 4055 timore
3400 4017 3509 4056 non
3539 4005 3761 4072 possit?

2163 4094 2298 4162 Quid
2327 4109 2474 4149 amor
2502 4095 2614 4164 ipse
2642 4102 2717 4147 tot
2741 4110 2917 4148 rerum
2948 4101 3203 4147 venarum
3232 4103 3390 4163 atque
3419 4095 3712 4149 noxiarum
3735 4137 3753 4160 ,

2163 4193 2217 4240 et
2243 4200 2306 4239 ex
2338 4185 2437 4238 hoc
2463 4184 2734 4238 mordaces
2769 4174 3418 4252 c_ura'e,”perturbationes,
3451 4187 3749 4249 mmrores’,

2163 4275 2484 4341 formidines,
2515 4257 2929 4346 insana'gaudia,
2962 4274 3255 4338 discordia},
3287 4275 3430 4341 lites,
3465 4275 3636 4342 bella,
3667 4260 3756 4330 iti-

2163 4365 2330 4431 sidiaa,
2360 4348 2660 4429 iracundiae,
2691 4364 2993 4427 inimicitiae,
3020 4362 3244 4428 fallacia,
3276 4362 3534 4428 adulatio,
3568 4349 3750 4429 fraus,

2165 4453 2378 4514 furtum,
2415 4441 2617 4523 rapina,
2651 4451 2886 4521 perfidia,
2919 4452 3182 4520 superbia,
3217 4453 3456 4520 ambitio,
3492 4455 3756 4510 inviden-

2165 4545 2252 4609 tia,
2285 4542 2584 4609 homicidia,
2617 4543 2913 4610 parricidia,
2949 4543 3253 4610 crudelitas,
3283 4543 3522 4612 saevitia,"
3549 4550 3759 4616 nequi-

2166 4637 2266 4700 tia,
2312 4636 2513 4689 luxuria
2534 4675 2548 4702 ,
2599 4635 2882 4704 petulantia
2902 4675 2917 4699 ,
2959 4634 3286 4706 impudentia
3307 4677 3322 4701 ,
3371 4637 3716 4706 impudicitia
3739 4679 3757 4701 ,

2163 4725 2536 4779 fornicationes
2556 4724 2853 4790 ,adulteria
2873 4766 2887 4791 ,
2917 4727 3148 4788 incesta,
3180 4734 3234 4778 et
3269 4719 3458 4779 contra
3496 4736 3760 4783 naturam

2167 4816 2437 4884 utriusque
2474 4831 2629 4871 sexus
2669 4824 2744 4870 tot
2780 4825 2957 4884 stupra
2993 4825 3150 4885 atque
3189 4813 3543 4871 iinrnunditize
3565 4859 3581 4880 ,
3615 4835 3763 4888 quas

2165 4914 2317 4975 turpe
2346 4915 2426 4960 est
2453 4906 2611 4960 etiam
2637 4905 2831 4972 dicere,
2860 4901 3152 4976 sacrilegia,
3194 4906 3450 4976 haareses,
3493 4907 3759 4979 blasphe-

2167 4995 2305 5058 miae,
2340 4997 2587 5063 perjuria,
2617 4997 2984 5066 oppressiones
3015 4995 3399 5062 innocentium,
3435 4997 3761 5066 calumniae,

2167 5088 2637 5142 circuim'entiones
2657 5128 2669 5150 ,
2699 5077 3155 5156 praevaricationes
3175 5127 3190 5152 ,
3229 5087 3356 5140 falsa
3398 5089 3720 5144 testimonia
3745 5131 3760 5150 .

2169 5181 2343 5250 iniqua
2367 5180 2560 5248 judicia
2580 5222 2595 5246 ,
2625 5163 2920 5244 violentia},
2952 5179 3226 5233 latrocinia
3247 5221 3262 5245 ,
3291 5189 3344 5234 et
3371 5179 3639 5249 quidquid
3673 5191 3763 5236 ta-

2171 5274 2296 5326 lium
2323 5273 2578 5327 malorum
2606 5272 2656 5324 in
2686 5281 2914 5326 mentem
2943 5288 3047 5325 non
3073 5271 3236 5336 venit,
3263 5280 3318 5325 et
3345 5281 3528 5326 tamen
3553 5272 3625 5327 de
3647 5275 3762 5325 vita

2167 5363 2266 5416 ista
2291 5363 2558 5416 hominum
2580 5376 2682 5415 non
2706 5361 2939 5415 recedit?
2965 5361 3156 5414 Verum
3181 5359 3298 5415 hzec
3323 5361 3608 5415 hominum
3631 5374 3765 5416 sunt

2169 5452 2446 5516 malorum,
2469 5453 2535 5504 ab
2559 5451 2644 5504 illa
2676 5461 2846 5504 tamen
2871 5452 3068 5504 erroris
3095 5461 3148 5504 et
3172 5453 3408 5519 perversi
3440 5454 3649 5506 amoris
3673 5467 3767 5504 ra-

2169 5541 2285 5595 dice
2314 5540 2596 5607 venientia,
2628 5556 2745 5593 cum
2777 5555 2878 5609 qua
2906 5541 3079 5593 omnis
3111 5541 3250 5592 ﬁlius
3287 5541 3459 5593 Adam
3495 5541 3766 5595 nascitur.

2167 5630 2296 5685 Nam
2335 5631 2450 5698 quis
2495 5630 2696 5699 ignorat
2735 5643 2854 5682 cum
2894 5640 3086 5697 quanta
3131 5629 3427 5698 ignorantia
3472 5631 3765 5697 veritatis,

2236 5789 2253 5820 ⁸
2281 5789 2352 5836 sic
2385 5795 2486 5836 MSS.
2513 5795 2564 5836 Αι
2587 5785 2939 5847 editi,quando.
