4118 6524
378 431 481 487 785

377 560 495 614 qua:
514 543 623 613 jam
654 542 705 597 in
737 541 1020 599 infantibus
1048 542 1326 602 manifesta
1364 550 1472 606 est;
1509 552 1563 597 et
1602 559 1722 598 cum
1754 552 1945 613 quanta

380 636 698 691 abundantia
722 651 869 713 vana:
892 636 1211 706 cupiditatis,
1236 652 1353 706 quae
1380 635 1432 688 in
1460 636 1636 704 pueris
1663 636 1841 704 incipit
1864 629 1968 703 ap;

382 722 585 799 parere,
614 726 770 781 homo
797 722 970 781 veniat
1011 726 1061 780 in
1094 726 1231 781 hanc
1256 728 1435 787 vitam,
1470 727 1538 781 ita
1567 736 1621 780 ut
1650 728 1694 781 si
1721 727 1955 782 dimitta-

379 825 464 870 tur
492 815 668 870 vivere
696 826 750 869 ut
780 817 940 883 velit,
971 812 1023 871 et
1060 817 1236 872 facere
1263 817 1517 888 quidquid
1554 818 1709 881 velit,
1750 818 1801 871 in
1842 817 1954 872 lucc

380 906 605 960 facinora
633 914 686 961 et
706 905 896 977 flagitia
918 923 1034 977 qua)
1054 908 1484 971 commemoravi,
1512 916 1565 961 et
1587 924 1703 977 qua:
1729 922 1953 963 commc-

378 1014 584 1053 morare
614 1015 715 1052 non
745 1000 909 1067 potui,
944 1000 1025 1055 vel
1054 994 1241 1056 cuncta
1268 1001 1353 1057 vel
1381 1000 1544 1057 multa
1574 1001 1883 1071 perveniat?

444 1093 497 1146 9..
528 1091 631 1147 Sed
660 1092 835 1147 divina
876 1093 1261 1163 gubernatione
1298 1109 1405 1149 non
1434 1093 1579 1148 omni
1616 1078 1773 1148 modo
1798 1092 1952 1148 dese-

373 1195 523 1239 rente
552 1185 851 1250 damnatos,
882 1194 935 1238 ct
963 1186 1068 1239 Deo
1094 1201 1197 1241 non
1222 1186 1531 1241 continente
1558 1187 1608 1239 in
1634 1187 1709 1240 ira
1736 1202 1831 1241 sua
1855 1186 1955 1240 mi-

374 1276 667 1331 serationes
694 1292 817 1332 suas
844 1276 1025 1350 (Psal.
1064 1294 1223 1333 Lxxvi
1248 1321 1264 1343 ,
1296 1278 1398 1349 l0)
1423 1320 1438 1342 ,
1473 1280 1525 1332 in
1557 1278 1685 1346 ipsis
1709 1279 1955 1333 sensibus

372 1366 582 1437 generis
624 1366 838 1421 humani
864 1352 1168 1438 prohibitio
1208 1377 1260 1424 et
1296 1368 1523 1424 eruditio
1568 1370 1751 1425 centra
1791 1371 1951 1435 istas,

372 1476 491 1514 cum
521 1459 712 1530 quibus
736 1461 1021 1525 nascimur,
1051 1452 1297 1519 tenebras
1316 1464 1552 1532 vigilant,
1575 1473 1629 1519 et
1650 1473 1832 1519 contra
1857 1463 1953 1518 hos

373 1551 601 1619 impetus
629 1556 1027 1623 opponuntur‘,
1060 1556 1229 1625 ρΙοιιεη
1259 1558 1432 1611 tamen
1459 1558 1616 1610 etiam
1646 1557 1773 1625 ipsae
1800 1556 1950 1610 labo-

372 1636 488 1697 rum
519 1653 572 1698 et
606 1644 867 1700 dolorum.
903 1646 1038 1714 Quid
1081 1648 1221 1702 enim
1263 1649 1361 1704 sibi
1402 1650 1586 1704 volunt
1628 1649 1953 1703 multimoda:

371 1734 710 1799 formidines,
740 1752 859 1807 qua:
900 1738 1212 1793 cohibendis
1257 1740 1595 1808 parvulorum
1633 1739 1951 1794 vanitatibus

368 1827 730 1883 adhibentur?
755 1829 877 1899 quid
908 1830 1197 1901 paedagogi,
1223 1832 1345 1901 quid
1375 1831 1643 1899 magistri,
1688 1832 1817 1903 quid
1868 1831 1951 1885 fe-

368 1918 528 1983 rulas,
557 1918 683 1988 quid
710 1919 821 1973 lora
843 1961 857 1985 ,
889 1921 1013 1989 quid
1042 1922 1201 1993 virga:
1222 1965 1236 1987 ,
1267 1922 1390 1993 quid
1429 1922 1706 1991 disciplina
1732 1922 1821 1976 illa
1848 1939 1949 1993 qua

367 2009 633 2080 Scriptura
662 2022 843 2067 sancta
870 2013 997 2068 dicit
1017 2014 1193 2068 dilecti
1219 2015 1307 2069 filii
1331 2017 1496 2069 latera
1519 2030 1638 2071 esse
1658 2015 1946 2083 tundenda,

367 2116 435 2156 ne
462 2113 665 2158 crescat
704 2090 1023 2172 indomitus,
1056 2106 1367 2177 domarique
1400 2107 1509 2177 jam
1538 2106 1700 2161 durus
1734 2115 1823 2161 ant
1861 2108 1948 2161 vix

368 2194 552 2264 possit,
583 2203 675 2249 aut
700 2194 926 2251 fortasse
964 2214 1062 2252 nec
1088 2198 1258 2267 possit
1283 2198 1474 2267 (Eccli.
1508 2214 1635 2263 xxx,
1666 2198 1789 2268 12)?
1814 2198 1948 2264 Quid

366 2286 538 2354 agitur
561 2286 643 2341 his
663 2289 835 2357 pomis
856 2290 1123 2353 omnibus,
1151 2291 1329 2344 nisiut
1350 2290 1645 2345 debelletur
1666 2291 1945 2359 imperitia,

365 2389 418 2434 et
458 2394 614 2447 prava
640 2381 905 2449 cupiditas
943 2382 1238 2437 infrenetur
1259 2385 1316 2453 ⁵,
1346 2396 1473 2440 cum
1492 2384 1682 2455 quibus
1710 2384 1865 2438 malis
1896 2384 1947 2438 in

366 2471 468 2526 hoc
494 2473 745 2528 smcul'um
775 2475 1058 2553 venimus?
1087 2476 1223 2543 Quid
1258 2485 1339 2532 est
1363 2478 1528 2543 enim,
1558 2477 1698 2548 quod
1726 2493 1844 2532 cum
1876 2477 1950 2531 la-

367 2567 494 2621 bore
520 2568 886 2633 meminimus,
910 2568 1042 2623 sine
1085 2570 1268 2627 labore
1291 2570 1689 2635 obliviscimur;
1717 2583 1835 2624 cum
1867 2569 1947 2621 la-

363 2656 491 2712 bore
534 2659 825 2728 discimus,
869 2661 985 2715 sine
1028 2660 1210 2716 labore
1249 2662 1552 2726 nescimus;
1599 2677 1717 2715 cum
1765 2660 1949 2715 labore

364 2749 598 2816 strenui,
629 2750 745 2805 sine
772 2750 955 2806 labore
982 2752 1181 2806 inertes
1212 2744 1438 2807 sumus?
1474 2752 1659 2807 Nonne
1696 2752 1819 2808 hinc
1849 2768 1946 2822 ap~

367 2839 593 2910 pzire‘t‘in
622 2842 749 2913 quid
777 2844 922 2898 velut
959 2848 1197 2914 pendere
1240 2860 1338 2900 suo
1380 2844 1627 2915 proclivis
1677 2853 1729 2899 et
1779 2861 1944 2915 prona

362 2933 431 2986 sit
469 2928 665 2987 vitiosa
698 2926 883 2989 natura
907 2978 922 3002 ,
951 2943 1004 2989 et
1029 2945 1223 3007 quanta
1250 2952 1349 3006 ope
1372 2979 1387 3001 ,
1421 2948 1479 2991 ut
1510 2936 1631 2991 hinc
1660 2932 1944 3004 liberetur,

362 3022 631 3093 indigeat?
662 3022 890 3088 Desidia,
927 3028 1200 3095 segnities,
1230 3028 1458 3099 pigritia,
1496 3029 1835 3099 negligentia,
1864 3029 1946 3083 vi-

362 3115 431 3169 tia
463 3124 584 3170 sunt
612 3117 793 3187 utique
822 3119 1013 3187 quibus
1038 3119 1186 3173 labor
1216 3119 1429 3191 fugitur,
1459 3135 1578 3174 cum
1623 3121 1772 3176 labor
1798 3122 1910 3193 ipse
1930 3163 1944 3187 ,

361 3208 518 3261 etiam
542 3208 629 3277 qui
656 3216 739 3262 est
763 3209 929 3273 utilis,
964 3224 1118 3278 poena
1146 3210 1235 3264 sit.

431 3302 485 3355 5.
510 3300 614 3356 Sed
644 3312 835 3371 praeter
859 3302 1087 3371 pueriles
1110 3317 1315 3372 ptenas,
1338 3304 1456 3359 sine
1476 3304 1667 3375 quibus
1689 3303 1818 3357 disci
1842 3319 1946 3359 non

360 3402 535 3464 potest
576 3390 721 3463 quod
757 3395 988 3463 majores
1027 3396 1246 3460 volunt,
1276 3396 1367 3466 qui
1396 3396 1481 3450 vix
1518 3397 1718 3466 aliquid
1750 3398 1951 3451 utiliter

359 3486 577 3553 volunt,
609 3494 738 3555 quot
767 3495 821 3541 et
847 3486 1058 3557 quantis
1096 3487 1270 3557 pinnis
1299 3502 1465 3557 genus
1490 3488 1720 3557 agitetur
1756 3487 1947 3541 huma-

360 3594 509 3643 num,
539 3594 657 3648 quae
684 3594 789 3633 non
819 3579 884 3633 ad
913 3578 1169 3633 malitiam
1198 3579 1593 3649 nequitiamque
1621 3580 1943 3650 iniquorum,

362 3671 454 3724 sed
490 3670 555 3723 ad
596 3670 956 3725 conditionem
999 3671 1266 3741 pertinent
1306 3670 1681 3740 miseriamque
1709 3686 1947 3725 commu-

360 3777 503 3823 nem,
531 3763 649 3832 quis
672 3761 785 3816 ullo
811 3776 1059 3817 sermone
1086 3761 1300 3833 digerit,
1330 3763 1450 3832 quis
1482 3762 1584 3817 ulla
1626 3763 1948 3832 cogitatione

359 3854 804 3924 comprehendit?
833 3857 1071 3923 Quantus
1098 3864 1181 3911 est
1217 3866 1389 3910 metus
1411 3898 1425 3923 ,
1455 3866 1648 3925 quanta
1675 3856 1948 3912 calamitas

361 3947 428 4000 ab
449 3944 762 4001 orhitatibus
785 3957 941 4017 atque
962 3947 1124 4011 luctu,
1149 3963 1177 4001 a
1200 3946 1406 4001 damnis
1429 3956 1481 4001 et
1497 3947 1946 4015 damnationibus,

360 4052 387 4090 a
419 4034 821 4107 deceptionibns
848 4047 900 4093 et
930 4038 1220 4093 mendaciis
1246 4037 1543 4099 hominum,
1574 4053 1600 4089 a
1641 4037 1950 4106 suspicioni-

360 4130 459 4183 bus
486 4129 631 4183 falsis
650 4169 664 4195 ,
696 4129 762 4183 ab
787 4126 1036 4183 Omnibus
1062 4129 1311 4183 violentis
1342 4128 1667 4183 facinoribus
1693 4136 1747 4182 et
1775 4129 1948 4183 scele-

362 4220 505 4275 ribus
533 4218 764 4275 alienis?
788 4219 1215 4290 quandoquidem
1243 4220 1310 4273 ab
1340 4222 1417 4274 eis
1446 4228 1500 4274 et
1527 4218 1867 4289 deprmdatio,
1896 4227 1950 4274 et

360 4304 655 4382 captivitas,
689 4321 744 4368 et
771 4312 1000 4375 vincula,
1030 4321 1084 4367 et
1113 4328 1380 4377 carceres,
1412 4320 1466 4366 et
1504 4312 1718 4372 exsilia,
1748 4320 1803 4366 et
1829 4326 1951 4365 cru-

359 4403 562 4469 ciatus,
606 4412 660 4458 et
702 4404 992 4473 amputatio
1034 4399 1430 4469 membrorum,
1468 4412 1521 4458 et
1563 4402 1786 4473 privatio
1823 4418 1949 4457 sen-

360 4510 511 4549 suum
532 4537 545 4560 ,
577 4503 632 4549 ct
668 4496 945 4564 oppressio
974 4495 1216 4564 corporis
1251 4496 1314 4549 ad
1355 4495 1638 4549 obscenam
1677 4493 1948 4548 libidinem

360 4586 708 4657 Opprimenlis
734 4586 1048 4654 explendam
1070 4626 1085 4651 ,
1118 4594 1170 4640 et
1198 4587 1300 4640 alia
1328 4586 1492 4640 multa
1517 4584 1783 4640 horrenda
1808 4599 1951 4654 saepe

362 4681 692 4749 contingunt.
724 4678 857 4746 Quid
894 4678 960 4733 ab
999 4678 1298 4733 innumeris
1324 4679 1534 4733 casibus
1559 4678 1650 4749 qui
1670 4678 1692 4710 ³
1727 4676 1953 4733 forinse-

360 4787 455 4826 cus
480 4771 689 4841 corpori
721 4770 1092 4833 formidautur,
1124 4771 1340 4824 testibus
1370 4779 1422 4825 et
1465 4769 1747 4839 frigoribus
1768 4810 1784 4835 ,
1812 4779 1951 4825 tem-

362 4864 673 4931 pestatibus,
702 4862 976 4928 imbribus,
1004 4861 1374 4926 alluviouibus,
1405 4862 1792 4929 coruscationc,
1818 4862 1955 4917 toni-

360 4966 465 5023 tru,
488 4959 763 5029 grandine,
789 4957 1028 5018 fulmine.
1053 4956 1288 5011 motibus
1308 4955 1643 5025 hiatibusque
1665 4964 1949 5022 terrarum,

362 5040 796 5118 oppressionibus
837 5048 1147 5113 ruinarum,
1178 5049 1245 5101 ab
1284 5046 1623 5102 olfensione‘
1661 5054 1715 5101 et
1756 5061 1952 5115 pavore

362 5140 444 5192 vel
470 5139 629 5194 etiam
655 5139 851 5193 malitia
878 5130 1262 5208 jum’eutormu,
1286 5155 1314 5191 a
1340 5147 1415 5192 tot
1435 5138 1654 5193 venenis
1678 5137 1948 5205 fruticum,

361 5248 617 5303 aquarum
642 5275 657 5301 ,
689 5248 938 5287 aurarum
960 5272 975 5297 ,
998 5224 1302 5287 bestiarum
1324 5273 1339 5297 ,
1381 5246 1410 5285 a
1450 5232 1678 5286 ferarum
1718 5231 1799 5285 vel
1831 5232 1948 5284 tan-

361 5326 635 5381 tummodo
664 5326 905 5382 molestis
943 5326 1027 5381 vel
1070 5326 1228 5378 ctiam
1275 5324 1564 5379 mortiferis
1600 5325 1891 5386 morsibus,
1922 5339 1949 5377 a

362 5417 509 5472 rabie
538 5433 658 5488 qua:
682 5417 944 5486 contingit
972 5431 1035 5471 ex
1065 5415 1249 5469 rabido
1281 5430 1412 5469 eane
1436 5457 1450 5480 ,
1480 5424 1536 5468 ut
1563 5415 1720 5469 etiam
1758 5413 1948 5467 blanda

362 5516 416 5561 et
450 5508 616 5561 amica
652 5521 750 5561 suo
779 5506 995 5561 domino
1034 5505 1203 5559 bestia
1244 5520 1623 5574 nonnunquam
1658 5503 1949 5559 vehemen-

363 5602 466 5654 tius
495 5608 549 5653 et
575 5600 807 5653 amarius
842 5614 999 5668 quam
1041 5597 1223 5652 leones
1257 5596 1623 5667 draconesque
1660 5603 1945 5655 metuatur,

424 5732 439 5762 ¹
478 5732 695 5782 Nonnulli
718 5740 847 5789 Mss,
872 5739 1193 5789 apponuntur.

424 5795 445 5825 ³
477 5796 547 5841 sic
569 5801 677 5844 Mss.
707 5802 763 5844 At
799 5795 943 5854 editi,
966 5796 1252 5854 refrenetur.

425 5854 447 5887 ⁸
479 5856 645 5906 Proba:
664 5864 792 5905 nota:
808 5862 935 5914 Mss,
959 5868 1083 5915 qum.

425 5916 447 5947 δ
480 5924 568 5965 Mss
597 5952 611 5976 ,
636 5919 696 5968 ab
718 5917 1066 5981 offensionibus.

1503 430 1704 485 LIBER
1755 428 2113 487 VICESIMUS
2150 431 2529 491 SECUNDUS.

3528 444 3635 497 786

2064 542 2325 616 faciatque
2353 547 2644 615 hominem,
2672 565 2829 629 quem
2862 549 2996 606 forte
3020 554 3430 621 attaminaverit,
3458 567 3637 612 conta-

2060 638 2217 706 gione
2248 640 2494 707 pestifera
2530 642 2599 695 ita
2631 642 2928 715 rabiosum,
2957 653 3014 699 ut
3053 659 3081 699 a
3123 648 3459 716 parentibus,
3505 664 3635 704 con.

2057 729 2200 799 jnge,
2231 732 2369 799 filiis,
2402 733 2552 803 pejus
2581 736 2720 788 omni
2763 737 2928 793 bestia
2952 739 3313 797 formidetur?
3341 746 3471 809 Quae
3499 744 3633 797 mala

2061 824 2332 893 patiuntur
2371 828 2717 896 navigantes?
2746 844 2863 899 qua:
2887 874 2902 896 ,
2934 834 3357 889 terrenaitiuera
3387 835 3635 905 gradien-

2062 922 2140 969 tes
2154 918 2176 968 ’ἰ
2191 915 2319 983 Quis
2339 918 2573 972 ambulat
2594 920 2909 991 ubicumque
2931 938 3035 977 non
3059 925 3337 994 inopinatis
3358 927 3641 995 subjacens

2058 1007 2305 1061 casibus?
2336 1009 2408 1063 De
2437 1008 2552 1064 foro
2584 1011 2795 1080 quidam
2824 1013 3035 1069 rediens
3063 1015 3280 1070 domum
3316 1019 3458 1071 sanis
3490 1019 3639 1086 pedi-

2057 1094 2155 1149 bus
2182 1098 2319 1160 suis.
2351 1100 2569 1168 cecidit,
2598 1102 2789 1171 pedem
2816 1103 2999 1175 fregit,
3031 1114 3093 1161 et.
3112 1122 3174 1160 ex
3204 1108 3295 1162 illo
3321 1110 3541 1164 vulnere
3575 1108 3637 1163 fi~

2057 1190 2190 1243 nivit
2227 1190 2364 1246 hanc
2387 1193 2568 1248 vitam.
2600 1195 2737 1263 Quid
2762 1196 2970 1251 videtur
3006 1199 3224 1254 sedente
3254 1202 3535 1254 securius?
3564 1201 3640 1254 De

2058 1283 2185 1336 sella
2213 1284 2261 1337 in
2291 1300 2388 1353 qua
2418 1286 2645 1341 sedebat.
2659 1288 2849 1343 cecidit
2881 1290 2993 1345 lleli
3023 1292 3290 1355 sacerdos,
3315 1302 3366 1346 et
3397 1303 3637 1349 mortuus

2050 1382 2138 1426 est
2165 1373 2217 1441 (1
2249 1373 2372 1445 Reg.
2403 1392 2476 1443 tv,
2506 1378 2621 1449 18).
2648 1378 2928 1448 Agricolre,
2961 1381 3066 1435 imo
3092 1398 3219 1436 vero
3246 1398 3433 1437 omnes
3460 1383 3637 1437 homi-

2058 1479 2152 1518 nes
2177 1477 2305 1534 quot
2329 1476 2383 1521 et
2407 1478 2635 1538 quantos
2661 1485 2691 1524 a
2716 1472 2941 1527 coelozet.
2964 1480 3125 1539 terra,
3157 1475 3239 1529 vel
3266 1490 3293 1527 a
3324 1475 3638 1543 perniciosis

2055 1555 2371 1621 animalibus
2393 1574 2547 1614 casus
2576 1572 2820 1616 metuunt
2849 1562 3097 1632 agrorum
3132 1566 3428 1620 fructibus?
3453 1567 3639 1621 Solent

2056 1651 2231 1700 tamen
2251 1646 2319 1701 de
2345 1647 2620 1705 frumentis
2643 1652 2853 1708 tandem
2876 1654 3112 1709 collectis
3137 1664 3199 1710 et
3211 1657 3495 1712 reconditis
3516 1673 3638 1714 esse

2054 1738 2246 1789 securi.
2293 1738 2396 1792 Sed
2434 1740 2783 1809 quibusdam,
2814 1744 2953 1813 quod
2999 1746 3277 1811 novimus,
3324 1756 3635 1816 proventum

2054 1827 2311 1909 Optimum
2335 1829 2718 1887 frumentorum
2740 1833 2930 1889 ﬂuvius
2956 1835 3293 1905 improvisus,
3318 1838 3637 1909 fugientibus

2056 1912 2391 1987 hominibus,
2428 1922 2494 1977 de
2539 1922 2742 1979 horreis
2781 1925 2936 1995 ejecit
2974 1935 3130 1996 atque
3170 1928 3404 1983 abstulit.
3442 1928 3637 1984 Contra

2054 2011 2400 2069 milleformes
2424 2016 2725 2071 daemonum
2756 2019 2999 2074 incursus
3020 2062 3033 2085 ,
3065 2021 3185 2091 quis
3216 2021 3516 2077 innocentia
3543 2038 3635 2077 sua

2054 2099 2167 2155 fidit
2190 2102 2212 2155 ?
2237 2104 2661 2175 quandoquidem
2692 2124 2760 2162 ne
2790 2110 2907 2176 quis
2948 2098 3131 2163 fideret
3150 2098 3167 2175 ,1
3197 2094 3355 2165 etiam
3388 2113 3638 2180 parvulos

2052 2189 2347 2259 baptizatos
2372 2234 2387 2259 ,
2418 2198 2607 2265 quibus
2642 2208 2787 2253 certe
2832 2200 2961 2253 nihil
3005 2208 3087 2253 est
3129 2201 3501 2267 innocentius,
3544 2202 3640 2256 ali-

2053 2286 2262 2353 quando
2303 2288 2379 2341 sic
2421 2298 2645 2355 vexant,
2678 2300 2734 2345 ut
2772 2292 2825 2345 in
2866 2292 2946 2346 eis
2980 2294 3212 2347 maxime
3249 2293 3359 2348 Deo
3389 2294 3635 2360 sinente,

2053 2374 2151 2429 ista
2190 2386 2515 2433 monstretur
2551 2380 2708 2451 hujus
2734 2383 2853 2437 vitae
2885 2382 3056 2437 flenda
3084 2384 3389 2451 calamitas,
3418 2394 3473 2439 et
3501 2385 3637 2439 alte-

2051 2467 2163 2521 rius
2200 2468 2549 2527 desideranda
2590 2473 2834 2529 felicitas.
2873 2474 2989 2529 Jam
3022 2491 3146 2530 vero
3173 2476 3241 2532 de
3262 2476 3385 2547 ipso
3411 2491 3637 2547 corpore

2053 2568 2131 2614 tot
2156 2561 2385 2617 existunt
2410 2565 2716 2621 morborum
2747 2567 2903 2633 mala,
2931 2576 2988 2623 ut
3012 2583 3110 2624 nec
3137 2569 3284 2625 libris
3310 2570 3635 2625 medicorum

2052 2664 2239 2709 cuncta
2260 2658 2642 2728 comprehensa
2672 2660 2796 2713 sint.
2825 2662 2877 2715 lu
2903 2678 3128 2732 quorum
3152 2663 3387 2732 pluribus
3413 2679 3475 2718 ac
3502 2678 3637 2734 pene

2051 2748 2299 2802 omnibus
2332 2754 2491 2805 ctiam
2530 2752 2643 2821 ipsa
2681 2752 2989 2823 adjumenta
3018 2763 3073 2810 et
3105 2755 3493 2812 medicamenta
3524 2768 3636 2812 tor-

2051 2847 2227 2892 menta
2272 2850 2431 2904 sunt,
2470 2851 2527 2895 ut
2570 2842 2811 2899 homines
2848 2860 2877 2899 a
2921 2860 3197 2916 pinnarum
3240 2846 3403 2902 exitio
3440 2848 3637 2919 pmnali

2051 2938 2305 2984 eruantur
2329 2933 2544 2986 auxilio.
2574 2933 2759 2990 Nonne
2782 2935 2849 2990 ad
2874 2935 2975 2991 hoc
3002 2938 3244 3005 perduxit
3270 2938 3515 2993 sitientes
3543 2941 3637 2995 ho-

2052 3022 2222 3076 mines
2260 3022 2421 3077 ardor
2460 3025 2740 3091 immanis,
2770 3035 2827 3080 ut
2856 3029 3059 3082 urinam
3096 3044 3305 3098 quoque
3348 3030 3633 3085 humanam

2051 3112 2133 3166 vel
2170 3112 2329 3168 etiam
2367 3126 2519 3169 suam
2557 3116 2833 3172 biberent?
2857 3133 3036 3173 nonne
3064 3119 3129 3173 ad
3162 3119 3261 3173 hoc
3290 3119 3486 3185 fames,
3518 3131 3578 3175 ut
3607 3137 3637 3175 a

2051 3203 2300 3260 carnibus
2328 3204 2601 3262 hominum
2631 3210 2899 3265 abstinere
2931 3225 2989 3266 se
3018 3227 3124 3266 nou
3152 3214 3389 3281 possent,
3421 3228 3521 3267 nec
3549 3214 3635 3267 in—

2053 3307 2241 3353 ventos
2272 3299 2514 3356 homines
2545 3312 2783 3357 mortuos
2803 3345 2816 3368 ,
2849 3305 2943 3359 sed
2973 3312 3192 3375 propter
3220 3306 3321 3360 hoc
3349 3320 3378 3359 a
3409 3320 3467 3360 se
3495 3306 3639 3360 occi—

2054 3404 2297 3454 sos,«nec
2324 3393 2590 3461 quoslibet
2615 3394 2837 3457 alienos,
2872 3409 3055 3450 verum
3084 3396 3242 3449 etiam
3275 3397 3412 3450 filios
3439 3404 3639 3451 matres

2055 3481 2352 3537 incredibili
2378 3485 2722 3551 crudelitate,
2753 3501 2908 3555 quam
2940 3485 3123 3541 rabida
3151 3487 3355 3541 esuries
3384 3486 3636 3553 faciebat,

2052 3570 2436 3627 absumerent?
2456 3574 2574 3643 ipse
2599 3586 2875 3643 postremo
2889 3593 3125 3637 somnus.
3154 3580 3238 3647 qui
3266 3581 3479 3648 proprie
3499 3579 3638 3648 quieo

2034 3664 2122 3717 tis
2147 3677 2340 3718 nomen
2368 3669 2590 3735 accepit,
2620 3668 2738 3735 quis
2766 3668 2944 3722 verbis
2972 3669 3209 3737 explicet’
3232 3684 3376 3737 saepe
3402 3672 3640 3723 somnio-

2051 3770 2168 3810 rum
2197 3756 2327 3810 visis
2350 3772 2510 3826 quam
2542 3759 2611 3811 sit
2648 3758 2946 3827 inquietus;
2976 3769 3029 3814 et
3052 3774 3208 3828 quam
3242 3760 3447 3829 magnis
3467 3800 3479 3822 ,
3516 3760 3639 3813 licet

2042 3845 2301 3901 falsarum
2328 3862 2529 3912 rerum,
2560 3849 2869 3914 terroribus,
2899 3864 3031 3918 quas
3056 3850 3126 3903 ita
3156 3848 3389 3911 exhibet,
3420 3857 3472 3902 et
3502 3863 3637 3917 quo-

2051 3938 2338 3995 dammodo
2377 3940 2660 4009 exprimit,
2705 3949 2762 3994 ut
2806 3954 2837 3994 a
2876 3940 3019 3994 veris
3060 3954 3151 3995 eas
3190 3940 3496 3994 discernere
3540 3953 3635 3992 nc~

2052 4047 2328 4101 queamus,
2351 4033 2579 4086 animam
2606 4033 2856 4086 miseram
2879 4046 3173 4100 sensusque
3196 4032 3503 4102 perturbet?
3524 4031 3634 4097 Qua

2052 4122 2282 4179 falsitate
2312 4127 2547 4179 visorum
2577 4125 2735 4179 etiam
2764 4125 3041 4194 vigilantes
3073 4130 3124 4179 tu
3153 4124 3465 4194 quibusdam
3497 4139 3640 4178 mor—

2050 4217 2133 4273 bis
2159 4227 2211 4273 et
2234 4217 2455 4273 venenis
2486 4218 2840 4272 miserabilius
2866 4219 3130 4288 agitantur
3151 4219 3168 4250 ¹
3200 4235 3212 4271 :
3240 4218 3479 4288 quamvis
3503 4216 3642 4271 mul-

2054 4309 2251 4364 timoda
2274 4310 2529 4365 varietate
2550 4309 2771 4364 fallacia:
2792 4309 3037 4365 homines
3056 4309 3215 4365 etiam
3242 4323 3401 4363 sanos
3426 4307 3639 4379 maligni

2052 4405 2325 4459 daemones
2373 4420 2751 4474 nonnunquam
2798 4404 3067 4473 decipiant
3108 4402 3299 4457 talibus
3341 4402 3502 4467 visis,
3547 4412 3636 4465 ut,

2054 4496 2260 4550 etiamsi
2291 4509 2384 4549 eos
2412 4510 2506 4564 per
2536 4496 2649 4548 iure
2674 4496 2738 4547 ad
2766 4509 2859 4547 sua
2893 4494 3170 4547 traducere
3202 4508 3303 4545 non
3337 4492 3637 4560 potuerint,

2054 4601 2243 4641 sensus
2292 4595 2469 4640 tamen
2520 4601 2706 4643 eorum
2751 4587 2864 4638 solo
2910 4585 3145 4653 appetitu
3186 4584 3642 4653 qualitercumque

2055 4677 2433 4748 persuadendae
2462 4677 2702 4731 falsitatis
2732 4676 2976 4731 illudant.

2125 4768 2178 4822 4.
2211 4768 2294 4821 Ab
2334 4767 2489 4836 hujus
2524 4776 2629 4821 tam
2672 4767 2883 4822 miserm
2918 4767 3069 4836 quasi
3107 4765 3423 4836 quibusdam
3456 4766 3639 4820 inferis

2053 4862 2197 4927 vitae,
2227 4875 2332 4915 non
2367 4860 2559 4915 liberat
2586 4861 2688 4915 nisi
2713 4861 2881 4931 gratia
2906 4860 3194 4917 Salvatoris
3212 4860 3428 4927 Christi,
3462 4861 3553 4914 Dei
3578 4876 3638 4915 ac

2038 4952 2263 5008 'Domiui
2292 4951 2478 5006 nostri.
2503 4951 2614 5005 [loc
2635 4952 2775 5005 enim
2804 4966 2997 5006 nomen
3025 4961 3106 5005 est
3130 4950 3409 5020 ipseJesus
3433 4968 3446 5014 ;
3479 4952 3643 5007 inter-

2056 5055 2296 5115 pretatur
2323 5045 2521 5116 quippe
2549 5045 2793 5099 Salvator
2824 5062 2838 5098 :
2868 5047 3101 5100 maxime
3139 5060 3206 5099 ne
3232 5054 3350 5114 post
3374 5043 3510 5097 haue
3541 5044 3639 5097 mi-

2057 5137 2227 5191 serior
2248 5150 2312 5190 ac
2371 5137 2695 5205 sempiterna
2726 5136 2981 5205 suscipiat
3006 5177 3019 5200 ,
3047 5150 3153 5189 non
3177 5135 3284 5189 vita
3310 5176 3322 5200 ,
3353 5134 3445 5188 sed
3474 5150 3637 5187 mors.

2023 5227 2035 5244 '
2059 5228 2191 5282 Nam
2227 5228 2276 5280 in
2301 5228 2401 5281 ista
2428 5229 2670 5298 quamvis
2694 5228 2802 5281 sint
2822 5242 2919 5296 per
2948 5236 3128 5281 sancta
3152 5242 3218 5281 ac
3248 5235 3462 5281 sanctos
3488 5241 3641 5279 cura-

2058 5323 2258 5375 tionum
2299 5335 2485 5389 magna
2508 5320 2695 5373 solatia
2720 5335 2735 5385 ;
2766 5328 2940 5373 tamen
2966 5318 3086 5372 ideo
3112 5334 3221 5372 non
3250 5332 3461 5385 semper
3482 5319 3640 5370 etiam

2058 5413 2177 5479 ipsa
2199 5410 2456 5464 beneficia
2500 5409 2805 5462 tribuuntur
2830 5406 3132 5477 petentibus
3154 5450 3168 5472 ,
3204 5421 3270 5461 ne
3295 5419 3515 5478 propter
3541 5405 3643 5460 hoc

2056 5501 2243 5570 religio
2274 5508 2556 5568 qiimratur,
2581 5514 2700 5567 qua:
2729 5506 2945 5568 propter
2965 5497 3123 5550 aliam
3156 5496 3320 5567 magis
3342 5498 3527 5563 vitam,
3551 5498 3638 5551 ubi

2054 5592 2191 5647 mala
2212 5607 2316 5644 non
2346 5599 2503 5644 erunt
2532 5590 2750 5645 omnino
2775 5587 3203 5657 ulla,quaerenda
3226 5596 3307 5643 est
3331 5605 3344 5641 :
3373 5598 3426 5641 ct
3449 5589 3515 5641 ad
3541 5588 3642 5642 hoc

2056 5686 2304 5739 meliores
2352 5696 2594 5750 quosque
2641 5683 2691 5734 in
2744 5681 2828 5734 his
2881 5680 3037 5734 malis
3081 5680 3297 5749 adjuvat
3345 5682 3549 5751 gratia,
3583 5690 3638 5735 ut

2054 5786 2251 5846 quanto
2275 5772 2511 5826 lideliorc
2540 5813 2554 5839 ,
2589 5781 2736 5825 tanto
2764 5772 2983 5825 fortiore
3013 5772 3177 5827 corde
3210 5774 3521 5827 tolercutur.
3553 5772 3634 5825 Ad

2121 5912 2138 5940 ι
2174 5906 2271 5956 Sola
2300 5904 2444 5955 editio
2467 5911 2596 5965 t.ov.,
2616 5903 2788 5955 morbis
2815 5910 2857 5955 et
2880 5904 3064 5954 venenis
3087 5904 3355 5955 mirabilius
3380 5906 3636 5966 agitentur.
