4118 6534
546 442 649 499 787

549 570 707 625 quam
732 570 846 611 rem
871 557 1027 612 etiam
1051 555 1427 626 philosophiam
1464 557 1714 627 prodesse
1737 560 1917 615 dicunt
1943 561 2085 617 docti

1544 443 1629 501 DE
1666 445 1976 505 CIVITATE
2012 451 2146 520 DEI,
2175 452 2230 510 S.
2271 454 2631 513 AUGUSTINI

3641 472 3737 530 788

2193 581 2501 637 pugnemus,
2534 571 2616 625 vel
2642 572 2798 626 etiam
2828 572 2949 627 vitia
2974 588 3281 643 superemus
3302 585 3357 633 et
3381 578 3735 652 subjugemus,

551 647 710 715 hujus
726 647 1090 716 sreculi,quam
1117 647 1188 699 dii
1214 647 1522 715 quibusdam
1547 651 1748 717 paucis,
1778 652 2086 721 aitTullius,
2190 659 2436 728 quamdiu
2477 674 2657 716 sumus
2696 662 2748 717 in
2788 663 2888 717 hoc
2930 678 3183 733 corpore,
3225 666 3377 722 nobis
3413 647 3602 725 deesse
3641 647 3740 728 non

556 751 727 789 veram
752 736 1007 790 dederunt
1024 736 1116 806 (a).
1134 735 1241 791 Nec
1260 736 1578 805 hominibus,
1603 739 1791 810 inquit,
1810 742 1876 797 ab
1900 743 1982 796 his
2001 752 2090 798 aut

552 824 727 878 datum
751 833 834 879 est
855 826 1049 879 donum
1074 826 1259 894 majus,
1277 835 1366 880 aut
1393 828 1561 911 potuit
1578 829 1742 883 ullum
1761 830 1907 884 dari:
1929 846 2091 902 usque

552 914 682 968 adeo
704 924 757 969 et
776 915 893 982 ipsi,
916 924 1095 968 contra
1127 931 1257 984 quos
1288 917 1508 986 agimus,
1531 932 1739 987 quoquo
1767 919 1923 973 modo
1948 935 2084 975 com-

554 1004 689 1071 pulsi
735 1012 859 1059 sunt
910 1005 963 1058 in
993 1004 1257 1069 habenda,
1305 1020 1412 1059 non
1453 1021 1815 1077 quacumque,
1845 1009 1937 1064 sed
1969 1025 2092 1065 vera

558 1092 882 1161 philosophia
907 1093 1129 1146 divinam
1158 1093 1377 1162 gratiam
1415 1094 1674 1149 conﬁteri.
1705 1096 1868 1152 Porro
1894 1098 1938 1151 si
1968 1112 2094 1167 pau-

556 1181 635 1235 cis
664 1179 912 1234 divinitus
939 1180 1116 1234 datum
1140 1189 1222 1235 est
1249 1195 1388 1235 verte
1418 1181 1763 1252 philosophice
1783 1193 1963 1238 contra
1990 1186 2092 1239 mi-

557 1272 721 1325 serias
768 1270 921 1336 hujus
959 1272 1079 1326 vita:
1127 1271 1336 1326 unicum
1373 1272 1624 1326 auxilium
1650 1315 1664 1337 ,
1695 1275 1823 1329 satis
1868 1283 1921 1329 et
1973 1274 2097 1331 hinc

553 1368 767 1429 apparet
793 1361 1076 1415 humanum
1113 1376 1273 1431 genus
1312 1362 1379 1417 ad
1403 1363 1625 1419 luendas
1647 1365 1969 1420 miseriarum
1988 1380 2099 1436 pas-

555 1466 648 1505 nas
692 1465 810 1506 esse
845 1450 1165 1505 damnatum.
1196 1450 1342 1507 Sicut
1377 1462 1553 1508 autem
1597 1454 1731 1519 hoc,
1760 1464 1815 1509 ut
1845 1455 2095 1523 fatentur,

559 1542 754 1595 nullum
798 1540 1030 1596 divinum
1066 1542 1232 1611 majus
1261 1551 1343 1599 est
1384 1542 1579 1598 donum
1601 1584 1619 1611 ,
1659 1544 1737 1599 sic
1771 1559 1802 1599 a
1829 1545 1975 1600 nullo
1998 1545 2099 1601 deo

555 1630 667 1684 dari
707 1630 1026 1685 credendum
1052 1639 1150 1695 est,
1179 1631 1279 1686 nisi
1302 1632 1503 1699 abillo,
1530 1647 1635 1702 quo
1657 1642 1712 1688 et
1729 1632 1829 1704 ipsi
1854 1635 1941 1704 qui
1964 1635 2100 1689 mul-

557 1728 636 1775 tos
661 1718 791 1775 deos
816 1720 1016 1787 colunt,
1044 1720 1247 1776 nullum
1273 1722 1453 1777 dicunt
1475 1738 1594 1779 esse
1616 1724 1891 1794 majorem.

552 1848 778 1907 CAPUT
801 1850 988 1905 XXIII.
1015 1881 1085 1892 —
1115 1851 1191 1906 De
1215 1853 1292 1907 his
1315 1869 1459 1921 quat,
1488 1864 1669 1924 prater
1697 1856 1788 1910 illa
1825 1858 1959 1912 mala
1994 1873 2104 1927 qua

626 1942 767 1994 bonis
794 1942 1032 2012 malisque
1046 1944 1326 1997 communia
1347 1953 1497 2012 sunt,
1526 1945 1595 1999 ad
1610 1946 1865 2016 justarum
1886 1948 2101 2003 laborem

625 2030 902 2100 specialiter
925 2031 1185 2100 pertinent.

630 2160 828 2217 Praeter
854 2162 964 2218 haec
991 2174 1165 2220 autem
1189 2165 1325 2221 mala
1352 2166 1507 2238 hujus
1533 2169 1655 2223 vitae
1676 2169 1826 2225 bonis
1852 2171 2105 2241 malisque

558 2252 875 2319 communia,
896 2253 1088 2309 habent
1116 2257 1166 2309 in
1182 2271 1245 2312 ea
1260 2256 1386 2326 justi
1412 2260 1567 2313 etiam
1587 2262 1827 2329 pr0prios
1852 2262 2104 2330 quosdam

559 2341 765 2397 labores
789 2358 934 2409 suos,
956 2346 1142 2414 quibus
1166 2346 1418 2402 adversus
1442 2349 1563 2403 vitia
1587 2350 1834 2416 militant,
1866 2361 1919 2406 et
1954 2353 2002 2405 in
2023 2360 2104 2409 ta-

561 2433 685 2486 lium
702 2434 1000 2504 praaliorum
1029 2437 1406 2492 tentationibus
1432 2439 1784 2510 periculisque
1808 2452 2104 2497 versantur.

559 2521 855 2592 Aliquando
879 2524 1019 2578 enim
1038 2526 1371 2593 concitatius,
1393 2528 1675 2598 aliquando
1696 2530 1986 2596 remissius,
2002 2546 2107 2586 non

561 2622 733 2667 tamen
755 2612 949 2668 desinit
967 2627 1090 2669 caro
1106 2616 1476 2686 concupiscere
1504 2619 1758 2675 adversus
1785 2622 2110 2690 spiritum,et

558 2702 771 2771 spiritus
788 2704 1039 2760 adversus
1054 2720 1287 2775 carnem,
1301 2717 1359 2763 ut
1373 2724 1475 2764 non
1488 2724 1547 2764 ea
1564 2726 1682 2780 qua:
1698 2712 1939 2766 volumus
1952 2711 2112 2767 facia-

559 2810 676 2849 mus
690 2795 1275 2869 (Galat.v,i7),omnem
1292 2801 1481 2855 malam
1496 2803 1970 2873 concupiscentiam
1979 2818 2108 2858 con-

557 2887 832 2954 sumendo;
854 2888 947 2944 sed
963 2904 1078 2944 eam
1100 2890 1270 2955 nobis,
1281 2902 1529 2961 quantum
1551 2892 1796 2949 divinitus
1810 2895 1970 2964 adjuti
1990 2910 2114 2965 pos-

562 2991 766 3045 sumus,
797 2992 902 3033 non
927 2980 976 3033 ei
996 2980 1375 3036 consentiendo
1395 2980 1702 3049 subdamus,
1730 2984 1919 3053 vigiliis
1941 2984 2111 3038 conti-

560 3065 680 3121 nuis
728 3067 1082 3135 excubantes,
1124 3085 1191 3124 ne
1218 3070 1397 3139 opinio
1438 3072 1545 3125 veri
1597 3073 1784 3127 similis
1830 3071 2008 3136 fallat,
2043 3086 2113 3131 ne

558 3151 785 3224 decipiat
817 3170 993 3211 sermo
1020 3166 1263 3213 versutus
1287 3200 1303 3224 ,
1327 3173 1394 3215 ne
1419 3174 1477 3214 se
1506 3160 1740 3215 tenebrae
1764 3162 1985 3231 alicujus
2020 3179 2110 3217 er-

559 3244 698 3300 roris
723 3245 1015 3311 effundant,
1047 3262 1113 3302 ne
1133 3249 1271 3317 quod
1296 3249 1489 3304 bonum
1508 3259 1590 3306 est
1616 3251 1809 3305 malum
1826 3293 1842 3317 ,
1865 3252 2111 3322 autquod

559 3334 757 3389 malum
786 3345 869 3389 est
910 3336 1105 3391 bonum
1155 3353 1275 3392 esse
1322 3338 1608 3405 credatur,
1659 3354 1727 3395 ne
1771 3340 1838 3395 ab
1872 3341 1957 3395 his
1996 3357 2113 3411 qua:

559 3424 760 3494 agenda
780 3434 903 3479 sunt
922 3434 1094 3481 metus
1131 3437 1360 3492 revocet,
1390 3444 1456 3483 ne
1480 3430 1531 3483 in
1558 3444 1620 3484 ea
1644 3445 1761 3500 qua:
1788 3432 1986 3501 agenda
2007 3448 2111 3487 non

560 3522 685 3567 sunt
710 3514 902 3585 cupido
927 3519 1236 3585 praecipitet,
1264 3533 1330 3573 ne
1342 3534 1500 3589 super
1517 3521 1837 3576 iracundiam
1864 3522 1945 3578 sol
1966 3524 2109 3579 occi-

558 3602 650 3656 dat
670 3602 879 3676 (Eplm.
898 3622 967 3672 tv,
985 3606 1098 3674 26),
1117 3610 1476 3664 netnimicitiae
1503 3620 1787 3680 provocent
1807 3612 1871 3668 ad
1888 3615 2115 3669 retribu-

558 3695 754 3747 tionem
776 3696 897 3749 mali
915 3712 1009 3765 pro
1030 3699 1185 3761 malo,
1210 3714 1277 3755 ne
1292 3700 1573 3757 absorbeat
1592 3702 1648 3757 in
1667 3701 1887 3759 honesta
1910 3704 1992 3760 vel
2008 3704 2111 3760 im-

558 3785 829 3840 moderata
856 3788 1065 3843 tristitia
1089 3830 1105 3855 ,
1132 3804 1198 3845 ne
1242 3791 1708 3860 impertiendorum
1734 3793 2110 3850 beneﬁciorum

557 3876 761 3946 ingerat
774 3892 923 3933 mens
937 3880 1135 3949 ingrata
1152 3889 1434 3951 torporem,
1446 3898 1513 3937 ne
1532 3882 1805 3938 maledicis
1816 3883 2114 3939 rumoribus

557 3965 691 4020 bona
702 3970 1018 4023 conscientia
1034 3969 1079 4023 l'a
1087 3971 1295 4039 tigetur,
1318 3988 1385 4026 ne
1401 3972 1680 4027 temeraria
1692 3973 1758 4028 de
1770 3972 1874 4028 alio
1883 3973 2113 4042 suspicio

558 4074 654 4114 nos
672 4070 844 4115 nostra
860 4060 1105 4130 decipiat,
1124 4078 1191 4117 ne
1209 4063 1378 4118 aliena
1389 4064 1454 4119 de
1468 4063 1619 4119 nobis
1633 4062 1761 4120 falsa
1778 4077 1874 4119 nos
1885 4063 2110 4134 frangat,

559 4164 627 4202 ne
646 4159 833 4220 regnet
847 4162 1115 4220 peccatum
1138 4154 1188 4207 in
1209 4163 1388 4209 nostro
1424 4154 1630 4210 mortali
1652 4168 1874 4224 corpore
1896 4152 1964 4208 ad
1982 4153 2115 4209 obe-

560 4238 809 4295 diendum
824 4240 1098 4297 desideriis
1112 4244 1245 4313 ejus.
1269 4260 1334 4300 ne
1358 4246 1592 4300 membra
1611 4255 1788 4301 nostra
1799 4243 2159 4305 exhibeantur

565 4328 853 4399 iniquitatis
884 4347 1029 4387 arma
1056 4343 1267 4402 peccato
1293 4334 1550 4403 (Rom.vt,
1578 4335 1667 4403 12,
1686 4336 1801 4408 15),
1830 4352 1896 4393 ne
1928 4340 2116 4392 oculus

562 4429 817 4490 sequatur
857 4426 1333 4493 concupiscentiam
1358 4466 1375 4493 ,
1422 4440 1490 4481 ne
1519 4426 1816 4482 vindicandi
1857 4426 2117 4497 cupiditas

561 4512 757 4579 vincat,
783 4529 849 4570 ne
873 4516 925 4569 in
945 4531 1011 4572 eo
1026 4517 1165 4586 quod
1184 4508 1336 4572 male
1363 4516 1611 4585 deiectat,
1633 4517 1721 4574 vel
1747 4517 1884 4572 visio
1912 4518 1996 4573 vel
2020 4531 2116 4572 co-

561 4602 744 4671 gitatio
762 4614 1075 4673 remoretur,
1099 4621 1164 4662 ne
1184 4606 1480 4677 improbum
1506 4616 1597 4662 aut
1622 4607 1875 4664 tudecens
1898 4607 2117 4663 verbum

559 4692 786 4749 libenter
832 4696 1110 4761 audiatur,
1159 4712 1226 4752 ne
1262 4697 1529 4768 llat.quod
1574 4713 1680 4753 non
1719 4699 1881 4765 licet,
1909 4698 2116 4752 etiamsi

566 4783 716 4850 libet,
738 4801 803 4841 ne
830 4787 881 4841 in
921 4787 1021 4843 hoc
1061 4788 1201 4842 bello
1225 4789 1466 4844 laborum
1498 4790 1963 4858 periculorumque
2000 4788 2116 4857 ple-

566 4874 784 4930 nissimo
807 4877 887 4931 vel
917 4877 983 4931 de
1017 4878 1215 4933 viribus
1257 4879 1453 4933 nostris
1491 4888 1737 4949 speretur
1770 4877 2005 4933 facienda
2031 4878 2116 4932 vi-

563 4968 753 5031 ctoria,
770 4967 852 5022 vel
862 4968 1061 5023 viribus
1084 4971 1278 5024 nostris
1303 4970 1437 5025 facta
1460 4971 1739 5035 tribuatur,
1758 4968 1851 5023 sed
1866 4970 1981 5037 ejus
1996 4983 2118 5038 gra-

564 5058 672 5120 tiae.
690 5058 755 5113 de
781 5073 885 5127 quo
906 5059 979 5114 ait
1000 5060 1279 5127 Apostolus
1310 5060 1544 5115 :Gratias
1563 5070 1731 5114 autem
1759 5059 1889 5125 Deo,
1919 5061 2004 5129 qui
2029 5059 2118 5112 dat

564 5147 704 5201 nobis
739 5148 989 5203 uictoriam
1025 5166 1111 5217 per
1136 5148 1406 5205 Dominum
1421 5162 1643 5206 nostrum
1674 5148 2122 5203 JesumOhristum

562 5232 738 5304 (lCor.
767 5251 857 5300 xv,
882 5238 991 5301 57).
1011 5238 1107 5303 Qui
1130 5247 1182 5291 et
1203 5238 1307 5292 alio
1328 5238 1463 5300 loco,
1482 5237 1546 5290 In
1563 5238 1657 5301 his,
1682 5237 1869 5305 inquit,
1896 5236 2120 5290 omnibus

568 5319 955 5384 superuincimus
981 5336 1067 5387 per
1107 5338 1218 5374 eum
1241 5322 1325 5383 qui
1352 5321 1526 5375 dilexit
1554 5337 1643 5374 nos
1662 5319 1834 5389 (Rom.
1871 5334 1976 5380 vui,
2005 5316 2118 5387 57).

570 5405 807 5461 Sciamus
822 5416 994 5464 tamen
1015 5410 1338 5480 quantalibet
1359 5411 1553 5466 virtute
1575 5407 1845 5479 prmliandi
1867 5406 2007 5462 vitiis
2034 5420 2121 5461 re-

634 5574 708 5636 (a)
739 5578 822 5625 Ubi
859 5578 950 5628 hoc
986 5581 1044 5629 ad
1065 5580 1265 5629 verbum
1302 5579 1428 5632 dicat
1466 5581 1648 5635 Cicero,
1688 5591 1781 5626 non
1803 5582 1876 5624 sat
1908 5573 2121 5623 memini.

572 5639 816 5707 Sententia
836 5637 1002 5707 similis
1013 5648 1097 5707 _est
1117 5643 1164 5688 in
1182 5639 1304 5707 libro
1323 5643 1490 5707 quinto
1511 5641 1573 5707 de
1599 5641 1789 5707 Finibus
1810 5639 2041 5707 bonorum
2074 5641 2124 5682 et

577 5696 806 5746 malorum
821 5732 835 5755 ,
850 5710 955 5767 cap.
974 5699 1027 5748 21
1056 5700 1322 5767 :_Prae_clare
1336 5696 1473 5767 enim
1487 5701 1645 5767 Plato:
1673 5706 1867 5749 Beatum
1880 5697 1957 5746 cui
1979 5697 2125 5767 etiam

579 5776 602 5803 ι
628 5772 675 5807 in
696 5765 946 5807 senectute
968 5762 1218 5821 contigerit
1234 5794 1250 5816 .
1292 5769 1347 5810 ut
1377 5762 1659 5821 sapientiam
1678 5770 1917 5819 verasque
1938 5762 2122 5819 opinio-

579 5838 603 5864 ι
627 5831 716 5870 nes
736 5822 925 5883 assequi
948 5822 1105 5881 possit.
1131 5839 1151 5866 υ
1182 5829 1287 5873 ιω.
1317 5831 1464 5875 Vives.

2192 763 2347 817 posse
2376 751 2511 805 unde
2536 751 2770 806 dicamus
2817 754 2944 811 Deo.
2973 754 3180 810 Dimitte
3208 758 3348 811 nobis
3390 759 3556 813 debita
3583 774 3744 818 nostra

2193 839 2590 913 (Matt/unm).
2614 844 2672 898 in
2690 845 2775 899 illo
2790 853 2962 899 autem
2983 862 3145 917 regno
3170 848 3256 903 ubi
3270 864 3479 920 semper
3493 868 3612 907 cum
3632 870 3744 910 cor-

2196 932 2411 1000 poribus
2435 933 2816 989 immortalibus
2835 935 3052 1002 erimus,
3081 951 3177 992 nec
3201 938 3378 1007 praelia
3414 941 3567 997 nobis
3601 956 3750 999 erunt

2196 1018 2319 1086 ulla,
2343 1036 2439 1077 nec
2457 1023 2661 1088 debita;
2681 1039 2797 1094 quae
2816 1040 3070 1095 nusquam
3095 1037 3148 1081 et
3174 1044 3439 1098 nunquam
3470 1044 3679 1100 essent,
3706 1037 3747 1092 si

2196 1119 2379 1166 natura
2412 1122 2621 1179 nostra,
2640 1114 2776 1168 sicut
2797 1124 2937 1170 recta
2964 1127 3138 1171 creata
3160 1127 3259 1183 est,
3288 1133 3647 1189 permaneret.
3680 1127 3751 1182 Ae

2197 1216 2293 1271 per
2318 1202 2418 1258 hoc
2441 1205 2598 1258 etiam
2623 1214 2801 1263 noster.
2820 1206 2919 1261 iste
2942 1208 3236 1276 conflictus,
3270 1210 3322 1265 in
3352 1226 3459 1281 quo
3490 1213 3750 1282 periclita-

2196 1306 2334 1356 mur,
2352 1301 2404 1346 et
2424 1291 2489 1347 de
2507 1308 2611 1362 quo
2623 1309 2719 1349 nos
2730 1294 2944 1350 victoria
2961 1298 3241 1352 novissima
3261 1301 3505 1369 cupimus
3526 1302 3752 1370 liberari,

2198 1382 2264 1437 ad
2291 1384 2410 1438 vitae
2437 1382 2590 1455 hujus
2632 1386 2767 1441 mala
2795 1389 3051 1457 pertinet,
3091 1404 3247 1459 quam
3274 1398 3351 1445 tot
3389 1400 3757 1464 tantorumque

2202 1471 2497 1528 testimonio
2539 1474 2791 1531 malorum
2818 1478 3099 1547 probamus
3120 1479 3137 1511 ί
3154 1494 3272 1535 esse
3296 1480 3621 1536 damnatam.

2202 1582 2423 1640 CAPUT
2452 1583 2639 1640 XXIV.
2687 1616 2759 1645 »τ
2796 1586 2875 1641 De
2902 1588 3041 1643 bonis
3076 1588 3254 1659 quibus
3280 1592 3433 1643 etiam
3460 1592 3593 1645 hanc
3616 1592 3760 1646 vitam

2409 1675 2717 1730 damnationi
2742 1676 3006 1733 obnoxiam
3045 1678 3254 1735 Creator
3279 1681 3527 1750 implevit.

2275 1787 2329 1841 i.
2357 1786 2471 1841 Jam
2496 1804 2634 1843 nunc
2656 1789 3094 1845 considerandum
3120 1800 3223 1859 est,
3254 1792 3390 1847 hanc
3411 1786 3587 1861 ipsam
3609 1793 3763 1849 mise-

2205 1876 2337 1931 riam
2357 1881 2564 1947 generis
2585 1878 2823 1947 humani,
2842 1882 2894 1935 in
2918 1896 3020 1950 qua
3046 1881 3288 1936 laudatur
3311 1882 3514 1951 justitia
3545 1884 3767 1953 punien-

2208 1966 2295 2032 tis,
2312 1968 2549 2037 qualibus
2570 1978 2625 2023 et
2641 1984 2799 2039 quam
2826 1970 3005 2024 multis
3028 1970 3325 2039 impleverit
3349 1971 3504 2027 bonis
3529 1972 3766 2041 ejusdem

2209 2057 2432 2121 bonitas,
2463 2068 2649 2115 cuncta
2676 2075 2794 2130 qua:
2829 2060 3031 2117 creavit
3064 2060 3506 2116 administrantis.
3536 2061 3768 2117 Primum

2210 2148 2631 2206 benedictionem
2659 2153 2798 2206 illam
2820 2168 2977 2223 quam
3003 2155 3296 2223 protulerat
3324 2164 3449 2209 ante
3470 2165 3765 2224 peccatum,

2207 2239 2408 2303 dicens,
2427 2238 2654 2307 Crescite,
2667 2252 2713 2296 et
2730 2244 3150 2313 multiplicamini,
3170 2254 3216 2297 et
3231 2244 3415 2314 replete
3426 2245 3767 2316 terram(Gen.

2208 2346 2246 2398 ι,
2267 2332 2382 2404 28),
2400 2347 2497 2387 nec
2524 2345 2639 2403 post
2659 2342 2927 2405 peccatum
2947 2335 3110 2390 voluit
3134 2335 3703 2406 lnhibere,mansitque
3722 2338 3771 2392 in

2209 2422 2370 2492 stirpe
2410 2424 2653 2480 damnata
2696 2425 2886 2480 donata
2935 2425 3264 2490 fecunditas;
3318 2441 3418 2481 nec
3476 2426 3630 2481 illam
3672 2428 3772 2481 vim

2209 2516 2504 2573 mirabilem
2530 2518 2812 2587 seminum,
2841 2519 2948 2573 imo
2967 2519 3125 2574 etiam
3159 2517 3548 2574 mirabiliorem
3575 2534 3677 2589 qua
3696 2518 3775 2574 ef-

2211 2608 2452 2665 ﬁciuntur
2479 2617 2533 2663 et
2573 2608 2776 2664 semina
2796 2648 2812 2675 ,
2833 2608 3051 2663 inditam
3091 2608 3407 2677 corporibus
3448 2607 3701 2663 humanis
3726 2616 3779 2663 et

2214 2697 2595 2769 quodammodo
2614 2699 2889 2764 intextam,
2910 2699 3113 2768 peccati
3129 2698 3317 2752 vitium
3338 2698 3517 2767 potuit
3543 2696 3774 2763 auferre,

2212 2804 2315 2859 quo
2354 2788 2509 2843 nobis
2552 2789 2776 2858 impacta
2799 2798 2880 2842 est
2908 2789 3069 2843 etiam
3108 2787 3404 2843 necessitas
3428 2788 3663 2842 mortis:
3689 2786 3778 2841 sed

2213 2888 2490 2949 utrumque
2515 2878 2672 2934 simul
2686 2878 2850 2933 currit
2875 2880 2976 2932 isto
3001 2878 3152 2948 quasi
3174 2877 3337 2932 ﬂuvio
3361 2886 3527 2948 atque
3549 2887 3779 2933 torrente

2212 2971 2420 3041 generis
2444 2970 2692 3033 humani;
2725 2970 2920 3025 malum
2949 2969 3090 3040 quod
3124 2985 3156 3024 a
3199 2980 3423 3039 parente
3456 2969 3708 3036 trahitur,
3729 2978 3782 3023 et

2213 3062 2406 3117 bonum
2434 3062 2575 3132 quod
2612 3077 2642 3115 a
2685 3070 2899 3116 creante
2932 3059 3203 3115 tribuitur.
3248 3059 3305 3114 In
3349 3060 3603 3130 originali
3645 3059 3780 3113 malo

2214 3153 2319 3208 duo
2340 3163 2464 3207 sunt
2491 3193 2507 3219 ,
2539 3162 2807 3221 peccatum
2838 3160 2999 3221 atque
3045 3151 3366 3222 supplicium
3398 3170 3413 3205 :
3458 3153 3515 3207 in
3545 3152 3782 3223 originali

2216 3246 2355 3301 bono
2380 3244 2479 3299 alia
2505 3244 2608 3299 duo
2627 3286 2643 3312 ,
2672 3245 2978 3316 propagatio
3003 3252 3058 3299 et
3076 3243 3458 3299 conformatio.
3488 3245 3601 3300 Sed
3621 3260 3782 3315 quan.

2217 3346 2322 3390 tum
2344 3334 2410 3389 ad
2437 3343 2747 3405 przesentem
2774 3335 3003 3404 pertinet
3027 3334 3382 3389 intentionem
3413 3344 3663 3389 nostram
3680 3376 3697 3400 ,
3722 3333 3785 3389 de

2215 3428 2387 3494 malis,
2418 3442 2639 3497 quorum
2666 3441 2829 3481 unum
2859 3425 2925 3480 de
2952 3435 3133 3480 nostra
3160 3426 3308 3480 venit
3347 3425 3600 3492 audacia,
3631 3426 3683 3479 id
3708 3434 3787 3480 eSt

2214 3527 2502 3589 peccatum,
2532 3518 2754 3571 alterum
2785 3516 2851 3571 de
2872 3516 3070 3585 judicio
3094 3517 3224 3583 Dei,
3258 3516 3313 3572 id
3338 3524 3424 3571 est
3443 3516 3786 3588 supplicium,

2211 3608 2319 3677 jam
2349 3608 2476 3662 Satis
2503 3607 2751 3665 diximus.
2773 3605 2921 3660 Nunc
2941 3605 3008 3660 de
3028 3605 3183 3660 bonis
3214 3605 3347 3672 Dei,
3378 3620 3504 3676 qua:
3532 3606 3635 3674 ipsi
3660 3619 3788 3675 quo-

2214 3713 2317 3770 que
2347 3697 2541 3752 vitiata:
2563 3696 2927 3766 damnataeque
2953 3703 3159 3750 natura:
3187 3696 3451 3762 contulit,
3470 3681 3600 3751 sive
3628 3708 3788 3765 usque

2213 3803 2355 3843 nunc
2388 3787 2613 3854 confert,
2644 3786 2823 3841 dicere
2844 3785 3065 3841 institui.
3092 3785 3276 3856 Neque
3302 3786 3448 3841 enim
3489 3785 3791 3841 damnando

2214 3889 2305 3936 aut
2339 3888 2506 3936 totum
2540 3880 2751 3935 abstulit
2792 3877 2932 3948 quod
2960 3878 3214 3944 dederat,
3242 3878 3485 3949 alioquin
3527 3894 3630 3934 nec
3655 3884 3792 3933 esset

2213 3972 2466 4037 omnino;
2494 3980 2584 4025 aut
2609 3984 2726 4025 eam
2754 3967 2977 4023 removit
3002 3982 3033 4022 a
3058 3982 3151 4022 sua
3172 3977 3459 4037 potestate,
3486 3970 3653 4025 etiam
3677 3981 3792 4023 cum

2213 4062 2424 4119 diabolo
2452 4061 2729 4131 ptenaliter
2756 4058 3006 4126 subdidit,
3036 4073 3157 4114 cum
3184 4074 3285 4114 nec
3314 4060 3494 4129 ipsum
3525 4058 3791 4114 diabolum

2218 4170 2249 4209 a
2288 4169 2385 4210 suo
2421 4152 2730 4209 alienaverit
2780 4151 3041 4219 imperio;
3074 4150 3514 4220 quandoquidem
3547 4160 3609 4205 ut
3635 4150 3795 4220 ipsius

2217 4260 2427 4316 quoque
2448 4243 2640 4298 diaboli
2673 4253 2859 4297 natura
2882 4241 3155 4308 subsistat,
3190 4242 3278 4297 ille
3309 4241 3440 4297 facit
3467 4244 3565 4313 qni
3595 4255 3794 4298 summe

2217 4345 2319 4401 est,
2349 4344 2402 4391 et
2432 4333 2555 4389 facit
2580 4347 2698 4387 esse
2724 4331 2974 4400 quidquid
3002 4332 3179 4400 aliquo
3207 4331 3368 4385 modo
3398 4343 3510 4387 est.

2287 4426 2341 4480 2.
2365 4424 2597 4479 Duorum
2625 4423 2780 4491 igitur
2804 4422 3039 4487 illorum,
3070 4437 3187 4491 qua:
3208 4421 3445 4476 diximus
3477 4423 3623 4477 bona
3641 4421 3797 4477 etiam

2220 4520 2273 4575 in
2312 4528 2549 4573 naturam
2579 4525 2794 4585 peccato
2826 4516 3058 4567 vitiatam
3083 4514 3459 4584 supplicioque
3490 4515 3801 4569 damnatam

2219 4612 2287 4667 de
2315 4609 2562 4666 bonitatis
2591 4607 2705 4678 ejus
2731 4606 2960 4677 quodam
2985 4606 3147 4661 veluti
3190 4605 3339 4661 fonte
3380 4622 3613 4661 manare
3633 4648 3648 4670 ,
3680 4620 3801 4677 pro-

2220 4701 2553 4771 pagationem
2591 4698 2646 4751 in
2676 4696 2859 4767 primis
2904 4696 3086 4749 mundi
3132 4694 3388 4764 operibus
3418 4694 3804 4751 benedictione

2222 4794 2438 4862 largitus
2461 4798 2562 4853 est,
2590 4804 2619 4843 a
2648 4789 2837 4859 quibus
2865 4786 3112 4856 operibus
3137 4785 3225 4839 die
3250 4786 3488 4855 septimo
3518 4786 3800 4856 requievit.

2221 4882 2715 4939 Conformatiovero
2732 4880 2782 4932 in
2801 4879 2889 4931 illo
2904 4877 3020 4946 ejus
3038 4886 3121 4931 est
3136 4892 3322 4945 opere,
3342 4893 3452 4947 quo
3471 4893 3653 4948 usque
3675 4892 3810 4930 nunc

2221 4982 2469 5043 operatur
2496 4972 2516 5042 (
2538 4971 2691 5024 Joan.
2717 4984 2794 5037 vr,
2816 4969 2925 5039 i7).
2952 4968 3235 5022 Eflicacem
3279 4972 3484 5039 quippe
3518 4968 3804 5039 petentiam

2221 5079 2370 5121 suam
2400 5063 2445 5117 si
2469 5064 2488 5093 ²
2514 5062 2672 5117 rebus
2698 5058 3007 5122 subtrahat,
3050 5074 3151 5113 nec
3188 5058 3435 5125 progredi
3462 5065 3726 5127 poterunt
3752 5061 3802 5108 et

2224 5154 2335 5208 suis
2354 5151 2609 5206 dimensis
2638 5148 2869 5203 motibus
2892 5162 3147 5215 peragere
3179 5156 3445 5216 tempora,
3472 5162 3579 5202 nec
3597 5156 3811 5216 prorsus

2222 5244 2277 5299 in
2296 5257 2361 5299 eo
2385 5240 2523 5312 quod
2544 5251 2733 5295 creata:
2760 5254 2883 5293 sunt
2902 5240 3237 5307 aliquatenus
3266 5238 3698 5308 permanebunt.
3729 5235 3812 5290 Sic

2222 5342 2350 5397 ergo
2375 5324 2571 5380 creavit
2596 5323 2858 5377 hominem
2891 5323 3060 5387 Deus,
3086 5332 3147 5376 ut
3172 5323 3248 5375 illi
3290 5322 3523 5376 adderet
3567 5321 3811 5377 fertilita-

2224 5427 2329 5471 tem
2358 5412 2661 5484 quamdam,
2704 5427 2805 5481 qua
2837 5412 3080 5465 homines
3108 5412 3243 5465 alios
3269 5421 3612 5482 propagaret
3639 5454 3654 5478 ,
3683 5425 3811 5465 con-

2222 5520 2479 5576 generans
2508 5503 2585 5558 eis
2632 5503 2797 5571 ipsam
2825 5501 2982 5555 etiam
3014 5500 3336 5570 propagandi
3366 5502 3811 5569 possibilitatem.

2225 5612 2328 5651 non
2374 5595 2745 5649 necessitatem
2773 5633 2788 5657 ,
2821 5591 3012 5660 quibus
3052 5599 3231 5645 tamen
3276 5590 3451 5644 voluit
3503 5589 3815 5645 hominibus

2286 5751 2302 5780 ί
2337 5750 2408 5797 sic
2430 5755 2532 5797 Mss.
2557 5746 2672 5796 aditi
2694 5744 3214 5807 autem,probavimus.

2294 5812 2313 5842 ²
2345 5818 2469 5867 Leu,
2492 5808 2535 5861 si
2546 5808 2665 5869 jam.
2688 5809 2845 5867 Abest,
2858 5805 2986 5868 1m,
3002 5806 3063 5856 ab
3087 5806 3228 5858 editis
3247 5805 3352 5856 aliis
3372 5812 3427 5856 et
3451 5812 3567 5857 Mss.
