4118 6532
408 365 514 422 789

412 477 631 535 abstulit
657 492 774 535 eam
803 477 942 532 Deus
965 518 979 541 ,
1023 484 1077 530 et
1116 476 1326 533 steriles
1369 475 1586 532 fuerunt
1617 496 1629 531 :
1659 492 1764 533 non
1793 484 1968 531 tamen

414 570 593 640 generi
630 568 862 623 humano
900 568 1114 622 abstulit
1150 566 1317 623 semel
1341 566 1515 621 datam
1560 567 1746 637 primis
1770 566 1976 621 duobus

414 661 728 730 coniugibus
748 660 1165 715 benedictionem
1191 658 1536 728 generandi‘.
1559 658 1683 713 llaec
1704 672 1829 727 ergo
1859 671 1981 725 pro-

426 754 626 826 pagatio
646 753 885 822 quamvis
902 761 1117 821 peccato
1132 750 1306 805 ablata
1332 765 1438 806 non
1462 749 1651 815 fuerit,
1677 764 1783 803 non
1804 757 1979 802 tamen

421 846 575 900 etiam
602 844 714 913 ipsa
742 843 860 897 talis
887 852 985 908 est,
1016 842 1184 913 qualis
1211 840 1473 907 fuisset,si
1507 854 1663 895 nemo
1689 846 1979 909 peccasset.

419 937 497 992 Ex
512 936 766 1007 quoenim
782 935 1001 990 homoin
1027 935 1228 990 honore
1255 934 1475 1004 positus,
1488 920 1832 1002 posteaquam
1854 929 1986 984 deii-

418 1030 552 1096 quit,
565 1035 899 1096 comparatus
910 1036 991 1081 est
1010 1024 1468 1097 pecoribus(Psal.
1487 1025 1747 1089 vaut,l'5
1772 1024 1817 1095 ),
1840 1023 1985 1077 simi-

420 1120 541 1173 liter
556 1128 802 1189 generat:
825 1134 929 1174 non
942 1120 993 1174 in
1008 1134 1073 1174 eo
1085 1129 1258 1175 tamen
1274 1120 1477 1189 penitus
1494 1120 1750 1173 exstincta
1762 1126 1843 1172 est
1854 1133 1989 1186 qua:-

421 1209 542 1263 dam
556 1207 698 1264 velut
711 1210 933 1264 scintilla
947 1210 1178 1273 rationis,
1192 1210 1352 1279 inqua
1366 1208 1533 1263 factus
1543 1207 1696 1263 estad
1708 1207 1986 1277 imaginem

424 1300 540 1354 Dei.
572 1300 706 1355 Huic
734 1310 910 1356 autem
934 1302 1297 1371 propagationi
1327 1302 1371 1355 si
1400 1299 1746 1355 conformatio
1771 1314 1873 1353 non
1892 1298 1989 1352 ad-

424 1388 713 1458 hiberetur,
744 1406 843 1445 nec
872 1392 983 1460 ipsa
1022 1392 1074 1445 in
1120 1391 1202 1445 sui
1244 1390 1453 1461 generis
1476 1388 1675 1445 formas
1700 1388 1991 1457 modosque

426 1481 756 1551 procederet.
785 1482 839 1537 Si
865 1483 1007 1537 enim
1048 1497 1153 1536 non
1198 1481 1603 1537 concubuissent
1631 1478 1872 1534 homines
1896 1518 1910 1541 ,
1938 1487 1992 1531 et

425 1570 593 1625 nihilo
620 1572 792 1625 minus
820 1572 958 1627 Deus
982 1571 1142 1626 vellet
1170 1572 1391 1641 implere
1428 1578 1601 1625 terras
1646 1567 1989 1633 hominibus;

425 1661 690 1733 quomodo
712 1662 913 1718 creavit
932 1678 1095 1717 unum
1114 1662 1229 1717 sine
1253 1662 1632 1717 commixtione
1660 1660 1823 1715 maris
1839 1669 1893 1714 et
1912 1658 1994 1713 fe-

426 1753 605 1817 minze,
633 1754 712 1808 sic
738 1763 917 1824 posset
941 1770 1127 1811 omnes
1155 1772 1168 1809 :
1196 1755 1606 1810 concumbentes
1622 1768 1748 1808 vero
1775 1750 1875 1807 nisi
1904 1751 1994 1805 illo

426 1853 640 1901 creante
664 1855 979 1916 generantes
1021 1862 1141 1902 esse
1180 1861 1288 1901 non
1314 1854 1557 1916 possunt.
1596 1844 1743 1900 Sicut
1769 1857 1895 1913 ergo
1922 1844 1995 1895 ait

426 1934 712 2004 Apostolus
754 1936 823 1992 de
861 1937 1188 1992 institutione
1227 1937 1483 2005 spirituali
1509 1978 1523 2001 ,
1565 1950 1669 2006 qua
1712 1935 1873 1988 homo
1928 1932 1993 1986 ad

427 2027 681 2096 pietatem
702 2027 1072 2098 justitiamque
1097 2028 1375 2095 formatur,
1399 2027 1574 2097 Neque
1600 2027 1685 2097 qui
1720 2025 1913 2095 plantat
1926 2032 1995 2077 est

426 2117 618 2186 aliquid
634 2160 648 2183 ,
672 2135 830 2189 neque
864 2121 948 2190 qui
992 2120 1146 2190 rigat;
1171 2118 1260 2175 sed
1284 2120 1369 2189 qui
1388 2122 1739 2173 incrementum
1758 2116 1844 2170 dat
1865 2115 1995 2169 Deus

430 2207 474 2277 (I
496 2207 783 2281 Cor.m,7),
813 2211 882 2265 ita
903 2211 1060 2265 etiam
1091 2211 1175 2267 hic
1192 2212 1296 2267 dici
1323 2211 1629 2281 potest,Nec
1643 2210 1731 2280 qui
1748 2224 1996 2264 concum-

429 2296 524 2362 bit,
549 2314 647 2353 nec
667 2300 755 2369 qui
778 2301 1113 2367 seminat,est
1130 2301 1447 2372 aliquid;sed
1473 2301 1560 2371 qui
1588 2301 1812 2355 format’
1834 2300 1991 2354 Deus.

428 2388 536 2445 Nec
557 2399 725 2445 mater
740 2407 856 2461 quae
874 2402 1185 2463 conceptum
1204 2402 1395 2463 portat,
1419 2402 1473 2446 et
1492 2400 1697 2462 partum
1720 2390 1899 2454 nutrit,
1913 2400 1997 2444 est

427 2480 643 2551 aliquid;
673 2481 767 2537 sed
796 2483 883 2553 qui
914 2483 1297 2539 incrementum
1323 2483 1413 2538 dat
1434 2483 1593 2537 Deus.
1612 2482 1997 2551 lpse’namque

428 2573 757 2640 operatione,
786 2588 889 2644 qua
916 2589 1056 2629 nunc
1080 2589 1249 2645 usque
1274 2582 1544 2644 operatur,
1572 2573 1696 2627 facit
1723 2580 1782 2627 ut
1804 2585 1994 2626 nume-

427 2679 517 2719 ros
536 2679 662 2720 suos
686 2666 955 2737 explicent
976 2668 1178 2723 semina
1200 2711 1215 2736 ,
1238 2676 1293 2724 et
1320 2682 1352 2724 a
1375 2667 1686 2739 quibusdam
1713 2664 1997 2723 latentibus

424 2765 583 2827 atque
608 2759 956 2816 iuvisibilibus
983 2761 1268 2817 involucris
1296 2762 1349 2816 in
1388 2762 1587 2817 formas
1632 2760 1867 2815 visibiles
1894 2758 1995 2813 hu.

421 2848 510 2919 jus
548 2851 688 2921 quod
728 2853 1013 2922 aspicimus
1048 2854 1258 2909 decoris
1283 2855 1551 2911 evolvant.
1583 2853 1701 2925 Ipse
1745 2854 1996 2923 incorpo-

426 2954 572 2994 ream
623 2956 1041 3015 corporeamque
1105 2954 1347 3000 naturam
1374 2986 1389 3009 ,
1423 2945 1570 2999 illam
1618 2945 1953 3016 prmpositam
1978 2984 1993 3009 ,

428 3028 583 3084 istam
618 3030 910 3099 subjectam
932 3074 947 3099 ,
979 3034 1128 3089 miris
1169 3035 1341 3089 modis
1387 3034 1643 3105 copulans
1682 3043 1736 3090 et
1763 3048 1995 3090 conuec-

426 3128 567 3187 tens,
596 3124 921 3181 animantem
950 3126 1094 3183 facit.
1122 3126 1275 3194 Quod
1301 3143 1434 3197 opus
1469 3127 1586 3198 ejus
1614 3136 1721 3182 tam
1749 3142 1997 3198 magnum

427 3219 482 3263 et
523 3214 763 3270 mirabile
810 3224 928 3282 est,
971 3227 1029 3273 ut
1069 3234 1175 3273 non
1203 3218 1375 3273 solum
1402 3219 1455 3272 in
1483 3216 1722 3287 homine,
1754 3217 1893 3288 quod
1918 3226 2000 3275 est

428 3302 625 3365 animal
651 3307 931 3377 rationale,
958 3319 1013 3366 et
1040 3325 1106 3365 ex
1136 3310 1236 3365 hoc
1264 3310 1475 3366 cunctis
1506 3309 1735 3365 terrenis
1755 3309 1998 3365 animan-

426 3398 567 3453 tibus
603 3399 947 3454 excellentius
987 3408 1144 3469 atque
1175 3400 1533 3469 praestantius,
1564 3399 1656 3455 sed
1686 3398 1739 3453 in
1768 3398 2002 3469 qualibet

425 3492 776 3546 minutissima
830 3490 1069 3545 muscula
1135 3490 1273 3545 bene
1320 3489 1677 3545 consideranti
1724 3498 1997 3560 stuporem

426 3584 619 3639 mentis
654 3584 875 3654 ingerat,
908 3582 1225 3652 laudemque
1255 3582 1427 3651 pariat
1450 3582 1739 3636 Creatoris.

496 3675 549 3729 '5.
590 3674 705 3745 ipse
730 3676 905 3745 itaque
925 3675 1115 3729 anima:
1151 3673 1395 3727 humana:
1434 3683 1667 3727 mentem
1700 3672 1866 3738 dedit,
1906 3672 1998 3727 ubi

424 3766 561 3821 ratio
598 3774 653 3821 et
681 3766 1024 3835 intelligentia
1069 3764 1125 3820 in
1168 3764 1369 3821 infante
1405 3764 1575 3833 sopita
1616 3773 1699 3819 est
1738 3762 1998 3833 quodam-

425 3856 603 3921 modo,
629 3857 778 3926 quasi
801 3856 942 3911 nulla
974 3856 1065 3922 sit,
1103 3854 1381 3911 excitanda
1405 3855 1607 3909 scilicet
1644 3861 1803 3923 atque
1842 3866 1997 3907 exse-

426 3946 591 4001 renda
619 3945 827 4001 ‘aatatis
860 3961 1100 4013 accessu,
1126 3960 1226 4016 qua
1258 3946 1329 4000 sit
1365 3944 1601 3999 scientiae
1634 3958 1801 4012 capax
1841 3951 2001 4013 atque

425 4036 701 4099 doctrinae.
742 4046 795 4093 et
837 4036 1027 4092 habilis
1066 4036 1389 4107 perceptioni
1432 4034 1670 4089 veritatis
1704 4042 1759 4088 et
1802 4033 1999 4088 amoris

426 4128 550 4183 boni
577 4146 591 4182 :
623 4143 725 4200 qua
766 4129 1059 4199 capacitate
1102 4128 1308 4183 hauriat
1332 4126 1645 4197 sapientiam
1689 4124 1996 4180 virtutibus-

425 4234 528 4288 que
554 4219 623 4274 sit
642 4219 881 4290 przedita,
898 4218 1088 4290 quibus
1109 4217 1421 4289 prudenter,
1444 4216 1670 4282 fortiter,
1701 4225 2001 4284 temperan-

426 4321 527 4375 ter,
571 4317 627 4364 et
659 4310 823 4380 juste,
853 4310 1107 4366 adversus
1145 4323 1357 4365 errores
1389 4318 1442 4363 et
1466 4315 1659 4362 caetera
1696 4308 1998 4376 ingenerata

424 4401 551 4457 vitia
578 4402 813 4470 dimicet,
852 4417 1021 4473 eaque
1056 4401 1250 4456 nullius
1294 4400 1372 4455 rei
1413 4397 1678 4454 desiderio
1724 4397 1825 4451 nisi
1875 4396 1999 4451 boni

426 4493 567 4549 illius
591 4494 787 4549 summi
812 4502 971 4565 atque
996 4493 1337 4549 immutabilis
1361 4492 1555 4547 vincat.
1581 4490 1731 4558 Quod
1769 4490 1869 4545 etsi
1896 4505 2000 4545 non

425 4583 601 4651 faciat,
625 4584 738 4654 ipsa
763 4586 943 4639 talium
966 4584 1227 4639 bonorum
1248 4583 1513 4653 capacitas
1537 4581 1593 4636 in
1618 4589 1802 4636 natura
1831 4580 1999 4635 ratio-

426 4676 533 4730 nali
563 4662 1076 4731 divinitus’instituta
1102 4684 1355 4744 quantum
1382 4673 1451 4728 sit
1472 4674 1616 4737 boni,
1643 4686 1801 4742 quam
1842 4670 2000 4725 mira-

426 4765 535 4821 bile
583 4782 717 4835 Opus
761 4765 1173 4837 Omnipotentis,
1225 4765 1345 4835 quis
1382 4772 1747 4833 competenter
1792 4762 1998 4828 effatur,

427 4864 519 4909 aut
556 4856 786 4926 cogitat?
830 4856 1030 4910 Praeter
1065 4856 1207 4909 enim
1243 4862 1387 4908 artes
1426 4853 1565 4907 bene
1597 4852 1805 4907 vivendi
1842 4860 1897 4906 et
1934 4851 2002 4906 ad

429 4945 780 5000 immortalem
835 4942 1175 5015 perveniendi
1226 4942 1567 5007 felicitatem,
1608 4956 1726 5011 qua:
1778 4940 2002 4995 virtutes

426 5042 719 5102 vocantur,
761 5044 817 5089 et
860 5034 973 5089 sola
1021 5034 1113 5088 Dei
1151 5033 1341 5103 gratia,
1382 5047 1503 5101 qua:
1546 5031 1601 5085 in
1644 5028 1857 5083 Christo
1885 5040 1999 5093 est,

429 5125 552 5179 [iliis
610 5126 979 5197 promissionis
1024 5123 1280 5193 regnique
1332 5121 1634 5186 donantur,
1673 5132 1849 5173 nonne
1899 5119 1999 5173 hu-

428 5228 587 5268 mano
639 5213 850 5284 ingenio
900 5223 978 5268 tot
1022 5219 1288 5283 tantaeque
1322 5218 1467 5266 artes
1502 5218 1627 5264 sunt
1669 5208 1897 5263 inventae
1945 5218 2002 5265 et

429 5304 696 5369 exercitae,
724 5305 913 5375 partim
936 5303 1272 5369 necessariae,
1301 5302 1493 5372 partim
1536 5300 1844 5369 voluptariae
1869 5300 1912 5363 ',
1945 5308 2003 5355 ut

430 5404 537 5450 tam
592 5397 863 5452 excellens
920 5396 1002 5451 vis
1063 5395 1259 5451 mentis
1318 5402 1478 5463 atque
1525 5391 1746 5447 rationis
1802 5392 1857 5445 in
1920 5390 2002 5445 his

493 5513 510 5544 ³
545 5509 763 5573 Nonnulli
785 5510 949 5573 proba:
970 5516 1097 5573 notae
1118 5514 1247 5569 Mss,
1269 5504 1591 5559 benedictione
1606 5504 1835 5569 generals.

491 5573 513 5604 ι
545 5571 649 5634 sola
671 5571 819 5621 editio
840 5579 970 5632 ιον..
991 5571 1233 5634 informat.

492 5634 515 5696 ἓ
545 5633 730 5696 Aliquot
750 5642 875 5691 Mss,
904 5640 1027 5696 Ipsa.

492 5694 515 5757 ξ
545 5691 805 5757 sic'plures
827 5691 933 5742 Mss.‘
954 5694 1070 5757 Editi
1091 5705 1230 5757 vero,
1252 5691 1540 5757 exercendo.

432 5749 761 5866 23acont‘fnulli
782 5762 908 5815 uss,
944 5749 1237 5805 υοιιιηιανὶαὲ.
1270 5779 1329 5790 -
1350 5754 1423 5803 sic
1447 5754 1589 5803 etiam
1628 5749 1763 5799 codd.
1791 5749 1902 5799 2051
1950 5757 1999 5797 et

1455 363 1655 418 LIBER
1691 361 2046 419 VlGESlMUS
2084 363 2456 422 SECUNDUS.

3536 370 3637 426 790

2080 478 2240 533 etiam
2294 480 2451 534 rebus
2502 492 2631 549 quas
2684 478 2977 549 superﬂuas
3002 520 3019 545 ,
3066 480 3173 535 imo
3226 490 3280 536 et
3319 483 3639 551 periculosas

2082 568 2507 637 perniciosaeque
2544 569 2758 637 appetit,
2786 578 3039 639 quantum
3082 569 3277 625 bonum
3306 573 3324 603 ¹
3357 572 3545 627 habeat
3584 575 3635 627 in

2084 666 2267 711 natura
2291 699 2305 722 ,
2331 659 2469 712 unde
2521 658 2617 713 ista
2648 660 2814 727 potuit
2848 660 2930 715 vel
2959 660 3227 727 invenire,
3267 662 3352 716 vel
3394 662 3603 717 discere
3627 706 3641 729 ,

2084 748 2169 801 vel
2212 762 2494 814 exercere,
2555 749 2812 803 testetur?
2864 750 3308 805 Vestimentorum
3372 762 3427 807 et
3472 754 3640 807 aedili-

2083 838 2286 892 ciorum
2331 838 2394 891 ad
2422 852 2581 907 opera
2606 854 2760 908 quam
2784 841 3060 906 mirabilia,
3082 856 3239 911 quam
3262 843 3539 912 stupenda,
3567 843 3645 897 in-

2086 927 2284 982 dustria
2344 929 2569 981 humana
2633 931 2965 999 pervenerit;
3012 946 3118 1001 quo
3173 932 3228 986 in
3276 933 3597 1001 agricultura
3627 974 3643 999 ,

2087 1033 2191 1088 quo
2231 1018 2283 1073 in
2325 1020 2655 1088 navigatione
2694 1019 3003 1090 profecerit;
3059 1037 3177 1093 qum
3203 1024 3258 1077 in
3300 1022 3647 1080 fabricatione

2088 1113 2412 1178 qucrumque
2460 1125 2740 1175 vasorum,
2792 1112 2875 1165 vel
2918 1112 3076 1166 etiam
3123 1122 3418 1170 statuarum
3456 1123 3512 1171 et
3568 1117 3652 1185 pi-

2089 1210 2352 1254 cturarum
2378 1201 2631 1256 varietate
2670 1203 3043 1272 excogitaverit
3068 1211 3123 1259 et
3164 1204 3501 1274 impleverit;
3529 1221 3648 1275 qua:

2092 1291 2144 1344 in
2185 1290 2401 1346 theatris
2432 1293 2687 1347 mirabilia
2730 1294 3089 1363 spectantibus
3116 1296 3160 1361 ',
3189 1295 3528 1353 audientibus
3570 1298 3650 1351 in-

2091 1382 2361 1437 credibilia
2395 1383 2629 1438 facienda
2668 1394 2721 1440 et
2770 1385 3068 1441 exhibenda
3120 1387 3300 1444 molita
3329 1388 3428 1452 sit;
3480 1390 3533 1443 in
3564 1404 3652 1443 ca-

2092 1473 2316 1543 piendis,
2345 1474 2665 1540 occidendis,
2693 1475 2971 1532 domandis
2997 1478 3385 1535 irrationalibus
3408 1480 3649 1535 animan-

2095 1564 2236 1620 tibus
2257 1581 2374 1635 quaa
2392 1575 2445 1621 et
2469 1576 2661 1636 quanta
2680 1569 2971 1638 repererit:
2988 1568 3242 1625 adversus
3259 1571 3399 1642 ipsos
3412 1572 3655 1627 homines

2096 1664 2173 1711 tot
2216 1671 2410 1726 genera
2450 1673 2794 1725 venenorum,
2857 1668 2937 1716 tot
2982 1676 3289 1729 armorum,
3342 1670 3419 1717 tot
3466 1664 3658 1719 machi-

2094 1757 2477 1813 namentorum,
2531 1758 2585 1804 et
2630 1764 2727 1819 pro
2778 1750 2949 1806 salute
2990 1753 3201 1806 mortali
3258 1753 3450 1808 tuenda
3501 1763 3660 1825 atque

2096 1841 2384 1910 reparanda
2414 1851 2543 1911 quot
2582 1842 2964 1898 medicamenta
2988 1852 3144 1914 atque
3172 1844 3475 1915 adjumenta
3503 1861 3656 1901 com-

2095 1931 2431 2000 prehenderit
2458 1950 2472 1987 :
2504 1948 2599 2003 pro
2624 1934 2887 2003 voluptate
2904 1934 3130 1991 faucium
3158 1945 3286 2007 quot
3322 1937 3657 1993 condimenta

2098 2032 2151 2076 et
2179 2022 2313 2093 gulae
2344 2024 2667 2079 irritamenta
2684 2025 2705 2057 ³
2726 2027 2984 2096 repererit
3008 2045 3019 2079 :
3048 2026 3114 2081 ad
3134 2026 3445 2083 indicandas
3465 2036 3518 2085 et
3537 2044 3663 2084 sua-

2098 2114 2298 2169 dendas
2326 2115 2691 2185 cogitationes,
2722 2133 2877 2188 quam
2909 2118 3298 2174 multitudinem
3324 2119 3662 2175 varietatem-

2098 2221 2201 2275 que
2229 2208 2519 2277 signorum,
2550 2208 2636 2263 ubi
2659 2208 2982 2279 praecipuum
3004 2209 3175 2263 locum
3199 2209 3359 2264 verba
3388 2218 3441 2264 et
3472 2209 3662 2264 littera

2100 2306 2310 2362 tenent;
2337 2296 2404 2351 ad
2428 2296 2769 2354 delectandos
2793 2300 3019 2365 animos,
3046 2313 3181 2369 quos
3208 2299 3521 2355 elocutionis
3561 2314 3655 2355 or-

2099 2398 2273 2454 natus,
2306 2404 2463 2459 quam
2488 2389 2820 2446 diversorum
2841 2391 3137 2446 carminum
3165 2392 3401 2461 copiam;
3430 2392 3496 2446 ad
3524 2392 3661 2446 mul-

2099 2482 2292 2536 cendas
2316 2498 2506 2547 aures,
2538 2493 2665 2554 quot
2692 2499 2884 2555 organa
2926 2485 3125 2540 musica
3148 2525 3163 2551 ,
3197 2500 3331 2555 quos
3374 2486 3653 2541 cantilena:

2101 2574 2286 2629 modos
2312 2576 2723 2645 excogitaverit:
2746 2584 2993 2647 quantam
3012 2577 3252 2647 peritiam
3276 2577 3660 2633 dimensionum

2100 2674 2257 2734 atque
2307 2683 2678 2733 numerorum,
2717 2678 3024 2739 meatusque
3071 2678 3125 2724 et
3173 2669 3387 2725 ordines
3428 2670 3662 2725 siderum

2098 2766 2292 2831 quanta
2338 2759 2619 2833 sagacitate
2652 2760 3113 2834 comprehenderit
3145 2780 3160 2817 :
3191 2777 3347 2833 quam
3385 2764 3545 2819 multa
3575 2778 3662 2818 re-

2099 2871 2215 2910 rum
2244 2856 2630 2911 mundanarum
2652 2857 2953 2928 cognitione
2982 2874 3040 2914 se
3068 2858 3383 2929 impleverit,
3403 2857 3523 2929 quis
3542 2872 3664 2927 pos-

2100 2949 2169 3002 sit
2205 2949 2399 3019 eloqui,
2428 2949 2657 3005 maxime
2699 2950 2743 3005 si
2789 2950 3009 3005 velimus
3036 2965 3143 3004 nou
3170 2951 3451 3005 acervatim
3472 2956 3661 3005 cuncta

2098 3055 2405 3112 congerere,
2436 3042 2531 3097 sed
2580 3043 2635 3098 in
2680 3042 2900 3113 singulis
2953 3042 3261 3097 immorari?
3294 3042 3349 3096 In
3392 3043 3520 3113 ipsis
3565 3056 3664 3112 po-

2098 3142 2302 3189 stremo
2336 3134 2605 3190 erroribus
2635 3144 2690 3190 et
2731 3134 3048 3190 falsitatibus
3092 3133 3439 3190 defendendis
3462 3176 3477 3199 ,
3504 3148 3663 3205 quam

2101 3239 2290 3296 magna
2333 3225 2620 3280 claruerint
2666 3226 2875 3295 ingenia
2906 3225 3341 3296 philosophorum
3371 3233 3529 3295 atque
3554 3223 3665 3279 ha:-

2100 3319 2387 3373 reticorum
2407 3360 2424 3385 ,
2456 3318 2574 3388 quis
2600 3319 2863 3373 aestimare
2900 3303 3164 3373 sufﬁciat?
3203 3317 3493 3388 Loquimur
3519 3316 3660 3371 enim

2102 3424 2244 3464 nunc
2284 3408 2351 3465 de
2385 3417 2571 3464 natura
2610 3410 2801 3464 mentis
2831 3409 3074 3462 humana:
3095 3448 3108 3472 ,
3131 3424 3232 3477 qua
3262 3408 3361 3462 ista
3384 3408 3491 3462 vita
3518 3421 3665 3461 mor-

2102 3499 2223 3554 talis
2251 3508 2501 3565 ornatur,
2531 3515 2635 3555 non
2663 3499 2732 3555 de
2759 3498 2862 3555 fide
2891 3509 3049 3569 atque
3077 3500 3263 3553 itinere
3288 3498 3542 3562 veritatis,
3563 3512 3664 3568 qua

2101 3589 2189 3644 illa
2232 3590 2544 3644 immortalis
2572 3590 2882 3659 acquiritur.
2926 3590 3095 3658 Hujus
3123 3597 3280 3644 tanta:
3308 3596 3511 3644 natm-te
3534 3601 3667 3644 oon-

2099 3680 2239 3735 ditor
2261 3693 2381 3733 cum
2421 3679 2490 3734 sit
2531 3681 2712 3749 utique
2751 3680 2889 3734 Deus
2931 3694 3089 3734 verus
3136 3687 3191 3733 et
3241 3692 3477 3732 summus
3503 3717 3519 3740 ,
3550 3677 3666 3747 ipso

2099 3780 2286 3827 cuncta
2313 3786 2431 3839 quas
2456 3771 2578 3826 fecit
2606 3770 3007 3825 administrante
3047 3779 3102 3824 et
3138 3785 3398 3823 summam
3427 3776 3663 3838 potesta-

2102 3872 2207 3918 tem
2249 3876 2615 3933 summamque
2642 3861 2868 3917 habente
2904 3860 3159 3931 justitiam
3188 3902 3201 3925 ,
3232 3874 3500 3929 nunquam
3541 3875 3664 3930 pro-

2101 3955 2240 4012 fecto
2301 3956 2354 4010 in
2405 3954 2503 4009 has
2550 3953 2791 4010 miserias
2843 3952 3164 4020 decidisset,
3214 3960 3370 4021 atque
3423 3966 3489 4007 ex
3538 3952 3619 4007 his
3646 3994 3660 4015 ,

2102 4055 2296 4117 prater
2320 4061 2413 4101 eos
2458 4046 2603 4100 solos
2630 4044 2721 4116 qui
2768 4043 3159 4109 liberabuntur,
3194 4042 3245 4097 in
3276 4050 3503 4097 aeternas
3528 4052 3671 4098 esset

2102 4141 2237 4194 itura
2259 4138 2301 4206 ⁸,
2324 4138 2426 4194 nisi
2450 4138 2608 4192 nimis
2626 4136 2823 4208 grande
2853 4145 3124 4207 peccatum
3158 4137 3209 4191 in
3234 4136 3445 4191 homine
3466 4136 3659 4207 primo,

2102 4231 2169 4285 de
2197 4245 2302 4300 quo
2324 4230 2502 4285 caeteri
2527 4229 2694 4285 exorti
2723 4236 2867 4295 sunt,
2900 4228 3280 4299 praecessisset.

2172 4323 2227 4378 4.
2258 4322 2373 4377 Jam
2401 4337 2529 4377 vero
2574 4322 2627 4375 in
2679 4326 2796 4393 ipso
2839 4336 3063 4392 corpore
3088 4360 3103 4386 ,
3132 4320 3374 4391 quamvis
3409 4319 3559 4374 nobis
3600 4320 3670 4374 sit

2103 4429 2223 4470 cum
2254 4412 2443 4469 belluis
2474 4413 2795 4469 mortalitate
2832 4428 3113 4468 commune
3132 4453 3149 4471 .
3178 4412 3461 4481 multisque
3487 4426 3667 4467 earum

2104 4507 2399 4576 reperiatur
2426 4504 2706 4568 inﬁrmius,
2735 4513 2931 4575 quanta
2949 4504 3041 4558 Dei
3070 4504 3298 4567 bonitas,
3328 4513 3521 4572 quanta
3550 4516 3672 4571 pro-

2103 4597 2335 4655 videntia
2360 4599 2492 4653 tanti
2519 4594 2785 4652 Creatoris
2828 4594 3093 4665 apparet?
3138 4593 3324 4647 Nonne
3368 4594 3436 4646 ita
3468 4601 3591 4647 sunt
3616 4593 3669 4647 in

2104 4705 2169 4746 eo
2197 4691 2311 4745 loca
2352 4702 2603 4744 sensuum
2633 4696 2686 4742 et
2723 4696 2913 4741 caatera
2958 4685 3195 4740 membra
3224 4684 3477 4753 disposita
3500 4725 3515 4748 ,
3544 4698 3669 4754 Spe-

2103 4779 2315 4850 ciesque
2340 4777 2453 4849 ipsa
2479 4792 2543 4832 ac
2571 4775 2733 4847 figura
2763 4786 2817 4831 et
2859 4784 3058 4830 statura
3099 4775 3261 4829 totius
3310 4774 3551 4842 corporis
3599 4773 3671 4828 ita

2103 4868 2402 4926 modificata
2428 4910 2443 4933 ,
2482 4876 2538 4921 ut
2577 4866 2647 4921 ad
2686 4866 3035 4921 ministerium
3079 4866 3270 4919 anima:
3313 4866 3584 4920 rationalis
3610 4880 3671 4919 se

2104 4960 2303 5016 indicet
2331 4958 2552 5014 factum?
2576 4957 2690 5012 Non
2718 4957 2859 5011 enim
2880 4964 2939 5011 ut
2963 4955 3207 5009 animalia
3237 4955 3454 5009 rationis
3477 4970 3670 5026 exper-

2103 5052 2176 5107 tia
2226 5066 2393 5123 prona
2434 5064 2556 5106 esse
2603 5049 2845 5103 videmus
2889 5047 2945 5101 in
2977 5056 3172 5102 terram
3195 5087 3210 5110 ,
3242 5046 3315 5100 ita
3354 5055 3564 5101 creatus
3587 5057 3671 5101 est

2104 5141 2305 5197 homo:
2333 5140 2427 5196 sed
2456 5148 2633 5196 erecta
2661 5140 2711 5193 in
2741 5139 2933 5193 cmlum
2962 5138 3205 5206 corporis
3228 5136 3395 5191 forma
3426 5136 3674 5192 admonet

2104 5245 2225 5287 eum
2241 5245 2358 5302 qua:
2386 5245 2593 5285 sursum
2618 5238 2742 5283 sunt
2760 5243 2946 5298 sapere
2973 5228 3071 5298 (a).
3104 5227 3269 5281 Porro
3294 5229 3425 5282 mira
3455 5227 3666 5283 mobili-

2167 5419 2185 5451 ι
2220 5422 2271 5467 tn
2291 5414 2399 5466 sola
2416 5411 2627 5461 editione
2645 5416 2776 5468 t.ov.,
2797 5411 3024 5470 quantum
3044 5404 3271 5455 bonorum
3303 5402 3472 5455 habeat
3502 5405 3554 5455 in
3588 5417 3678 5455 na-

2101 5486 2407 5600 wgmitliquot
2426 5542 2555 5603 Mss,
2574 5534 2969 5603 επερεεξαηζᾳωιε.

2169 5606 2190 5637 ³
2221 5604 2292 5650 Sic
2307 5597 2416 5649 Mss.
2442 5599 2559 5646 Editi
2582 5597 2718 5654 vero,
2741 5597 3063 5643 incitamenta.

2164 5664 2189 5733 ξ
2222 5668 2296 5731 Er.
2320 5667 2373 5710 et
2393 5667 2501 5708 Lov.
2521 5659 2599 5707 hic
2621 5650 2814 5713 addunt,
2841 5665 3034 5715 prunas;
3053 5664 3138 5711 pro
3156 5664 3250 5712 quo
3274 5650 3678 5711 subaudiendum.

2197 5734 2336 5771 ιηίαε.

2105 5737 2336 5774 miserm.

2171 5808 2244 5869 (τι)
2274 5802 2401 5853 Conf.
2429 5802 2512 5850 lib.
2538 5803 2555 5850 l
2585 5801 2647 5850 de
2669 5806 2784 5849 Gen.
2811 5804 2935 5847 cont.
2963 5796 3179 5856 ttanich.,
3206 5810 3253 5844 n.
3280 5795 3356 5845 28.
