1998 3265
248 169 296 196 79:
743 165 786 193 DE
804 162 964 192 CIVITATE
986 161 1055 196 DEI,
1074 162 1103 191 s.
1124 163 1302 193 AUGUSTlNI
1849 174 1895 201 ηε

249 232 300 257 tas,
314 232 374 259 qua:
390 224 485 258 lingua:
500 231 531 250 ac
543 223 663 249 manibus
675 221 802 248 attributa
814 224 866 252 est,
880 219 914 247 ad
928 219 1039 253 loquen-

250 270 314 296 dum
322 273 349 296 et
357 268 524 296 scribendum
536 272 596 302 apta
606 272 684 302 atque
695 266 869 296 conveniens,
879 269 907 292 et
915 264 947 291 ad
957 270 1038 298 opera

251 316 347 343 artiutu
364 316 534 350 plurimarum
547 313 749 347 officiorumque
767 311 933 346 complenda,
949 316 1038 337 nonne

247 363 312 389 satis
325 361 459 393 ostendit,
469 361 538 395 quali
553 360 648 387 anima:
662 364 690 387 ut
704 358 817 386 serviret
832 358 883 385 tale
897 358 1038 391 sitcorpus

246 407 420 441 adjunctum?
445 406 601 441 Quanquam
627 411 654 433 et
679 405 807 433 detractis
832 403 1038 432 necessitatibus

247 451 385 486 operandi,
398 452 433 478 ita
446 451 564 478 omnium
578 452 692 486 partium
706 450 880 486 cnngruentia
895 456 1037 477 numerosa

247 497 298 528 sit,
313 501 340 523 et
359 496 470 531 pulchra
483 496 534 523 sibi
550 497 681 530 parilitate
695 495 872 531 respondeat,
887 500 916 522 ut
934 495 1037 522 nescias

247 547 335 569 utrum
350 542 376 569 in
399 550 432 569 eo
446 542 585 569 condendo
607 542 693 576 major
705 542 739 568 sit
754 541 875 569 utilitatis
888 540 976 568 habita
991 547 1036 567 ra-

248 590 294 620 tio,
305 596 384 622 quam
396 588 514 615 decoris.
527 588 605 615 Certe
615 588 687 615 enim
702 588 766 613 nihil
783 592 903 614 creatum
917 586 1037 614 videmus

247 634 272 659 in
288 641 399 667 corpore
421 633 542 660 utilitatis
555 640 635 660 causa
648 654 655 665 ,
671 633 740 667 quod
764 640 816 659 non
840 632 937 659 habeat
954 631 1037 659 etiam

247 678 352 705 decoris
367 679 464 706 locum.
479 678 542 706 Plus
558 684 647 706 autem
659 678 738 705 nobis
749 678 774 705 id
789 682 937 712 appareret,
952 678 974 704 si
987 685 1037 705 nu-

247 732 336 751 meros
349 732 534 752 mensurarum
545 745 553 758 ,
563 725 660 760 quibus
675 725 744 752 inter
757 732 787 752 se
802 728 895 752 cuncta
914 731 1035 752 connexa

248 775 310 795 sunt
324 774 350 796 et
363 774 494 804 cooptata,
507 777 648 798 nossemus
661 777 743 805 :quos
756 769 869 798 forsitan
879 770 941 797 data
953 776 1035 805 opera

250 814 276 840 in
293 815 333 841 his
347 823 406 848 qua:
420 815 484 842 foris
498 815 626 849 eminent,
643 816 758 842 humana
774 819 866 850 posset
882 815 1011 850 vestigare
1025 815 1034 830 ¹

246 860 376 894 solertia;
399 868 458 896 quae
473 868 536 889 vero
551 865 621 889 tecta
644 865 708 889 sunt
721 881 730 895 ,
745 865 825 896 atque
848 868 863 887 a
878 862 977 888 nostris
988 868 1034 888 re-

246 909 319 933 mota
330 906 529 940 conspectibus,
545 906 623 934 sicuti
640 912 682 934 est
696 911 767 934 tanta
782 907 942 942 perplexitas
955 914 1035 934 vena—

247 957 307 977 rum
321 954 402 986 atque
416 959 561 979 nervorum
576 956 604 980 et
617 953 761 985 viscerum,
776 956 879 980 secreta
894 953 1014 980 vitalium
1025 973 1034 986 ,

246 995 367 1024 invenire
379 997 467 1024 nullus
487 1002 585 1033 potest.
597 998 663 1032 Quia
683 999 734 1026 etsi
744 999 909 1026 medicorum
920 998 1034 1034 diligen-

243 1044 280 1072 tia
294 1043 422 1071 nonnulla
435 1044 563 1078 crudelis,
577 1052 643 1079 quos
653 1045 818 1073 anatomicos
835 1045 981 1080 appellant,
995 1045 1035 1072 la-

244 1091 454 1129 niavitcorpora
476 1095 642 1118 mortuorum
656 1110 664 1124 ,
680 1091 739 1118 sive
756 1090 837 1119 etiam
851 1091 920 1118 inter
939 1098 1034 1118 manus

244 1139 360 1165 secantis
375 1139 622 1174 perscrutantisquc
630 1136 800 1165 morientium
811 1157 818 1169 ,
829 1141 909 1172 atque
923 1136 950 1164 in
971 1144 1032 1163 car-

243 1182 321 1210 nibus
334 1182 456 1211 humanis
469 1185 534 1211 satis
555 1184 700 1211 inhumane
720 1182 809 1210 abdita
830 1187 924 1210 cuncta
938 1182 1032 1210 rimata

242 1231 294 1260 cst,
303 1231 333 1254 ut
343 1228 418 1262 quid,
427 1234 454 1256 et
464 1229 607 1264 quomodo,
615 1226 712 1264 quibus
723 1226 788 1254 locis
800 1227 946 1255 curandum
962 1231 1034 1255 esset

243 1272 393 1301 addisceret
408 1282 415 1307 ;
432 1281 558 1302 numeros
573 1279 661 1302 tamen
684 1271 719 1300 de
734 1272 830 1307 quibus
851 1272 956 1308 loquor,
972 1273 1032 1308 qui-

242 1318 292 1347 bus
304 1320 436 1355 coaptatio
447 1340 456 1354 ,
470 1328 531 1356 qua:
550 1323 652 1356 ἁρμονία
673 1323 763 1356 graece
776 1318 873 1347 dicitur
883 1340 891 1352 ,
906 1324 1031 1354 tanquam

241 1364 379 1399 cujusdam
401 1366 513 1401 organi,
526 1366 693 1394 extrinsecus
714 1368 796 1399 atque
817 1364 976 1392 intrinsecus
990 1369 1032 1391 to-

242 1410 295 1438 tius
308 1411 429 1446 corporis
440 1416 556 1446 constat,
572 1412 634 1447 quid
647 1412 744 1446 dicam,
757 1418 836 1439 nemo
849 1411 931 1438 valuit
955 1411 1032 1438 inre-

243 1455 312 1488 nire,
323 1463 391 1491 quos
410 1464 489 1484 nemo
503 1464 583 1484 ausus
594 1462 636 1485 est
646 1456 785 1492 quaerere?
798 1455 848 1489 Qui
867 1456 888 1483 si
904 1456 958 1484 noti
972 1463 1032 1484 esse

241 1501 405 1536 potuissent,
421 1502 446 1529 in
469 1503 639 1531 interioribus
663 1510 769 1538 quoque
792 1502 956 1534 visceribus,
971 1510 1031 1537 quae

240 1547 342 1574 nullum
355 1548 496 1576 ostendant
516 1548 597 1577 decus
609 1570 617 1583 ,
634 1549 670 1577 ita
693 1549 840 1577 delectaret
861 1548 1031 1584 pulchritudo

241 1593 363 1627 rationis,
375 1599 403 1621 ut
417 1594 490 1622 omni
506 1594 598 1622 formae
610 1595 750 1630 apparenti
758 1603 818 1630 quae
832 1596 917 1623 oculis
931 1595 1029 1630 placet,

240 1637 323 1673 ipsius
349 1639 462 1671 mentis,
477 1648 537 1674 quze
554 1641 638 1667 oculis
656 1641 748 1673 utitur,
761 1640 934 1675 praeferretur
956 1641 1030 1668 arbi-

240 1683 304 1711 trio.
319 1683 387 1711 Sunt
409 1692 472 1712 vero
488 1686 608 1718 quaedam
624 1686 659 1713 ita
685 1686 771 1721 posita
797 1686 824 1713 in
849 1693 962 1721 corpore
977 1707 984 1718 ,
1001 1691 1031 1714 ut

240 1729 425 1758 tantummodo
438 1730 563 1758 decorem
587 1731 713 1765 habeant,
729 1739 782 1758 non
795 1736 823 1759 et
843 1739 939 1759 usum:
960 1733 1030 1760 sicut

239 1776 321 1803 habet
343 1781 437 1812 pectus
457 1777 534 1805 virile
559 1777 691 1805 mamillas
703 1797 711 1811 ,
722 1778 792 1805 sicut
806 1778 886 1807 facies
897 1778 1006 1807 barbam
1020 1800 1028 1813 ,

238 1829 321 1856 quam
333 1829 386 1849 non
400 1830 461 1850 esse
476 1823 653 1856 munimento,
667 1823 716 1851 sed
728 1824 798 1851 virili
808 1830 977 1859 ornamento,
988 1825 1030 1852 in-

238 1867 328 1896 dicant
344 1875 418 1903 purae
432 1867 515 1896 facies
526 1868 698 1902 feminarum,
710 1877 778 1905 quas
792 1870 883 1905 utique
895 1870 1029 1898 infirmio—

240 1922 283 1942 res
304 1915 404 1942 muniri
422 1915 505 1943 tutius
518 1915 685 1944 conveniret.
700 1915 729 1944 Si
743 1923 808 1952 ergo
823 1917 923 1944 nullum
944 1925 1029 1944 mem-

238 1960 315 1988 brum
342 1965 401 1995 est,
414 1961 441 1988 in
456 1960 499 1988 his
512 1961 619 1996 quidem
641 1962 791 1997 conspicuis
818 1962 901 1997 (unde
917 1962 1028 1998 ambigit

238 2005 338 2041 nemo),
345 2006 415 2041 quod
424 2006 459 2033 ita
470 2006 504 2033 sit
515 2006 592 2034 alicui
601 2007 676 2042 operi
685 2007 926 2040 accommodatum,
934 2012 964 2035 ut
974 2015 1027 2035 non

238 2050 318 2078 etiam
330 2050 365 2078 sit
374 2050 516 2084 decorum;
530 2056 592 2079 sunt
604 2057 693 2079 autem
706 2052 844 2085 nonnulla,
860 2060 971 2087 quorum
984 2061 1028 2080 so-

238 2095 293 2123 lum
307 2095 399 2128 decus,
413 2101 440 2124 et
453 2096 542 2124 nullus
556 2102 596 2125 est
607 2105 671 2125 usus
685 2106 691 2125 :
706 2102 771 2133 puto
782 2097 862 2126 facile
872 2098 983 2134 intelligi
999 2100 1026 2126 in

238 2140 392 2168 conditione
404 2142 525 2176 corporis
538 2142 692 2177 dignitatem
705 2143 857 2171 necessitati
867 2143 949 2172 fuisse
960 2152 1028 2179 prte-

242 2186 333 2215 latam.
347 2186 502 2214 Transitura
515 2192 556 2215 est
568 2187 667 2222 quippe
688 2189 851 2222 necessitas,
868 2193 1027 2225 tempusque

236 2235 379 2259 venturum
403 2232 509 2267 quando
529 2232 586 2260 sola
610 2233 724 2260 invicem
749 2233 947 2268 pulchritudine
968 2236 1027 2264 sine

237 2276 290 2304 ulla
313 2276 421 2304 libidine
436 2277 604 2312 perfruamur
621 2289 627 2305 :
643 2278 713 2313 quod
732 2279 849 2308 maxime
869 2280 903 2308 ad
919 2281 1025 2310 laudem

235 2321 407 2350 referendum
429 2327 471 2350 est
490 2323 659 2357 Conditoris,
672 2324 715 2352 cui
740 2324 838 2353 dicitur
851 2325 879 2353 in
900 2327 1025 2361 Psalmo,

235 2367 423 2403 Confessianem
434 2373 458 2395 et
471 2368 587 2396 decorem
598 2369 703 2397 induisti
718 2369 728 2406 (
741 2370 815 2398 Psal.
829 2379 885 2404 cttl,
898 2371 939 2408 1).

270 2414 298 2441 5.
323 2413 382 2441 Jam
406 2418 502 2441 caetera
523 2415 693 2449 pulchritudo
707 2420 733 2443 et
754 2417 855 2444 utilitas
877 2422 1024 2451 creaturae,

236 2466 296 2494 quae
311 2459 423 2493 homini,
435 2459 498 2487 licet
511 2460 537 2487 in
556 2460 622 2488 istos
638 2461 742 2489 labores
763 2462 940 2498 miseriasque
960 2471 1025 2498 pro-

232 2504 305 2544 jecto
318 2509 400 2541 atque
409 2505 546 2540 damnato,
555 2508 697 2542 spectanda
707 2513 787 2544 atque
801 2511 929 2537 sumenda
937 2511 1026 2539 divina

235 2549 358 2585 largitate
376 2557 503 2579 concessa
528 2555 659 2588 est,'quo
682 2560 807 2582 sermone
829 2556 964 2583 terminari
978 2564 1026 2591 po-

234 2595 307 2623 test?
322 2596 350 2623 in
363 2596 423 2624 caeli
440 2601 468 2624 et
487 2601 566 2625 terrae
580 2603 607 2626 et
630 2599 712 2626 maris
736 2600 891 2628 multimoda
912 2606 940 2629 et
953 2603 1024 2630 varia

235 2641 442 2675 pulchritudine,
456 2644 482 2671 in
495 2643 580 2678 ipsius
594 2644 661 2672 lucis
674 2650 747 2673 tanta
762 2647 839 2681 copia
855 2652 962 2683 tamque
974 2649 1025 2676 mi-

233 2688 311 2716 rabili
324 2690 423 2724 specie,
442 2690 467 2717 in
482 2691 540 2719 sole
551 2699 583 2719 ac
595 2691 656 2719 luna
667 2697 697 2720 et
708 2693 854 2727 sideribus,
866 2695 892 2721 in
904 2696 1023 2730 opacita-

234 2732 305 2760 tibus
331 2742 470 2763 nemorum
483 2757 490 2769 ,
506 2737 532 2763 in
544 2738 679 2766 coloribus
689 2743 716 2766 et
726 2739 853 2768 odoribus
871 2741 979 2774 florum,
997 2742 1024 2769 in

233 2778 388 2807 diversitate
400 2789 431 2808 ac
453 2782 623 2811 multitudine
644 2784 782 2812 volucrum
799 2787 964 2820 garrularum
984 2792 1024 2815 at-

233 2831 286 2858 que
299 2824 442 2858 pictarum,
458 2827 484 2853 in
497 2828 653 2857 multiformi
667 2830 756 2864 specie
776 2835 814 2858 tot
837 2836 1023 2869 tantorumque

265 2889 273 2902 '
289 2889 358 2919 miti,
370 2889 521 2922 investigare.
533 2894 616 2920 Melius
632 2899 696 2925 ηδε..
708 2896 829 2928 vestigare.

1091 219 1284 255 animantium,
1301 231 1414 259 quorum
1433 226 1474 254 illa
1490 228 1548 262 plus
1561 228 1665 257 habent
1685 229 1890 265 admirationis,

1091 273 1151 314 qua:
1165 268 1243 296 molis
1256 270 1393 298 minimum
1407 272 1477 308 (plus
1490 274 1561 302 enim
1575 276 1784 305 formicularum
1796 282 1825 305 et
1837 280 1889 314 api-

1091 313 1211 341 cularum
1225 322 1305 349 opera
1330 322 1468 353 stupemus
1480 340 1488 352 ,
1505 328 1587 355 quam
1613 322 1749 351 immensa
1770 313 1884 359 corpora

1090 357 1254 388 habenarum
1267 362 1275 378 ¹
1290 362 1312 398 );
1334 363 1361 391 in
1376 364 1459 400 ipsius
1479 374 1587 403 quoque
1609 370 1692 398 maris
1712 375 1768 398 tam
1792 357 1885 407 grandi

1090 409 1254 442 spectaculo,
1270 417 1330 437 cum
1351 418 1412 439 sese
1433 413 1545 442 diversis
1557 415 1695 444 coloribus
1710 417 1802 445 induit
1814 419 1884 447 velut

1089 453 1208 481 vestibus
1218 476 1225 487 ,
1239 461 1267 483 et
1280 456 1424 491 aliquando
1437 459 1521 487 viride
1530 479 1538 491 ,
1556 465 1636 496 atque
1651 462 1703 491 hoc
1717 464 1814 492 multis
1827 473 1884 492 mo-

1089 497 1141 531 dis,
1156 499 1299 534 aliquando
1312 509 1473 537 purpureum
1485 524 1493 537 ,
1512 505 1655 541 aliquando
1673 509 1821 536 cteruleum
1831 515 1882 538 est.

1088 543 1173 577 Quam
1188 553 1269 580 porro
1289 546 1480 577 delectabiliter
1500 556 1635 585 spectatur
1655 554 1737 581 etiam
1755 556 1881 590 quando-

1088 598 1202 627 cumque
1215 593 1345 627 turbatur,
1360 600 1387 622 et
1403 595 1432 623 fit
1446 596 1508 625 inde
1516 597 1605 633 major
1618 600 1735 628 suavitas
1744 621 1752 633 .
1767 602 1832 636 quia
1843 603 1881 630 sic

1088 637 1222 666 demulcet
1243 639 1390 669 intuentem
1404 647 1455 674 ,ιιι
1476 651 1530 671 non
1546 645 1631 679 iactet
1644 651 1672 673 et
1685 648 1790 682 quatiat
1811 649 1880 675 navi-

1087 684 1208 718 gantem?
1221 685 1289 718 Quid
1304 687 1422 715 ciborum
1437 696 1628 725 usquequaque
1644 693 1722 726 copia
1734 699 1829 721 contra
1842 693 1880 721 fa-

1087 736 1159 756 mem
1172 730 1183 756 ?
1195 730 1259 764 quid
1272 740 1396 767 saporum
1411 734 1551 764 diversitas
1562 741 1655 764 contra
1668 737 1817 773 fastidium,
1833 748 1880 767 na-

1087 779 1153 804 tura:
1167 776 1263 806 diffusa
1285 779 1383 807 divitiis
1393 781 1415 814 ’,
1427 788 1479 808 non
1493 789 1640 817 coquorum
1656 789 1716 812 arte
1736 793 1770 813 ac
1789 787 1879 814 labore

1087 823 1218 856 quaesita?
1237 823 1339 857 Quanta
1354 825 1381 853 in
1395 830 1447 854 tam
1463 828 1556 856 multis
1575 829 1656 857 rebus
1673 831 1782 858 tuendae
1796 840 1828 859 ac
1842 840 1879 861 re-

1085 869 1248 902 cuperanda:
1260 869 1271 886 ³
1283 870 1379 898 salutis
1392 873 1512 901 auxilia?
1524 874 1611 909 Quam
1625 882 1699 911 grata
1719 878 1878 905 vicissitudo

1086 912 1137 940 diei
1163 914 1323 943 alternantis
1347 922 1374 945 et
1400 919 1505 947 noctis?
1520 921 1653 949 Aurarurn
1673 930 1754 957 quam
1782 924 1879 952 blanda

1086 962 1243 995 temperies?
1256 963 1284 990 In
1301 963 1439 993 fruticibus
1455 971 1482 994 et
1505 968 1646 1002 pecoribus
1661 969 1878 998 indumentorum

1085 1007 1310 1036 conficiendorum
1322 1015 1418 1045 quanta
1436 1013 1582 1041 materies?
1593 1013 1686 1041 Omnia
1709 1022 1878 1044 commemo-

1084 1060 1145 1081 rare
1158 1054 1217 1089 quis
1227 1056 1331 1090 possit‘!
1343 1057 1405 1085 Haec
1417 1063 1505 1086 autem
1520 1060 1587 1092 sola,
1601 1068 1661 1096 quae
1674 1069 1689 1088 a
1703 1069 1746 1089 me
1757 1062 1835 1089 velut
1852 1063 1878 1090 in

1084 1101 1226 1135 quemdam
1249 1110 1372 1138 aggerem
1389 1110 1451 1132 stmt
1470 1111 1603 1134 coarctata
1615 1128 1622 1139 ,
1645 1108 1668 1135 si
1690 1108 1791 1136 vellem
1808 1110 1879 1137 velut

1084 1146 1206 1181 colligata
1226 1147 1362 1177 involucra
1385 1151 1488 1178 solvere
1512 1156 1593 1188 atque
1609 1152 1763 1186 discutere,
1780 1160 1879 1189 quanta

1084 1191 1150 1219 mihi
1173 1200 1248 1220 mora
1268 1200 1341 1223 esset
1355 1196 1380 1223 in
1396 1197 1525 1232 singulis,
1540 1198 1638 1232 quibus
1654 1199 1769 1234 plurima
1792 1201 1880 1227 conli-

1084 1240 1195 1266 ncntur?
1207 1239 1241 1267 Et
1254 1241 1311 1268 hmo
1322 1242 1412 1269 omnia
1426 1244 1584 1272 miserorum
1600 1251 1662 1273 sunt
1672 1245 1880 1274 damnatorum-

1083 1291 1135 1318 que
1148 1287 1241 1314 solatia
1254 1307 1262 1319 ,
1278 1295 1331 1315 non
1346 1290 1454 1323 praemia
1476 1290 1624 1319 beatorum.
1640 1292 1706 1326 Quae
1728 1293 1813 1328 igitur
1837 1296 1880 1322 illa

1083 1335 1155 1363 sunt,
1172 1332 1193 1358 si
1209 1336 1248 1359 tot
1261 1340 1293 1360 ac
1305 1333 1366 1360 talia
1381 1339 1409 1362 et
1422 1339 1493 1362 tanta
1507 1340 1570 1364 sunt
1584 1337 1657 1364 ista?
1670 1338 1739 1371 Quid
1751 1340 1829 1367 dabit
1842 1341 1880 1368 εἰς

1083 1384 1150 1411 quos
1163 1378 1361 1412 praedestinavit
1374 1380 1408 1408 ad
1422 1381 1514 1415 vitam,
1530 1383 1575 1418 qui
1588 1383 1647 1412 haec
1659 1384 1734 1412 dedit
1746 1387 1830 1413 etiam
1842 1388 1880 1414 cis

1083 1428 1150 1456 quos
1165 1424 1363 1457 praedestinavit
1386 1426 1420 1454 ad
1445 1429 1581 1456 mortem?
1605 1438 1665 1464 qum
1681 1431 1752 1458 bona
1782 1433 1808 1459 in
1835 1433 1879 1460 illa

1083 1467 1160 1496 beata
1179 1470 1232 1497 vita
1250 1470 1330 1499 faciet
1341 1479 1389 1499 eos
1403 1481 1520 1508 sumere,
1536 1483 1584 1509 pro
1599 1476 1699 1510 quibus
1714 1477 1741 1503 in
1763 1479 1815 1506 hac
1831 1479 1879 1505 mi-

1083 1522 1142 1543 sera
1152 1515 1164 1531 ⁸
1176 1517 1343 1552 unigenitum
1356 1520 1452 1548 Filium
1466 1528 1543 1549 suum
1558 1523 1644 1550 voluit
1657 1531 1743 1559 usque
1756 1525 1790 1551 ad
1804 1533 1878 1553 mor-

1083 1565 1135 1588 tem
1151 1562 1219 1590 mala
1233 1568 1305 1591 tanta
1323 1565 1466 1599 perferre?
1480 1566 1557 1595 Unde
1573 1569 1711 1603 apostolus
1724 1570 1760 1597 de
1774 1571 1839 1606 ipsis
1852 1571 1877 1598 in

1082 1607 1145 1635 illud
1156 1616 1266 1644 regnum
1275 1611 1467 1644 praadestinatis
1475 1613 1652 1648 loquens,Qui
1663 1616 1876 1651 propriojnquit,

1082 1654 1150 1681 Filio
1163 1662 1213 1682 non
1229 1657 1399 1691 pepercit,sed
1413 1666 1458 1692 pro
1472 1659 1542 1686 nobis
1554 1661 1671 1687 omnibus
1688 1662 1796 1688 tradidit
1811 1671 1876 1695 eum,

1080 1705 1205 1737 quomodo
1216 1713 1265 1731 non
1277 1710 1301 1732 el
1311 1714 1368 1732 cum
1378 1706 1422 1733 illo
1433 1709 1516 1734 omnia
1529 1708 1600 1735 nobis
1608 1708 1876 1743 donabit'(ltont.nn,

1081 1749 1116 1777 52
1130 1750 1153 1787 ).
1174 1750 1239 1779 Cum
1253 1751 1311 1779 haec
1324 1753 1464 1787 promissio
1482 1754 1669 1787 complebitur,
1680 1755 1744 1789 quid
1755 1756 1877 1783 erimus?

1081 1797 1173 1831 quales
1180 1798 1292 1825 erimus?
1298 1798 1363 1832 Quae
1375 1798 1442 1826 bona
1450 1799 1477 1826 in
1486 1799 1532 1826 illo
1539 1807 1623 1835 regno
1633 1802 1767 1835 accepturi
1774 1809 1877 1836 sumus,

1081 1842 1293 1878 quandoquidem
1313 1843 1420 1872 Christo
1435 1845 1567 1873 moriente
1590 1853 1640 1881 pro
1660 1846 1738 1874 nobis
1752 1847 1806 1874 tale
1823 1848 1877 1881 jam

1082 1890 1176 1924 pignus
1188 1890 1360 1925 accepimus?
1378 1890 1471 1923 Qualis
1485 1891 1536 1918 erit
1549 1892 1659 1926 spiritus
1670 1892 1799 1925 hominis,
1817 1893 1876 1920 nul-

1081 1934 1134 1961 lum
1145 1936 1255 1963 omnino
1269 1935 1369 1964 habens
1381 1937 1491 1970 vitium,
1512 1944 1562 1965 nec
1574 1938 1624 1965 sub
1636 1928 1688 1973 quo
1703 1938 1793 1973 jaceat
1805 1959 1814 1971 ,
1829 1946 1877 1966 uec

1080 1981 1121 2008 cui
1134 1981 1221 2015 cedat,
1234 1989 1284 2009 nec
1291 1986 1383 2009 contra
1396 1982 1466 2018 quod
1475 1982 1569 2010 saltem
1581 1983 1875 2015 laudabiliterdimicet,

1080 2027 1246 2061 pacatissimo
1265 2028 1363 2055 virtute
1388 2027 1540 2064 perfectus?
1567 2028 1668 2056 Rerum
1694 2030 1730 2057 ibi
1755 2031 1875 2057 omnium

1079 2076 1188 2106 quanta,
1203 2080 1282 2108 quam
1296 2074 1425 2108 speciosa,
1445 2081 1524 2109 quam
1538 2079 1612 2102 certa
1628 2075 1750 2109 scicntia,
1765 2076 1825 2103 sine
1835 2084 1875 2103 er-

1080 2126 1140 2145 rore
1153 2119 1243 2153 aliquo
1257 2119 1299 2147 vel
1315 2120 1422 2153 labore,
1438 2120 1482 2147 ubi
1494 2120 1543 2148 Dei
1558 2120 1689 2155 sapientia
1704 2121 1738 2149 de
1754 2122 1814 2156 ipso
1827 2129 1875 2148 suo

1082 2164 1155 2191 fonte
1165 2164 1309 2199 potabitur,
1327 2173 1387 2193 cum
1397 2173 1500 2193 summa
1512 2166 1647 2200 felicitate,
1662 2167 1720 2194 sine
1732 2168 1788 2194 ulla
1801 2167 1872 2194 difﬁ‘

1079 2211 1197 2238 cultate?
1211 2210 1295 2245 Quale
1308 2212 1359 2238 erit
1372 2219 1484 2246 corpus,
1496 2212 1567 2247 quod
1579 2212 1653 2239 omni
1671 2213 1752 2240 modo
1771 2213 1874 2248 spiritui

1078 2258 1224 2290 subditum,
1236 2262 1263 2285 et
1273 2265 1305 2285 eo
1317 2258 1482 2286 sufﬁcienter
1498 2259 1669 2291 vivificatum,
1683 2259 1766 2286 nullis
1778 2259 1875 2286 alimo-

1079 2305 1129 2331 niis
1141 2304 1356 2340 indigebit?Non
1371 2305 1443 2332 enim
1454 2305 1579 2336 animale,
1596 2305 1644 2333 sed
1659 2306 1797 2340 spirituale
1813 2307 1873 2338 erit,

1079 2351 1179 2379 habens
1194 2351 1301 2386 quidem
1324 2352 1428 2384 carnis,
1449 2351 1496 2379 sed
1521 2352 1578 2380 sine
1598 2352 1651 2379 ulla
1665 2353 1767 2380 carnali
1781 2360 1875 2380 corm-

1078 2398 1169 2432 ptione
1182 2397 1368 2425 substantiam.

1081 2454 1196 2482 CAPUT
1218 2454 1301 2482 XXV.
1312 2467 1348 2475 -ο
1360 2454 1400 2482 De
1418 2454 1558 2490 pervicacia
1579 2454 1762 2488 quorumdam,
1777 2455 1821 2489 qui
1836 2463 1875 2480 re-

1113 2502 1294 2529 surrectionem
1304 2501 1399 2535 carnis,
1412 2508 1498 2535 quam,
1512 2500 1575 2527 sicut
1587 2500 1739 2534 mediolth
1752 2506 1800 2533 est,
1813 2505 1876 2526 tolu

1114 2547 1225 2574 mundus
1238 2547 1329 2580 credit,
1342 2548 1503 2582 impugnavit.
1724 2541 1728 2544 ’

1114 2594 1214 2622 Verum
1234 2594 1268 2621 de
1285 2594 1368 2622 animi
1382 2594 1472 2625 bonis.
1498 2593 1597 2629 quibus
1621 2599 1684 2629 post
1709 2593 1782 2621 hanc
1796 2595 1876 2621 vitam

1110 2653 1118 2669 ι
1136 2652 1205 2682 Edili,
1222 2651 1370 2677 balenarum.
1387 2655 1415 2676 At
1432 2652 1597 2683 manusuipti,
1617 2652 1746 2683 duplicata
1762 2652 1846 2677 littera
1861 2653 1876 2681 ι.

1076 2684 1234 2719 Wwant-
1242 2684 1357 2719 υίρίιιξςρ
1367 2689 1456 2719 sfw,
1466 2682 1568 2719 quae;
1578 2683 1649 2719 tum
1662 2684 1731 2719 Isid-1
1738 2682 1767 2719 .‘-_
1774 2684 1812 2712 ης
1824 2691 1845 2719 ος
1854 2686 1875 2717 t3»

1097 2716 1118 2750 ᾗ
1135 2716 1171 2739 sic
1182 2718 1234 2738 Mss.
1248 2717 1276 2738 At
1287 2714 1353 2743 editi,
1366 2715 1449 2739 contra
1464 2714 1593 2745 fastidium
1601 2718 1700 2745 nattu‘a,
1715 2715 1808 2747 diffusa
1820 2715 1874 2740 diri-

1077 2749 1159 2771 nilus.~

1109 2777 1119 2792 ³
1136 2780 1200 2805 ωδε..
1213 2782 1241 2800 ac
1254 2775 1408 2804 recipiendae.

1095 2808 1119 2842 f
1137 2808 1204 2836 Editi,
1216 2808 1242 2831 iu
1260 2806 1305 2831 hac
1317 2806 1424 2832 miseria.
1436 2810 1464 2831 Al.
1474 2809 1538 2836 Mss,
1551 2806 1578 2831 in
1590 2806 1638 2832 hac
1655 2808 1749 2834 misera
1764 2816 1774 2834 :
1786 2809 1877 2840 supple.

1076 2842 1159 2904 fug-in
1172 2868 1252 2898 editis,
1264 2867 1369 2904 denatat.
1381 2872 1410 2903 ᾼι
1420 2869 1444 2894 in
1457 2872 1519 2898 Mss,
1533 2853 1645 2900 donabit,
1665 2870 1744 2896 futuri
1758 2872 1879 2902 taminia.

1078 2902 1144 2931 juxta
1158 2906 1262 2930 βίη-ιω)
1275 2902 1397 2925 Karisctm.
