  <div class='ocr_page' id='page_1' title='image "/cluster/home/n/w/nwhite01/storage/ocr_20150623/40-41/uc1.31175026811482/110.png"; bbox 0 0 4072 6508; ppageno 0'>
   <div class='ocr_carea' id='block_1_1' title="bbox 212 412 313 468">
    <p class='ocr_par' dir='ltr' id='par_1_1' title="bbox 212 412 313 468">
     <span class='ocr_line' id='line_1_1' title="bbox 212 412 313 468; baseline -0.02 0"><span class='ocrx_word' id='word_1_1' title='bbox 212 412 313 468; x_wconf 69' lang='grc'><strong>205</strong></span> 
     </span>
    </p>
   </div>
   <div class='ocr_carea' id='block_1_2' title="bbox 280 507 1803 584">
    <p class='ocr_par' dir='ltr' id='par_1_2' title="bbox 280 507 1803 584">
     <span class='ocr_line' id='line_1_2' title="bbox 280 507 1803 584; baseline -0.012 -8"><span class='ocrx_word' id='word_1_2' title='bbox 280 520 363 576; x_wconf 81' lang='lat' dir='ltr'><strong>l5.</strong></span> <span class='ocrx_word' id='word_1_3' title='bbox 390 517 493 575; x_wconf 89' lang='lat' dir='ltr'><strong>Sed</strong></span> <span class='ocrx_word' id='word_1_4' title='bbox 535 515 905 584; x_wconf 88' lang='lat' dir='ltr'><strong>inﬁdelitatis,</strong></span> <span class='ocrx_word' id='word_1_5' title='bbox 946 511 1220 584; x_wconf 81' lang='lat' dir='ltr'><strong>inquiunt,</strong></span> <span class='ocrx_word' id='word_1_6' title='bbox 1268 507 1671 569; x_wconf 89' lang='lat' dir='ltr'><strong>tantummodo,</strong></span> <span class='ocrx_word' id='word_1_7' title='bbox 1698 519 1803 575; x_wconf 90' lang='lat' dir='ltr'><strong>qtta</strong></span> 
     </span>
    </p>
   </div>
   <div class='ocr_carea' id='block_1_3' title="bbox 215 602 1805 672">
    <p class='ocr_par' dir='ltr' id='par_1_3' title="bbox 215 602 1805 672">
     <span class='ocr_line' id='line_1_3' title="bbox 215 602 1805 672; baseline -0.011 -2"><span class='ocrx_word' id='word_1_8' title='bbox 215 616 265 670; x_wconf 94' lang='lat' dir='ltr'><strong>in</strong></span> <span class='ocrx_word' id='word_1_9' title='bbox 284 612 553 669; x_wconf 77' lang='lat' dir='ltr'><strong>Christum</strong></span> <span class='ocrx_word' id='word_1_10' title='bbox 599 626 707 666; x_wconf 89' lang='lat' dir='ltr'><strong>non</strong></span> <span class='ocrx_word' id='word_1_11' title='bbox 738 607 1113 672; x_wconf 86' lang='lat' dir='ltr'><strong>crediderunt,</strong></span> <span class='ocrx_word' id='word_1_12' title='bbox 1136 618 1231 660; x_wconf 92' lang='lat' dir='ltr'><strong>eos</strong></span> <span class='ocrx_word' id='word_1_13' title='bbox 1284 602 1452 657; x_wconf 90' lang='lat' dir='ltr'><strong>voluit</strong></span> <span class='ocrx_word' id='word_1_14' title='bbox 1495 612 1654 672; x_wconf 87' lang='lat' dir='ltr'><strong>agere</strong></span> <span class='ocrx_word' id='word_1_15' title='bbox 1684 609 1805 668; x_wconf 64' lang='lat' dir='ltr'><strong>po:-</strong></span> 
     </span>
    </p>
   </div>
   <div class='ocr_carea' id='block_1_4' title="bbox 218 689 1807 772">
    <p class='ocr_par' dir='ltr' id='par_1_4' title="bbox 218 689 1807 772">
     <span class='ocr_line' id='line_1_4' title="bbox 218 689 1807 772; baseline -0.01 -13"><span class='ocrx_word' id='word_1_16' title='bbox 218 705 505 760; x_wconf 87' lang='lat' dir='ltr'><strong>nitentiam.</strong></span> <span class='ocrx_word' id='word_1_17' title='bbox 533 700 667 757; x_wconf 82' lang='lat' dir='ltr'><strong>Mira</strong></span> <span class='ocrx_word' id='word_1_18' title='bbox 696 698 1045 772; x_wconf 60' lang='lat' dir='ltr'><strong>praesumptio</strong></span> <span class='ocrx_word' id='word_1_19' title='bbox 1076 696 1224 769; x_wconf 89' lang='lat' dir='ltr'><strong>(nolo</strong></span> <span class='ocrx_word' id='word_1_20' title='bbox 1264 693 1553 765; x_wconf 85' lang='lat' dir='ltr'><strong>quidquam</strong></span> <span class='ocrx_word' id='word_1_21' title='bbox 1581 689 1807 763; x_wconf 78' lang='lat' dir='ltr'><strong>gravius</strong></span> 
     </span>
    </p>
   </div>
   <div class='ocr_carea' id='block_1_5' title="bbox 218 782 1807 866">
    <p class='ocr_par' dir='ltr' id='par_1_5' title="bbox 218 782 1807 866">
     <span class='ocr_line' id='line_1_5' title="bbox 218 782 1807 866; baseline -0.01 -14"><span class='ocrx_word' id='word_1_22' title='bbox 218 795 432 866; x_wconf 88' lang='lat' dir='ltr'><strong>dicere),</strong></span> <span class='ocrx_word' id='word_1_23' title='bbox 458 794 671 866; x_wconf 80' lang='lat' dir='ltr'><strong>quando</strong></span> <span class='ocrx_word' id='word_1_24' title='bbox 698 808 764 848; x_wconf 92' lang='lat' dir='ltr'><strong>eo</strong></span> <span class='ocrx_word' id='word_1_25' title='bbox 786 792 967 846; x_wconf 89' lang='lat' dir='ltr'><strong>audito</strong></span> <span class='ocrx_word' id='word_1_26' title='bbox 997 788 1140 860; x_wconf 92' lang='lat' dir='ltr'><strong>quod</strong></span> <span class='ocrx_word' id='word_1_27' title='bbox 1167 786 1371 841; x_wconf 91' lang='lat' dir='ltr'><strong>dictum</strong></span> <span class='ocrx_word' id='word_1_28' title='bbox 1392 782 1671 854; x_wconf 84' lang='lat' dir='ltr'><strong>est,Agite</strong></span> <span class='ocrx_word' id='word_1_29' title='bbox 1696 795 1807 853; x_wconf 73' lang='lat' dir='ltr'><strong>pw-</strong></span> 
     </span>
    </p>
   </div>
   <div class='ocr_carea' id='block_1_6' title="bbox 221 871 1809 951">
    <p class='ocr_par' dir='ltr' id='par_1_6' title="bbox 221 871 1809 951">
     <span class='ocr_line' id='line_1_6' title="bbox 221 871 1809 951; baseline -0.011 -9"><span class='ocrx_word' id='word_1_30' title='bbox 221 886 507 951; x_wconf 83' lang='lat' dir='ltr'><strong>nitentiam,</strong></span> <span class='ocrx_word' id='word_1_31' title='bbox 554 880 721 939; x_wconf 90' lang='lat' dir='ltr'><strong>solius</strong></span> <span class='ocrx_word' id='word_1_32' title='bbox 763 880 1093 937; x_wconf 90' lang='lat' dir='ltr'><strong>inﬁdelitatis</strong></span> <span class='ocrx_word' id='word_1_33' title='bbox 1118 885 1234 933; x_wconf 90' lang='lat' dir='ltr'><strong>acta</strong></span> <span class='ocrx_word' id='word_1_34' title='bbox 1261 876 1480 941; x_wconf 90' lang='lat' dir='ltr'><strong>dicitur,</strong></span> <span class='ocrx_word' id='word_1_35' title='bbox 1527 888 1651 929; x_wconf 92' lang='lat' dir='ltr'><strong>cum</strong></span> <span class='ocrx_word' id='word_1_36' title='bbox 1700 871 1809 926; x_wconf 87' lang='lat' dir='ltr'><strong>vita</strong></span> 
     </span>
    </p>
   </div>
   <div class='ocr_carea' id='block_1_7' title="bbox 223 962 1809 1034">
    <p class='ocr_par' dir='ltr' id='par_1_7' title="bbox 223 962 1809 1034">
     <span class='ocr_line' id='line_1_7' title="bbox 223 962 1809 1034; baseline -0.013 0"><span class='ocrx_word' id='word_1_37' title='bbox 223 976 465 1034; x_wconf 85' lang='lat' dir='ltr'><strong>mutanda</strong></span> <span class='ocrx_word' id='word_1_38' title='bbox 517 991 583 1031; x_wconf 89' lang='lat' dir='ltr'><strong>ex</strong></span> <span class='ocrx_word' id='word_1_39' title='bbox 633 984 815 1029; x_wconf 87' lang='lat' dir='ltr'><strong>vetere</strong></span> <span class='ocrx_word' id='word_1_40' title='bbox 860 973 912 1027; x_wconf 89' lang='lat' dir='ltr'><strong>in</strong></span> <span class='ocrx_word' id='word_1_41' title='bbox 964 986 1163 1025; x_wconf 88' lang='lat' dir='ltr'><strong>novam</strong></span> <span class='ocrx_word' id='word_1_42' title='bbox 1212 968 1453 1024; x_wconf 91' lang='lat' dir='ltr'><strong>doctrina</strong></span> <span class='ocrx_word' id='word_1_43' title='bbox 1504 962 1809 1033; x_wconf 83' lang='lat' dir='ltr'><strong>evangelica</strong></span> 
     </span>
    </p>
   </div>
   <div class='ocr_carea' id='block_1_8' title="bbox 223 1059 1805 1136">
    <p class='ocr_par' dir='ltr' id='par_1_8' title="bbox 223 1059 1805 1136">
     <span class='ocr_line' id='line_1_8' title="bbox 223 1059 1805 1136; baseline -0.013 -9"><span class='ocrx_word' id='word_1_44' title='bbox 223 1070 538 1136; x_wconf 82' lang='lat' dir='ltr'><strong>traderetur,</strong></span> <span class='ocrx_word' id='word_1_45' title='bbox 570 1068 659 1122; x_wconf 91' lang='lat' dir='ltr'><strong>ubi</strong></span> <span class='ocrx_word' id='word_1_46' title='bbox 686 1066 868 1135; x_wconf 86' lang='lat' dir='ltr'><strong>utique</strong></span> <span class='ocrx_word' id='word_1_47' title='bbox 892 1072 947 1119; x_wconf 88' lang='lat' dir='ltr'><strong>et</strong></span> <span class='ocrx_word' id='word_1_48' title='bbox 972 1061 1104 1118; x_wconf 89' lang='lat' dir='ltr'><strong>illud</strong></span> <span class='ocrx_word' id='word_1_49' title='bbox 1130 1068 1215 1116; x_wconf 90' lang='lat' dir='ltr'><strong>est</strong></span> <span class='ocrx_word' id='word_1_50' title='bbox 1242 1059 1384 1131; x_wconf 92' lang='lat' dir='ltr'><strong>quod</strong></span> <span class='ocrx_word' id='word_1_51' title='bbox 1411 1059 1462 1112; x_wconf 93' lang='lat' dir='ltr'><strong>in</strong></span> <span class='ocrx_word' id='word_1_52' title='bbox 1491 1072 1554 1112; x_wconf 92' lang='lat' dir='ltr'><strong>ea</strong></span> <span class='ocrx_word' id='word_1_53' title='bbox 1582 1064 1805 1111; x_wconf 87' lang='lat' dir='ltr'><strong>senten-</strong></span> 
     </span>
    </p>
   </div>
   <div class='ocr_carea' id='block_1_9' title="bbox 224 1151 1815 1232">
    <p class='ocr_par' dir='ltr' id='par_1_9' title="bbox 224 1151 1815 1232">
     <span class='ocr_line' id='line_1_9' title="bbox 224 1151 1815 1232; baseline -0.012 -15"><span class='ocrx_word' id='word_1_54' title='bbox 224 1166 293 1218; x_wconf 89' lang='lat' dir='ltr'><strong>tia</strong></span> <span class='ocrx_word' id='word_1_55' title='bbox 317 1161 463 1232; x_wconf 89' lang='lat' dir='ltr'><strong>ponit</strong></span> <span class='ocrx_word' id='word_1_56' title='bbox 492 1160 785 1230; x_wconf 81' lang='lat' dir='ltr'><strong>Apostolus</strong></span> <span class='ocrx_word' id='word_1_57' title='bbox 805 1199 820 1225; x_wconf 90' lang='lat'><strong>,</strong></span> <span class='ocrx_word' id='word_1_58' title='bbox 854 1155 954 1222; x_wconf 85' lang='lat' dir='ltr'><strong>Qui</strong></span> <span class='ocrx_word' id='word_1_59' title='bbox 999 1153 1285 1227; x_wconf 77' lang='lat' dir='ltr'><strong>furabatur,</strong></span> <span class='ocrx_word' id='word_1_60' title='bbox 1306 1152 1422 1222; x_wconf 88' lang='lat' dir='ltr'><strong>jam</strong></span> <span class='ocrx_word' id='word_1_61' title='bbox 1469 1165 1571 1203; x_wconf 88' lang='lat' dir='ltr'><strong>non</strong></span> <span class='ocrx_word' id='word_1_62' title='bbox 1616 1151 1815 1218; x_wconf 78' lang='lat' dir='ltr'><strong>{aretur</strong></span> 
     </span>
    </p>
   </div>
   <div class='ocr_carea' id='block_1_10' title="bbox 225 1234 1817 1325">
    <p class='ocr_par' dir='ltr' id='par_1_10' title="bbox 225 1234 1817 1325">
     <span class='ocr_line' id='line_1_10' title="bbox 225 1234 1817 1325; baseline -0.011 -19"><span class='ocrx_word' id='word_1_63' title='bbox 225 1251 437 1325; x_wconf 84' lang='lat' dir='ltr'><strong>(Ephes.</strong></span> <span class='ocrx_word' id='word_1_64' title='bbox 470 1267 544 1317; x_wconf 84' lang='lat' dir='ltr'><strong>tv,</strong></span> <span class='ocrx_word' id='word_1_65' title='bbox 571 1248 662 1321; x_wconf 71' lang='grc'>28)</span> <span class='ocrx_word' id='word_1_66' title='bbox 684 1265 700 1315; x_wconf 91' lang='grc'>;</span> <span class='ocrx_word' id='word_1_67' title='bbox 723 1257 778 1303; x_wconf 89' lang='lat' dir='ltr'><strong>et</strong></span> <span class='ocrx_word' id='word_1_68' title='bbox 801 1256 997 1303; x_wconf 77' lang='lat' dir='ltr'><strong>caetera</strong></span> <span class='ocrx_word' id='word_1_69' title='bbox 1014 1287 1027 1312; x_wconf 90' lang='lat'><strong>,</strong></span> <span class='ocrx_word' id='word_1_70' title='bbox 1053 1244 1245 1316; x_wconf 88' lang='lat' dir='ltr'><strong>quibus</strong></span> <span class='ocrx_word' id='word_1_71' title='bbox 1270 1241 1579 1312; x_wconf 89' lang='lat' dir='ltr'><strong>exsequitur</strong></span> <span class='ocrx_word' id='word_1_72' title='bbox 1600 1236 1725 1309; x_wconf 91' lang='lat' dir='ltr'><strong>quid</strong></span> <span class='ocrx_word' id='word_1_73' title='bbox 1747 1234 1817 1291; x_wconf 87' lang='lat' dir='ltr'><strong>sit</strong></span> 
     </span>
    </p>
   </div>
   <div class='ocr_carea' id='block_1_11' title="bbox 226 1328 1815 1415">
    <p class='ocr_par' dir='ltr' id='par_1_11' title="bbox 226 1328 1815 1415">
     <span class='ocr_line' id='line_1_11' title="bbox 226 1328 1815 1415; baseline -0.011 -15"><span class='ocrx_word' id='word_1_74' title='bbox 226 1345 494 1415; x_wconf 88' lang='lat' dir='ltr'><strong>deponere</strong></span> <span class='ocrx_word' id='word_1_75' title='bbox 536 1350 775 1396; x_wconf 80' lang='lat' dir='ltr'><strong>veterem</strong></span> <span class='ocrx_word' id='word_1_76' title='bbox 822 1338 1095 1394; x_wconf 87' lang='lat' dir='ltr'><strong>hominem</strong></span> <span class='ocrx_word' id='word_1_77' title='bbox 1128 1340 1184 1391; x_wconf 90' lang='lat' dir='ltr'><strong>et</strong></span> <span class='ocrx_word' id='word_1_78' title='bbox 1226 1334 1448 1389; x_wconf 88' lang='lat' dir='ltr'><strong>induere</strong></span> <span class='ocrx_word' id='word_1_79' title='bbox 1491 1346 1711 1387; x_wconf 91' lang='lat' dir='ltr'><strong>novum.</strong></span> <span class='ocrx_word' id='word_1_80' title='bbox 1756 1328 1815 1382; x_wconf 92' lang='lat' dir='ltr'><strong>ln</strong></span> 
     </span>
    </p>
   </div>
   <div class='ocr_carea' id='block_1_12' title="bbox 230 1420 1817 1503">
    <p class='ocr_par' dir='ltr' id='par_1_12' title="bbox 230 1420 1817 1503">
     <span class='ocr_line' id='line_1_12' title="bbox 230 1420 1817 1503; baseline -0.01 -12"><span class='ocrx_word' id='word_1_81' title='bbox 230 1436 307 1491; x_wconf 90' lang='lat' dir='ltr'><strong>his</strong></span> <span class='ocrx_word' id='word_1_82' title='bbox 334 1444 508 1489; x_wconf 89' lang='lat' dir='ltr'><strong>autem</strong></span> <span class='ocrx_word' id='word_1_83' title='bbox 558 1432 689 1503; x_wconf 87' lang='lat' dir='ltr'><strong>ipsis</strong></span> <span class='ocrx_word' id='word_1_84' title='bbox 722 1430 902 1487; x_wconf 86' lang='lat' dir='ltr'><strong>verbis</strong></span> <span class='ocrx_word' id='word_1_85' title='bbox 931 1429 1075 1483; x_wconf 89' lang='lat' dir='ltr'><strong>Petri</strong></span> <span class='ocrx_word' id='word_1_86' title='bbox 1123 1427 1325 1482; x_wconf 86' lang='lat' dir='ltr'><strong>habent</strong></span> <span class='ocrx_word' id='word_1_87' title='bbox 1351 1426 1494 1481; x_wconf 91' lang='lat' dir='ltr'><strong>unde</strong></span> <span class='ocrx_word' id='word_1_88' title='bbox 1535 1420 1817 1479; x_wconf 89' lang='lat' dir='ltr'><strong>admoneri</strong></span> 
     </span>
    </p>
   </div>
   <div class='ocr_carea' id='block_1_13' title="bbox 229 1514 1815 1598">
    <p class='ocr_par' dir='ltr' id='par_1_13' title="bbox 229 1514 1815 1598">
     <span class='ocr_line' id='line_1_13' title="bbox 229 1514 1815 1598; baseline -0.01 -16"><span class='ocrx_word' id='word_1_89' title='bbox 229 1527 550 1598; x_wconf 89' lang='lat' dir='ltr'><strong>potuissent,</strong></span> <span class='ocrx_word' id='word_1_90' title='bbox 604 1524 648 1579; x_wconf 90' lang='lat' dir='ltr'><strong>si</strong></span> <span class='ocrx_word' id='word_1_91' title='bbox 697 1522 979 1593; x_wconf 80' lang='lat' dir='ltr'><strong>diligenter</strong></span> <span class='ocrx_word' id='word_1_92' title='bbox 1006 1517 1284 1575; x_wconf 89' lang='lat' dir='ltr'><strong>attendere</strong></span> <span class='ocrx_word' id='word_1_93' title='bbox 1324 1516 1638 1572; x_wconf 84' lang='lat' dir='ltr'><strong>voluissent.</strong></span> <span class='ocrx_word' id='word_1_94' title='bbox 1683 1514 1815 1570; x_wconf 91' lang='lat' dir='ltr'><strong>Cum</strong></span> 
     </span>
    </p>
   </div>
   <div class='ocr_carea' id='block_1_14' title="bbox 231 1609 1816 1686">
    <p class='ocr_par' dir='ltr' id='par_1_14' title="bbox 231 1609 1816 1686">
     <span class='ocr_line' id='line_1_14' title="bbox 231 1609 1816 1686; baseline -0.009 -14"><span class='ocrx_word' id='word_1_95' title='bbox 231 1617 365 1673; x_wconf 83' lang='lat' dir='ltr'><strong>enim</strong></span> <span class='ocrx_word' id='word_1_96' title='bbox 394 1617 653 1680; x_wconf 84' lang='lat' dir='ltr'><strong>dixisset,</strong></span> <span class='ocrx_word' id='word_1_97' title='bbox 681 1612 828 1686; x_wconf 82' lang='lat' dir='ltr'><strong>Agite</strong></span> <span class='ocrx_word' id='word_1_98' title='bbox 864 1611 1247 1683; x_wconf 68' lang='lat' dir='ltr'><strong>paenitentiam,</strong></span> <span class='ocrx_word' id='word_1_99' title='bbox 1278 1619 1325 1663; x_wconf 88' lang='lat' dir='ltr'><strong>et</strong></span> <span class='ocrx_word' id='word_1_100' title='bbox 1350 1609 1631 1677; x_wconf 78' lang='lat' dir='ltr'><strong>baptizatur</strong></span> <span class='ocrx_word' id='word_1_101' title='bbox 1657 1622 1816 1659; x_wconf 87' lang='lat' dir='ltr'><strong>unus-</strong></span> 
     </span>
    </p>
   </div>
   <div class='ocr_carea' id='block_1_15' title="bbox 231 1698 1818 1781">
    <p class='ocr_par' dir='ltr' id='par_1_15' title="bbox 231 1698 1818 1781">
     <span class='ocr_line' id='line_1_15' title="bbox 231 1698 1818 1781; baseline -0.008 -19"><span class='ocrx_word' id='word_1_102' title='bbox 231 1710 426 1781; x_wconf 82' lang='lat' dir='ltr'><strong>quisque</strong></span> <span class='ocrx_word' id='word_1_103' title='bbox 450 1716 670 1760; x_wconf 87' lang='lat' dir='ltr'><strong>vestrum</strong></span> <span class='ocrx_word' id='word_1_104' title='bbox 696 1706 749 1758; x_wconf 88' lang='lat' dir='ltr'><strong>in</strong></span> <span class='ocrx_word' id='word_1_105' title='bbox 777 1704 978 1758; x_wconf 82' lang='lat' dir='ltr'><strong>nomine</strong></span> <span class='ocrx_word' id='word_1_106' title='bbox 1006 1700 1216 1756; x_wconf 83' lang='lat' dir='ltr'><strong>Domini</strong></span> <span class='ocrx_word' id='word_1_107' title='bbox 1243 1699 1369 1755; x_wconf 82' lang='lat' dir='ltr'><strong>Jesu</strong></span> <span class='ocrx_word' id='word_1_108' title='bbox 1403 1698 1592 1755; x_wconf 81' lang='lat' dir='ltr'><strong>Christi</strong></span> <span class='ocrx_word' id='word_1_109' title='bbox 1639 1700 1693 1752; x_wconf 84' lang='lat' dir='ltr'><strong>in</strong></span> <span class='ocrx_word' id='word_1_110' title='bbox 1732 1713 1818 1751; x_wconf 89' lang='lat' dir='ltr'><strong>re-</strong></span> 
     </span>
    </p>
   </div>
   <div class='ocr_carea' id='block_1_16' title="bbox 233 1790 1821 1869">
    <p class='ocr_par' dir='ltr' id='par_1_16' title="bbox 233 1790 1821 1869">
     <span class='ocr_line' id='line_1_16' title="bbox 233 1790 1821 1869; baseline -0.004 -17"><span class='ocrx_word' id='word_1_111' title='bbox 233 1801 514 1854; x_wconf 74' lang='lat' dir='ltr'><strong>missionem</strong></span> <span class='ocrx_word' id='word_1_112' title='bbox 560 1806 914 1869; x_wconf 79' lang='lat' dir='ltr'><strong>peccatorum,</strong></span> <span class='ocrx_word' id='word_1_113' title='bbox 969 1804 1017 1849; x_wconf 85' lang='lat' dir='ltr'><strong>et</strong></span> <span class='ocrx_word' id='word_1_114' title='bbox 1061 1793 1319 1863; x_wconf 73' lang='lat' dir='ltr'><strong>accipietis</strong></span> <span class='ocrx_word' id='word_1_115' title='bbox 1365 1793 1553 1846; x_wconf 88' lang='lat' dir='ltr'><strong>donum</strong></span> <span class='ocrx_word' id='word_1_116' title='bbox 1595 1790 1821 1862; x_wconf 88' lang='lat' dir='ltr'><strong>Spiritus</strong></span> 
     </span>
    </p>
   </div>
   <div class='ocr_carea' id='block_1_17' title="bbox 235 1885 1817 1958">
    <p class='ocr_par' dir='ltr' id='par_1_17' title="bbox 235 1885 1817 1958">
     <span class='ocr_line' id='line_1_17' title="bbox 235 1885 1817 1958; baseline -0.006 -13"><span class='ocrx_word' id='word_1_117' title='bbox 235 1893 405 1945; x_wconf 77' lang='lat' dir='ltr'><strong>sancti.</strong></span> <span class='ocrx_word' id='word_1_118' title='bbox 442 1889 609 1944; x_wconf 87' lang='lat' dir='ltr'><strong>Nobis</strong></span> <span class='ocrx_word' id='word_1_119' title='bbox 636 1890 771 1945; x_wconf 80' lang='lat' dir='ltr'><strong>enim</strong></span> <span class='ocrx_word' id='word_1_120' title='bbox 815 1888 923 1943; x_wconf 61' lang='lat' dir='ltr'><strong>haec</strong></span> <span class='ocrx_word' id='word_1_121' title='bbox 969 1897 1041 1942; x_wconf 88' lang='lat' dir='ltr'><strong>est</strong></span> <span class='ocrx_word' id='word_1_122' title='bbox 1071 1886 1338 1958; x_wconf 74' lang='lat' dir='ltr'><strong>promissio</strong></span> <span class='ocrx_word' id='word_1_123' title='bbox 1365 1895 1412 1940; x_wconf 90' lang='lat' dir='ltr'><strong>et</strong></span> <span class='ocrx_word' id='word_1_124' title='bbox 1438 1885 1563 1954; x_wconf 80' lang='lat' dir='ltr'><strong>ﬁliis</strong></span> <span class='ocrx_word' id='word_1_125' title='bbox 1601 1885 1817 1950; x_wconf 78' lang='lat' dir='ltr'><strong>nostris,</strong></span> 
     </span>
    </p>
   </div>
   <div class='ocr_carea' id='block_1_18' title="bbox 235 1975 1822 2054">
    <p class='ocr_par' dir='ltr' id='par_1_18' title="bbox 235 1975 1822 2054">
     <span class='ocr_line' id='line_1_18' title="bbox 235 1975 1822 2054; baseline -0.006 -15"><span class='ocrx_word' id='word_1_126' title='bbox 235 1996 277 2039; x_wconf 83' lang='lat' dir='ltr'><strong>et</strong></span> <span class='ocrx_word' id='word_1_127' title='bbox 298 1984 525 2038; x_wconf 86' lang='lat' dir='ltr'><strong>omnibus</strong></span> <span class='ocrx_word' id='word_1_128' title='bbox 559 1983 644 2054; x_wconf 86' lang='lat' dir='ltr'><strong>qui</strong></span> <span class='ocrx_word' id='word_1_129' title='bbox 670 1992 787 2037; x_wconf 86' lang='lat' dir='ltr'><strong>sunt</strong></span> <span class='ocrx_word' id='word_1_130' title='bbox 828 1982 977 2051; x_wconf 88' lang='lat' dir='ltr'><strong>longe</strong></span> <span class='ocrx_word' id='word_1_131' title='bbox 1002 1995 1347 2050; x_wconf 88' lang='lat' dir='ltr'><strong>quoscumque</strong></span> <span class='ocrx_word' id='word_1_132' title='bbox 1372 1978 1687 2033; x_wconf 83' lang='lat' dir='ltr'><strong>advocaverit</strong></span> <span class='ocrx_word' id='word_1_133' title='bbox 1716 1975 1822 2029; x_wconf 87' lang='lat' dir='ltr'><strong>Do-</strong></span> 
     </span>
    </p>
   </div>
   <div class='ocr_carea' id='block_1_19' title="bbox 238 2068 1825 2140">
    <p class='ocr_par' dir='ltr' id='par_1_19' title="bbox 238 2068 1825 2140">
     <span class='ocr_line' id='line_1_19' title="bbox 238 2068 1825 2140; baseline -0.003 -12"><span class='ocrx_word' id='word_1_134' title='bbox 238 2076 393 2129; x_wconf 86' lang='lat' dir='ltr'><strong>minus</strong></span> <span class='ocrx_word' id='word_1_135' title='bbox 418 2074 557 2128; x_wconf 84' lang='lat' dir='ltr'><strong>Deus</strong></span> <span class='ocrx_word' id='word_1_136' title='bbox 582 2084 782 2139; x_wconf 85' lang='lat' dir='ltr'><strong>noster;</strong></span> <span class='ocrx_word' id='word_1_137' title='bbox 806 2072 1059 2127; x_wconf 90' lang='lat' dir='ltr'><strong>continuo</strong></span> <span class='ocrx_word' id='word_1_138' title='bbox 1096 2070 1327 2138; x_wconf 84' lang='lat' dir='ltr'><strong>subjecit</strong></span> <span class='ocrx_word' id='word_1_139' title='bbox 1352 2070 1440 2140; x_wconf 92' lang='lat' dir='ltr'><strong>qui</strong></span> <span class='ocrx_word' id='word_1_140' title='bbox 1471 2068 1664 2123; x_wconf 91' lang='lat' dir='ltr'><strong>librum</strong></span> <span class='ocrx_word' id='word_1_141' title='bbox 1694 2069 1825 2123; x_wconf 52' lang='lat' dir='ltr'><strong>seri.</strong></span> 
     </span>
    </p>
   </div>
   <div class='ocr_carea' id='block_1_20' title="bbox 242 2159 1825 2236">
    <p class='ocr_par' dir='ltr' id='par_1_20' title="bbox 242 2159 1825 2236">
     <span class='ocr_line' id='line_1_20' title="bbox 242 2159 1825 2236; baseline -0.005 -17"><span class='ocrx_word' id='word_1_142' title='bbox 242 2176 366 2236; x_wconf 74' lang='lat' dir='ltr'><strong>psrt,</strong></span> <span class='ocrx_word' id='word_1_143' title='bbox 397 2174 562 2235; x_wconf 87' lang='lat' dir='ltr'><strong>atque</strong></span> <span class='ocrx_word' id='word_1_144' title='bbox 606 2164 680 2219; x_wconf 86' lang='lat' dir='ltr'><strong>ait</strong></span> <span class='ocrx_word' id='word_1_145' title='bbox 709 2182 722 2217; x_wconf 95' lang='lat'>:</span> <span class='ocrx_word' id='word_1_146' title='bbox 759 2163 823 2217; x_wconf 85' lang='lat' dir='ltr'><strong>Et</strong></span> <span class='ocrx_word' id='word_1_147' title='bbox 849 2164 1043 2217; x_wconf 64' lang='lat' dir='ltr'><strong>caeteris</strong></span> <span class='ocrx_word' id='word_1_148' title='bbox 1069 2161 1229 2215; x_wconf 82' lang='lat' dir='ltr'><strong>verbis</strong></span> <span class='ocrx_word' id='word_1_149' title='bbox 1260 2159 1489 2232; x_wconf 80' lang='lat' dir='ltr'><strong>pluribus</strong></span> <span class='ocrx_word' id='word_1_150' title='bbox 1518 2160 1825 2229; x_wconf 67' lang='lat' dir='ltr'><strong>testiﬁcabao</strong></span> 
     </span>
    </p>
   </div>
   <div class='ocr_carea' id='block_1_21' title="bbox 241 2253 1827 2328">
    <p class='ocr_par' dir='ltr' id='par_1_21' title="bbox 241 2253 1827 2328">
     <span class='ocr_line' id='line_1_21' title="bbox 241 2253 1827 2328; baseline -0.002 -18"><span class='ocrx_word' id='word_1_151' title='bbox 241 2269 335 2324; x_wconf 86' lang='lat' dir='ltr'><strong>tur,</strong></span> <span class='ocrx_word' id='word_1_152' title='bbox 365 2258 569 2325; x_wconf 86' lang='lat' dir='ltr'><strong>dicens,</strong></span> <span class='ocrx_word' id='word_1_153' title='bbox 599 2256 799 2328; x_wconf 88' lang='lat' dir='ltr'><strong>Eripite</strong></span> <span class='ocrx_word' id='word_1_154' title='bbox 838 2273 924 2310; x_wconf 89' lang='lat' dir='ltr'><strong>vos</strong></span> <span class='ocrx_word' id='word_1_155' title='bbox 970 2273 999 2309; x_wconf 91' lang='lat' dir='ltr'><strong>a</strong></span> <span class='ocrx_word' id='word_1_156' title='bbox 1038 2255 1224 2309; x_wconf 64' lang='lat' dir='ltr'><strong>saeculo</strong></span> <span class='ocrx_word' id='word_1_157' title='bbox 1271 2255 1366 2307; x_wconf 89' lang='lat' dir='ltr'><strong>hoc</strong></span> <span class='ocrx_word' id='word_1_158' title='bbox 1414 2268 1591 2323; x_wconf 86' lang='lat' dir='ltr'><strong>pravo.</strong></span> <span class='ocrx_word' id='word_1_159' title='bbox 1644 2253 1706 2306; x_wconf 82' lang='lat' dir='ltr'><strong>At</strong></span> <span class='ocrx_word' id='word_1_160' title='bbox 1749 2254 1827 2307; x_wconf 85' lang='lat' dir='ltr'><strong>illi</strong></span> 
     </span>
    </p>
   </div>
   <div class='ocr_carea' id='block_1_22' title="bbox 240 2347 1823 2423">
    <p class='ocr_par' dir='ltr' id='par_1_22' title="bbox 240 2347 1823 2423">
     <span class='ocr_line' id='line_1_22' title="bbox 240 2347 1823 2423; baseline -0.002 -20"><span class='ocrx_word' id='word_1_161' title='bbox 240 2352 514 2405; x_wconf 79' lang='lat' dir='ltr'><strong>avidissime</strong></span> <span class='ocrx_word' id='word_1_162' title='bbox 539 2350 798 2420; x_wconf 81' lang='lat' dir='ltr'><strong>capientes</strong></span> <span class='ocrx_word' id='word_1_163' title='bbox 827 2357 1127 2419; x_wconf 70' lang='lat' dir='ltr'><strong>exceperunt</strong></span> <span class='ocrx_word' id='word_1_164' title='bbox 1165 2347 1335 2413; x_wconf 88' lang='lat' dir='ltr'><strong>verba,</strong></span> <span class='ocrx_word' id='word_1_165' title='bbox 1383 2356 1431 2401; x_wconf 83' lang='lat' dir='ltr'><strong>et</strong></span> <span class='ocrx_word' id='word_1_166' title='bbox 1472 2347 1823 2423; x_wconf 85' lang='lat' dir='ltr'><strong>crediderunt,</strong></span> 
     </span>
    </p>
   </div>
   <div class='ocr_carea' id='block_1_23' title="bbox 241 2438 1828 2511">
    <p class='ocr_par' dir='ltr' id='par_1_23' title="bbox 241 2438 1828 2511">
     <span class='ocr_line' id='line_1_23' title="bbox 241 2438 1828 2511; baseline -0.003 -16"><span class='ocrx_word' id='word_1_167' title='bbox 241 2452 285 2495; x_wconf 85' lang='lat' dir='ltr'><strong>et</strong></span> <span class='ocrx_word' id='word_1_168' title='bbox 319 2442 553 2511; x_wconf 74' lang='lat' dir='ltr'><strong>baptisati</strong></span> <span class='ocrx_word' id='word_1_169' title='bbox 580 2450 747 2506; x_wconf 85' lang='lat' dir='ltr'><strong>sunt;</strong></span> <span class='ocrx_word' id='word_1_170' title='bbox 796 2450 842 2496; x_wconf 87' lang='lat' dir='ltr'><strong>et</strong></span> <span class='ocrx_word' id='word_1_171' title='bbox 887 2441 1100 2510; x_wconf 67' lang='lat' dir='ltr'><strong>adjectae</strong></span> <span class='ocrx_word' id='word_1_172' title='bbox 1140 2447 1256 2493; x_wconf 86' lang='lat' dir='ltr'><strong>sunt</strong></span> <span class='ocrx_word' id='word_1_173' title='bbox 1298 2438 1390 2492; x_wconf 87' lang='lat' dir='ltr'><strong>illa</strong></span> <span class='ocrx_word' id='word_1_174' title='bbox 1418 2438 1499 2492; x_wconf 89' lang='lat' dir='ltr'><strong>die</strong></span> <span class='ocrx_word' id='word_1_175' title='bbox 1544 2439 1642 2491; x_wconf 88' lang='lat' dir='ltr'><strong>tria</strong></span> <span class='ocrx_word' id='word_1_176' title='bbox 1667 2438 1828 2491; x_wconf 86' lang='lat' dir='ltr'><strong>miliia</strong></span> 
     </span>
    </p>
   </div>
   <div class='ocr_carea' id='block_1_24' title="bbox 241 2528 1827 2607">
    <p class='ocr_par' dir='ltr' id='par_1_24' title="bbox 241 2528 1827 2607">
     <span class='ocr_line' id='line_1_24' title="bbox 241 2528 1827 2607; baseline -0.002 -21"><span class='ocrx_word' id='word_1_177' title='bbox 241 2534 415 2588; x_wconf 69' lang='lat' dir='ltr'><strong>animi:</strong></span> <span class='ocrx_word' id='word_1_178' title='bbox 441 2534 579 2607; x_wconf 79' lang='lat' dir='ltr'><strong>(Act.</strong></span> <span class='ocrx_word' id='word_1_179' title='bbox 623 2550 691 2600; x_wconf 85' lang='lat' dir='ltr'><strong>tt,</strong></span> <span class='ocrx_word' id='word_1_180' title='bbox 737 2532 947 2604; x_wconf 69' lang='lat'><strong>58-“).</strong></span> <span class='ocrx_word' id='word_1_181' title='bbox 978 2531 1107 2599; x_wconf 85' lang='lat' dir='ltr'><strong>Quis</strong></span> <span class='ocrx_word' id='word_1_182' title='bbox 1140 2530 1225 2585; x_wconf 92' lang='lat' dir='ltr'><strong>hic</strong></span> <span class='ocrx_word' id='word_1_183' title='bbox 1252 2546 1359 2584; x_wconf 92' lang='lat' dir='ltr'><strong>non</strong></span> <span class='ocrx_word' id='word_1_184' title='bbox 1389 2528 1681 2599; x_wconf 87' lang='lat' dir='ltr'><strong>intelligat,</strong></span> <span class='ocrx_word' id='word_1_185' title='bbox 1720 2543 1827 2583; x_wconf 75' lang='lat' dir='ltr'><strong>ca:—</strong></span> 
     </span>
    </p>
   </div>
   <div class='ocr_carea' id='block_1_25' title="bbox 243 2619 1827 2696">
    <p class='ocr_par' dir='ltr' id='par_1_25' title="bbox 243 2619 1827 2696">
     <span class='ocr_line' id='line_1_25' title="bbox 243 2619 1827 2696; baseline -0.004 -16"><span class='ocrx_word' id='word_1_186' title='bbox 243 2628 366 2680; x_wconf 88' lang='lat' dir='ltr'><strong>teris</strong></span> <span class='ocrx_word' id='word_1_187' title='bbox 392 2626 636 2696; x_wconf 87' lang='lat' dir='ltr'><strong>pluribus</strong></span> <span class='ocrx_word' id='word_1_188' title='bbox 665 2624 840 2680; x_wconf 85' lang='lat' dir='ltr'><strong>verbis</strong></span> <span class='ocrx_word' id='word_1_189' title='bbox 862 2664 878 2689; x_wconf 94' lang='lat'><strong>,</strong></span> <span class='ocrx_word' id='word_1_190' title='bbox 910 2640 1028 2694; x_wconf 83' lang='lat' dir='ltr'><strong>quae</strong></span> <span class='ocrx_word' id='word_1_191' title='bbox 1055 2639 1084 2677; x_wconf 91' lang='lat' dir='ltr'><strong>a</strong></span> <span class='ocrx_word' id='word_1_192' title='bbox 1112 2621 1375 2692; x_wconf 89' lang='lat' dir='ltr'><strong>scriptore</strong></span> <span class='ocrx_word' id='word_1_193' title='bbox 1406 2630 1625 2691; x_wconf 88' lang='lat' dir='ltr'><strong>propter</strong></span> <span class='ocrx_word' id='word_1_194' title='bbox 1655 2619 1827 2691; x_wconf 87' lang='lat' dir='ltr'><strong>longi-</strong></span> 
     </span>
    </p>
   </div>
   <div class='ocr_carea' id='block_1_26' title="bbox 245 2712 1829 2786">
    <p class='ocr_par' dir='ltr' id='par_1_26' title="bbox 245 2712 1829 2786">
     <span class='ocr_line' id='line_1_26' title="bbox 245 2712 1829 2786; baseline -0.004 -14"><span class='ocrx_word' id='word_1_195' title='bbox 245 2718 471 2773; x_wconf 85' lang='lat' dir='ltr'><strong>tudinem</strong></span> <span class='ocrx_word' id='word_1_196' title='bbox 502 2719 819 2781; x_wconf 86' lang='lat' dir='ltr'><strong>reticentur,</strong></span> <span class='ocrx_word' id='word_1_197' title='bbox 866 2715 917 2770; x_wconf 89' lang='lat' dir='ltr'><strong>id</strong></span> <span class='ocrx_word' id='word_1_198' title='bbox 965 2716 1139 2786; x_wconf 78' lang='lat' dir='ltr'><strong>egisse</strong></span> <span class='ocrx_word' id='word_1_199' title='bbox 1183 2714 1403 2769; x_wconf 89' lang='lat' dir='ltr'><strong>Petrum</strong></span> <span class='ocrx_word' id='word_1_200' title='bbox 1424 2753 1439 2780; x_wconf 92' lang='lat'><strong>,</strong></span> <span class='ocrx_word' id='word_1_201' title='bbox 1472 2721 1531 2767; x_wconf 90' lang='lat' dir='ltr'><strong>ut</strong></span> <span class='ocrx_word' id='word_1_202' title='bbox 1556 2712 1829 2782; x_wconf 91' lang='lat' dir='ltr'><strong>eriperent</strong></span> 
     </span>
    </p>
   </div>
   <div class='ocr_carea' id='block_1_27' title="bbox 246 2804 1827 2878">
    <p class='ocr_par' dir='ltr' id='par_1_27' title="bbox 246 2804 1827 2878">
     <span class='ocr_line' id='line_1_27' title="bbox 246 2804 1827 2878; baseline -0.005 -13"><span class='ocrx_word' id='word_1_203' title='bbox 246 2824 303 2865; x_wconf 86' lang='lat' dir='ltr'><strong>se</strong></span> <span class='ocrx_word' id='word_1_204' title='bbox 325 2809 389 2863; x_wconf 87' lang='lat' dir='ltr'><strong>ab</strong></span> <span class='ocrx_word' id='word_1_205' title='bbox 412 2808 509 2863; x_wconf 91' lang='lat' dir='ltr'><strong>hoc</strong></span> <span class='ocrx_word' id='word_1_206' title='bbox 533 2808 736 2864; x_wconf 73' lang='lat' dir='ltr'><strong>sceculo</strong></span> <span class='ocrx_word' id='word_1_207' title='bbox 762 2822 960 2878; x_wconf 91' lang='lat' dir='ltr'><strong>pravo;</strong></span> <span class='ocrx_word' id='word_1_208' title='bbox 991 2804 1423 2878; x_wconf 90' lang='lat' dir='ltr'><strong>quandoquidem</strong></span> <span class='ocrx_word' id='word_1_209' title='bbox 1452 2804 1567 2874; x_wconf 92' lang='lat' dir='ltr'><strong>ipsa</strong></span> <span class='ocrx_word' id='word_1_210' title='bbox 1607 2813 1827 2859; x_wconf 84' lang='lat' dir='ltr'><strong>senten-</strong></span> 
     </span>
    </p>
   </div>
   <div class='ocr_carea' id='block_1_28' title="bbox 244 2896 1829 2969">
    <p class='ocr_par' dir='ltr' id='par_1_28' title="bbox 244 2896 1829 2969">
     <span class='ocr_line' id='line_1_28' title="bbox 244 2896 1829 2969; baseline -0.001 -16"><span class='ocrx_word' id='word_1_211' title='bbox 244 2900 314 2953; x_wconf 85' lang='lat' dir='ltr'><strong>tia</strong></span> <span class='ocrx_word' id='word_1_212' title='bbox 343 2900 570 2955; x_wconf 80' lang='lat' dir='ltr'><strong>breviter</strong></span> <span class='ocrx_word' id='word_1_213' title='bbox 598 2899 764 2954; x_wconf 89' lang='lat' dir='ltr'><strong>indita</strong></span> <span class='ocrx_word' id='word_1_214' title='bbox 804 2908 917 2964; x_wconf 85' lang='lat' dir='ltr'><strong>est,</strong></span> <span class='ocrx_word' id='word_1_215' title='bbox 949 2899 1035 2954; x_wconf 92' lang='lat' dir='ltr'><strong>cui</strong></span> <span class='ocrx_word' id='word_1_216' title='bbox 1069 2896 1453 2969; x_wconf 75' lang='lat' dir='ltr'><strong>persuadenda:</strong></span> <span class='ocrx_word' id='word_1_217' title='bbox 1482 2896 1662 2951; x_wconf 85' lang='lat' dir='ltr'><strong>verbis</strong></span> <span class='ocrx_word' id='word_1_218' title='bbox 1706 2898 1829 2966; x_wconf 90' lang='lat' dir='ltr'><strong>plu-</strong></span> 
     </span>
    </p>
   </div>
   <div class='ocr_carea' id='block_1_29' title="bbox 246 2987 1831 3059">
    <p class='ocr_par' dir='ltr' id='par_1_29' title="bbox 246 2987 1831 3059">
     <span class='ocr_line' id='line_1_29' title="bbox 246 2987 1831 3059; baseline -0.001 -15"><span class='ocrx_word' id='word_1_219' title='bbox 246 2990 382 3045; x_wconf 89' lang='lat' dir='ltr'><strong>ribus</strong></span> <span class='ocrx_word' id='word_1_220' title='bbox 408 2990 599 3046; x_wconf 87' lang='lat' dir='ltr'><strong>Petrus</strong></span> <span class='ocrx_word' id='word_1_221' title='bbox 628 2988 878 3045; x_wconf 87' lang='lat' dir='ltr'><strong>instabat.</strong></span> <span class='ocrx_word' id='word_1_222' title='bbox 911 2988 1028 3059; x_wconf 85' lang='lat' dir='ltr'><strong>Ipsa</strong></span> <span class='ocrx_word' id='word_1_223' title='bbox 1050 2987 1248 3058; x_wconf 86' lang='lat' dir='ltr'><strong>quippe</strong></span> <span class='ocrx_word' id='word_1_224' title='bbox 1274 3002 1483 3042; x_wconf 90' lang='lat' dir='ltr'><strong>summa</strong></span> <span class='ocrx_word' id='word_1_225' title='bbox 1513 2987 1683 3057; x_wconf 90' lang='lat' dir='ltr'><strong>posita</strong></span> <span class='ocrx_word' id='word_1_226' title='bbox 1713 2997 1794 3042; x_wconf 86' lang='lat' dir='ltr'><strong>est</strong></span> <span class='ocrx_word' id='word_1_227' title='bbox 1812 3028 1831 3057; x_wconf 91' lang='lat'><strong>,</strong></span> 
     </span>
    </p>
   </div>
   <div class='ocr_carea' id='block_1_30' title="bbox 245 3079 1831 3169">
    <p class='ocr_par' dir='ltr' id='par_1_30' title="bbox 245 3079 1831 3169">
     <span class='ocr_line' id='line_1_30' title="bbox 245 3079 1831 3169; baseline 0 -35"><span class='ocrx_word' id='word_1_228' title='bbox 245 3099 358 3137; x_wconf 74' lang='lat' dir='ltr'><strong>eum</strong></span> <span class='ocrx_word' id='word_1_229' title='bbox 385 3084 585 3138; x_wconf 88' lang='lat' dir='ltr'><strong>dictum</strong></span> <span class='ocrx_word' id='word_1_230' title='bbox 616 3091 700 3139; x_wconf 83' lang='lat' dir='ltr'><strong>est</strong></span> <span class='ocrx_word' id='word_1_231' title='bbox 718 3122 735 3149; x_wconf 91' lang='lat'><strong>,</strong></span> <span class='ocrx_word' id='word_1_232' title='bbox 763 3081 963 3151; x_wconf 83' lang='lat' dir='ltr'><strong>Eripite</strong></span> <span class='ocrx_word' id='word_1_233' title='bbox 989 3097 1075 3135; x_wconf 86' lang='lat' dir='ltr'><strong>vos</strong></span> <span class='ocrx_word' id='word_1_234' title='bbox 1100 3098 1132 3133; x_wconf 92' lang='lat' dir='ltr'><strong>a</strong></span> <span class='ocrx_word' id='word_1_235' title='bbox 1157 3079 1345 3135; x_wconf 65' lang='lat' dir='ltr'><strong>saeculo</strong></span> <span class='ocrx_word' id='word_1_236' title='bbox 1368 3079 1463 3134; x_wconf 87' lang='lat' dir='ltr'><strong>hoc</strong></span> <span class='ocrx_word' id='word_1_237' title='bbox 1494 3095 1670 3169; x_wconf 81' lang='lat' dir='ltr'><strong>pravo.</strong></span> <span class='ocrx_word' id='word_1_238' title='bbox 1697 3079 1831 3134; x_wconf 81' lang='lat' dir='ltr'><strong>Ver-</strong></span> 
     </span>
    </p>
   </div>
   <div class='ocr_carea' id='block_1_31' title="bbox 246 3174 1835 3249">
    <p class='ocr_par' dir='ltr' id='par_1_31' title="bbox 246 3174 1835 3249">
     <span class='ocr_line' id='line_1_31' title="bbox 246 3174 1835 3249; baseline 0 -20"><span class='ocrx_word' id='word_1_239' title='bbox 246 3175 324 3232; x_wconf 88' lang='lat' dir='ltr'><strong>bis</strong></span> <span class='ocrx_word' id='word_1_240' title='bbox 370 3186 553 3232; x_wconf 90' lang='lat' dir='ltr'><strong>autem</strong></span> <span class='ocrx_word' id='word_1_241' title='bbox 609 3176 887 3246; x_wconf 87' lang='lat' dir='ltr'><strong>pluribus,</strong></span> <span class='ocrx_word' id='word_1_242' title='bbox 936 3184 993 3228; x_wconf 85' lang='lat' dir='ltr'><strong>ut</strong></span> <span class='ocrx_word' id='word_1_243' title='bbox 1055 3174 1159 3229; x_wconf 89' lang='lat' dir='ltr'><strong>hoc</strong></span> <span class='ocrx_word' id='word_1_244' title='bbox 1217 3174 1403 3249; x_wconf 84' lang='lat' dir='ltr'><strong>ﬁeret,</strong></span> <span class='ocrx_word' id='word_1_245' title='bbox 1454 3174 1835 3229; x_wconf 76' lang='lat' dir='ltr'><strong>testiﬁcabatnr</strong></span> 
     </span>
    </p>
   </div>
   <div class='ocr_carea' id='block_1_32' title="bbox 247 3266 1832 3336">
    <p class='ocr_par' dir='ltr' id='par_1_32' title="bbox 247 3266 1832 3336">
     <span class='ocr_line' id='line_1_32' title="bbox 247 3266 1832 3336; baseline 0 -15"><span class='ocrx_word' id='word_1_246' title='bbox 247 3266 447 3321; x_wconf 74' lang='lat' dir='ltr'><strong>Petrus.</strong></span> <span class='ocrx_word' id='word_1_247' title='bbox 481 3268 546 3323; x_wconf 86' lang='lat' dir='ltr'><strong>In</strong></span> <span class='ocrx_word' id='word_1_248' title='bbox 575 3268 657 3322; x_wconf 91' lang='lat' dir='ltr'><strong>his</strong></span> <span class='ocrx_word' id='word_1_249' title='bbox 684 3266 862 3323; x_wconf 85' lang='lat' dir='ltr'><strong>verbis</strong></span> <span class='ocrx_word' id='word_1_250' title='bbox 905 3277 1019 3321; x_wconf 88' lang='lat' dir='ltr'><strong>erat</strong></span> <span class='ocrx_word' id='word_1_251' title='bbox 1049 3275 1381 3321; x_wconf 88' lang='lat' dir='ltr'><strong>mortuorum</strong></span> <span class='ocrx_word' id='word_1_252' title='bbox 1424 3281 1649 3336; x_wconf 83' lang='lat' dir='ltr'><strong>cperam</strong></span> <span class='ocrx_word' id='word_1_253' title='bbox 1699 3282 1832 3322; x_wconf 88' lang='lat' dir='ltr'><strong>con-</strong></span> 
     </span>
    </p>
   </div>
   <div class='ocr_carea' id='block_1_33' title="bbox 245 3355 1834 3428">
    <p class='ocr_par' dir='ltr' id='par_1_33' title="bbox 245 3355 1834 3428">
     <span class='ocr_line' id='line_1_33' title="bbox 245 3355 1834 3428; baseline 0 -17"><span class='ocrx_word' id='word_1_254' title='bbox 245 3356 502 3412; x_wconf 89' lang='lat' dir='ltr'><strong>demnatio</strong></span> <span class='ocrx_word' id='word_1_255' title='bbox 523 3400 545 3425; x_wconf 91' lang='lat'><strong>,</strong></span> <span class='ocrx_word' id='word_1_256' title='bbox 577 3372 695 3428; x_wconf 75' lang='lat' dir='ltr'><strong>qua:</strong></span> <span class='ocrx_word' id='word_1_257' title='bbox 723 3357 965 3427; x_wconf 86' lang='lat' dir='ltr'><strong>nequiter</strong></span> <span class='ocrx_word' id='word_1_258' title='bbox 993 3366 1156 3426; x_wconf 88' lang='lat' dir='ltr'><strong>agunt</strong></span> <span class='ocrx_word' id='word_1_259' title='bbox 1184 3356 1339 3426; x_wconf 87' lang='lat' dir='ltr'><strong>hujus</strong></span> <span class='ocrx_word' id='word_1_260' title='bbox 1383 3356 1564 3410; x_wconf 71' lang='lat' dir='ltr'><strong>sazcnli</strong></span> <span class='ocrx_word' id='word_1_261' title='bbox 1605 3355 1834 3411; x_wconf 85' lang='lat' dir='ltr'><strong>dilecto-</strong></span> 
     </span>
    </p>
   </div>
   <div class='ocr_carea' id='block_1_34' title="bbox 250 3447 1836 3518">
    <p class='ocr_par' dir='ltr' id='par_1_34' title="bbox 250 3447 1836 3518">
     <span class='ocr_line' id='line_1_34' title="bbox 250 3447 1836 3518; baseline 0.002 -18"><span class='ocrx_word' id='word_1_262' title='bbox 250 3464 335 3503; x_wconf 83' lang='lat' dir='ltr'><strong>res</strong></span> <span class='ocrx_word' id='word_1_263' title='bbox 357 3491 369 3511; x_wconf 92' lang='lat'><strong>,</strong></span> <span class='ocrx_word' id='word_1_264' title='bbox 394 3458 444 3503; x_wconf 89' lang='lat' dir='ltr'><strong>el</strong></span> <span class='ocrx_word' id='word_1_265' title='bbox 469 3447 871 3503; x_wconf 86' lang='lat' dir='ltr'><strong>commendatio</strong></span> <span class='ocrx_word' id='word_1_266' title='bbox 892 3448 1013 3501; x_wconf 74' lang='lat' dir='ltr'><strong>vita:</strong></span> <span class='ocrx_word' id='word_1_267' title='bbox 1042 3448 1216 3515; x_wconf 74' lang='lat' dir='ltr'><strong>boum,</strong></span> <span class='ocrx_word' id='word_1_268' title='bbox 1245 3463 1404 3517; x_wconf 88' lang='lat' dir='ltr'><strong>quam</strong></span> <span class='ocrx_word' id='word_1_269' title='bbox 1434 3456 1649 3502; x_wconf 88' lang='lat' dir='ltr'><strong>teneant</strong></span> <span class='ocrx_word' id='word_1_270' title='bbox 1677 3458 1836 3518; x_wconf 88' lang='lat' dir='ltr'><strong>atque</strong></span> 
     </span>
    </p>
   </div>
   <div class='ocr_carea' id='block_1_35' title="bbox 256 3537 1837 3610">
    <p class='ocr_par' dir='ltr' id='par_1_35' title="bbox 256 3537 1837 3610">
     <span class='ocr_line' id='line_1_35' title="bbox 256 3537 1837 3610; baseline 0 -17"><span class='ocrx_word' id='word_1_271' title='bbox 256 3549 519 3594; x_wconf 87' lang='lat' dir='ltr'><strong>sectentur</strong></span> <span class='ocrx_word' id='word_1_272' title='bbox 555 3540 730 3610; x_wconf 88' lang='lat' dir='ltr'><strong>quise</strong></span> <span class='ocrx_word' id='word_1_273' title='bbox 768 3537 836 3593; x_wconf 89' lang='lat' dir='ltr'><strong>ab</strong></span> <span class='ocrx_word' id='word_1_274' title='bbox 878 3540 979 3593; x_wconf 91' lang='lat' dir='ltr'><strong>hoc</strong></span> <span class='ocrx_word' id='word_1_275' title='bbox 1012 3553 1177 3608; x_wconf 85' lang='lat' dir='ltr'><strong>pravo</strong></span> <span class='ocrx_word' id='word_1_276' title='bbox 1203 3539 1400 3593; x_wconf 64' lang='lat' dir='ltr'><strong>saeculo</strong></span> <span class='ocrx_word' id='word_1_277' title='bbox 1438 3538 1689 3609; x_wconf 91' lang='lat' dir='ltr'><strong>eripiunt.</strong></span> <span class='ocrx_word' id='word_1_278' title='bbox 1720 3538 1837 3594; x_wconf 83' lang='lat' dir='ltr'><strong>Jam</strong></span> 
     </span>
    </p>
   </div>
   <div class='ocr_carea' id='block_1_36' title="bbox 256 3628 1837 3700">
    <p class='ocr_par' dir='ltr' id='par_1_36' title="bbox 256 3628 1837 3700">
     <span class='ocr_line' id='line_1_36' title="bbox 256 3628 1837 3700; baseline 0.001 -18"><span class='ocrx_word' id='word_1_279' title='bbox 256 3628 426 3700; x_wconf 85' lang='lat' dir='ltr'><strong>itaque</strong></span> <span class='ocrx_word' id='word_1_280' title='bbox 450 3672 463 3694; x_wconf 90' lang='lat'><strong>,</strong></span> <span class='ocrx_word' id='word_1_281' title='bbox 495 3630 543 3683; x_wconf 88' lang='lat' dir='ltr'><strong>si</strong></span> <span class='ocrx_word' id='word_1_282' title='bbox 596 3630 799 3699; x_wconf 88' lang='lat' dir='ltr'><strong>placet,</strong></span> <span class='ocrx_word' id='word_1_283' title='bbox 849 3629 1117 3683; x_wconf 74' lang='lat' dir='ltr'><strong>afﬁrmare</strong></span> <span class='ocrx_word' id='word_1_284' title='bbox 1160 3638 1445 3696; x_wconf 84' lang='lat' dir='ltr'><strong>conentur,</strong></span> <span class='ocrx_word' id='word_1_285' title='bbox 1495 3644 1616 3684; x_wconf 91' lang='lat' dir='ltr'><strong>eum</strong></span> <span class='ocrx_word' id='word_1_286' title='bbox 1645 3644 1702 3684; x_wconf 90' lang='lat' dir='ltr'><strong>se</strong></span> <span class='ocrx_word' id='word_1_287' title='bbox 1727 3630 1837 3684; x_wconf 85' lang='lat' dir='ltr'><strong>eri-</strong></span> 
     </span>
    </p>
   </div>
   <div class='ocr_carea' id='block_1_37' title="bbox 247 3719 1837 3790">
    <p class='ocr_par' dir='ltr' id='par_1_37' title="bbox 247 3719 1837 3790">
     <span class='ocr_line' id='line_1_37' title="bbox 247 3719 1837 3790; baseline 0.003 -19"><span class='ocrx_word' id='word_1_288' title='bbox 247 3732 367 3790; x_wconf 85' lang='lat' dir='ltr'><strong>pere</strong></span> <span class='ocrx_word' id='word_1_289' title='bbox 394 3720 458 3773; x_wconf 87' lang='lat' dir='ltr'><strong>ah</strong></span> <span class='ocrx_word' id='word_1_290' title='bbox 488 3719 594 3774; x_wconf 88' lang='lat' dir='ltr'><strong>hoc</strong></span> <span class='ocrx_word' id='word_1_291' title='bbox 628 3720 824 3773; x_wconf 65' lang='lat' dir='ltr'><strong>saeculo</strong></span> <span class='ocrx_word' id='word_1_292' title='bbox 854 3736 1016 3789; x_wconf 87' lang='lat' dir='ltr'><strong>pravo</strong></span> <span class='ocrx_word' id='word_1_293' title='bbox 1037 3761 1051 3783; x_wconf 93' lang='lat'><strong>,</strong></span> <span class='ocrx_word' id='word_1_294' title='bbox 1080 3720 1170 3790; x_wconf 92' lang='lat' dir='ltr'><strong>qui</strong></span> <span class='ocrx_word' id='word_1_295' title='bbox 1196 3719 1562 3774; x_wconf 91' lang='lat' dir='ltr'><strong>tantummodo</strong></span> <span class='ocrx_word' id='word_1_296' title='bbox 1582 3721 1754 3776; x_wconf 88' lang='lat' dir='ltr'><strong>credit</strong></span> <span class='ocrx_word' id='word_1_297' title='bbox 1783 3721 1837 3776; x_wconf 89' lang='lat' dir='ltr'><strong>in</strong></span> 
     </span>
    </p>
   </div>
   <div class='ocr_carea' id='block_1_38' title="bbox 248 3807 1835 3883">
    <p class='ocr_par' dir='ltr' id='par_1_38' title="bbox 248 3807 1835 3883">
     <span class='ocr_line' id='line_1_38' title="bbox 248 3807 1835 3883; baseline 0.001 -16"><span class='ocrx_word' id='word_1_298' title='bbox 248 3813 503 3867; x_wconf 87' lang='lat' dir='ltr'><strong>Christum</strong></span> <span class='ocrx_word' id='word_1_299' title='bbox 528 3856 541 3877; x_wconf 92' lang='lat'><strong>,</strong></span> <span class='ocrx_word' id='word_1_300' title='bbox 572 3812 787 3868; x_wconf 87' lang='lat' dir='ltr'><strong>etiamsi</strong></span> <span class='ocrx_word' id='word_1_301' title='bbox 829 3813 883 3866; x_wconf 93' lang='lat' dir='ltr'><strong>in</strong></span> <span class='ocrx_word' id='word_1_302' title='bbox 929 3811 1141 3882; x_wconf 83' lang='lat' dir='ltr'><strong>ﬂagitiis</strong></span> <span class='ocrx_word' id='word_1_303' title='bbox 1167 3812 1357 3882; x_wconf 85' lang='lat' dir='ltr'><strong>quibus</strong></span> <span class='ocrx_word' id='word_1_304' title='bbox 1387 3807 1619 3867; x_wconf 79' lang='lat' dir='ltr'><strong>voluerit</strong></span> <span class='ocrx_word' id='word_1_305' title='bbox 1647 3828 1835 3883; x_wconf 85' lang='lat' dir='ltr'><strong>perse-</strong></span> 
     </span>
    </p>
   </div>
   <div class='ocr_carea' id='block_1_39' title="bbox 248 3901 1841 3974">
    <p class='ocr_par' dir='ltr' id='par_1_39' title="bbox 248 3901 1841 3974">
     <span class='ocr_line' id='line_1_39' title="bbox 248 3901 1841 3974; baseline 0.004 -21"><span class='ocrx_word' id='word_1_306' title='bbox 248 3914 382 3958; x_wconf 87' lang='lat' dir='ltr'><strong>veret</strong></span> <span class='ocrx_word' id='word_1_307' title='bbox 411 3920 584 3974; x_wconf 85' lang='lat' dir='ltr'><strong>usque</strong></span> <span class='ocrx_word' id='word_1_308' title='bbox 607 3902 675 3956; x_wconf 89' lang='lat' dir='ltr'><strong>ad</strong></span> <span class='ocrx_word' id='word_1_309' title='bbox 706 3903 1096 3973; x_wconf 82' lang='lat' dir='ltr'><strong>professionem</strong></span> <span class='ocrx_word' id='word_1_310' title='bbox 1119 3902 1386 3956; x_wconf 84' lang='lat' dir='ltr'><strong>adulterii.</strong></span> <span class='ocrx_word' id='word_1_311' title='bbox 1411 3901 1567 3969; x_wconf 85' lang='lat' dir='ltr'><strong>Quod</strong></span> <span class='ocrx_word' id='word_1_312' title='bbox 1593 3904 1635 3956; x_wconf 91' lang='lat' dir='ltr'><strong>si</strong></span> <span class='ocrx_word' id='word_1_313' title='bbox 1661 3904 1841 3960; x_wconf 89' lang='lat' dir='ltr'><strong>dicere</strong></span> 
     </span>
    </p>
   </div>
   <div class='ocr_carea' id='block_1_40' title="bbox 249 3993 1841 4064">
    <p class='ocr_par' dir='ltr' id='par_1_40' title="bbox 249 3993 1841 4064">
     <span class='ocr_line' id='line_1_40' title="bbox 249 3993 1841 4064; baseline 0.002 -17"><span class='ocrx_word' id='word_1_314' title='bbox 249 3994 389 4049; x_wconf 84' lang='lat' dir='ltr'><strong>nefas</strong></span> <span class='ocrx_word' id='word_1_315' title='bbox 418 4007 523 4062; x_wconf 89' lang='lat' dir='ltr'><strong>est,</strong></span> <span class='ocrx_word' id='word_1_316' title='bbox 544 3995 771 4049; x_wconf 86' lang='lat' dir='ltr'><strong>audiant</strong></span> <span class='ocrx_word' id='word_1_317' title='bbox 796 3994 1094 4064; x_wconf 81' lang='lat' dir='ltr'><strong>baplilandi</strong></span> <span class='ocrx_word' id='word_1_318' title='bbox 1126 4009 1230 4047; x_wconf 91' lang='lat' dir='ltr'><strong>non</strong></span> <span class='ocrx_word' id='word_1_319' title='bbox 1261 3993 1434 4048; x_wconf 91' lang='lat' dir='ltr'><strong>solum</strong></span> <span class='ocrx_word' id='word_1_320' title='bbox 1463 3993 1587 4063; x_wconf 91' lang='lat' dir='ltr'><strong>quid</strong></span> <span class='ocrx_word' id='word_1_321' title='bbox 1620 3994 1841 4051; x_wconf 90' lang='lat' dir='ltr'><strong>credere</strong></span> 
     </span>
    </p>
   </div>
   <div class='ocr_carea' id='block_1_41' title="bbox 249 4088 1842 4160">
    <p class='ocr_par' dir='ltr' id='par_1_41' title="bbox 249 4088 1842 4160">
     <span class='ocr_line' id='line_1_41' title="bbox 249 4088 1842 4160; baseline 0.001 -18"><span class='ocrx_word' id='word_1_322' title='bbox 249 4088 512 4156; x_wconf 84' lang='lat' dir='ltr'><strong>debeant,</strong></span> <span class='ocrx_word' id='word_1_323' title='bbox 546 4088 645 4143; x_wconf 87' lang='lat' dir='ltr'><strong>sed</strong></span> <span class='ocrx_word' id='word_1_324' title='bbox 671 4090 831 4143; x_wconf 90' lang='lat' dir='ltr'><strong>etiam</strong></span> <span class='ocrx_word' id='word_1_325' title='bbox 864 4088 1316 4157; x_wconf 84' lang='lat' dir='ltr'><strong>quemadmodum</strong></span> <span class='ocrx_word' id='word_1_326' title='bbox 1346 4104 1405 4145; x_wconf 86' lang='lat' dir='ltr'><strong>se</strong></span> <span class='ocrx_word' id='word_1_327' title='bbox 1433 4090 1501 4145; x_wconf 81' lang='lat' dir='ltr'><strong>ab</strong></span> <span class='ocrx_word' id='word_1_328' title='bbox 1545 4089 1647 4145; x_wconf 89' lang='lat' dir='ltr'><strong>hoc</strong></span> <span class='ocrx_word' id='word_1_329' title='bbox 1679 4104 1842 4160; x_wconf 85' lang='lat' dir='ltr'><strong>pravo</strong></span> 
     </span>
    </p>
   </div>
   <div class='ocr_carea' id='block_1_42' title="bbox 246 4178 1841 4251">
    <p class='ocr_par' dir='ltr' id='par_1_42' title="bbox 246 4178 1841 4251">
     <span class='ocr_line' id='line_1_42' title="bbox 246 4178 1841 4251; baseline 0.001 -18"><span class='ocrx_word' id='word_1_330' title='bbox 246 4180 435 4233; x_wconf 74' lang='lat' dir='ltr'><strong>szcculo</strong></span> <span class='ocrx_word' id='word_1_331' title='bbox 457 4178 713 4249; x_wconf 82' lang='lat' dir='ltr'><strong>eripiant.</strong></span> <span class='ocrx_word' id='word_1_332' title='bbox 732 4178 808 4232; x_wconf 88' lang='lat' dir='ltr'><strong>lbi</strong></span> <span class='ocrx_word' id='word_1_333' title='bbox 829 4178 973 4233; x_wconf 90' lang='lat' dir='ltr'><strong>enim</strong></span> <span class='ocrx_word' id='word_1_334' title='bbox 997 4193 1216 4233; x_wconf 88' lang='lat' dir='ltr'><strong>necesse</strong></span> <span class='ocrx_word' id='word_1_335' title='bbox 1238 4186 1321 4233; x_wconf 90' lang='lat' dir='ltr'><strong>est</strong></span> <span class='ocrx_word' id='word_1_336' title='bbox 1344 4179 1631 4235; x_wconf 87' lang='lat' dir='ltr'><strong>utaudiant</strong></span> <span class='ocrx_word' id='word_1_337' title='bbox 1649 4196 1841 4251; x_wconf 91' lang='lat' dir='ltr'><strong>quem-</strong></span> 
     </span>
    </p>
   </div>
   <div class='ocr_carea' id='block_1_43' title="bbox 246 4268 1349 4324">
    <p class='ocr_par' dir='ltr' id='par_1_43' title="bbox 246 4268 1349 4324">
     <span class='ocr_line' id='line_1_43' title="bbox 246 4268 1349 4324; baseline 0.003 -3"><span class='ocrx_word' id='word_1_338' title='bbox 246 4268 527 4324; x_wconf 85' lang='lat' dir='ltr'><strong>admodum</strong></span> <span class='ocrx_word' id='word_1_339' title='bbox 569 4268 859 4324; x_wconf 89' lang='lat' dir='ltr'><strong>credentes</strong></span> <span class='ocrx_word' id='word_1_340' title='bbox 891 4269 1071 4324; x_wconf 82' lang='lat' dir='ltr'><strong>vivere</strong></span> <span class='ocrx_word' id='word_1_341' title='bbox 1101 4268 1349 4324; x_wconf 89' lang='lat' dir='ltr'><strong>debeant.</strong></span> 
     </span>
    </p>
   </div>
   <div class='ocr_carea' id='block_1_44' title="bbox 314 4361 1843 4435">
    <p class='ocr_par' dir='ltr' id='par_1_44' title="bbox 314 4361 1843 4435">
     <span class='ocr_line' id='line_1_44' title="bbox 314 4361 1843 4435; baseline 0 -18"><span class='ocrx_word' id='word_1_342' title='bbox 314 4362 541 4420; x_wconf 82' lang='lat' dir='ltr'><strong>CAPUT</strong></span> <span class='ocrx_word' id='word_1_343' title='bbox 576 4361 673 4417; x_wconf 77' lang='lat' dir='ltr'><strong>IX.</strong></span> <span class='ocrx_word' id='word_1_344' title='bbox 693 4392 763 4402; x_wconf 90' lang='lat'><strong>—</strong></span> <span class='ocrx_word' id='word_1_345' title='bbox 792 4363 877 4417; x_wconf 67' lang='lat' dir='ltr'><strong>li.</strong></span> <span class='ocrx_word' id='word_1_346' title='bbox 909 4362 1168 4433; x_wconf 88' lang='lat' dir='ltr'><strong>Spadonis</strong></span> <span class='ocrx_word' id='word_1_347' title='bbox 1194 4373 1305 4433; x_wconf 88' lang='lat' dir='ltr'><strong>post</strong></span> <span class='ocrx_word' id='word_1_348' title='bbox 1334 4363 1454 4432; x_wconf 86' lang='lat' dir='ltr'><strong>ﬁdei</strong></span> <span class='ocrx_word' id='word_1_349' title='bbox 1482 4364 1843 4435; x_wconf 78' lang='lat' dir='ltr'><strong>professionem</strong></span> 
     </span>
    </p>
   </div>
   <div class='ocr_carea' id='block_1_45' title="bbox 248 4452 1839 4527">
    <p class='ocr_par' dir='ltr' id='par_1_45' title="bbox 248 4452 1839 4527">
     <span class='ocr_line' id='line_1_45' title="bbox 248 4452 1839 4527; baseline 0.001 -18"><span class='ocrx_word' id='word_1_350' title='bbox 248 4456 407 4509; x_wconf 85' lang='lat' dir='ltr'><strong>statim</strong></span> <span class='ocrx_word' id='word_1_351' title='bbox 449 4455 703 4527; x_wconf 76' lang='lat' dir='ltr'><strong>baptizati</strong></span> <span class='ocrx_word' id='word_1_352' title='bbox 746 4454 973 4523; x_wconf 76' lang='lat' dir='ltr'><strong>exentplo</strong></span> <span class='ocrx_word' id='word_1_353' title='bbox 1006 4452 1138 4507; x_wconf 84' lang='lat' dir='ltr'><strong>male</strong></span> <span class='ocrx_word' id='word_1_354' title='bbox 1163 4456 1238 4507; x_wconf 89' lang='lat' dir='ltr'><strong>uti</strong></span> <span class='ocrx_word' id='word_1_355' title='bbox 1262 4455 1597 4510; x_wconf 85' lang='lat' dir='ltr'><strong>adversarios.</strong></span> <span class='ocrx_word' id='word_1_356' title='bbox 1621 4454 1800 4525; x_wconf 84' lang='lat' dir='ltr'><strong>Spadu</strong></span> <span class='ocrx_word' id='word_1_357' title='bbox 1823 4498 1839 4522; x_wconf 91' lang='lat'><strong>,</strong></span> 
     </span>
    </p>
   </div>
   <div class='ocr_carea' id='block_1_46' title="bbox 249 4543 1844 4617">
    <p class='ocr_par' dir='ltr' id='par_1_46' title="bbox 249 4543 1844 4617">
     <span class='ocr_line' id='line_1_46' title="bbox 249 4543 1844 4617; baseline 0.001 -18"><span class='ocrx_word' id='word_1_358' title='bbox 249 4548 483 4617; x_wconf 90' lang='lat' dir='ltr'><strong>inquiunt</strong></span> <span class='ocrx_word' id='word_1_359' title='bbox 510 4589 525 4612; x_wconf 90' lang='lat'><strong>,</strong></span> <span class='ocrx_word' id='word_1_360' title='bbox 556 4547 657 4603; x_wconf 89' lang='lat' dir='ltr'><strong>ille</strong></span> <span class='ocrx_word' id='word_1_361' title='bbox 696 4561 855 4616; x_wconf 91' lang='lat' dir='ltr'><strong>quem</strong></span> <span class='ocrx_word' id='word_1_362' title='bbox 901 4543 1179 4615; x_wconf 86' lang='lat' dir='ltr'><strong>Philippus</strong></span> <span class='ocrx_word' id='word_1_363' title='bbox 1218 4546 1533 4615; x_wconf 86' lang='lat' dir='ltr'><strong>baptizavit,</strong></span> <span class='ocrx_word' id='word_1_364' title='bbox 1562 4546 1696 4600; x_wconf 90' lang='lat' dir='ltr'><strong>nihil</strong></span> <span class='ocrx_word' id='word_1_365' title='bbox 1726 4547 1844 4617; x_wconf 88' lang='lat' dir='ltr'><strong>plus</strong></span> 
     </span>
    </p>
   </div>
   <div class='ocr_carea' id='block_1_47' title="bbox 248 4635 1843 4710">
    <p class='ocr_par' dir='ltr' id='par_1_47' title="bbox 248 4635 1843 4710">
     <span class='ocr_line' id='line_1_47' title="bbox 248 4635 1843 4710; baseline 0.001 -19"><span class='ocrx_word' id='word_1_366' title='bbox 248 4640 411 4706; x_wconf 86' lang='lat' dir='ltr'><strong>dixit,</strong></span> <span class='ocrx_word' id='word_1_367' title='bbox 442 4654 610 4710; x_wconf 86' lang='lat' dir='ltr'><strong>quam</strong></span> <span class='ocrx_word' id='word_1_368' title='bbox 638 4681 653 4706; x_wconf 92' lang='lat'><strong>,</strong></span> <span class='ocrx_word' id='word_1_369' title='bbox 683 4638 844 4692; x_wconf 81' lang='lat' dir='ltr'><strong>Credo</strong></span> <span class='ocrx_word' id='word_1_370' title='bbox 875 4636 1067 4690; x_wconf 86' lang='lat' dir='ltr'><strong>Filium</strong></span> <span class='ocrx_word' id='word_1_371' title='bbox 1090 4635 1186 4691; x_wconf 87' lang='lat' dir='ltr'><strong>Dei</strong></span> <span class='ocrx_word' id='word_1_372' title='bbox 1215 4654 1319 4691; x_wconf 90' lang='lat' dir='ltr'><strong>esse</strong></span> <span class='ocrx_word' id='word_1_373' title='bbox 1344 4636 1525 4692; x_wconf 73' lang='lat' dir='ltr'><strong>Iesum</strong></span> <span class='ocrx_word' id='word_1_374' title='bbox 1553 4637 1843 4703; x_wconf 81' lang='lat' dir='ltr'><strong>Christum;</strong></span> 
     </span>
    </p>
   </div>
   <div class='ocr_carea' id='block_1_48' title="bbox 247 4729 1842 4801">
    <p class='ocr_par' dir='ltr' id='par_1_48' title="bbox 247 4729 1842 4801">
     <span class='ocr_line' id='line_1_48' title="bbox 247 4729 1842 4801; baseline 0 -18"><span class='ocrx_word' id='word_1_375' title='bbox 247 4740 298 4783; x_wconf 89' lang='lat' dir='ltr'><strong>et</strong></span> <span class='ocrx_word' id='word_1_376' title='bbox 340 4731 393 4785; x_wconf 90' lang='lat' dir='ltr'><strong>in</strong></span> <span class='ocrx_word' id='word_1_377' title='bbox 439 4732 543 4786; x_wconf 89' lang='lat' dir='ltr'><strong>hac</strong></span> <span class='ocrx_word' id='word_1_378' title='bbox 571 4729 911 4801; x_wconf 82' lang='lat' dir='ltr'><strong>professione</strong></span> <span class='ocrx_word' id='word_1_379' title='bbox 940 4729 1195 4783; x_wconf 89' lang='lat' dir='ltr'><strong>conthmo</strong></span> <span class='ocrx_word' id='word_1_380' title='bbox 1238 4729 1536 4801; x_wconf 75' lang='lat' dir='ltr'><strong>baptizatus</strong></span> <span class='ocrx_word' id='word_1_381' title='bbox 1577 4738 1679 4785; x_wconf 86' lang='lat' dir='ltr'><strong>est.</strong></span> <span class='ocrx_word' id='word_1_382' title='bbox 1707 4729 1842 4785; x_wconf 83' lang='lat' dir='ltr'><strong>Num</strong></span> 
     </span>
    </p>
   </div>
   <div class='ocr_carea' id='block_1_49' title="bbox 250 4821 1847 4895">
    <p class='ocr_par' dir='ltr' id='par_1_49' title="bbox 250 4821 1847 4895">
     <span class='ocr_line' id='line_1_49' title="bbox 250 4821 1847 4895; baseline -0.002 -17"><span class='ocrx_word' id='word_1_383' title='bbox 250 4840 371 4895; x_wconf 85' lang='lat' dir='ltr'><strong>ergo</strong></span> <span class='ocrx_word' id='word_1_384' title='bbox 399 4825 579 4895; x_wconf 89' lang='lat' dir='ltr'><strong>placet</strong></span> <span class='ocrx_word' id='word_1_385' title='bbox 611 4831 671 4877; x_wconf 92' lang='lat' dir='ltr'><strong>ut</strong></span> <span class='ocrx_word' id='word_1_386' title='bbox 720 4822 821 4877; x_wconf 88' lang='lat' dir='ltr'><strong>hoc</strong></span> <span class='ocrx_word' id='word_1_387' title='bbox 867 4823 1039 4876; x_wconf 88' lang='lat' dir='ltr'><strong>solum</strong></span> <span class='ocrx_word' id='word_1_388' title='bbox 1089 4822 1332 4875; x_wconf 88' lang='lat' dir='ltr'><strong>homines</strong></span> <span class='ocrx_word' id='word_1_389' title='bbox 1372 4821 1761 4892; x_wconf 89' lang='lat' dir='ltr'><strong>respondeant,</strong></span> <span class='ocrx_word' id='word_1_390' title='bbox 1793 4830 1847 4875; x_wconf 84' lang='lat' dir='ltr'><strong>et</strong></span> 
     </span>
    </p>
   </div>
   <div class='ocr_carea' id='block_1_50' title="bbox 251 4912 1845 4986">
    <p class='ocr_par' dir='ltr' id='par_1_50' title="bbox 251 4912 1845 4986">
     <span class='ocr_line' id='line_1_50' title="bbox 251 4912 1845 4986; baseline -0.001 -17"><span class='ocrx_word' id='word_1_391' title='bbox 251 4918 498 4971; x_wconf 87' lang='lat' dir='ltr'><strong>continuo</strong></span> <span class='ocrx_word' id='word_1_392' title='bbox 540 4914 917 4986; x_wconf 81' lang='lat' dir='ltr'><strong>baptizentur‘l</strong></span> <span class='ocrx_word' id='word_1_393' title='bbox 948 4913 1076 4967; x_wconf 90' lang='lat' dir='ltr'><strong>nihil</strong></span> <span class='ocrx_word' id='word_1_394' title='bbox 1126 4912 1193 4967; x_wconf 89' lang='lat' dir='ltr'><strong>de</strong></span> <span class='ocrx_word' id='word_1_395' title='bbox 1220 4913 1420 4983; x_wconf 88' lang='lat' dir='ltr'><strong>Spiritu</strong></span> <span class='ocrx_word' id='word_1_396' title='bbox 1462 4923 1679 4981; x_wconf 90' lang='lat' dir='ltr'><strong>sancto,</strong></span> <span class='ocrx_word' id='word_1_397' title='bbox 1712 4914 1845 4967; x_wconf 91' lang='lat' dir='ltr'><strong>nihil</strong></span> 
     </span>
    </p>
   </div>
   <div class='ocr_carea' id='block_1_51' title="bbox 252 5004 1843 5075">
    <p class='ocr_par' dir='ltr' id='par_1_51' title="bbox 252 5004 1843 5075">
     <span class='ocr_line' id='line_1_51' title="bbox 252 5004 1843 5075; baseline -0.001 -16"><span class='ocrx_word' id='word_1_398' title='bbox 252 5007 312 5059; x_wconf 89' lang='lat' dir='ltr'><strong>de</strong></span> <span class='ocrx_word' id='word_1_399' title='bbox 339 5019 523 5063; x_wconf 88' lang='lat' dir='ltr'><strong>sancta</strong></span> <span class='ocrx_word' id='word_1_400' title='bbox 549 5007 794 5063; x_wconf 86' lang='lat' dir='ltr'><strong>Ecclesia</strong></span> <span class='ocrx_word' id='word_1_401' title='bbox 814 5048 828 5071; x_wconf 90' lang='lat'><strong>,</strong></span> <span class='ocrx_word' id='word_1_402' title='bbox 862 5004 995 5059; x_wconf 88' lang='lat' dir='ltr'><strong>nihil</strong></span> <span class='ocrx_word' id='word_1_403' title='bbox 1026 5005 1093 5060; x_wconf 92' lang='lat' dir='ltr'><strong>de</strong></span> <span class='ocrx_word' id='word_1_404' title='bbox 1120 5005 1441 5060; x_wconf 89' lang='lat' dir='ltr'><strong>remissione</strong></span> <span class='ocrx_word' id='word_1_405' title='bbox 1467 5014 1805 5075; x_wconf 88' lang='lat' dir='ltr'><strong>peccatorum</strong></span> <span class='ocrx_word' id='word_1_406' title='bbox 1828 5047 1843 5071; x_wconf 90' lang='lat'><strong>,</strong></span> 
     </span>
    </p>
   </div>
   <div class='ocr_carea' id='block_1_52' title="bbox 254 5094 1848 5165">
    <p class='ocr_par' dir='ltr' id='par_1_52' title="bbox 254 5094 1848 5165">
     <span class='ocr_line' id='line_1_52' title="bbox 254 5094 1848 5165; baseline -0.001 -16"><span class='ocrx_word' id='word_1_407' title='bbox 254 5100 373 5152; x_wconf 88' lang='lat' dir='ltr'><strong>nihil</strong></span> <span class='ocrx_word' id='word_1_408' title='bbox 399 5099 467 5153; x_wconf 91' lang='lat' dir='ltr'><strong>de</strong></span> <span class='ocrx_word' id='word_1_409' title='bbox 491 5098 898 5153; x_wconf 69' lang='lat' dir='ltr'><strong>resurrectione</strong></span> <span class='ocrx_word' id='word_1_410' title='bbox 943 5105 1273 5149; x_wconf 85' lang='lat' dir='ltr'><strong>mortuorum</strong></span> <span class='ocrx_word' id='word_1_411' title='bbox 1292 5137 1305 5158; x_wconf 88' lang='lat'><strong>,</strong></span> <span class='ocrx_word' id='word_1_412' title='bbox 1341 5104 1610 5164; x_wconf 88' lang='lat' dir='ltr'><strong>postremo</strong></span> <span class='ocrx_word' id='word_1_413' title='bbox 1636 5094 1702 5149; x_wconf 90' lang='lat' dir='ltr'><strong>de</strong></span> <span class='ocrx_word' id='word_1_414' title='bbox 1732 5096 1848 5165; x_wconf 79' lang='lat' dir='ltr'><strong>ipso</strong></span> 
     </span>
    </p>
   </div>
   <div class='ocr_carea' id='block_1_53' title="bbox 256 5186 1843 5256">
    <p class='ocr_par' dir='ltr' id='par_1_53' title="bbox 256 5186 1843 5256">
     <span class='ocr_line' id='line_1_53' title="bbox 256 5186 1843 5256; baseline -0.003 -12"><span class='ocrx_word' id='word_1_415' title='bbox 256 5189 474 5245; x_wconf 80' lang='lat' dir='ltr'><strong>Domino</strong></span> <span class='ocrx_word' id='word_1_416' title='bbox 503 5189 637 5244; x_wconf 84' lang='lat' dir='ltr'><strong>Jesu</strong></span> <span class='ocrx_word' id='word_1_417' title='bbox 677 5188 892 5242; x_wconf 85' lang='lat' dir='ltr'><strong>Christo</strong></span> <span class='ocrx_word' id='word_1_418' title='bbox 937 5186 1065 5241; x_wconf 89' lang='lat' dir='ltr'><strong>nihil</strong></span> <span class='ocrx_word' id='word_1_419' title='bbox 1112 5187 1213 5240; x_wconf 89' lang='lat' dir='ltr'><strong>nisi</strong></span> <span class='ocrx_word' id='word_1_420' title='bbox 1242 5188 1365 5256; x_wconf 89' lang='lat' dir='ltr'><strong>quia</strong></span> <span class='ocrx_word' id='word_1_421' title='bbox 1413 5186 1577 5241; x_wconf 84' lang='lat' dir='ltr'><strong>Filius</strong></span> <span class='ocrx_word' id='word_1_422' title='bbox 1607 5186 1698 5241; x_wconf 91' lang='lat' dir='ltr'><strong>Dei</strong></span> <span class='ocrx_word' id='word_1_423' title='bbox 1729 5196 1843 5251; x_wconf 92' lang='lat' dir='ltr'><strong>est,</strong></span> 
     </span>
    </p>
   </div>
   <div class='ocr_carea' id='block_1_54' title="bbox 254 5278 1844 5349">
    <p class='ocr_par' dir='ltr' id='par_1_54' title="bbox 254 5278 1844 5349">
     <span class='ocr_line' id='line_1_54' title="bbox 254 5278 1844 5349; baseline -0.001 -18"><span class='ocrx_word' id='word_1_424' title='bbox 254 5296 351 5333; x_wconf 87' lang='lat' dir='ltr'><strong>non</strong></span> <span class='ocrx_word' id='word_1_425' title='bbox 381 5282 449 5337; x_wconf 89' lang='lat' dir='ltr'><strong>de</strong></span> <span class='ocrx_word' id='word_1_426' title='bbox 471 5280 849 5334; x_wconf 83' lang='lat' dir='ltr'><strong>incarnatione</strong></span> <span class='ocrx_word' id='word_1_427' title='bbox 874 5278 989 5347; x_wconf 87' lang='lat' dir='ltr'><strong>ejus</strong></span> <span class='ocrx_word' id='word_1_428' title='bbox 1010 5293 1075 5332; x_wconf 81' lang='lat' dir='ltr'><strong>ex</strong></span> <span class='ocrx_word' id='word_1_429' title='bbox 1096 5278 1325 5347; x_wconf 82' lang='lat' dir='ltr'><strong>virgine,</strong></span> <span class='ocrx_word' id='word_1_430' title='bbox 1352 5292 1456 5330; x_wconf 87' lang='lat' dir='ltr'><strong>non</strong></span> <span class='ocrx_word' id='word_1_431' title='bbox 1482 5278 1550 5331; x_wconf 91' lang='lat' dir='ltr'><strong>de</strong></span> <span class='ocrx_word' id='word_1_432' title='bbox 1572 5278 1844 5349; x_wconf 90' lang='lat' dir='ltr'><strong>passione,</strong></span> 
     </span>
    </p>
   </div>
   <div class='ocr_carea' id='block_1_55' title="bbox 250 5368 1850 5440">
    <p class='ocr_par' dir='ltr' id='par_1_55' title="bbox 250 5368 1850 5440">
     <span class='ocr_line' id='line_1_55' title="bbox 250 5368 1850 5440; baseline -0.001 -16"><span class='ocrx_word' id='word_1_433' title='bbox 250 5372 316 5426; x_wconf 90' lang='lat' dir='ltr'><strong>de</strong></span> <span class='ocrx_word' id='word_1_434' title='bbox 343 5383 519 5427; x_wconf 79' lang='lat' dir='ltr'><strong>morte</strong></span> <span class='ocrx_word' id='word_1_435' title='bbox 545 5371 745 5436; x_wconf 84' lang='lat' dir='ltr'><strong>crucis,</strong></span> <span class='ocrx_word' id='word_1_436' title='bbox 776 5370 845 5425; x_wconf 92' lang='lat' dir='ltr'><strong>de</strong></span> <span class='ocrx_word' id='word_1_437' title='bbox 879 5371 1147 5440; x_wconf 87' lang='lat' dir='ltr'><strong>sepultura</strong></span> <span class='ocrx_word' id='word_1_438' title='bbox 1170 5412 1183 5434; x_wconf 89' lang='lat'><strong>,</strong></span> <span class='ocrx_word' id='word_1_439' title='bbox 1217 5368 1284 5424; x_wconf 91' lang='lat' dir='ltr'><strong>de</strong></span> <span class='ocrx_word' id='word_1_440' title='bbox 1310 5370 1447 5423; x_wconf 89' lang='lat' dir='ltr'><strong>tertii</strong></span> <span class='ocrx_word' id='word_1_441' title='bbox 1477 5368 1580 5422; x_wconf 80' lang='lat' dir='ltr'><strong>diei</strong></span> <span class='ocrx_word' id='word_1_442' title='bbox 1609 5383 1850 5422; x_wconf 82' lang='lat' dir='ltr'><strong>resurre-</strong></span> 
     </span>
    </p>
   </div>
   <div class='ocr_carea' id='block_1_56' title="bbox 262 5460 1850 5529">
    <p class='ocr_par' dir='ltr' id='par_1_56' title="bbox 262 5460 1850 5529">
     <span class='ocr_line' id='line_1_56' title="bbox 262 5460 1850 5529; baseline -0.002 -13"><span class='ocrx_word' id='word_1_443' title='bbox 262 5464 445 5529; x_wconf 82' lang='lat' dir='ltr'><strong>:tioue,</strong></span> <span class='ocrx_word' id='word_1_444' title='bbox 464 5463 535 5517; x_wconf 90' lang='lat' dir='ltr'><strong>de</strong></span> <span class='ocrx_word' id='word_1_445' title='bbox 562 5463 880 5515; x_wconf 86' lang='lat' dir='ltr'><strong>ascensione</strong></span> <span class='ocrx_word' id='word_1_446' title='bbox 905 5476 968 5515; x_wconf 90' lang='lat' dir='ltr'><strong>ac</strong></span> <span class='ocrx_word' id='word_1_447' title='bbox 990 5462 1129 5515; x_wconf 89' lang='lat' dir='ltr'><strong>Sede</strong></span> <span class='ocrx_word' id='word_1_448' title='bbox 1154 5462 1220 5515; x_wconf 91' lang='lat' dir='ltr'><strong>ad</strong></span> <span class='ocrx_word' id='word_1_449' title='bbox 1250 5461 1523 5515; x_wconf 79' lang='lat' dir='ltr'><strong>dexteram</strong></span> <span class='ocrx_word' id='word_1_450' title='bbox 1553 5460 1725 5514; x_wconf 85' lang='lat' dir='ltr'><strong>Patris</strong></span> <span class='ocrx_word' id='word_1_451' title='bbox 1750 5461 1850 5514; x_wconf 88' lang='lat' dir='ltr'><strong>ali-</strong></span> 
     </span>
    </p>
   </div>
   <div class='ocr_carea' id='block_1_57' title="bbox 251 5552 1844 5627">
    <p class='ocr_par' dir='ltr' id='par_1_57' title="bbox 251 5552 1844 5627">
     <span class='ocr_line' id='line_1_57' title="bbox 251 5552 1844 5627; baseline -0.003 -16"><span class='ocrx_word' id='word_1_452' title='bbox 251 5559 372 5627; x_wconf 86' lang='lat' dir='ltr'><strong>quid</strong></span> <span class='ocrx_word' id='word_1_453' title='bbox 399 5556 692 5611; x_wconf 87' lang='lat' dir='ltr'><strong>dieendum</strong></span> <span class='ocrx_word' id='word_1_454' title='bbox 727 5564 808 5609; x_wconf 86' lang='lat' dir='ltr'><strong>est</strong></span> <span class='ocrx_word' id='word_1_455' title='bbox 832 5555 1179 5609; x_wconf 80' lang='lat' dir='ltr'><strong>catcchizanti</strong></span> <span class='ocrx_word' id='word_1_456' title='bbox 1201 5596 1216 5619; x_wconf 94' lang='lat'><strong>,</strong></span> <span class='ocrx_word' id='word_1_457' title='bbox 1251 5571 1313 5607; x_wconf 82' lang='lat' dir='ltr'><strong>ac</strong></span> <span class='ocrx_word' id='word_1_458' title='bbox 1344 5552 1701 5622; x_wconf 84' lang='lat' dir='ltr'><strong>proﬁtendum</strong></span> <span class='ocrx_word' id='word_1_459' title='bbox 1727 5568 1844 5607; x_wconf 85' lang='lat' dir='ltr'><strong>crc-</strong></span> 
     </span>
    </p>
   </div>
   <div class='ocr_carea' id='block_1_58' title="bbox 249 5643 1848 5716">
    <p class='ocr_par' dir='ltr' id='par_1_58' title="bbox 249 5643 1848 5716">
     <span class='ocr_line' id='line_1_58' title="bbox 249 5643 1848 5716; baseline -0.003 -14"><span class='ocrx_word' id='word_1_460' title='bbox 249 5650 433 5704; x_wconf 86' lang='lat' dir='ltr'><strong>deuti?</strong></span> <span class='ocrx_word' id='word_1_461' title='bbox 461 5649 517 5704; x_wconf 88' lang='lat' dir='ltr'><strong>Si</strong></span> <span class='ocrx_word' id='word_1_462' title='bbox 547 5648 695 5701; x_wconf 89' lang='lat' dir='ltr'><strong>enim</strong></span> <span class='ocrx_word' id='word_1_463' title='bbox 716 5647 893 5715; x_wconf 84' lang='lat' dir='ltr'><strong>Spado</strong></span> <span class='ocrx_word' id='word_1_464' title='bbox 914 5662 1032 5701; x_wconf 90' lang='lat' dir='ltr'><strong>cum</strong></span> <span class='ocrx_word' id='word_1_465' title='bbox 1060 5647 1444 5716; x_wconf 76' lang='lat' dir='ltr'><strong>respondisset,</strong></span> <span class='ocrx_word' id='word_1_466' title='bbox 1471 5644 1631 5698; x_wconf 83' lang='lat' dir='ltr'><strong>Credo</strong></span> <span class='ocrx_word' id='word_1_467' title='bbox 1654 5643 1848 5697; x_wconf 80' lang='lat' dir='ltr'><strong>Filium</strong></span> 
     </span>
    </p>
   </div>
   <div class='ocr_carea' id='block_1_59' title="bbox 255 5736 1847 5804">
    <p class='ocr_par' dir='ltr' id='par_1_59' title="bbox 255 5736 1847 5804">
     <span class='ocr_line' id='line_1_59' title="bbox 255 5736 1847 5804; baseline -0.006 -8"><span class='ocrx_word' id='word_1_468' title='bbox 255 5744 342 5796; x_wconf 82' lang='lat' dir='ltr'><strong>Dei</strong></span> <span class='ocrx_word' id='word_1_469' title='bbox 375 5759 486 5797; x_wconf 83' lang='lat' dir='ltr'><strong>esse</strong></span> <span class='ocrx_word' id='word_1_470' title='bbox 515 5740 702 5794; x_wconf 87' lang='lat' dir='ltr'><strong>Jesum</strong></span> <span class='ocrx_word' id='word_1_471' title='bbox 727 5736 1006 5804; x_wconf 80' lang='lat' dir='ltr'><strong>Christum,</strong></span> <span class='ocrx_word' id='word_1_472' title='bbox 1046 5739 1147 5793; x_wconf 89' lang='lat' dir='ltr'><strong>hoc</strong></span> <span class='ocrx_word' id='word_1_473' title='bbox 1181 5738 1230 5793; x_wconf 86' lang='lat' dir='ltr'><strong>ei</strong></span> <span class='ocrx_word' id='word_1_474' title='bbox 1264 5739 1509 5793; x_wconf 74' lang='lat' dir='ltr'><strong>sufﬁcere</strong></span> <span class='ocrx_word' id='word_1_475' title='bbox 1534 5736 1704 5789; x_wconf 72' lang='lat' dir='ltr'><strong>visum</strong></span> <span class='ocrx_word' id='word_1_476' title='bbox 1734 5748 1847 5801; x_wconf 72' lang='grc' dir='ltr'><strong>ρει,</strong></span> 
     </span>
    </p>
   </div>
   <div class='ocr_carea' id='block_1_60' title="bbox 251 5825 1843 5903">
    <p class='ocr_par' dir='ltr' id='par_1_60' title="bbox 251 5825 1843 5903">
     <span class='ocr_line' id='line_1_60' title="bbox 251 5825 1843 5903; baseline -0.008 -12"><span class='ocrx_word' id='word_1_477' title='bbox 251 5848 302 5891; x_wconf 84' lang='grc' dir='ltr'>ιιι</span> <span class='ocrx_word' id='word_1_478' title='bbox 332 5836 595 5893; x_wconf 84' lang='lat' dir='ltr'><strong>continuo</strong></span> <span class='ocrx_word' id='word_1_479' title='bbox 628 5830 920 5903; x_wconf 84' lang='lat' dir='ltr'><strong>baptizatus</strong></span> <span class='ocrx_word' id='word_1_480' title='bbox 950 5832 1292 5898; x_wconf 85' lang='lat' dir='ltr'><strong>abscederet;</strong></span> <span class='ocrx_word' id='word_1_481' title='bbox 1321 5848 1416 5888; x_wconf 88' lang='lat' dir='ltr'><strong>cur</strong></span> <span class='ocrx_word' id='word_1_482' title='bbox 1445 5844 1552 5885; x_wconf 91' lang='lat' dir='ltr'><strong>non</strong></span> <span class='ocrx_word' id='word_1_483' title='bbox 1585 5827 1634 5882; x_wconf 88' lang='lat' dir='ltr'><strong>id</strong></span> <span class='ocrx_word' id='word_1_484' title='bbox 1660 5825 1843 5895; x_wconf 85' lang='lat' dir='ltr'><strong>sequi-</strong></span> 
     </span>
    </p>
   </div>
   <div class='ocr_carea' id='block_1_61' title="bbox 1570 366 2086 453">
    <p class='ocr_par' dir='ltr' id='par_1_61' title="bbox 1570 366 2086 453">
     <span class='ocr_line' id='line_1_61' title="bbox 1570 366 2086 453; baseline -0.008 -3"><span class='ocrx_word' id='word_1_485' title='bbox 1570 366 1577 375; x_wconf 71' lang='grc'><strong><em>’</em></strong></span> <span class='ocrx_word' id='word_1_486' title='bbox 1634 392 1842 453; x_wconf 82' lang='lat' dir='ltr'><strong>LIBER</strong></span> <span class='ocrx_word' id='word_1_487' title='bbox 1882 388 2086 449; x_wconf 77' lang='lat' dir='ltr'><strong>unus.</strong></span> 
     </span>
    </p>
   </div>
   <div class='ocr_carea' id='block_1_62' title="bbox 3402 389 3508 449">
    <p class='ocr_par' dir='ltr' id='par_1_62' title="bbox 3402 389 3508 449">
     <span class='ocr_line' id='line_1_62' title="bbox 3402 389 3508 449; baseline -0.019 0"><span class='ocrx_word' id='word_1_488' title='bbox 3402 389 3508 449; x_wconf 63' lang='grc'><strong>206</strong></span> 
     </span>
    </p>
   </div>
   <div class='ocr_carea' id='block_1_63' title="bbox 1914 502 3509 577">
    <p class='ocr_par' dir='ltr' id='par_1_63' title="bbox 1914 502 3509 577">
     <span class='ocr_line' id='line_1_63' title="bbox 1914 502 3509 577; baseline 0.002 -19"><span class='ocrx_word' id='word_1_489' title='bbox 1914 503 2067 559; x_wconf 86' lang='lat' dir='ltr'><strong>mur?</strong></span> <span class='ocrx_word' id='word_1_490' title='bbox 2091 518 2187 558; x_wconf 88' lang='lat' dir='ltr'><strong>cur</strong></span> <span class='ocrx_word' id='word_1_491' title='bbox 2217 518 2321 559; x_wconf 91' lang='lat' dir='ltr'><strong>non</strong></span> <span class='ocrx_word' id='word_1_492' title='bbox 2354 503 2643 571; x_wconf 88' lang='lat' dir='ltr'><strong>imitamur,</strong></span> <span class='ocrx_word' id='word_1_493' title='bbox 2666 512 2826 577; x_wconf 90' lang='lat' dir='ltr'><strong>atque</strong></span> <span class='ocrx_word' id='word_1_494' title='bbox 2845 502 3139 560; x_wconf 79' lang='lat' dir='ltr'><strong>auferimus</strong></span> <span class='ocrx_word' id='word_1_495' title='bbox 3165 513 3362 561; x_wconf 69' lang='lat' dir='ltr'><strong>eaztcra</strong></span> <span class='ocrx_word' id='word_1_496' title='bbox 3388 522 3509 576; x_wconf 69' lang='lat' dir='ltr'><strong>quae</strong></span> 
     </span>
    </p>
   </div>
   <div class='ocr_carea' id='block_1_64' title="bbox 1914 594 3509 667">
    <p class='ocr_par' dir='ltr' id='par_1_64' title="bbox 1914 594 3509 667">
     <span class='ocr_line' id='line_1_64' title="bbox 1914 594 3509 667; baseline 0.002 -18"><span class='ocrx_word' id='word_1_497' title='bbox 1914 610 2136 651; x_wconf 90' lang='lat' dir='ltr'><strong>necesse</strong></span> <span class='ocrx_word' id='word_1_498' title='bbox 2173 594 2468 665; x_wconf 89' lang='lat' dir='ltr'><strong>habemus,</strong></span> <span class='ocrx_word' id='word_1_499' title='bbox 2509 597 2670 652; x_wconf 91' lang='lat' dir='ltr'><strong>etiam</strong></span> <span class='ocrx_word' id='word_1_500' title='bbox 2697 612 2817 651; x_wconf 89' lang='lat' dir='ltr'><strong>cum</strong></span> <span class='ocrx_word' id='word_1_501' title='bbox 2848 597 2916 651; x_wconf 86' lang='lat' dir='ltr'><strong>ad</strong></span> <span class='ocrx_word' id='word_1_502' title='bbox 2943 596 3321 667; x_wconf 82' lang='lat' dir='ltr'><strong>baptizandum</strong></span> <span class='ocrx_word' id='word_1_503' title='bbox 3366 606 3509 653; x_wconf 86' lang='lat' dir='ltr'><strong>tem-</strong></span> 
     </span>
    </p>
   </div>
   <div class='ocr_carea' id='block_1_65' title="bbox 1915 687 3515 759">
    <p class='ocr_par' dir='ltr' id='par_1_65' title="bbox 1915 687 3515 759">
     <span class='ocr_line' id='line_1_65' title="bbox 1915 687 3515 759; baseline 0.003 -18"><span class='ocrx_word' id='word_1_504' title='bbox 1915 687 2061 755; x_wconf 90' lang='lat' dir='ltr'><strong>poris</strong></span> <span class='ocrx_word' id='word_1_505' title='bbox 2111 695 2263 757; x_wconf 82' lang='lat' dir='ltr'><strong>urget</strong></span> <span class='ocrx_word' id='word_1_506' title='bbox 2307 688 2585 758; x_wconf 79' lang='lat' dir='ltr'><strong>angustia,</strong></span> <span class='ocrx_word' id='word_1_507' title='bbox 2639 688 2945 758; x_wconf 83' lang='lat' dir='ltr'><strong>exprimere</strong></span> <span class='ocrx_word' id='word_1_508' title='bbox 2992 689 3409 759; x_wconf 82' lang='lat' dir='ltr'><strong>interrogando,</strong></span> <span class='ocrx_word' id='word_1_509' title='bbox 3455 700 3515 745; x_wconf 91' lang='lat' dir='ltr'><strong>ut</strong></span> 
     </span>
    </p>
   </div>
   <div class='ocr_carea' id='block_1_66' title="bbox 1914 778 3513 850">
    <p class='ocr_par' dir='ltr' id='par_1_66' title="bbox 1914 778 3513 850">
     <span class='ocr_line' id='line_1_66' title="bbox 1914 778 3513 850; baseline 0.002 -16"><span class='ocrx_word' id='word_1_510' title='bbox 1914 778 2267 850; x_wconf 88' lang='lat' dir='ltr'><strong>baptizandus</strong></span> <span class='ocrx_word' id='word_1_511' title='bbox 2309 779 2377 834; x_wconf 88' lang='lat' dir='ltr'><strong>ad</strong></span> <span class='ocrx_word' id='word_1_512' title='bbox 2420 788 2610 834; x_wconf 89' lang='lat' dir='ltr'><strong>cuncta</strong></span> <span class='ocrx_word' id='word_1_513' title='bbox 2655 779 3013 849; x_wconf 89' lang='lat' dir='ltr'><strong>respondeat,</strong></span> <span class='ocrx_word' id='word_1_514' title='bbox 3058 781 3271 837; x_wconf 88' lang='lat' dir='ltr'><strong>etiamsi</strong></span> <span class='ocrx_word' id='word_1_515' title='bbox 3301 798 3363 837; x_wconf 89' lang='lat' dir='ltr'><strong>ea</strong></span> <span class='ocrx_word' id='word_1_516' title='bbox 3399 799 3513 837; x_wconf 87' lang='lat' dir='ltr'><strong>tne-</strong></span> 
     </span>
    </p>
   </div>
   <div class='ocr_carea' id='block_1_67' title="bbox 1916 872 3517 946">
    <p class='ocr_par' dir='ltr' id='par_1_67' title="bbox 1916 872 3517 946">
     <span class='ocr_line' id='line_1_67' title="bbox 1916 872 3517 946; baseline 0 -17"><span class='ocrx_word' id='word_1_517' title='bbox 1916 873 2102 929; x_wconf 70' lang='lat' dir='ltr'><strong>morite</strong></span> <span class='ocrx_word' id='word_1_518' title='bbox 2127 872 2385 929; x_wconf 89' lang='lat' dir='ltr'><strong>mandare</strong></span> <span class='ocrx_word' id='word_1_519' title='bbox 2404 889 2512 929; x_wconf 90' lang='lat' dir='ltr'><strong>non</strong></span> <span class='ocrx_word' id='word_1_520' title='bbox 2535 876 2743 929; x_wconf 88' lang='lat' dir='ltr'><strong>vacavit</strong></span> <span class='ocrx_word' id='word_1_521' title='bbox 2771 874 2830 928; x_wconf 69' lang='lat'><strong>1?</strong></span> <span class='ocrx_word' id='word_1_522' title='bbox 2856 874 2913 931; x_wconf 93' lang='lat' dir='ltr'><strong>Si</strong></span> <span class='ocrx_word' id='word_1_523' title='bbox 2940 885 3115 931; x_wconf 84' lang='lat' dir='ltr'><strong>autem</strong></span> <span class='ocrx_word' id='word_1_524' title='bbox 3137 876 3409 946; x_wconf 88' lang='lat' dir='ltr'><strong>Scriptura</strong></span> <span class='ocrx_word' id='word_1_525' title='bbox 3436 887 3517 931; x_wconf 87' lang='lat' dir='ltr'><strong>ta-</strong></span> 
     </span>
    </p>
   </div>
   <div class='ocr_carea' id='block_1_68' title="bbox 1916 963 3514 1038">
    <p class='ocr_par' dir='ltr' id='par_1_68' title="bbox 1916 963 3514 1038">
     <span class='ocr_line' id='line_1_68' title="bbox 1916 963 3514 1038; baseline 0.003 -19"><span class='ocrx_word' id='word_1_526' title='bbox 1916 963 2061 1033; x_wconf 87' lang='lat' dir='ltr'><strong>cuit,</strong></span> <span class='ocrx_word' id='word_1_527' title='bbox 2090 972 2251 1035; x_wconf 90' lang='lat' dir='ltr'><strong>atque</strong></span> <span class='ocrx_word' id='word_1_528' title='bbox 2274 964 2615 1037; x_wconf 87' lang='lat' dir='ltr'><strong>intelligenda</strong></span> <span class='ocrx_word' id='word_1_529' title='bbox 2642 967 2843 1022; x_wconf 90' lang='lat' dir='ltr'><strong>dimisit</strong></span> <span class='ocrx_word' id='word_1_530' title='bbox 2865 978 3057 1023; x_wconf 63' lang='lat' dir='ltr'><strong>caetera</strong></span> <span class='ocrx_word' id='word_1_531' title='bbox 3082 1009 3097 1034; x_wconf 92' lang='lat'><strong>,</strong></span> <span class='ocrx_word' id='word_1_532' title='bbox 3130 986 3245 1038; x_wconf 71' lang='lat' dir='ltr'><strong>qua-</strong></span> <span class='ocrx_word' id='word_1_533' title='bbox 3275 974 3397 1025; x_wconf 88' lang='lat' dir='ltr'><strong>cum</strong></span> <span class='ocrx_word' id='word_1_534' title='bbox 3421 971 3514 1025; x_wconf 88' lang='lat' dir='ltr'><strong>illo</strong></span> 
     </span>
    </p>
   </div>
   <div class='ocr_carea' id='block_1_69' title="bbox 1916 1056 3509 1132">
    <p class='ocr_par' dir='ltr' id='par_1_69' title="bbox 1916 1056 3509 1132">
     <span class='ocr_line' id='line_1_69' title="bbox 1916 1056 3509 1132; baseline 0.003 -21"><span class='ocrx_word' id='word_1_535' title='bbox 1916 1057 2167 1127; x_wconf 78' lang='lat' dir='ltr'><strong>Spadone</strong></span> <span class='ocrx_word' id='word_1_536' title='bbox 2189 1056 2508 1127; x_wconf 83' lang='lat' dir='ltr'><strong>baptizando</strong></span> <span class='ocrx_word' id='word_1_537' title='bbox 2532 1058 2807 1129; x_wconf 77' lang='lat' dir='ltr'><strong>Philippus</strong></span> <span class='ocrx_word' id='word_1_538' title='bbox 2837 1060 2964 1130; x_wconf 77' lang='lat' dir='ltr'><strong>egit,</strong></span> <span class='ocrx_word' id='word_1_539' title='bbox 2997 1069 3156 1128; x_wconf 87' lang='lat' dir='ltr'><strong>atque</strong></span> <span class='ocrx_word' id='word_1_540' title='bbox 3185 1063 3234 1114; x_wconf 91' lang='lat' dir='ltr'><strong>itt</strong></span> <span class='ocrx_word' id='word_1_541' title='bbox 3261 1079 3327 1116; x_wconf 83' lang='lat' dir='ltr'><strong>et)</strong></span> <span class='ocrx_word' id='word_1_542' title='bbox 3369 1064 3509 1132; x_wconf 82' lang='lat' dir='ltr'><strong>quod</strong></span> 
     </span>
    </p>
   </div>
   <div class='ocr_carea' id='block_1_70' title="bbox 1917 1147 3514 1224">
    <p class='ocr_par' dir='ltr' id='par_1_70' title="bbox 1917 1147 3514 1224">
     <span class='ocr_line' id='line_1_70' title="bbox 1917 1147 3514 1224; baseline 0.003 -21"><span class='ocrx_word' id='word_1_543' title='bbox 1917 1150 2011 1215; x_wconf 87' lang='lat' dir='ltr'><strong>ait,</strong></span> <span class='ocrx_word' id='word_1_544' title='bbox 2029 1147 2314 1221; x_wconf 79' lang='lat' dir='ltr'><strong>Baptizavit</strong></span> <span class='ocrx_word' id='word_1_545' title='bbox 2334 1166 2447 1203; x_wconf 89' lang='lat' dir='ltr'><strong>eum</strong></span> <span class='ocrx_word' id='word_1_546' title='bbox 2469 1148 2743 1222; x_wconf 79' lang='lat' dir='ltr'><strong>Philippus</strong></span> <span class='ocrx_word' id='word_1_547' title='bbox 2762 1150 2897 1221; x_wconf 79' lang='lat' dir='ltr'><strong>(Act.</strong></span> <span class='ocrx_word' id='word_1_548' title='bbox 2922 1168 3029 1219; x_wconf 82' lang='lat' dir='ltr'><strong>vm,</strong></span> <span class='ocrx_word' id='word_1_549' title='bbox 3052 1153 3265 1223; x_wconf 76' lang='lat'><strong>55-58),</strong></span> <span class='ocrx_word' id='word_1_550' title='bbox 3291 1155 3514 1224; x_wconf 74' lang='lat' dir='ltr'><strong>intelligi</strong></span> 
     </span>
    </p>
   </div>
   <div class='ocr_carea' id='block_1_71' title="bbox 1876 1237 3513 1311">
    <p class='ocr_par' dir='ltr' id='par_1_71' title="bbox 1876 1237 3513 1311">
     <span class='ocr_line' id='line_1_71' title="bbox 1876 1237 3513 1311; baseline 0.004 -20"><span class='ocrx_word' id='word_1_551' title='bbox 1876 1295 1880 1301; x_wconf 62' lang='grc'><em>,</em></span> <span class='ocrx_word' id='word_1_552' title='bbox 1919 1237 2085 1293; x_wconf 88' lang='lat' dir='ltr'><strong>voluit</strong></span> <span class='ocrx_word' id='word_1_553' title='bbox 2128 1239 2344 1311; x_wconf 88' lang='lat' dir='ltr'><strong>impleta</strong></span> <span class='ocrx_word' id='word_1_554' title='bbox 2390 1240 2605 1307; x_wconf 91' lang='lat' dir='ltr'><strong>omnia,</strong></span> <span class='ocrx_word' id='word_1_555' title='bbox 2656 1257 2773 1311; x_wconf 71' lang='lat' dir='ltr'><strong>qua:</strong></span> <span class='ocrx_word' id='word_1_556' title='bbox 2822 1243 2947 1299; x_wconf 89' lang='lat' dir='ltr'><strong>licet</strong></span> <span class='ocrx_word' id='word_1_557' title='bbox 2974 1252 3251 1299; x_wconf 89' lang='lat' dir='ltr'><strong>taceantur</strong></span> <span class='ocrx_word' id='word_1_558' title='bbox 3281 1244 3334 1298; x_wconf 94' lang='lat' dir='ltr'><strong>in</strong></span> <span class='ocrx_word' id='word_1_559' title='bbox 3363 1244 3513 1300; x_wconf 89' lang='lat' dir='ltr'><strong>Scri-</strong></span> 
     </span>
    </p>
   </div>
   <div class='ocr_carea' id='block_1_72' title="bbox 1921 1328 3515 1400">
    <p class='ocr_par' dir='ltr' id='par_1_72' title="bbox 1921 1328 3515 1400">
     <span class='ocr_line' id='line_1_72' title="bbox 1921 1328 3515 1400; baseline 0.007 -20"><span class='ocrx_word' id='word_1_560' title='bbox 1921 1328 2091 1398; x_wconf 86' lang='lat' dir='ltr'><strong>pturis</strong></span> <span class='ocrx_word' id='word_1_561' title='bbox 2112 1331 2281 1400; x_wconf 87' lang='lat' dir='ltr'><strong>gratia</strong></span> <span class='ocrx_word' id='word_1_562' title='bbox 2312 1331 2590 1388; x_wconf 88' lang='lat' dir='ltr'><strong>brevitatis</strong></span> <span class='ocrx_word' id='word_1_563' title='bbox 2610 1373 2627 1400; x_wconf 94' lang='lat'><strong>,</strong></span> <span class='ocrx_word' id='word_1_564' title='bbox 2662 1342 2837 1387; x_wconf 86' lang='lat' dir='ltr'><strong>tamen</strong></span> <span class='ocrx_word' id='word_1_565' title='bbox 2887 1335 3028 1390; x_wconf 91' lang='lat' dir='ltr'><strong>serie</strong></span> <span class='ocrx_word' id='word_1_566' title='bbox 3058 1335 3360 1391; x_wconf 90' lang='lat' dir='ltr'><strong>traditionis</strong></span> <span class='ocrx_word' id='word_1_567' title='bbox 3405 1339 3515 1391; x_wconf 90' lang='lat' dir='ltr'><strong>sci-</strong></span> 
     </span>
    </p>
   </div>
   <div class='ocr_carea' id='block_1_73' title="bbox 1922 1420 3514 1498">
    <p class='ocr_par' dir='ltr' id='par_1_73' title="bbox 1922 1420 3514 1498">
     <span class='ocr_line' id='line_1_73' title="bbox 1922 1420 3514 1498; baseline 0.005 -25"><span class='ocrx_word' id='word_1_568' title='bbox 1922 1435 2039 1474; x_wconf 90' lang='lat' dir='ltr'><strong>mus</strong></span> <span class='ocrx_word' id='word_1_569' title='bbox 2066 1420 2365 1491; x_wconf 88' lang='lat' dir='ltr'><strong>implenda;</strong></span> <span class='ocrx_word' id='word_1_570' title='bbox 2394 1427 2506 1493; x_wconf 90' lang='lat' dir='ltr'><strong>pari</strong></span> <span class='ocrx_word' id='word_1_571' title='bbox 2536 1425 2696 1480; x_wconf 87' lang='lat' dir='ltr'><strong>modo</strong></span> <span class='ocrx_word' id='word_1_572' title='bbox 2721 1426 2882 1483; x_wconf 87' lang='lat' dir='ltr'><strong>etiam</strong></span> <span class='ocrx_word' id='word_1_573' title='bbox 2911 1425 2964 1480; x_wconf 93' lang='lat' dir='ltr'><strong>in</strong></span> <span class='ocrx_word' id='word_1_574' title='bbox 2994 1441 3059 1481; x_wconf 89' lang='lat' dir='ltr'><strong>eo</strong></span> <span class='ocrx_word' id='word_1_575' title='bbox 3088 1427 3229 1497; x_wconf 90' lang='lat' dir='ltr'><strong>quod</strong></span> <span class='ocrx_word' id='word_1_576' title='bbox 3255 1428 3514 1498; x_wconf 88' lang='lat' dir='ltr'><strong>scriptum</strong></span> 
     </span>
    </p>
   </div>
   <div class='ocr_carea' id='block_1_74' title="bbox 1921 1513 3518 1587">
    <p class='ocr_par' dir='ltr' id='par_1_74' title="bbox 1921 1513 3518 1587">
     <span class='ocr_line' id='line_1_74' title="bbox 1921 1513 3518 1587; baseline 0.007 -23"><span class='ocrx_word' id='word_1_577' title='bbox 1921 1518 2004 1564; x_wconf 90' lang='lat' dir='ltr'><strong>est</strong></span> <span class='ocrx_word' id='word_1_578' title='bbox 2039 1513 2434 1582; x_wconf 84' lang='lat' dir='ltr'><strong>evangelizasse</strong></span> <span class='ocrx_word' id='word_1_579' title='bbox 2476 1515 2779 1586; x_wconf 88' lang='lat' dir='ltr'><strong>Philippum</strong></span> <span class='ocrx_word' id='word_1_580' title='bbox 2831 1516 3067 1587; x_wconf 85' lang='lat' dir='ltr'><strong>Spadoni</strong></span> <span class='ocrx_word' id='word_1_581' title='bbox 3105 1519 3388 1573; x_wconf 89' lang='lat' dir='ltr'><strong>Dominum</strong></span> <span class='ocrx_word' id='word_1_582' title='bbox 3428 1520 3518 1575; x_wconf 81' lang='lat' dir='ltr'><strong>Je-</strong></span> 
     </span>
    </p>
   </div>
   <div class='ocr_carea' id='block_1_75' title="bbox 1923 1605 3522 1669">
    <p class='ocr_par' dir='ltr' id='par_1_75' title="bbox 1923 1605 3522 1669">
     <span class='ocr_line' id='line_1_75' title="bbox 1923 1605 3522 1669; baseline 0.006 -13"><span class='ocrx_word' id='word_1_583' title='bbox 1923 1616 2040 1657; x_wconf 91' lang='lat' dir='ltr'><strong>sum</strong></span> <span class='ocrx_word' id='word_1_584' title='bbox 2063 1644 2077 1669; x_wconf 96' lang='lat'><strong>,</strong></span> <span class='ocrx_word' id='word_1_585' title='bbox 2114 1605 2258 1660; x_wconf 93' lang='lat' dir='ltr'><strong>nullo</strong></span> <span class='ocrx_word' id='word_1_586' title='bbox 2288 1607 2449 1661; x_wconf 93' lang='lat' dir='ltr'><strong>modo</strong></span> <span class='ocrx_word' id='word_1_587' title='bbox 2474 1608 2823 1664; x_wconf 87' lang='lat' dir='ltr'><strong>duhitandmn</strong></span> <span class='ocrx_word' id='word_1_588' title='bbox 2854 1619 2937 1664; x_wconf 70' lang='lat' dir='ltr'><strong>est</strong></span> <span class='ocrx_word' id='word_1_589' title='bbox 2959 1619 3014 1665; x_wconf 89' lang='lat' dir='ltr'><strong>et</strong></span> <span class='ocrx_word' id='word_1_590' title='bbox 3042 1612 3132 1667; x_wconf 91' lang='lat' dir='ltr'><strong>illa</strong></span> <span class='ocrx_word' id='word_1_591' title='bbox 3184 1613 3238 1667; x_wconf 91' lang='lat' dir='ltr'><strong>in</strong></span> <span class='ocrx_word' id='word_1_592' title='bbox 3281 1611 3522 1668; x_wconf 56' lang='lat' dir='ltr'><strong>catcchic</strong></span> 
     </span>
    </p>
   </div>
   <div class='ocr_carea' id='block_1_76' title="bbox 1923 1697 3521 1776">
    <p class='ocr_par' dir='ltr' id='par_1_76' title="bbox 1923 1697 3521 1776">
     <span class='ocr_line' id='line_1_76' title="bbox 1923 1697 3521 1776; baseline 0.006 -24"><span class='ocrx_word' id='word_1_593' title='bbox 1923 1710 2042 1752; x_wconf 91' lang='lat' dir='ltr'><strong>smo</strong></span> <span class='ocrx_word' id='word_1_594' title='bbox 2071 1697 2209 1753; x_wconf 90' lang='lat' dir='ltr'><strong>dicta</strong></span> <span class='ocrx_word' id='word_1_595' title='bbox 2260 1714 2380 1755; x_wconf 90' lang='lat' dir='ltr'><strong>esse</strong></span> <span class='ocrx_word' id='word_1_596' title='bbox 2404 1743 2420 1770; x_wconf 91' lang='lat'><strong>,</strong></span> <span class='ocrx_word' id='word_1_597' title='bbox 2467 1718 2585 1771; x_wconf 70' lang='lat' dir='ltr'><strong>qua)</strong></span> <span class='ocrx_word' id='word_1_598' title='bbox 2634 1701 2699 1755; x_wconf 90' lang='lat' dir='ltr'><strong>ad</strong></span> <span class='ocrx_word' id='word_1_599' title='bbox 2744 1704 2905 1757; x_wconf 85' lang='lat' dir='ltr'><strong>vitam</strong></span> <span class='ocrx_word' id='word_1_600' title='bbox 2939 1720 3223 1775; x_wconf 87' lang='lat' dir='ltr'><strong>moresque</strong></span> <span class='ocrx_word' id='word_1_601' title='bbox 3250 1708 3521 1776; x_wconf 90' lang='lat' dir='ltr'><strong>pertinent</strong></span> 
     </span>
    </p>
   </div>
   <div class='ocr_carea' id='block_1_77' title="bbox 1924 1788 3517 1860">
    <p class='ocr_par' dir='ltr' id='par_1_77' title="bbox 1924 1788 3517 1860">
     <span class='ocr_line' id='line_1_77' title="bbox 1924 1788 3517 1860; baseline 0.006 -18"><span class='ocrx_word' id='word_1_602' title='bbox 1924 1788 2041 1859; x_wconf 86' lang='lat' dir='ltr'><strong>ejus</strong></span> <span class='ocrx_word' id='word_1_603' title='bbox 2066 1790 2157 1860; x_wconf 91' lang='lat' dir='ltr'><strong>qui</strong></span> <span class='ocrx_word' id='word_1_604' title='bbox 2201 1791 2372 1846; x_wconf 89' lang='lat' dir='ltr'><strong>credit</strong></span> <span class='ocrx_word' id='word_1_605' title='bbox 2411 1792 2462 1846; x_wconf 91' lang='lat' dir='ltr'><strong>in</strong></span> <span class='ocrx_word' id='word_1_606' title='bbox 2509 1793 2791 1847; x_wconf 82' lang='lat' dir='ltr'><strong>Dominum</strong></span> <span class='ocrx_word' id='word_1_607' title='bbox 2838 1793 3043 1849; x_wconf 88' lang='lat' dir='ltr'><strong>Jesmn.</strong></span> <span class='ocrx_word' id='word_1_608' title='bbox 3092 1797 3202 1851; x_wconf 92' lang='lat' dir='ltr'><strong>lloc</strong></span> <span class='ocrx_word' id='word_1_609' title='bbox 3246 1806 3330 1852; x_wconf 92' lang='lat' dir='ltr'><strong>cst</strong></span> <span class='ocrx_word' id='word_1_610' title='bbox 3376 1800 3517 1852; x_wconf 90' lang='lat' dir='ltr'><strong>enim</strong></span> 
     </span>
    </p>
   </div>
   <div class='ocr_carea' id='block_1_78' title="bbox 1927 1884 3522 1960">
    <p class='ocr_par' dir='ltr' id='par_1_78' title="bbox 1927 1884 3522 1960">
     <span class='ocr_line' id='line_1_78' title="bbox 1927 1884 3522 1960; baseline 0.005 -23"><span class='ocrx_word' id='word_1_611' title='bbox 1927 1884 2294 1954; x_wconf 81' lang='lat' dir='ltr'><strong>evangelizare</strong></span> <span class='ocrx_word' id='word_1_612' title='bbox 2321 1885 2590 1941; x_wconf 87' lang='lat' dir='ltr'><strong>Christum</strong></span> <span class='ocrx_word' id='word_1_613' title='bbox 2614 1929 2629 1954; x_wconf 91' lang='lat'><strong>,</strong></span> <span class='ocrx_word' id='word_1_614' title='bbox 2661 1902 2766 1941; x_wconf 92' lang='lat' dir='ltr'><strong>non</strong></span> <span class='ocrx_word' id='word_1_615' title='bbox 2802 1897 3006 1943; x_wconf 89' lang='lat' dir='ltr'><strong>tantum</strong></span> <span class='ocrx_word' id='word_1_616' title='bbox 3036 1889 3220 1944; x_wconf 89' lang='lat' dir='ltr'><strong>dicere</strong></span> <span class='ocrx_word' id='word_1_617' title='bbox 3247 1906 3367 1960; x_wconf 74' lang='lat' dir='ltr'><strong>qua:</strong></span> <span class='ocrx_word' id='word_1_618' title='bbox 3395 1902 3522 1947; x_wconf 87' lang='lat' dir='ltr'><strong>sunt</strong></span> 
     </span>
    </p>
   </div>
   <div class='ocr_carea' id='block_1_79' title="bbox 1927 1972 3521 2048">
    <p class='ocr_par' dir='ltr' id='par_1_79' title="bbox 1927 1972 3521 2048">
     <span class='ocr_line' id='line_1_79' title="bbox 1927 1972 3521 2048; baseline 0.006 -21"><span class='ocrx_word' id='word_1_619' title='bbox 1927 1972 2193 2028; x_wconf 89' lang='lat' dir='ltr'><strong>credenda</strong></span> <span class='ocrx_word' id='word_1_620' title='bbox 2220 1974 2287 2030; x_wconf 88' lang='lat' dir='ltr'><strong>de</strong></span> <span class='ocrx_word' id='word_1_621' title='bbox 2316 1975 2531 2031; x_wconf 91' lang='lat' dir='ltr'><strong>Christo</strong></span> <span class='ocrx_word' id='word_1_622' title='bbox 2550 2017 2565 2043; x_wconf 93' lang='lat'><strong>,</strong></span> <span class='ocrx_word' id='word_1_623' title='bbox 2595 1977 2689 2032; x_wconf 90' lang='lat' dir='ltr'><strong>sed</strong></span> <span class='ocrx_word' id='word_1_624' title='bbox 2716 1979 2877 2033; x_wconf 90' lang='lat' dir='ltr'><strong>etiam</strong></span> <span class='ocrx_word' id='word_1_625' title='bbox 2925 1995 3045 2048; x_wconf 75' lang='lat' dir='ltr'><strong>qua:</strong></span> <span class='ocrx_word' id='word_1_626' title='bbox 3097 1981 3427 2035; x_wconf 81' lang='lat' dir='ltr'><strong>observanda</strong></span> <span class='ocrx_word' id='word_1_627' title='bbox 3470 1984 3521 2037; x_wconf 93' lang='lat' dir='ltr'><strong>ei</strong></span> 
     </span>
    </p>
   </div>
   <div class='ocr_carea' id='block_1_80' title="bbox 1928 2064 3524 2139">
    <p class='ocr_par' dir='ltr' id='par_1_80' title="bbox 1928 2064 3524 2139">
     <span class='ocr_line' id='line_1_80' title="bbox 1928 2064 3524 2139; baseline 0.008 -22"><span class='ocrx_word' id='word_1_628' title='bbox 1928 2064 2019 2135; x_wconf 92' lang='lat' dir='ltr'><strong>qui</strong></span> <span class='ocrx_word' id='word_1_629' title='bbox 2045 2064 2255 2120; x_wconf 86' lang='lat' dir='ltr'><strong>accedit</strong></span> <span class='ocrx_word' id='word_1_630' title='bbox 2280 2066 2347 2121; x_wconf 88' lang='lat' dir='ltr'><strong>ad</strong></span> <span class='ocrx_word' id='word_1_631' title='bbox 2374 2082 2688 2139; x_wconf 88' lang='lat' dir='ltr'><strong>compagem</strong></span> <span class='ocrx_word' id='word_1_632' title='bbox 2720 2070 2963 2139; x_wconf 90' lang='lat' dir='ltr'><strong>corporis</strong></span> <span class='ocrx_word' id='word_1_633' title='bbox 2990 2069 3190 2126; x_wconf 85' lang='lat' dir='ltr'><strong>Christi</strong></span> <span class='ocrx_word' id='word_1_634' title='bbox 3217 2088 3231 2124; x_wconf 89' lang='lat'>:</span> <span class='ocrx_word' id='word_1_635' title='bbox 3261 2073 3368 2127; x_wconf 91' lang='lat' dir='ltr'><strong>imo</strong></span> <span class='ocrx_word' id='word_1_636' title='bbox 3394 2088 3524 2129; x_wconf 87' lang='lat' dir='ltr'><strong>vero</strong></span> 
     </span>
    </p>
   </div>
   <div class='ocr_carea' id='block_1_81' title="bbox 1927 2156 3523 2230">
    <p class='ocr_par' dir='ltr' id='par_1_81' title="bbox 1927 2156 3523 2230">
     <span class='ocr_line' id='line_1_81' title="bbox 1927 2156 3523 2230; baseline 0.003 -19"><span class='ocrx_word' id='word_1_637' title='bbox 1927 2164 2118 2211; x_wconf 84' lang='lat' dir='ltr'><strong>cuncta</strong></span> <span class='ocrx_word' id='word_1_638' title='bbox 2147 2156 2329 2214; x_wconf 90' lang='lat' dir='ltr'><strong>dicere</strong></span> <span class='ocrx_word' id='word_1_639' title='bbox 2353 2175 2471 2230; x_wconf 77' lang='lat' dir='ltr'><strong>qua:</strong></span> <span class='ocrx_word' id='word_1_640' title='bbox 2495 2168 2620 2215; x_wconf 91' lang='lat' dir='ltr'><strong>sunt</strong></span> <span class='ocrx_word' id='word_1_641' title='bbox 2639 2161 2904 2216; x_wconf 89' lang='lat' dir='ltr'><strong>credenda</strong></span> <span class='ocrx_word' id='word_1_642' title='bbox 2927 2161 2995 2217; x_wconf 91' lang='lat' dir='ltr'><strong>de</strong></span> <span class='ocrx_word' id='word_1_643' title='bbox 3014 2161 3229 2218; x_wconf 90' lang='lat' dir='ltr'><strong>Christo</strong></span> <span class='ocrx_word' id='word_1_644' title='bbox 3250 2207 3263 2230; x_wconf 90' lang='lat'><strong>,</strong></span> <span class='ocrx_word' id='word_1_645' title='bbox 3298 2181 3404 2219; x_wconf 90' lang='lat' dir='ltr'><strong>non</strong></span> <span class='ocrx_word' id='word_1_646' title='bbox 3431 2182 3523 2221; x_wconf 81' lang='lat' dir='ltr'><strong>sn-</strong></span> 
     </span>
    </p>
   </div>
   <div class='ocr_carea' id='block_1_82' title="bbox 1931 2248 3522 2324">
    <p class='ocr_par' dir='ltr' id='par_1_82' title="bbox 1931 2248 3522 2324">
     <span class='ocr_line' id='line_1_82' title="bbox 1931 2248 3522 2324; baseline 0.007 -21"><span class='ocrx_word' id='word_1_647' title='bbox 1931 2248 2043 2304; x_wconf 92' lang='lat' dir='ltr'><strong>lum</strong></span> <span class='ocrx_word' id='word_1_648' title='bbox 2086 2252 2239 2321; x_wconf 83' lang='lat' dir='ltr'><strong>cujus</strong></span> <span class='ocrx_word' id='word_1_649' title='bbox 2280 2252 2352 2307; x_wconf 90' lang='lat' dir='ltr'><strong>sit</strong></span> <span class='ocrx_word' id='word_1_650' title='bbox 2398 2253 2570 2319; x_wconf 88' lang='lat' dir='ltr'><strong>ﬁlius,</strong></span> <span class='ocrx_word' id='word_1_651' title='bbox 2625 2255 2765 2310; x_wconf 91' lang='lat' dir='ltr'><strong>unde</strong></span> <span class='ocrx_word' id='word_1_652' title='bbox 2808 2256 3103 2311; x_wconf 89' lang='lat' dir='ltr'><strong>secundum</strong></span> <span class='ocrx_word' id='word_1_653' title='bbox 3152 2257 3522 2324; x_wconf 89' lang='lat' dir='ltr'><strong>divinitatem,</strong></span> 
     </span>
    </p>
   </div>
   <div class='ocr_carea' id='block_1_83' title="bbox 1933 2340 3523 2419">
    <p class='ocr_par' dir='ltr' id='par_1_83' title="bbox 1933 2340 3523 2419">
     <span class='ocr_line' id='line_1_83' title="bbox 1933 2340 3523 2419; baseline 0.008 -25"><span class='ocrx_word' id='word_1_654' title='bbox 1933 2340 2076 2397; x_wconf 91' lang='lat' dir='ltr'><strong>unde</strong></span> <span class='ocrx_word' id='word_1_655' title='bbox 2105 2343 2397 2398; x_wconf 90' lang='lat' dir='ltr'><strong>secundum</strong></span> <span class='ocrx_word' id='word_1_656' title='bbox 2441 2358 2657 2400; x_wconf 87' lang='lat' dir='ltr'><strong>carnem</strong></span> <span class='ocrx_word' id='word_1_657' title='bbox 2706 2347 2950 2415; x_wconf 88' lang='lat' dir='ltr'><strong>genitus,</strong></span> <span class='ocrx_word' id='word_1_658' title='bbox 2993 2364 3113 2419; x_wconf 79' lang='lat' dir='ltr'><strong>qttze</strong></span> <span class='ocrx_word' id='word_1_659' title='bbox 3140 2363 3429 2419; x_wconf 86' lang='lat' dir='ltr'><strong>perpessus</strong></span> <span class='ocrx_word' id='word_1_660' title='bbox 3467 2362 3523 2406; x_wconf 90' lang='lat' dir='ltr'><strong>et</strong></span> 
     </span>
    </p>
   </div>
   <div class='ocr_carea' id='block_1_84' title="bbox 1933 2435 3526 2511">
    <p class='ocr_par' dir='ltr' id='par_1_84' title="bbox 1933 2435 3526 2511">
     <span class='ocr_line' id='line_1_84' title="bbox 1933 2435 3526 2511; baseline 0.008 -25"><span class='ocrx_word' id='word_1_661' title='bbox 1933 2447 2128 2502; x_wconf 86' lang='lat' dir='ltr'><strong>quare,</strong></span> <span class='ocrx_word' id='word_1_662' title='bbox 2156 2448 2278 2504; x_wconf 69' lang='lat' dir='ltr'><strong>qua:</strong></span> <span class='ocrx_word' id='word_1_663' title='bbox 2318 2435 2389 2489; x_wconf 92' lang='lat' dir='ltr'><strong>sit</strong></span> <span class='ocrx_word' id='word_1_664' title='bbox 2415 2436 2583 2490; x_wconf 88' lang='lat' dir='ltr'><strong>virtus</strong></span> <span class='ocrx_word' id='word_1_665' title='bbox 2616 2438 3027 2493; x_wconf 87' lang='lat' dir='ltr'><strong>resurrectionis</strong></span> <span class='ocrx_word' id='word_1_666' title='bbox 3050 2440 3196 2509; x_wconf 89' lang='lat' dir='ltr'><strong>ejus,</strong></span> <span class='ocrx_word' id='word_1_667' title='bbox 3236 2441 3379 2511; x_wconf 89' lang='lat' dir='ltr'><strong>quod</strong></span> <span class='ocrx_word' id='word_1_668' title='bbox 3425 2443 3526 2497; x_wconf 89' lang='lat' dir='ltr'><strong>do-</strong></span> 
     </span>
    </p>
   </div>
   <div class='ocr_carea' id='block_1_85' title="bbox 1935 2523 3526 2599">
    <p class='ocr_par' dir='ltr' id='par_1_85' title="bbox 1935 2523 3526 2599">
     <span class='ocr_line' id='line_1_85' title="bbox 1935 2523 3526 2599; baseline 0.009 -23"><span class='ocrx_word' id='word_1_669' title='bbox 1935 2538 2063 2577; x_wconf 91' lang='lat' dir='ltr'><strong>num</strong></span> <span class='ocrx_word' id='word_1_670' title='bbox 2109 2523 2339 2594; x_wconf 88' lang='lat' dir='ltr'><strong>Spiritus</strong></span> <span class='ocrx_word' id='word_1_671' title='bbox 2382 2526 2692 2596; x_wconf 89' lang='lat' dir='ltr'><strong>promiserit</strong></span> <span class='ocrx_word' id='word_1_672' title='bbox 2736 2527 3052 2599; x_wconf 91' lang='lat' dir='ltr'><strong>dederitque</strong></span> <span class='ocrx_word' id='word_1_673' title='bbox 3099 2531 3384 2599; x_wconf 91' lang='lat' dir='ltr'><strong>ﬁdelibus;</strong></span> <span class='ocrx_word' id='word_1_674' title='bbox 3432 2537 3526 2591; x_wconf 86' lang='lat' dir='ltr'><strong>sed</strong></span> 
     </span>
    </p>
   </div>
   <div class='ocr_carea' id='block_1_86' title="bbox 1934 2619 3530 2699">
    <p class='ocr_par' dir='ltr' id='par_1_86' title="bbox 1934 2619 3530 2699">
     <span class='ocr_line' id='line_1_86' title="bbox 1934 2619 3530 2699; baseline 0.008 -26"><span class='ocrx_word' id='word_1_675' title='bbox 1934 2619 2097 2673; x_wconf 87' lang='lat' dir='ltr'><strong>etiam</strong></span> <span class='ocrx_word' id='word_1_676' title='bbox 2127 2619 2301 2689; x_wconf 88' lang='lat' dir='ltr'><strong>qualia</strong></span> <span class='ocrx_word' id='word_1_677' title='bbox 2331 2622 2603 2689; x_wconf 90' lang='lat' dir='ltr'><strong>membra,</strong></span> <span class='ocrx_word' id='word_1_678' title='bbox 2636 2623 2827 2692; x_wconf 89' lang='lat' dir='ltr'><strong>quibus</strong></span> <span class='ocrx_word' id='word_1_679' title='bbox 2858 2624 2927 2678; x_wconf 85' lang='lat' dir='ltr'><strong>sit</strong></span> <span class='ocrx_word' id='word_1_680' title='bbox 2950 2637 3146 2696; x_wconf 90' lang='lat' dir='ltr'><strong>caput,</strong></span> <span class='ocrx_word' id='word_1_681' title='bbox 3177 2639 3415 2699; x_wconf 75' lang='lat' dir='ltr'><strong>qumrat,</strong></span> <span class='ocrx_word' id='word_1_682' title='bbox 3447 2631 3530 2685; x_wconf 83' lang='lat' dir='ltr'><strong>in-</strong></span> 
     </span>
    </p>
   </div>
   <div class='ocr_carea' id='block_1_87' title="bbox 1934 2708 3528 2786">
    <p class='ocr_par' dir='ltr' id='par_1_87' title="bbox 1934 2708 3528 2786">
     <span class='ocr_line' id='line_1_87' title="bbox 1934 2708 3528 2786; baseline 0.009 -24"><span class='ocrx_word' id='word_1_683' title='bbox 1934 2708 2155 2776; x_wconf 90' lang='lat' dir='ltr'><strong>stituat,</strong></span> <span class='ocrx_word' id='word_1_684' title='bbox 2197 2710 2419 2782; x_wconf 81' lang='lat' dir='ltr'><strong>diligat,</strong></span> <span class='ocrx_word' id='word_1_685' title='bbox 2472 2712 2696 2781; x_wconf 88' lang='lat' dir='ltr'><strong>liberet,</strong></span> <span class='ocrx_word' id='word_1_686' title='bbox 2747 2724 2906 2786; x_wconf 89' lang='lat' dir='ltr'><strong>atque</strong></span> <span class='ocrx_word' id='word_1_687' title='bbox 2952 2718 3021 2772; x_wconf 89' lang='lat' dir='ltr'><strong>ad</strong></span> <span class='ocrx_word' id='word_1_688' title='bbox 3067 2728 3323 2775; x_wconf 63' lang='lat' dir='ltr'><strong>aeternam</strong></span> <span class='ocrx_word' id='word_1_689' title='bbox 3367 2724 3528 2778; x_wconf 86' lang='lat' dir='ltr'><strong>vitam</strong></span> 
     </span>
    </p>
   </div>
   <div class='ocr_carea' id='block_1_88' title="bbox 1936 2797 3533 2884">
    <p class='ocr_par' dir='ltr' id='par_1_88' title="bbox 1936 2797 3533 2884">
     <span class='ocr_line' id='line_1_88' title="bbox 1936 2797 3533 2884; baseline 0.011 -31"><span class='ocrx_word' id='word_1_690' title='bbox 1936 2797 2305 2873; x_wconf 89' lang='lat' dir='ltr'><strong>honoremque</strong></span> <span class='ocrx_word' id='word_1_691' title='bbox 2329 2804 2607 2873; x_wconf 89' lang='lat' dir='ltr'><strong>perducat.</strong></span> <span class='ocrx_word' id='word_1_692' title='bbox 2638 2807 2765 2863; x_wconf 68' lang='lat' dir='ltr'><strong>llmc</strong></span> <span class='ocrx_word' id='word_1_693' title='bbox 2791 2824 2912 2863; x_wconf 92' lang='lat' dir='ltr'><strong>cum</strong></span> <span class='ocrx_word' id='word_1_694' title='bbox 2943 2810 3215 2878; x_wconf 90' lang='lat' dir='ltr'><strong>dicuntur,</strong></span> <span class='ocrx_word' id='word_1_695' title='bbox 3246 2815 3533 2884; x_wconf 83' lang='lat' dir='ltr'><strong>aliquando</strong></span> 
     </span>
    </p>
   </div>
   <div class='ocr_carea' id='block_1_89' title="bbox 1935 2890 3532 2971">
    <p class='ocr_par' dir='ltr' id='par_1_89' title="bbox 1935 2890 3532 2971">
     <span class='ocr_line' id='line_1_89' title="bbox 1935 2890 3532 2971; baseline 0.01 -25"><span class='ocrx_word' id='word_1_696' title='bbox 1935 2890 2153 2949; x_wconf 86' lang='lat' dir='ltr'><strong>brevius</strong></span> <span class='ocrx_word' id='word_1_697' title='bbox 2180 2903 2342 2966; x_wconf 87' lang='lat' dir='ltr'><strong>atque</strong></span> <span class='ocrx_word' id='word_1_698' title='bbox 2369 2898 2715 2953; x_wconf 89' lang='lat' dir='ltr'><strong>constrictius</strong></span> <span class='ocrx_word' id='word_1_699' title='bbox 2735 2942 2750 2966; x_wconf 94' lang='lat'><strong>,</strong></span> <span class='ocrx_word' id='word_1_700' title='bbox 2791 2901 3082 2971; x_wconf 87' lang='lat' dir='ltr'><strong>aliquando</strong></span> <span class='ocrx_word' id='word_1_701' title='bbox 3127 2905 3285 2960; x_wconf 88' lang='lat' dir='ltr'><strong>latius</strong></span> <span class='ocrx_word' id='word_1_702' title='bbox 3309 2916 3365 2961; x_wconf 83' lang='lat' dir='ltr'><strong>et</strong></span> <span class='ocrx_word' id='word_1_703' title='bbox 3399 2908 3532 2962; x_wconf 78' lang='lat' dir='ltr'><strong>ulte-</strong></span> 
     </span>
    </p>
   </div>
   <div class='ocr_carea' id='block_1_90' title="bbox 1936 2983 3533 3059">
    <p class='ocr_par' dir='ltr' id='par_1_90' title="bbox 1936 2983 3533 3059">
     <span class='ocr_line' id='line_1_90' title="bbox 1936 2983 3533 3059; baseline 0.009 -21"><span class='ocrx_word' id='word_1_704' title='bbox 1936 2983 2080 3050; x_wconf 85' lang='lat' dir='ltr'><strong>rius,</strong></span> <span class='ocrx_word' id='word_1_705' title='bbox 2125 2983 2371 3040; x_wconf 88' lang='lat' dir='ltr'><strong>Christus</strong></span> <span class='ocrx_word' id='word_1_706' title='bbox 2400 2990 2829 3059; x_wconf 83' lang='lat' dir='ltr'><strong>cvangelizatur;</strong></span> <span class='ocrx_word' id='word_1_707' title='bbox 2884 3002 2938 3047; x_wconf 91' lang='lat' dir='ltr'><strong>et</strong></span> <span class='ocrx_word' id='word_1_708' title='bbox 2989 3006 3162 3048; x_wconf 86' lang='lat' dir='ltr'><strong>tamen</strong></span> <span class='ocrx_word' id='word_1_709' title='bbox 3210 3013 3312 3051; x_wconf 85' lang='lat' dir='ltr'><strong>non</strong></span> <span class='ocrx_word' id='word_1_710' title='bbox 3360 3002 3533 3054; x_wconf 65' lang='lat' dir='ltr'><strong>Stulttttt</strong></span> 
     </span>
    </p>
   </div>
   <div class='ocr_carea' id='block_1_91' title="bbox 1936 3078 3534 3155">
    <p class='ocr_par' dir='ltr' id='par_1_91' title="bbox 1936 3078 3534 3155">
     <span class='ocr_line' id='line_1_91' title="bbox 1936 3078 3534 3155; baseline 0.009 -23"><span class='ocrx_word' id='word_1_711' title='bbox 1936 3078 2078 3149; x_wconf 84' lang='lat' dir='ltr'><strong>quod</strong></span> <span class='ocrx_word' id='word_1_712' title='bbox 2108 3081 2171 3133; x_wconf 89' lang='lat' dir='ltr'><strong>ad</strong></span> <span class='ocrx_word' id='word_1_713' title='bbox 2199 3080 2389 3149; x_wconf 87' lang='lat' dir='ltr'><strong>tidem,</strong></span> <span class='ocrx_word' id='word_1_714' title='bbox 2420 3098 2603 3137; x_wconf 88' lang='lat' dir='ltr'><strong>verum</strong></span> <span class='ocrx_word' id='word_1_715' title='bbox 2632 3085 2793 3138; x_wconf 90' lang='lat' dir='ltr'><strong>etiam</strong></span> <span class='ocrx_word' id='word_1_716' title='bbox 2822 3086 2963 3155; x_wconf 85' lang='lat' dir='ltr'><strong>quod</strong></span> <span class='ocrx_word' id='word_1_717' title='bbox 2991 3088 3058 3141; x_wconf 80' lang='lat' dir='ltr'><strong>ad</strong></span> <span class='ocrx_word' id='word_1_718' title='bbox 3091 3104 3270 3145; x_wconf 79' lang='lat' dir='ltr'><strong>uxores</strong></span> <span class='ocrx_word' id='word_1_719' title='bbox 3298 3090 3534 3146; x_wconf 84' lang='lat' dir='ltr'><strong>ﬁdelium</strong></span> 
     </span>
    </p>
   </div>
   <div class='ocr_carea' id='block_1_92' title="bbox 1939 3171 2814 3241">
    <p class='ocr_par' dir='ltr' id='par_1_92' title="bbox 1939 3171 2814 3241">
     <span class='ocr_line' id='line_1_92' title="bbox 1939 3171 2814 3241; baseline 0.007 -18"><span class='ocrx_word' id='word_1_720' title='bbox 1939 3171 2202 3238; x_wconf 86' lang='lat' dir='ltr'><strong>pertinet,</strong></span> <span class='ocrx_word' id='word_1_721' title='bbox 2235 3187 2342 3225; x_wconf 91' lang='lat' dir='ltr'><strong>non</strong></span> <span class='ocrx_word' id='word_1_722' title='bbox 2369 3174 2814 3241; x_wconf 80' lang='lat' dir='ltr'><strong>pra-termittitur.</strong></span> 
     </span>
    </p>
   </div>
   <div class='ocr_carea' id='block_1_93' title="bbox 2010 3261 3537 3345">
    <p class='ocr_par' dir='ltr' id='par_1_93' title="bbox 2010 3261 3537 3345">
     <span class='ocr_line' id='line_1_93' title="bbox 2010 3261 3537 3345; baseline 0.011 -32"><span class='ocrx_word' id='word_1_723' title='bbox 2010 3261 2235 3318; x_wconf 80' lang='lat' dir='ltr'><strong>CAPUT</strong></span> <span class='ocrx_word' id='word_1_724' title='bbox 2266 3262 2336 3317; x_wconf 83' lang='lat' dir='ltr'><strong>X.</strong></span> <span class='ocrx_word' id='word_1_725' title='bbox 2365 3294 2437 3303; x_wconf 97' lang='lat'>—</span> <span class='ocrx_word' id='word_1_726' title='bbox 2464 3266 2549 3320; x_wconf 75' lang='grc'><strong>15.</strong></span> <span class='ocrx_word' id='word_1_727' title='bbox 2583 3265 2747 3322; x_wconf 85' lang='lat' dir='ltr'><strong>Locus</strong></span> <span class='ocrx_word' id='word_1_728' title='bbox 2783 3269 2935 3323; x_wconf 85' lang='lat' dir='ltr'><strong>Pauli</strong></span> <span class='ocrx_word' id='word_1_729' title='bbox 2961 3286 3014 3324; x_wconf 89' lang='lat' dir='ltr'><strong>se</strong></span> <span class='ocrx_word' id='word_1_730' title='bbox 3038 3271 3168 3326; x_wconf 87' lang='lat' dir='ltr'><strong>nihil</strong></span> <span class='ocrx_word' id='word_1_731' title='bbox 3193 3274 3321 3329; x_wconf 80' lang='lat' dir='ltr'><strong>scire</strong></span> <span class='ocrx_word' id='word_1_732' title='bbox 3351 3286 3537 3345; x_wconf 66' lang='lat' dir='ltr'><strong>proter</strong></span> 
     </span>
    </p>
   </div>
   <div class='ocr_carea' id='block_1_94' title="bbox 1940 3352 3539 3432">
    <p class='ocr_par' dir='ltr' id='par_1_94' title="bbox 1940 3352 3539 3432">
     <span class='ocr_line' id='line_1_94' title="bbox 1940 3352 3539 3432; baseline 0.011 -24"><span class='ocrx_word' id='word_1_733' title='bbox 1940 3352 2195 3409; x_wconf 79' lang='lat' dir='ltr'><strong>Christum</strong></span> <span class='ocrx_word' id='word_1_734' title='bbox 2220 3355 2397 3410; x_wconf 84' lang='lat' dir='ltr'><strong>Jesum</strong></span> <span class='ocrx_word' id='word_1_735' title='bbox 2427 3360 2725 3427; x_wconf 81' lang='lat' dir='ltr'><strong>proﬁtentis.</strong></span> <span class='ocrx_word' id='word_1_736' title='bbox 2758 3360 3022 3432; x_wconf 72' lang='lat' dir='ltr'><strong>Pra‘ccpta</strong></span> <span class='ocrx_word' id='word_1_737' title='bbox 3049 3364 3149 3418; x_wconf 89' lang='lat' dir='ltr'><strong>duo</strong></span> <span class='ocrx_word' id='word_1_738' title='bbox 3178 3367 3243 3420; x_wconf 88' lang='lat' dir='ltr'><strong>de</strong></span> <span class='ocrx_word' id='word_1_739' title='bbox 3275 3369 3539 3425; x_wconf 82' lang='lat' dir='ltr'><strong>dilectione</strong></span> 
     </span>
    </p>
   </div>
   <div class='ocr_carea' id='block_1_95' title="bbox 1942 3444 3534 3528">
    <p class='ocr_par' dir='ltr' id='par_1_95' title="bbox 1942 3444 3534 3528">
     <span class='ocr_line' id='line_1_95' title="bbox 1942 3444 3534 3528; baseline 0.012 -30"><span class='ocrx_word' id='word_1_740' title='bbox 1942 3444 2039 3500; x_wconf 88' lang='lat' dir='ltr'><strong>Dei</strong></span> <span class='ocrx_word' id='word_1_741' title='bbox 2064 3458 2111 3499; x_wconf 78' lang='lat' dir='ltr'><strong>et</strong></span> <span class='ocrx_word' id='word_1_742' title='bbox 2138 3449 2355 3519; x_wconf 74' lang='lat' dir='ltr'><strong>proximi</strong></span> <span class='ocrx_word' id='word_1_743' title='bbox 2400 3452 2532 3504; x_wconf 88' lang='lat' dir='ltr'><strong>male</strong></span> <span class='ocrx_word' id='word_1_744' title='bbox 2567 3454 2774 3523; x_wconf 73' lang='lat' dir='ltr'><strong>referri,</strong></span> <span class='ocrx_word' id='word_1_745' title='bbox 2808 3454 3024 3509; x_wconf 83' lang='lat' dir='ltr'><strong>alterunt</strong></span> <span class='ocrx_word' id='word_1_746' title='bbox 3066 3458 3134 3510; x_wconf 84' lang='lat' dir='ltr'><strong>ad</strong></span> <span class='ocrx_word' id='word_1_747' title='bbox 3160 3458 3491 3528; x_wconf 74' lang='lat' dir='ltr'><strong>baptizandus</strong></span> <span class='ocrx_word' id='word_1_748' title='bbox 3519 3508 3534 3528; x_wconf 87' lang='lat'><strong>,</strong></span> 
     </span>
    </p>
   </div>
   <div class='ocr_carea' id='block_1_96' title="bbox 1940 3539 3538 3616">
    <p class='ocr_par' dir='ltr' id='par_1_96' title="bbox 1940 3539 3538 3616">
     <span class='ocr_line' id='line_1_96' title="bbox 1940 3539 3538 3616; baseline 0.011 -26"><span class='ocrx_word' id='word_1_749' title='bbox 1940 3541 2153 3593; x_wconf 85' lang='lat' dir='ltr'><strong>alterum</strong></span> <span class='ocrx_word' id='word_1_750' title='bbox 2182 3540 2251 3593; x_wconf 89' lang='lat' dir='ltr'><strong>ad</strong></span> <span class='ocrx_word' id='word_1_751' title='bbox 2271 3539 2572 3611; x_wconf 74' lang='lat' dir='ltr'><strong>baptizatos.</strong></span> <span class='ocrx_word' id='word_1_752' title='bbox 2604 3543 2715 3598; x_wconf 74' lang='lat' dir='ltr'><strong>lluc</strong></span> <span class='ocrx_word' id='word_1_753' title='bbox 2736 3545 2953 3615; x_wconf 72' lang='lat' dir='ltr'><strong>intelligi</strong></span> <span class='ocrx_word' id='word_1_754' title='bbox 2994 3557 3166 3616; x_wconf 88' lang='lat' dir='ltr'><strong>potest</strong></span> <span class='ocrx_word' id='word_1_755' title='bbox 3195 3552 3356 3606; x_wconf 90' lang='lat' dir='ltr'><strong>etiam</strong></span> <span class='ocrx_word' id='word_1_756' title='bbox 3390 3554 3441 3606; x_wconf 92' lang='lat' dir='ltr'><strong>in</strong></span> <span class='ocrx_word' id='word_1_757' title='bbox 3471 3570 3538 3609; x_wconf 89' lang='lat' dir='ltr'><strong>eo</strong></span> 
     </span>
    </p>
   </div>
   <div class='ocr_carea' id='block_1_97' title="bbox 1941 3630 3540 3709">
    <p class='ocr_par' dir='ltr' id='par_1_97' title="bbox 1941 3630 3540 3709">
     <span class='ocr_line' id='line_1_97' title="bbox 1941 3630 3540 3709; baseline 0.011 -26"><span class='ocrx_word' id='word_1_758' title='bbox 1941 3630 2081 3700; x_wconf 91' lang='lat' dir='ltr'><strong>quod</strong></span> <span class='ocrx_word' id='word_1_759' title='bbox 2107 3642 2532 3688; x_wconf 89' lang='lat' dir='ltr'><strong>commemorant</strong></span> <span class='ocrx_word' id='word_1_760' title='bbox 2554 3634 2752 3691; x_wconf 77' lang='lat' dir='ltr'><strong>dixisse</strong></span> <span class='ocrx_word' id='word_1_761' title='bbox 2780 3639 3081 3705; x_wconf 84' lang='lat' dir='ltr'><strong>apostolum</strong></span> <span class='ocrx_word' id='word_1_762' title='bbox 3103 3641 3323 3697; x_wconf 86' lang='lat' dir='ltr'><strong>Paulum</strong></span> <span class='ocrx_word' id='word_1_763' title='bbox 3347 3684 3363 3709; x_wconf 93' lang='lat'><strong>,</strong></span> <span class='ocrx_word' id='word_1_764' title='bbox 3390 3644 3540 3700; x_wconf 84' lang='lat' dir='ltr'><strong>Nihil</strong></span> 
     </span>
    </p>
   </div>
   <div class='ocr_carea' id='block_1_98' title="bbox 1943 3722 3539 3800">
    <p class='ocr_par' dir='ltr' id='par_1_98' title="bbox 1943 3722 3539 3800">
     <span class='ocr_line' id='line_1_98' title="bbox 1943 3722 3539 3800; baseline 0.01 -26"><span class='ocrx_word' id='word_1_765' title='bbox 1943 3737 2024 3776; x_wconf 90' lang='lat' dir='ltr'><strong>me</strong></span> <span class='ocrx_word' id='word_1_766' title='bbox 2055 3722 2180 3775; x_wconf 76' lang='lat' dir='ltr'><strong>duxi</strong></span> <span class='ocrx_word' id='word_1_767' title='bbox 2203 3724 2333 3777; x_wconf 86' lang='lat' dir='ltr'><strong>scire</strong></span> <span class='ocrx_word' id='word_1_768' title='bbox 2356 3724 2410 3777; x_wconf 89' lang='lat' dir='ltr'><strong>in</strong></span> <span class='ocrx_word' id='word_1_769' title='bbox 2439 3726 2609 3792; x_wconf 86' lang='lat' dir='ltr'><strong>vobis,</strong></span> <span class='ocrx_word' id='word_1_770' title='bbox 2640 3728 2736 3781; x_wconf 85' lang='lat' dir='ltr'><strong>nisi</strong></span> <span class='ocrx_word' id='word_1_771' title='bbox 2790 3727 3047 3783; x_wconf 83' lang='lat' dir='ltr'><strong>Christum</strong></span> <span class='ocrx_word' id='word_1_772' title='bbox 3079 3729 3286 3800; x_wconf 86' lang='lat' dir='ltr'><strong>Jesum,</strong></span> <span class='ocrx_word' id='word_1_773' title='bbox 3333 3746 3379 3787; x_wconf 90' lang='lat' dir='ltr'><strong>et</strong></span> <span class='ocrx_word' id='word_1_774' title='bbox 3405 3736 3539 3790; x_wconf 83' lang='lat' dir='ltr'><strong>hunc</strong></span> 
     </span>
    </p>
   </div>
   <div class='ocr_carea' id='block_1_99' title="bbox 1943 3812 3535 3894">
    <p class='ocr_par' dir='ltr' id='par_1_99' title="bbox 1943 3812 3535 3894">
     <span class='ocr_line' id='line_1_99' title="bbox 1943 3812 3535 3894; baseline 0.011 -29"><span class='ocrx_word' id='word_1_775' title='bbox 1943 3812 2244 3881; x_wconf 68' lang='lat' dir='ltr'><strong>cruciﬁxum</strong></span> <span class='ocrx_word' id='word_1_776' title='bbox 2271 3814 2313 3886; x_wconf 94' lang='lat' dir='ltr'><strong>(l</strong></span> <span class='ocrx_word' id='word_1_777' title='bbox 2340 3814 2457 3869; x_wconf 91' lang='lat' dir='ltr'><strong>Cor.</strong></span> <span class='ocrx_word' id='word_1_778' title='bbox 2488 3832 2554 3883; x_wconf 84' lang='lat' dir='ltr'><strong>tt,</strong></span> <span class='ocrx_word' id='word_1_779' title='bbox 2587 3816 2666 3888; x_wconf 75' lang='lat'><strong>2).</strong></span> <span class='ocrx_word' id='word_1_780' title='bbox 2697 3816 2846 3885; x_wconf 82' lang='lat' dir='ltr'><strong>Quod</strong></span> <span class='ocrx_word' id='word_1_781' title='bbox 2871 3819 2945 3873; x_wconf 91' lang='lat' dir='ltr'><strong>illi</strong></span> <span class='ocrx_word' id='word_1_782' title='bbox 2970 3831 3153 3889; x_wconf 91' lang='lat' dir='ltr'><strong>putant</strong></span> <span class='ocrx_word' id='word_1_783' title='bbox 3181 3823 3253 3877; x_wconf 88' lang='lat' dir='ltr'><strong>ita</strong></span> <span class='ocrx_word' id='word_1_784' title='bbox 3292 3824 3491 3881; x_wconf 87' lang='lat' dir='ltr'><strong>dictum</strong></span> <span class='ocrx_word' id='word_1_785' title='bbox 3520 3871 3535 3894; x_wconf 90' lang='lat'><strong>,</strong></span> 
     </span>
    </p>
   </div>
   <div class='ocr_carea' id='block_1_100' title="bbox 1946 3903 3534 3984">
    <p class='ocr_par' dir='ltr' id='par_1_100' title="bbox 1946 3903 3534 3984">
     <span class='ocr_line' id='line_1_100' title="bbox 1946 3903 3534 3984; baseline 0.011 -29"><span class='ocrx_word' id='word_1_786' title='bbox 1946 3910 2196 3972; x_wconf 89' lang='lat' dir='ltr'><strong>tanquam</strong></span> <span class='ocrx_word' id='word_1_787' title='bbox 2225 3903 2357 3958; x_wconf 90' lang='lat' dir='ltr'><strong>nihil</strong></span> <span class='ocrx_word' id='word_1_788' title='bbox 2377 3906 2521 3961; x_wconf 91' lang='lat' dir='ltr'><strong>aliud</strong></span> <span class='ocrx_word' id='word_1_789' title='bbox 2544 3906 2621 3961; x_wconf 87' lang='lat' dir='ltr'><strong>eis</strong></span> <span class='ocrx_word' id='word_1_790' title='bbox 2644 3908 2965 3963; x_wconf 83' lang='lat' dir='ltr'><strong>insinuatum</strong></span> <span class='ocrx_word' id='word_1_791' title='bbox 2992 3922 3166 3977; x_wconf 89' lang='lat' dir='ltr'><strong>esset;</strong></span> <span class='ocrx_word' id='word_1_792' title='bbox 3187 3922 3245 3968; x_wconf 88' lang='lat' dir='ltr'><strong>ut</strong></span> <span class='ocrx_word' id='word_1_793' title='bbox 3267 3917 3534 3984; x_wconf 82' lang='lat' dir='ltr'><strong>primitus‘</strong></span> 
     </span>
    </p>
   </div>
   <div class='ocr_carea' id='block_1_101' title="bbox 1946 3996 3536 4073">
    <p class='ocr_par' dir='ltr' id='par_1_101' title="bbox 1946 3996 3536 4073">
     <span class='ocr_line' id='line_1_101' title="bbox 1946 3996 3536 4073; baseline 0.009 -23"><span class='ocrx_word' id='word_1_794' title='bbox 1946 3996 2253 4065; x_wconf 88' lang='lat' dir='ltr'><strong>crederent,</strong></span> <span class='ocrx_word' id='word_1_795' title='bbox 2305 4013 2367 4053; x_wconf 91' lang='lat' dir='ltr'><strong>ac</strong></span> <span class='ocrx_word' id='word_1_796' title='bbox 2394 3998 2588 4054; x_wconf 90' lang='lat' dir='ltr'><strong>deinde</strong></span> <span class='ocrx_word' id='word_1_797' title='bbox 2645 4001 2897 4071; x_wconf 76' lang='lat' dir='ltr'><strong>haptizati</strong></span> <span class='ocrx_word' id='word_1_798' title='bbox 2936 4003 3195 4073; x_wconf 88' lang='lat' dir='ltr'><strong>quidquid</strong></span> <span class='ocrx_word' id='word_1_799' title='bbox 3248 4007 3317 4061; x_wconf 88' lang='lat' dir='ltr'><strong>ad</strong></span> <span class='ocrx_word' id='word_1_800' title='bbox 3376 4010 3536 4064; x_wconf 80' lang='lat' dir='ltr'><strong>vitam</strong></span> 
     </span>
    </p>
   </div>
   <div class='ocr_carea' id='block_1_102' title="bbox 1946 4091 3541 4171">
    <p class='ocr_par' dir='ltr' id='par_1_102' title="bbox 1946 4091 3541 4171">
     <span class='ocr_line' id='line_1_102' title="bbox 1946 4091 3541 4171; baseline 0.009 -28"><span class='ocrx_word' id='word_1_801' title='bbox 1946 4104 2231 4161; x_wconf 88' lang='lat' dir='ltr'><strong>moresque</strong></span> <span class='ocrx_word' id='word_1_802' title='bbox 2258 4091 2487 4161; x_wconf 89' lang='lat' dir='ltr'><strong>pertinet</strong></span> <span class='ocrx_word' id='word_1_803' title='bbox 2513 4092 2802 4148; x_wconf 87' lang='lat' dir='ltr'><strong>discerent.</strong></span> <span class='ocrx_word' id='word_1_804' title='bbox 2836 4095 2951 4150; x_wconf 87' lang='lat' dir='ltr'><strong>lloc</strong></span> <span class='ocrx_word' id='word_1_805' title='bbox 2971 4096 3217 4167; x_wconf 90' lang='lat' dir='ltr'><strong>inquiunt</strong></span> <span class='ocrx_word' id='word_1_806' title='bbox 3235 4140 3250 4160; x_wconf 88' lang='lat'><strong>.</strong></span> <span class='ocrx_word' id='word_1_807' title='bbox 3279 4100 3541 4171; x_wconf 81' lang='lat' dir='ltr'><strong>Apostelo</strong></span> 
     </span>
    </p>
   </div>
   <div class='ocr_carea' id='block_1_103' title="bbox 1947 4185 3542 4262">
    <p class='ocr_par' dir='ltr' id='par_1_103' title="bbox 1947 4185 3542 4262">
     <span class='ocr_line' id='line_1_103' title="bbox 1947 4185 3542 4262; baseline 0.009 -25"><span class='ocrx_word' id='word_1_808' title='bbox 1947 4185 2076 4238; x_wconf 88' lang='lat' dir='ltr'><strong>satis</strong></span> <span class='ocrx_word' id='word_1_809' title='bbox 2101 4199 2365 4256; x_wconf 81' lang='lat' dir='ltr'><strong>superque</strong></span> <span class='ocrx_word' id='word_1_810' title='bbox 2388 4186 2588 4242; x_wconf 82' lang='lat' dir='ltr'><strong>sullecit</strong></span> <span class='ocrx_word' id='word_1_811' title='bbox 2614 4229 2628 4251; x_wconf 92' lang='lat'><strong>,</strong></span> <span class='ocrx_word' id='word_1_812' title='bbox 2657 4189 2745 4257; x_wconf 93' lang='lat' dir='ltr'><strong>qui</strong></span> <span class='ocrx_word' id='word_1_813' title='bbox 2766 4190 2847 4246; x_wconf 90' lang='lat' dir='ltr'><strong>eis</strong></span> <span class='ocrx_word' id='word_1_814' title='bbox 2867 4190 3005 4247; x_wconf 89' lang='lat' dir='ltr'><strong>dixit</strong></span> <span class='ocrx_word' id='word_1_815' title='bbox 3034 4192 3173 4262; x_wconf 86' lang='lat' dir='ltr'><strong>quod</strong></span> <span class='ocrx_word' id='word_1_816' title='bbox 3199 4197 3314 4251; x_wconf 91' lang='lat' dir='ltr'><strong>etsi</strong></span> <span class='ocrx_word' id='word_1_817' title='bbox 3346 4198 3542 4252; x_wconf 90' lang='lat' dir='ltr'><strong>multos</strong></span> 
     </span>
    </p>
   </div>
   <div class='ocr_carea' id='block_1_104' title="bbox 1948 4276 3543 4357">
    <p class='ocr_par' dir='ltr' id='par_1_104' title="bbox 1948 4276 3543 4357">
     <span class='ocr_line' id='line_1_104' title="bbox 1948 4276 3543 4357; baseline 0.008 -27"><span class='ocrx_word' id='word_1_818' title='bbox 1948 4276 2265 4347; x_wconf 65' lang='lat' dir='ltr'><strong>paedagogos</strong></span> <span class='ocrx_word' id='word_1_819' title='bbox 2308 4277 2565 4333; x_wconf 83' lang='lat' dir='ltr'><strong>haberent</strong></span> <span class='ocrx_word' id='word_1_820' title='bbox 2590 4278 2641 4332; x_wconf 91' lang='lat' dir='ltr'><strong>in</strong></span> <span class='ocrx_word' id='word_1_821' title='bbox 2684 4279 2897 4336; x_wconf 89' lang='lat' dir='ltr'><strong>Christo</strong></span> <span class='ocrx_word' id='word_1_822' title='bbox 2919 4324 2934 4349; x_wconf 91' lang='lat'><strong>,</strong></span> <span class='ocrx_word' id='word_1_823' title='bbox 2961 4284 3058 4339; x_wconf 86' lang='lat' dir='ltr'><strong>sed</strong></span> <span class='ocrx_word' id='word_1_824' title='bbox 3088 4300 3194 4340; x_wconf 91' lang='lat' dir='ltr'><strong>non</strong></span> <span class='ocrx_word' id='word_1_825' title='bbox 3224 4286 3425 4341; x_wconf 89' lang='lat' dir='ltr'><strong>multos</strong></span> <span class='ocrx_word' id='word_1_826' title='bbox 3451 4303 3543 4357; x_wconf 78' lang='lat' dir='ltr'><strong>pa-</strong></span> 
     </span>
    </p>
   </div>
   <div class='ocr_carea' id='block_1_105' title="bbox 1950 4367 3543 4447">
    <p class='ocr_par' dir='ltr' id='par_1_105' title="bbox 1950 4367 3543 4447">
     <span class='ocr_line' id='line_1_105' title="bbox 1950 4367 3543 4447; baseline 0.008 -26"><span class='ocrx_word' id='word_1_827' title='bbox 1950 4376 2093 4433; x_wconf 89' lang='lat' dir='ltr'><strong>tres,</strong></span> <span class='ocrx_word' id='word_1_828' title='bbox 2120 4368 2244 4438; x_wconf 89' lang='lat' dir='ltr'><strong>quia</strong></span> <span class='ocrx_word' id='word_1_829' title='bbox 2275 4382 2370 4423; x_wconf 92' lang='lat' dir='ltr'><strong>eos</strong></span> <span class='ocrx_word' id='word_1_830' title='bbox 2406 4369 2457 4422; x_wconf 92' lang='lat' dir='ltr'><strong>iu</strong></span> <span class='ocrx_word' id='word_1_831' title='bbox 2504 4367 2719 4424; x_wconf 88' lang='lat' dir='ltr'><strong>Christo</strong></span> <span class='ocrx_word' id='word_1_832' title='bbox 2743 4370 2868 4427; x_wconf 84' lang='lat' dir='ltr'><strong>Jesu</strong></span> <span class='ocrx_word' id='word_1_833' title='bbox 2902 4389 2995 4443; x_wconf 88' lang='lat' dir='ltr'><strong>per</strong></span> <span class='ocrx_word' id='word_1_834' title='bbox 3048 4373 3396 4445; x_wconf 83' lang='lat' dir='ltr'><strong>Evangeliunt</strong></span> <span class='ocrx_word' id='word_1_835' title='bbox 3426 4379 3543 4447; x_wconf 87' lang='lat' dir='ltr'><strong>ipse</strong></span> 
     </span>
    </p>
   </div>
   <div class='ocr_carea' id='block_1_106' title="bbox 1947 4460 3543 4541">
    <p class='ocr_par' dir='ltr' id='par_1_106' title="bbox 1947 4460 3543 4541">
     <span class='ocr_line' id='line_1_106' title="bbox 1947 4460 3543 4541; baseline 0.006 -25"><span class='ocrx_word' id='word_1_836' title='bbox 1947 4462 2221 4530; x_wconf 86' lang='lat' dir='ltr'><strong>genuisset</strong></span> <span class='ocrx_word' id='word_1_837' title='bbox 2246 4460 2355 4531; x_wconf 86' lang='lat' dir='ltr'><strong>(Id.</strong></span> <span class='ocrx_word' id='word_1_838' title='bbox 2385 4478 2455 4525; x_wconf 88' lang='lat' dir='ltr'><strong>tv,</strong></span> <span class='ocrx_word' id='word_1_839' title='bbox 2490 4461 2596 4533; x_wconf 80' lang='grc'><strong>15).</strong></span> <span class='ocrx_word' id='word_1_840' title='bbox 2625 4464 2680 4518; x_wconf 93' lang='lat' dir='ltr'><strong>Si</strong></span> <span class='ocrx_word' id='word_1_841' title='bbox 2707 4480 2836 4535; x_wconf 89' lang='lat' dir='ltr'><strong>ergo</strong></span> <span class='ocrx_word' id='word_1_842' title='bbox 2858 4466 2947 4521; x_wconf 91' lang='lat' dir='ltr'><strong>ille</strong></span> <span class='ocrx_word' id='word_1_843' title='bbox 2968 4468 3057 4537; x_wconf 93' lang='lat' dir='ltr'><strong>qui</strong></span> <span class='ocrx_word' id='word_1_844' title='bbox 3082 4485 3176 4537; x_wconf 86' lang='lat' dir='ltr'><strong>per</strong></span> <span class='ocrx_word' id='word_1_845' title='bbox 3197 4469 3543 4541; x_wconf 81' lang='lat' dir='ltr'><strong>Evangelium</strong></span> 
     </span>
    </p>
   </div>
   <div class='ocr_carea' id='block_1_107' title="bbox 1947 4555 3543 4631">
    <p class='ocr_par' dir='ltr' id='par_1_107' title="bbox 1947 4555 3543 4631">
     <span class='ocr_line' id='line_1_107' title="bbox 1947 4555 3543 4631; baseline 0.006 -22"><span class='ocrx_word' id='word_1_846' title='bbox 1947 4555 2169 4624; x_wconf 89' lang='lat' dir='ltr'><strong>genuit,</strong></span> <span class='ocrx_word' id='word_1_847' title='bbox 2196 4556 2440 4626; x_wconf 87' lang='lat' dir='ltr'><strong>quamvis</strong></span> <span class='ocrx_word' id='word_1_848' title='bbox 2463 4556 2659 4625; x_wconf 80' lang='lat' dir='ltr'><strong>gratias</strong></span> <span class='ocrx_word' id='word_1_849' title='bbox 2686 4565 2811 4627; x_wconf 87' lang='lat' dir='ltr'><strong>agat</strong></span> <span class='ocrx_word' id='word_1_850' title='bbox 2837 4559 2977 4628; x_wconf 86' lang='lat' dir='ltr'><strong>quod</strong></span> <span class='ocrx_word' id='word_1_851' title='bbox 3010 4562 3275 4616; x_wconf 92' lang='lat' dir='ltr'><strong>neminem</strong></span> <span class='ocrx_word' id='word_1_852' title='bbox 3308 4563 3543 4631; x_wconf 86' lang='lat' dir='ltr'><strong>ipsorum</strong></span> 
     </span>
    </p>
   </div>
   <div class='ocr_carea' id='block_1_108' title="bbox 1950 4646 3553 4725">
    <p class='ocr_par' dir='ltr' id='par_1_108' title="bbox 1950 4646 3553 4725">
     <span class='ocr_line' id='line_1_108' title="bbox 1950 4646 3553 4725; baseline 0.004 -23"><span class='ocrx_word' id='word_1_853' title='bbox 1950 4648 2298 4718; x_wconf 86' lang='lat' dir='ltr'><strong>baptizavcrit</strong></span> <span class='ocrx_word' id='word_1_854' title='bbox 2322 4649 2422 4703; x_wconf 87' lang='lat' dir='ltr'><strong>nisi</strong></span> <span class='ocrx_word' id='word_1_855' title='bbox 2445 4646 2694 4718; x_wconf 88' lang='lat' dir='ltr'><strong>Crispum</strong></span> <span class='ocrx_word' id='word_1_856' title='bbox 2714 4658 2769 4705; x_wconf 88' lang='lat' dir='ltr'><strong>et</strong></span> <span class='ocrx_word' id='word_1_857' title='bbox 2793 4650 2981 4707; x_wconf 86' lang='lat' dir='ltr'><strong>Gaium</strong></span> <span class='ocrx_word' id='word_1_858' title='bbox 3000 4692 3017 4718; x_wconf 89' lang='lat'><strong>,</strong></span> <span class='ocrx_word' id='word_1_859' title='bbox 3050 4664 3105 4708; x_wconf 73' lang='lat' dir='ltr'><strong>et</strong></span> <span class='ocrx_word' id='word_1_860' title='bbox 3129 4652 3415 4725; x_wconf 66' lang='lat' dir='ltr'><strong>Stephants:</strong></span> <span class='ocrx_word' id='word_1_861' title='bbox 3445 4657 3553 4710; x_wconf 88' lang='lat' dir='ltr'><strong>do--</strong></span> 
     </span>
    </p>
   </div>
   <div class='ocr_carea' id='block_1_109' title="bbox 1952 4740 3543 4818">
    <p class='ocr_par' dir='ltr' id='par_1_109' title="bbox 1952 4740 3543 4818">
     <span class='ocr_line' id='line_1_109' title="bbox 1952 4740 3543 4818; baseline 0.006 -24"><span class='ocrx_word' id='word_1_862' title='bbox 1952 4757 2096 4801; x_wconf 83' lang='lat' dir='ltr'><strong>llllUll</strong></span> <span class='ocrx_word' id='word_1_863' title='bbox 2125 4740 2237 4812; x_wconf 83' lang='lat' dir='ltr'><strong>(Id.</strong></span> <span class='ocrx_word' id='word_1_864' title='bbox 2267 4758 2316 4808; x_wconf 86' lang='grc' dir='ltr'><strong>ι,</strong></span> <span class='ocrx_word' id='word_1_865' title='bbox 2348 4743 2419 4797; x_wconf 74' lang='grc'><strong>14</strong></span> <span class='ocrx_word' id='word_1_866' title='bbox 2439 4785 2452 4805; x_wconf 89' lang='grc'><em>,</em></span> <span class='ocrx_word' id='word_1_867' title='bbox 2485 4741 2576 4813; x_wconf 80' lang='grc'>16)</span> <span class='ocrx_word' id='word_1_868' title='bbox 2596 4785 2610 4807; x_wconf 89' lang='grc'><em>,</em></span> <span class='ocrx_word' id='word_1_869' title='bbox 2639 4744 2773 4799; x_wconf 91' lang='lat' dir='ltr'><strong>nihil</strong></span> <span class='ocrx_word' id='word_1_870' title='bbox 2806 4760 2901 4799; x_wconf 91' lang='lat' dir='ltr'><strong>eos</strong></span> <span class='ocrx_word' id='word_1_871' title='bbox 2920 4747 3152 4816; x_wconf 86' lang='lat' dir='ltr'><strong>amplius</strong></span> <span class='ocrx_word' id='word_1_872' title='bbox 3172 4748 3355 4803; x_wconf 89' lang='lat' dir='ltr'><strong>docuit</strong></span> <span class='ocrx_word' id='word_1_873' title='bbox 3381 4764 3543 4818; x_wconf 88' lang='lat' dir='ltr'><strong>quam</strong></span> 
     </span>
    </p>
   </div>
   <div class='ocr_carea' id='block_1_110' title="bbox 1949 4833 3546 4909">
    <p class='ocr_par' dir='ltr' id='par_1_110' title="bbox 1949 4833 3546 4909">
     <span class='ocr_line' id='line_1_110' title="bbox 1949 4833 3546 4909; baseline 0.004 -20"><span class='ocrx_word' id='word_1_874' title='bbox 1949 4833 2221 4889; x_wconf 89' lang='lat' dir='ltr'><strong>Christum</strong></span> <span class='ocrx_word' id='word_1_875' title='bbox 2249 4836 2596 4902; x_wconf 81' lang='lat' dir='ltr'><strong>cruciﬁxum;</strong></span> <span class='ocrx_word' id='word_1_876' title='bbox 2624 4837 2749 4906; x_wconf 90' lang='lat' dir='ltr'><strong>quid</strong></span> <span class='ocrx_word' id='word_1_877' title='bbox 2788 4839 2832 4891; x_wconf 91' lang='lat' dir='ltr'><strong>si</strong></span> <span class='ocrx_word' id='word_1_878' title='bbox 2857 4839 3003 4893; x_wconf 90' lang='lat' dir='ltr'><strong>dicat</strong></span> <span class='ocrx_word' id='word_1_879' title='bbox 3045 4839 3238 4909; x_wconf 89' lang='lat' dir='ltr'><strong>aliquis</strong></span> <span class='ocrx_word' id='word_1_880' title='bbox 3262 4883 3278 4906; x_wconf 93' lang='lat'><strong>,</strong></span> <span class='ocrx_word' id='word_1_881' title='bbox 3310 4855 3409 4895; x_wconf 91' lang='lat' dir='ltr'><strong>nec</strong></span> <span class='ocrx_word' id='word_1_882' title='bbox 3455 4858 3546 4896; x_wconf 90' lang='lat' dir='ltr'><strong>re-</strong></span> 
     </span>
    </p>
   </div>
   <div class='ocr_carea' id='block_1_111' title="bbox 1952 4930 3548 5001">
    <p class='ocr_par' dir='ltr' id='par_1_111' title="bbox 1952 4930 3548 5001">
     <span class='ocr_line' id='line_1_111' title="bbox 1952 4930 3548 5001; baseline 0.001 -17"><span class='ocrx_word' id='word_1_883' title='bbox 1952 4930 2249 4984; x_wconf 83' lang='lat' dir='ltr'><strong>surrexisse</strong></span> <span class='ocrx_word' id='word_1_884' title='bbox 2268 4930 2539 4984; x_wconf 84' lang='lat' dir='ltr'><strong>Christum</strong></span> <span class='ocrx_word' id='word_1_885' title='bbox 2584 4945 2678 4987; x_wconf 90' lang='lat' dir='ltr'><strong>eos</strong></span> <span class='ocrx_word' id='word_1_886' title='bbox 2703 4930 2915 4985; x_wconf 89' lang='lat' dir='ltr'><strong>audisse</strong></span> <span class='ocrx_word' id='word_1_887' title='bbox 2935 4971 2951 4996; x_wconf 93' lang='lat'><strong>,</strong></span> <span class='ocrx_word' id='word_1_888' title='bbox 2999 4933 3214 5001; x_wconf 83' lang='lat' dir='ltr'><strong>quando</strong></span> <span class='ocrx_word' id='word_1_889' title='bbox 3248 4948 3341 4999; x_wconf 91' lang='lat' dir='ltr'><strong>per</strong></span> <span class='ocrx_word' id='word_1_890' title='bbox 3370 4932 3548 4987; x_wconf 85' lang='lat' dir='ltr'><strong>Evan-</strong></span> 
     </span>
    </p>
   </div>
   <div class='ocr_carea' id='block_1_112' title="bbox 1949 5018 3550 5091">
    <p class='ocr_par' dir='ltr' id='par_1_112' title="bbox 1949 5018 3550 5091">
     <span class='ocr_line' id='line_1_112' title="bbox 1949 5018 3550 5091; baseline 0.001 -16"><span class='ocrx_word' id='word_1_891' title='bbox 1949 5020 2146 5090; x_wconf 89' lang='lat' dir='ltr'><strong>gelium</strong></span> <span class='ocrx_word' id='word_1_892' title='bbox 2163 5021 2324 5091; x_wconf 89' lang='lat' dir='ltr'><strong>geniti</strong></span> <span class='ocrx_word' id='word_1_893' title='bbox 2354 5021 2513 5074; x_wconf 87' lang='lat' dir='ltr'><strong>sunt?</strong></span> <span class='ocrx_word' id='word_1_894' title='bbox 2530 5018 2772 5075; x_wconf 80' lang='lat' dir='ltr'><strong>Undeest</strong></span> <span class='ocrx_word' id='word_1_895' title='bbox 2797 5021 2954 5089; x_wconf 81' lang='lat' dir='ltr'><strong>igitur</strong></span> <span class='ocrx_word' id='word_1_896' title='bbox 2977 5020 3117 5090; x_wconf 79' lang='lat' dir='ltr'><strong>quod</strong></span> <span class='ocrx_word' id='word_1_897' title='bbox 3140 5022 3219 5074; x_wconf 91' lang='lat' dir='ltr'><strong>eis</strong></span> <span class='ocrx_word' id='word_1_898' title='bbox 3244 5023 3393 5085; x_wconf 88' lang='lat' dir='ltr'><strong>dicit,</strong></span> <span class='ocrx_word' id='word_1_899' title='bbox 3418 5022 3550 5077; x_wconf 85' lang='lat' dir='ltr'><strong>Tra-</strong></span> 
     </span>
    </p>
   </div>
   <div class='ocr_carea' id='block_1_113' title="bbox 1952 5110 3551 5183">
    <p class='ocr_par' dir='ltr' id='par_1_113' title="bbox 1952 5110 3551 5183">
     <span class='ocr_line' id='line_1_113' title="bbox 1952 5110 3551 5183; baseline 0.002 -18"><span class='ocrx_word' id='word_1_900' title='bbox 1952 5112 2201 5166; x_wconf 85' lang='lat' dir='ltr'><strong>didienint</strong></span> <span class='ocrx_word' id='word_1_901' title='bbox 2214 5113 2346 5165; x_wconf 89' lang='lat' dir='ltr'><strong>vobis</strong></span> <span class='ocrx_word' id='word_1_902' title='bbox 2359 5112 2617 5183; x_wconf 86' lang='lat' dir='ltr'><strong>inprimis,</strong></span> <span class='ocrx_word' id='word_1_903' title='bbox 2635 5111 2753 5177; x_wconf 83' lang='lat' dir='ltr'><strong>quia</strong></span> <span class='ocrx_word' id='word_1_904' title='bbox 2767 5110 2994 5163; x_wconf 85' lang='lat' dir='ltr'><strong>Christus</strong></span> <span class='ocrx_word' id='word_1_905' title='bbox 3017 5122 3242 5163; x_wconf 87' lang='lat' dir='ltr'><strong>mortuus</strong></span> <span class='ocrx_word' id='word_1_906' title='bbox 3272 5124 3343 5165; x_wconf 81' lang='lat' dir='ltr'><strong>cst</strong></span> <span class='ocrx_word' id='word_1_907' title='bbox 3369 5131 3551 5168; x_wconf 77' lang='lat' dir='ltr'><strong>secun-</strong></span> 
     </span>
    </p>
   </div>
   <div class='ocr_carea' id='block_1_114' title="bbox 1952 5199 3552 5272">
    <p class='ocr_par' dir='ltr' id='par_1_114' title="bbox 1952 5199 3552 5272">
     <span class='ocr_line' id='line_1_114' title="bbox 1952 5199 3552 5272; baseline 0.003 -17"><span class='ocrx_word' id='word_1_908' title='bbox 1952 5202 2072 5255; x_wconf 88' lang='lat' dir='ltr'><strong>dum</strong></span> <span class='ocrx_word' id='word_1_909' title='bbox 2103 5202 2416 5272; x_wconf 83' lang='lat' dir='ltr'><strong>Scripturus,</strong></span> <span class='ocrx_word' id='word_1_910' title='bbox 2439 5211 2484 5253; x_wconf 92' lang='lat' dir='ltr'><strong>et</strong></span> <span class='ocrx_word' id='word_1_911' title='bbox 2508 5201 2626 5269; x_wconf 80' lang='lat' dir='ltr'><strong>quia</strong></span> <span class='ocrx_word' id='word_1_912' title='bbox 2648 5199 2872 5269; x_wconf 88' lang='lat' dir='ltr'><strong>sepultus</strong></span> <span class='ocrx_word' id='word_1_913' title='bbox 2905 5208 2997 5262; x_wconf 82' lang='lat' dir='ltr'><strong>est,</strong></span> <span class='ocrx_word' id='word_1_914' title='bbox 3045 5209 3090 5253; x_wconf 89' lang='lat' dir='ltr'><strong>et</strong></span> <span class='ocrx_word' id='word_1_915' title='bbox 3126 5202 3243 5269; x_wconf 85' lang='lat' dir='ltr'><strong>quia</strong></span> <span class='ocrx_word' id='word_1_916' title='bbox 3274 5208 3552 5259; x_wconf 63' lang='lat' dir='ltr'><strong>resurrexit</strong></span> 
     </span>
    </p>
   </div>
   <div class='ocr_carea' id='block_1_115' title="bbox 1953 5288 3546 5365">
    <p class='ocr_par' dir='ltr' id='par_1_115' title="bbox 1953 5288 3546 5365">
     <span class='ocr_line' id='line_1_115' title="bbox 1953 5288 3546 5365; baseline 0.003 -18"><span class='ocrx_word' id='word_1_917' title='bbox 1953 5294 2099 5348; x_wconf 84' lang='lat' dir='ltr'><strong>tertia</strong></span> <span class='ocrx_word' id='word_1_918' title='bbox 2119 5293 2200 5347; x_wconf 89' lang='lat' dir='ltr'><strong>die</strong></span> <span class='ocrx_word' id='word_1_919' title='bbox 2227 5292 2503 5346; x_wconf 81' lang='lat' dir='ltr'><strong>secundum</strong></span> <span class='ocrx_word' id='word_1_920' title='bbox 2533 5290 2828 5359; x_wconf 85' lang='lat' dir='ltr'><strong>Scripturas</strong></span> <span class='ocrx_word' id='word_1_921' title='bbox 2854 5288 2962 5361; x_wconf 87' lang='lat' dir='ltr'><strong>(Id.</strong></span> <span class='ocrx_word' id='word_1_922' title='bbox 2992 5307 3060 5345; x_wconf 87' lang='lat' dir='ltr'><strong>xv</strong></span> <span class='ocrx_word' id='word_1_923' title='bbox 3080 5334 3095 5359; x_wconf 95' lang='lat'><strong>,</strong></span> <span class='ocrx_word' id='word_1_924' title='bbox 3126 5293 3159 5346; x_wconf 82' lang='lat'><strong>5</strong></span> <span class='ocrx_word' id='word_1_925' title='bbox 3177 5336 3191 5359; x_wconf 94' lang='lat'><strong>,</strong></span> <span class='ocrx_word' id='word_1_926' title='bbox 3214 5294 3271 5365; x_wconf 76' lang='grc'>4)</span> <span class='ocrx_word' id='word_1_927' title='bbox 3291 5337 3304 5360; x_wconf 90' lang='grc'><em>,</em></span> <span class='ocrx_word' id='word_1_928' title='bbox 3340 5296 3384 5349; x_wconf 90' lang='lat' dir='ltr'><strong>si</strong></span> <span class='ocrx_word' id='word_1_929' title='bbox 3416 5297 3546 5352; x_wconf 91' lang='lat' dir='ltr'><strong>nihil</strong></span> 
     </span>
    </p>
   </div>
   <div class='ocr_carea' id='block_1_116' title="bbox 1953 5380 3550 5458">
    <p class='ocr_par' dir='ltr' id='par_1_116' title="bbox 1953 5380 3550 5458">
     <span class='ocr_line' id='line_1_116' title="bbox 1953 5380 3550 5458; baseline 0.001 -18"><span class='ocrx_word' id='word_1_930' title='bbox 1953 5386 2053 5440; x_wconf 84' lang='lat' dir='ltr'><strong>nisi</strong></span> <span class='ocrx_word' id='word_1_931' title='bbox 2079 5385 2386 5439; x_wconf 80' lang='lat' dir='ltr'><strong>cruciﬁxum</strong></span> <span class='ocrx_word' id='word_1_932' title='bbox 2411 5380 2701 5437; x_wconf 88' lang='lat' dir='ltr'><strong>docuerat?</strong></span> <span class='ocrx_word' id='word_1_933' title='bbox 2732 5382 2786 5435; x_wconf 90' lang='lat' dir='ltr'><strong>Si</strong></span> <span class='ocrx_word' id='word_1_934' title='bbox 2810 5392 2986 5437; x_wconf 78' lang='lat' dir='ltr'><strong>autern</strong></span> <span class='ocrx_word' id='word_1_935' title='bbox 3019 5400 3122 5438; x_wconf 92' lang='lat' dir='ltr'><strong>non</strong></span> <span class='ocrx_word' id='word_1_936' title='bbox 3142 5385 3209 5438; x_wconf 89' lang='lat' dir='ltr'><strong>ita</strong></span> <span class='ocrx_word' id='word_1_937' title='bbox 3230 5386 3550 5458; x_wconf 85' lang='lat' dir='ltr'><strong>intelligunt,</strong></span> 
     </span>
    </p>
   </div>
   <div class='ocr_carea' id='block_1_117' title="bbox 1953 5474 3553 5547">
    <p class='ocr_par' dir='ltr' id='par_1_117' title="bbox 1953 5474 3553 5547">
     <span class='ocr_line' id='line_1_117' title="bbox 1953 5474 3553 5547; baseline 0.002 -14"><span class='ocrx_word' id='word_1_938' title='bbox 1953 5477 2046 5533; x_wconf 90' lang='lat' dir='ltr'><strong>sed</strong></span> <span class='ocrx_word' id='word_1_939' title='bbox 2064 5477 2168 5532; x_wconf 88' lang='lat' dir='ltr'><strong>hoc</strong></span> <span class='ocrx_word' id='word_1_940' title='bbox 2191 5490 2399 5547; x_wconf 90' lang='lat' dir='ltr'><strong>quoque</strong></span> <span class='ocrx_word' id='word_1_941' title='bbox 2417 5474 2482 5529; x_wconf 90' lang='lat' dir='ltr'><strong>ad</strong></span> <span class='ocrx_word' id='word_1_942' title='bbox 2506 5474 2776 5529; x_wconf 88' lang='lat' dir='ltr'><strong>Christum</strong></span> <span class='ocrx_word' id='word_1_943' title='bbox 2805 5475 3112 5531; x_wconf 87' lang='lat' dir='ltr'><strong>cruciﬁxum</strong></span> <span class='ocrx_word' id='word_1_944' title='bbox 3137 5480 3401 5547; x_wconf 86' lang='lat' dir='ltr'><strong>pertinere</strong></span> <span class='ocrx_word' id='word_1_945' title='bbox 3426 5497 3553 5535; x_wconf 84' lang='lat' dir='ltr'><strong>con-</strong></span> 
     </span>
    </p>
   </div>
   <div class='ocr_carea' id='block_1_118' title="bbox 2020 5651 3551 5719">
    <p class='ocr_par' dir='ltr' id='par_1_118' title="bbox 2020 5651 3551 5719">
     <span class='ocr_line' id='line_1_118' title="bbox 2020 5651 3551 5719; baseline 0.005 -18"><span class='ocrx_word' id='word_1_946' title='bbox 2020 5656 2034 5685; x_wconf 85' lang='grc'>¹</span> <span class='ocrx_word' id='word_1_947' title='bbox 2060 5653 2231 5719; x_wconf 28' lang='grc' dir='ltr'><strong>μία..</strong></span> <span class='ocrx_word' id='word_1_948' title='bbox 2261 5651 2504 5719; x_wconf 49' lang='lat' dir='ltr'><strong>memoria:</strong></span> <span class='ocrx_word' id='word_1_949' title='bbox 2536 5652 2770 5719; x_wconf 70' lang='lat' dir='ltr'><strong>mandare</strong></span> <span class='ocrx_word' id='word_1_950' title='bbox 2801 5666 2895 5703; x_wconf 89' lang='lat' dir='ltr'><strong>non</strong></span> <span class='ocrx_word' id='word_1_951' title='bbox 2928 5653 3106 5714; x_wconf 85' lang='lat' dir='ltr'><strong>valuit;</strong></span> <span class='ocrx_word' id='word_1_952' title='bbox 3144 5662 3194 5705; x_wconf 91' lang='lat' dir='ltr'><strong>et</strong></span> <span class='ocrx_word' id='word_1_953' title='bbox 3216 5656 3512 5719; x_wconf 11' lang='lat' dir='ltr'><strong>paulogpost</strong></span> <span class='ocrx_word' id='word_1_954' title='bbox 3535 5693 3551 5718; x_wconf 90' lang='lat'><strong>,</strong></span> 
     </span>
    </p>
   </div>
   <div class='ocr_carea' id='block_1_119' title="bbox 1950 5712 3549 5785">
    <p class='ocr_par' dir='ltr' id='par_1_119' title="bbox 1950 5712 3549 5785">
     <span class='ocr_line' id='line_1_119' title="bbox 1950 5712 3549 5785; baseline 0.007 -21"><span class='ocrx_word' id='word_1_955' title='bbox 1950 5712 2264 5785; x_wconf 73' lang='lat' dir='ltr'><strong>intelligenda</strong></span> <span class='ocrx_word' id='word_1_956' title='bbox 2286 5713 2509 5785; x_wconf 41' lang='lat' dir='ltr'><strong>&#39;admisit.</strong></span> <span class='ocrx_word' id='word_1_957' title='bbox 2558 5714 2726 5764; x_wconf 80' lang='lat' dir='ltr'><strong>Melius</strong></span> <span class='ocrx_word' id='word_1_958' title='bbox 2764 5724 2900 5776; x_wconf 67' lang='lat' dir='ltr'><strong>Mss,</strong></span> <span class='ocrx_word' id='word_1_959' title='bbox 2944 5729 3039 5767; x_wconf 83' lang='lat' dir='ltr'><strong>non</strong></span> <span class='ocrx_word' id='word_1_960' title='bbox 3061 5712 3343 5770; x_wconf 62' lang='lat' dir='ltr'><strong>vacavit...&quot;</strong></span> <span class='ocrx_word' id='word_1_961' title='bbox 3368 5712 3549 5775; x_wconf 53' lang='lat' dir='ltr'><strong>illiciis;</strong></span> 
     </span>
    </p>
   </div>
   <div class='ocr_carea' id='block_1_120' title="bbox 1953 5778 2330 5841">
    <p class='ocr_par' dir='ltr' id='par_1_120' title="bbox 1953 5778 2330 5841">
     <span class='ocr_line' id='line_1_120' title="bbox 1953 5778 2330 5841; baseline -0.003 -16"><span class='ocrx_word' id='word_1_962' title='bbox 1953 5778 2110 5841; x_wconf 74' lang='lat' dir='ltr'><strong>gentia</strong></span> <span class='ocrx_word' id='word_1_963' title='bbox 2125 5778 2330 5841; x_wconf 66' lang='lat' dir='ltr'><strong>dimisit.</strong></span> 
     </span>
    </p>
   </div>
   <div class='ocr_carea' id='block_1_121' title="bbox 2022 5836 3170 5903">
    <p class='ocr_par' dir='ltr' id='par_1_121' title="bbox 2022 5836 3170 5903">
     <span class='ocr_line' id='line_1_121' title="bbox 2022 5836 3170 5903; baseline 0.006 -17"><span class='ocrx_word' id='word_1_964' title='bbox 2022 5841 2041 5869; x_wconf 82' lang='grc'><strong><em>²</em></strong></span> <span class='ocrx_word' id='word_1_965' title='bbox 2078 5839 2215 5901; x_wconf 65' lang='lat' dir='ltr'><strong>mliti,</strong></span> <span class='ocrx_word' id='word_1_966' title='bbox 2240 5837 2332 5888; x_wconf 71' lang='lat' dir='ltr'><strong>nisi</strong></span> <span class='ocrx_word' id='word_1_967' title='bbox 2359 5844 2406 5888; x_wconf 88' lang='lat' dir='ltr'><strong>ut</strong></span> <span class='ocrx_word' id='word_1_968' title='bbox 2433 5836 2671 5903; x_wconf 79' lang='lat' dir='ltr'><strong>primitus.</strong></span> <span class='ocrx_word' id='word_1_969' title='bbox 2700 5838 2865 5899; x_wconf 74' lang='lat' dir='ltr'><strong>Abest.</strong></span> <span class='ocrx_word' id='word_1_970' title='bbox 2888 5838 3000 5901; x_wconf 84' lang='lat' dir='ltr'><strong>nisi,</strong></span> <span class='ocrx_word' id='word_1_971' title='bbox 3018 5847 3170 5893; x_wconf 69' lang='lat' dir='ltr'><strong>aulas.</strong></span> 
     </span>
    </p>
   </div>
  </div>
