3996 6522
246 378 349 431 795

247 491 580 547 beatissimus
613 492 931 560 perfruetur,
964 505 1071 546 non
1099 506 1127 545 a
1160 492 1309 546 nobis
1337 492 1650 547 dissentiunt
1681 493 1800 563 phi-

242 580 445 646 losophi
494 579 741 637 nobiles:
776 588 793 616 ι
824 580 889 635 de
917 582 1090 635 carnis
1142 583 1533 635 resurrectione
1582 592 1803 637 conten-

242 668 411 742 dunt;
446 670 579 723 hanc
607 680 860 739 quantum
890 680 1109 739 possunt
1149 680 1361 741 negant.
1391 672 1494 726 Sed
1523 673 1798 728 credentes

241 759 424 825 multi,
456 769 703 828 negantes
731 762 1075 828 paucissimos
1101 761 1452 830 reliquerunt,
1480 772 1533 816 et
1559 762 1623 815 ad
1651 762 1805 817 Chri-

239 860 400 914 Stum,
432 851 520 919 qui
551 851 651 905 hoc
687 850 825 919 quod
868 852 981 905 istis
1026 852 1231 906 videtur
1270 853 1573 916 absurdum,
1606 853 1657 905 in
1708 868 1802 906 sua

240 943 625 1005 resurrectione
670 942 1000 1007 monstravit,
1027 942 1165 996 ﬁdeli
1196 942 1356 997 corde
1376 945 1616 997 conversi
1642 953 1799 1007 sunt,

238 1032 380 1086 docti
409 1043 462 1087 et
488 1033 704 1099 indocti,
731 1034 997 1102 sapientes
1025 1034 1204 1089 mundi
1248 1042 1301 1088 et
1332 1034 1659 1101 insipientes.
1693 1034 1803 1087 lloc

236 1122 380 1177 enim
403 1124 626 1179 credidit
649 1125 895 1189 mundus,
913 1125 1049 1194 quod
1071 1125 1311 1195 przedisit
1336 1125 1509 1189 Deus;
1537 1125 1622 1192 qui
1644 1126 1802 1177 etiam

237 1214 337 1268 hoc
365 1216 626 1284 praedixit,
654 1216 795 1286 quod
827 1215 962 1271 hanc
987 1232 1097 1270 rem
1123 1216 1347 1270 mundus
1372 1216 1541 1269 fuerat
1569 1217 1802 1269 creditu-

233 1321 346 1359 rus.
400 1307 580 1375 Neque
606 1309 746 1363 en'tm
800 1308 943 1363 Petri
984 1308 1257 1363 maleﬁciis
1306 1322 1421 1362 eam
1451 1308 1471 1338 ³
1499 1322 1620 1360 cum
1649 1306 1801 1362 laude

232 1397 561 1454 credentium
583 1407 728 1455 tanto
752 1407 874 1453 ante
893 1400 1243 1467 prmuuntiare
1265 1399 1567 1466 compulsus
1592 1409 1671 1452 est
1697 1399 1798 1467 (α).

232 1484 325 1541 Ille
352 1495 437 1542 est
462 1490 604 1543 enim
633 1490 795 1552 Deus,
817 1504 975 1559 quem
1019 1489 1178 1561 (sicut
1190 1491 1304 1558 jam
1330 1488 1435 1542 dixi
1479 1488 1759 1557 aliquoties
1780 1530 1795 1554 ,

230 1593 332 1633 nec
356 1594 774 1634 commemorare
800 1580 820 1611 ³
848 1580 1121 1650 tne-piget)
1140 1622 1155 1644 ,
1184 1581 1467 1635 conﬁtente
1484 1580 1796 1650 Porphyrio,

229 1682 387 1739 atque
415 1671 467 1726 id
496 1673 723 1726 oraculis
744 1673 965 1726 deorum
1008 1686 1223 1726 suorum
1252 1672 1479 1740 probare
1506 1671 1752 1741 cupiente
1776 1713 1791 1737 ,

230 1761 342 1829 ipsa
389 1762 603 1815 numina
648 1762 1053 1831 perhorrescunt
1083 1778 1095 1814 :
1125 1777 1280 1831 quem
1319 1761 1396 1815 sic
1438 1760 1666 1814 laudavit
1692 1768 1788 1825 ,ut

228 1867 348 1923 eum
387 1860 441 1906 et
465 1852 629 1906 Deum
654 1862 856 1922 patrem
886 1860 939 1905 et
967 1868 1144 1921 regem
1170 1861 1402 1931 vocaret.
1435 1852 1585 1905 Absit
1611 1852 1749 1904 enim
1776 1892 1791 1911 ,

227 1952 284 1994 ut
306 1942 381 1998 sic
409 1942 744 2013 intelligenda
765 1942 870 1996 sint
896 1959 1011 2012 qua!
1035 1942 1291 2011 prmdixit,
1319 1941 1583 2010 quomodo
1611 1942 1795 1994 volunt

229 2030 283 2084 hi
310 2031 400 2101 qui
429 2032 530 2086 hoc
553 2048 674 2087 cum
705 2033 904 2087 mundo
949 2048 1053 2087 non
1082 2032 1439 2097 crediderunt,
1471 2031 1610 2101 quod
1640 2047 1793 2084 mun-

224 2121 351 2176 dum
391 2123 712 2178 crediturum
742 2138 858 2178 esse
887 2123 1146 2191 prazdixit.
1174 2122 1281 2177 Cur
1306 2123 1444 2176 enim
1487 2138 1591 2176 non
1620 2121 1791 2191 potius

223 2211 316 2278 ita,
348 2213 484 2268 sicut
535 2214 831 2268 crediturus
866 2223 1008 2293 tanto
1038 2223 1160 2269 ante
1196 2212 1477 2283 praedictus
1504 2221 1587 2267 est
1631 2227 1788 2265 mun-

221 2300 344 2367 dus,
393 2318 504 2357 non
558 2304 694 2358 sicut
738 2289 1040 2373 paucissimi
1070 2294 1329 2373 garriunt,
1379 2293 1467 2373 qui
1525 2302 1627 2358 hoc
1666 2317 1788 2355 cum

221 2391 449 2458 mundo,
492 2394 630 2463 quod
661 2396 955 2449 crediturus
1004 2394 1286 2463 prazdictus
1320 2402 1422 2459 est,
1447 2392 1665 2447 credere
1689 2406 1787 2446 no-

218 2479 468 2535 luerunt?
489 2483 543 2537 Si
566 2485 704 2538 enim
734 2493 1008 2553 propterea
1030 2472 1332 2538 dicuntalio
1355 2483 1513 2537 modo
1528 2497 1646 2536 esse
1667 2496 1786 2536 cre-

214 2568 410 2635 denda,
439 2586 505 2625 ne
529 2614 543 2637 ,
572 2573 615 2624 si
642 2574 1019 2626 dixerintvana
1045 2588 1161 2628 esse
1191 2573 1507 2641 conscripta,
1540 2572 1784 2641 injuriam

212 2657 413 2712 faciant
438 2661 511 2714 illi
544 2663 671 2728 Deo,
702 2663 784 2715 cui
813 2672 916 2715 tam
945 2678 1188 2732 magnum
1242 2664 1517 2733 perhibent
1547 2664 1785 2718 testimo-

212 2749 395 2815 nium;
426 2758 623 2811 tantam
648 2769 871 2821 prorsus
888 2754 943 2807 .ei
971 2752 1055 2807 vel
1085 2755 1243 2808 etiam
1267 2755 1560 2822 graviorem
1583 2753 1783 2807 iaciunt

210 2838 483 2908 injuriam,
516 2842 561 2895 si
589 2844 744 2896 aliter
771 2843 951 2897 dicunt
980 2858 1099 2898 esse
1124 2844 1486 2914 intelligenda,
1510 2859 1616 2898 non
1638 2845 1774 2897 sicut

209 2929 439 2984 numdus
463 2946 523 2985 ea
550 2932 800 2998 credidit,
833 2948 990 3001 quem
1017 2932 1337 2989 crediturum
1369 2934 1479 3003 ipse
1505 2932 1775 2999 laudavit,

215 3016 332 3083 ipse
388 3021 671 3087 promisit,
728 3022 839 3089 ipse
878 3021 1177 3093 complevit.
1224 3022 1409 3077 Utrum
1450 3021 1471 3053 ¹’
1500 3024 1641 3076 enim
1668 3036 1774 3076 non

206 3118 383 3175 potest
409 3110 581 3165 facere
606 3119 663 3164 ut
684 3123 920 3181 resurgat
946 3127 1070 3166 caro
1098 3154 1112 3178 ,
1161 3123 1214 3167 et
1240 3116 1378 3189 vivat
1403 3114 1456 3167 in
1478 3124 1731 3169 aeternum
1756 3131 1771 3181 ;

204 3213 273 3251 an
308 3210 585 3268 propterea
610 3202 933 3256 credendum
959 3218 1065 3256 non
1092 3214 1173 3258 est
1200 3202 1263 3257 id
1295 3219 1412 3259 eum
1461 3221 1579 3259 esse
1610 3205 1773 3259 factu-

200 3301 347 3351 rum,
378 3290 495 3358 quia
525 3286 718 3357 malum
748 3303 828 3345 est
874 3301 1031 3362 atque
1068 3293 1339 3363 indignum
1368 3295 1475 3348 Deo
1506 3294 1624 3364 (b)?
1667 3294 1771 3350 Sed

198 3378 266 3431 de
299 3381 683 3449 omnipotentia
711 3383 843 3451 ejus,
871 3399 973 3452 qua
1002 3393 1076 3437 tot
1120 3392 1174 3439 et
1200 3394 1340 3438 tanta
1372 3385 1493 3439 facit
1542 3387 1768 3441 incredi-

194 3470 352 3539 bilia,
399 3472 508 3541 jam
554 3474 714 3526 multa
761 3473 1009 3528 diximus.
1056 3475 1109 3528 Si
1138 3478 1317 3529 volunt
1364 3476 1601 3531 invenire
1629 3479 1768 3547 quod

195 3566 537 3633 ontnipotens
558 3580 662 3618 non
691 3574 884 3635 potest,
912 3565 1107 3619 habent
1135 3580 1349 3634 prorsus
1378 3587 1390 3618 :
1425 3582 1523 3635 ego
1551 3568 1722 3620 dicam
1747 3570 1771 3634 ,'

192 3651 403 3708 Mentiri
431 3670 534 3709 non
567 3663 757 3724 potest.
782 3654 1073 3710 Credamus
1116 3671 1241 3724 ergo
1270 3656 1406 3724 quod
1436 3665 1629 3725 potest,
1659 3673 1763 3710 non

190 3745 462 3801 credendo
530 3746 670 3816 quod
738 3762 845 3800 non
890 3755 1081 3815 potest.
1131 3745 1441 3814 Nonitaque
1485 3746 1763 3801 credentes

188 3837 335 3903 quod
385 3837 594 3890 mentiri
640 3837 845 3905 possit,
891 3837 1109 3891 credant
1159 3851 1279 3892 esse
1327 3838 1585 3891 facturum
1617 3840 1758 3907 quod

186 3936 248 3977 8e
322 3926 582 3980 iacturum
660 3942 778 3981 esse
838 3927 1079 3996 promisit
1140 3944 1154 3982 :
1230 3936 1283 3981 et
1369 3929 1447 3981 sic
1518 3929 1756 3997 credant,

184 4016 329 4071 sicut
374 4019 603 4073 credidit
652 4019 899 4083 mundus,
935 4035 1089 4089 quem
1120 4020 1440 4073 crediturum
1470 4037 1589 4075 esse
1616 4036 1757 4090 pra:-

182 4102 362 4171 dixit,
414 4124 569 4176 quem
643 4109 965 4162 crediturum
1056 4124 1175 4163 esse
1243 4110 1512 4175 laudavit,
1602 4128 1755 4178 quem

177 4199 514 4252 crediturum
572 4214 689 4253 esse
751 4200 1037 4267 promisit,
1083 4214 1241 4269 quem
1295 4199 1583 4254 credidisse
1644 4202 1753 4269 jam

177 4289 439 4343 ostendit.
466 4289 577 4343 Hoc
603 4300 778 4343 autem
807 4289 1000 4343 malum
1028 4304 1164 4354 esse,
1188 4288 1328 4345 unde
1352 4290 1753 4345 demonstrant?

175 4376 294 4432 Non
323 4381 429 4436 erit
462 4381 568 4435 illic
594 4381 693 4433 ulla
716 4382 1004 4449 corruptio,
1038 4381 1177 4450 quod
1221 4390 1304 4435 est
1351 4384 1587 4450 corporis
1636 4398 1751 4435 ma-

173 4467 308 4523 lum.
342 4473 418 4526 De
453 4472 637 4527 ordine
676 4474 1056 4527 elementorum
1097 4473 1205 4542 jam
1253 4474 1653 4543 disputavimus,
1684 4476 1751 4529 de

122 4600 125 4601 ν
172 4560 297 4621 aliis
331 4562 607 4616 hominum
635 4564 954 4633 conjecturis
991 4565 1119 4619 satis
1152 4565 1390 4619 diximus
1422 4582 1435 4619 :
1464 4577 1657 4635 quanta
1684 4571 1750 4621 sit

172 4648 359 4708 futura
390 4655 443 4707 in
482 4670 707 4723 corpore
759 4656 1140 4724 iueorruptibili
1184 4656 1405 4731 facilitas
1456 4668 1650 4724 motus,
1679 4660 1748 4713 de

171 4747 456 4807 prmsentis
487 4745 640 4801 bona:
669 4746 985 4799 valetudinis
1009 4755 1424 4814 temperamento
1443 4756 1467 4807 ,‘
1499 4764 1615 4817 qua:
1643 4751 1747 4802 uti-

170 4848 277 4905 que
302 4838 447 4893 nullo
476 4839 631 4892 modo
660 4840 733 4894 illi
762 4839 1116 4907 comparanda
1145 4851 1226 4893 est
1256 4840 1657 4908 immortalitati,
1692 4845 1741 4896 in

168 4924 311 4981 libro
334 4932 489 4984 tertio
511 4930 716 4983 decimo
757 4930 906 4992 satis,
940 4938 996 4982 ut
1019 4930 1228 4998 Opinor,
1261 4930 1604 4984 ostendimus.
1638 4932 1743 4985 Le;

167 5027 299 5082 gant
348 5021 619 5087 superiora
665 5020 841 5088 operis
871 5018 1062 5088 hujus,
1086 5020 1181 5087 qui
1212 5020 1296 5074 vel
1326 5035 1430 5073 non
1461 5021 1743 5091 legerunt,

171 5109 250 5160 vel
279 5110 463 5165 volunt
489 5110 509 5141 “
540 5110 777 5165 recolere
798 5111 936 5180 quod
956 5114 1212 5181 legerunt.

163 5222 261 5327 mi)
286 5220 522 5327 Hitc‘vind.
549 5229 649 5271 Am.
677 5230 730 5273 et
759 5229 834 5272 Er.
859 5221 1053 5284 addunt,
1080 5221 1201 5285 qui;
1223 5230 1354 5283 Lov.,
1384 5222 1486 5273 sed.
1511 5230 1739 5273 Neutrum

264 5294 327 5327 en
414 5294 477 5327 ss.

264 5292 353 5330 ent
377 5291 477 5329 ηες.

224 5343 244 5405 ξ
279 5344 384 5393 Sola
409 5343 555 5392 editio
576 5350 707 5405 Lov.,
724 5358 799 5394 ea.

225 5403 246 5432 ³
280 5412 332 5452 In
354 5414 483 5461 Μδςη
507 5403 819 5456 commouere.

220 5462 243 5524 ξ
278 5469 350 5515 δίε
502 5472 556 5514 At
580 5468 714 5524 editi,
738 5477 850 5516 Cur.

219 5522 243 5588 ’ξ
277 5528 415 5588 editi,
440 5522 847 5588 veteribus'libris
868 5526 1229 5588 dissentientes,
1254 5527 1328 5576 vel
1348 5526 1528 5576 nolunt.

220 5586 296 5650 (ᾳ)
332 5598 497 5650 Supra,
517 5586 601 5637 lib.
627 5590 701 5648 i8,
730 5604 833 5650 cap.
859 5590 935 5638 55.

177 5697 187 5707 ,
222 5646 298 5707 (Ὁ)
332 5646 531 5712 labant:
565 5646 860 5700 sententiam
896 5651 1139 5712 disputant
1158 5647 1372 5712 Gentiles
1393 5649 1517 5709 apud
1540 5648 1733 5712 Tertul-

152 5698 383 5773 Πεώιίω
406 5698 466 5764 in
502 5698 628 5764 libro
665 5698 733 5763 de
754 5698 1146 5763 Vinesurrectione
1179 5710 1369 5768 carnis,
1407 5698 1511 5772 cap.
1556 5710 1586 5759 4
1621 5724 1731 5773 sqq.

1234 5779 1479 5826 COQUECS.

1288 378 1485 434 LIBER
1528 380 1881 438 VIGESIMUS
1918 383 2287 445 SECUNDUS.

3377 414 3481 471 704

1916 496 2140 592 CAPUT
2180 502 2366 558 XXVI.
2396 536 2465 547 —-
2492 507 2753 573 Quomodo
2781 511 3058 587 Porphyrii
3085 520 3305 588 deﬁnitio
3332 564 3347 587 ,
3377 541 3478 592 qua

1984 589 2135 643 beatis
2164 594 2343 647 animis
2393 607 2534 664 putat
2579 617 2760 669 corpus
2805 620 2948 659 omne
2978 610 3293 680 fugiendum,
3316 589 3475 684 ipsius

1983 677 2215 734 Platonis
2248 688 2487 739 sententia
2538 690 2856 762 destruatur,
2916 699 3002 765 qui
3040 677 3161 753 dicit
3224 677 3474 758 sumntum

1982 768 2143 822 Deum
2169 772 2265 826 diis
2293 778 2595 843 promisisse,
2622 794 2674 832 ut
2718 800 2972 853 nunquam
3014 792 3304 858 corporibus
3324 811 3471 847 exue-

1978 870 2169 913 rentur.

1980 1012 2086 1068 Sed
2111 1014 2436 1087 Porphyrius
2460 1023 2553 1081 ait,
2583 1024 2857 1094 inquiunt,
2901 1039 2959 1083 ut
3006 1030 3155 1085 beata
3181 1035 3249 1088 sit
3271 1037 3463 1100 anima,

1899 1119 2101 1173 corpus
2119 1122 2277 1163 omne
2305 1127 2423 1166 esse
2446 1113 2767 1183 fugiendum.
2787 1119 2925 1174 Nihil
2954 1138 3080 1191 ergo
3108 1128 3321 1193 prodest
3344 1130 3467 1196 quia

1906 1196 2299 1266 incorruptibile
2314 1202 2542 1258 diximus
2562 1205 2793 1261 futurum
2815 1226 3027 1279 corpus,
3056 1215 3098 1267 si
3116 1218 3283 1269 anima
3312 1220 3465 1273 beata

1905 1300 2011 1339 non
2040 1288 2159 1352 erit,
2188 1291 2290 1344 nisi
2314 1307 2506 1361 corpus
2534 1310 2691 1351 omne
2718 1299 2977 1369 ell‘ugerit.
3008 1302 3112 1359 Sed
3138 1306 3241 1374 jam
3263 1317 3316 1361 et
3343 1309 3465 1364 hinc

1904 1375 1957 1429 in
1984 1378 2115 1431 libro
2141 1394 2432 1438 memorato
2455 1397 2708 1454 quantum
2737 1395 2970 1457 oportuit
2996 1395 3256 1463 disputavi
3288 1402 3463 1469 (capp.

1904 1466 1991 1531 16,
2024 1468 2114 1535 17)
2141 1485 2154 1520 :
2187 1487 2369 1525 verum
2395 1474 2481 1528 hic
2511 1492 2671 1531 unum
2700 1478 2822 1535 inde
2850 1490 3051 1537 tantum
3078 1466 3463 1544 commemora-

1901 1554 1987 1609 bo.
2018 1557 2277 1614 Emendet
2328 1562 2491 1618 libros
2527 1580 2653 1620 suos
2680 1569 2903 1624 istorum
2930 1575 3167 1629 omnium
3217 1581 3465 1647 magister

1899 1648 2067 1715 Plato,
2098 1664 2150 1707 et
2177 1654 2318 1709 dicat
2340 1671 2522 1712 eorum
2546 1660 2695 1725 deos,
2722 1671 2779 1716 ut
2804 1664 2943 1719 beati
2972 1668 3097 1733 sint,
3124 1684 3216 1723 sua
3236 1686 3461 1741 corpora

1898 1740 2171 1810 fugituros,
2204 1745 2257 1799 id
2283 1756 2385 1813 est,
2416 1763 2535 1803 esse
2560 1754 2862 1817 morituros,
2896 1771 3028 1824 quos
3078 1759 3128 1811 itt
3156 1740 3461 1817 catlestibus

1897 1835 2203 1899 Corporibus
2230 1836 2363 1891 dixit
2386 1839 2651 1905 inclusos;
2684 1846 2875 1912 quibus
2908 1858 3081 1902 tamen
3114 1850 3271 1915 Deus,
3301 1868 3330 1903 a
3357 1868 3461 1922 quo

1897 1922 2017 1975 facti
2046 1936 2185 1989 sunt,
2220 1944 2326 1996 quo
2352 1942 2567 1998 possent
2594 1948 2713 1987 esse
2738 1939 2932 2002 securi,
2959 1940 3412 1995 immortalitatem
3443 1985 3458 2006 ,

1894 2006 1945 2059 id
1968 2018 2069 2073 est,
2100 2011 2152 2064 in
2182 2014 2379 2067 eisdem
2397 2016 2705 2083 corporibus
2729 2029 2985 2074 azternam
3011 2026 3458 2091 permansionem,

1894 2108 1998 2151 non
2024 2110 2207 2155 eorum
2234 2113 2425 2158 natura
2446 2105 2499 2159 id
2524 2106 2774 2171 habente,
2802 2109 2895 2163 sed
2936 2125 3034 2164 suo
3060 2115 3282 2167 consilio
3314 2131 3456 2184 pra:-

1892 2190 2120 2255 valeute,
2150 2194 2410 2259 promisit.
2445 2195 2545 2249 Ubi
2591 2199 2750 2252 etiam
2780 2202 2995 2255 evertit.
3027 2202 3153 2257 illud
3181 2206 3320 2273 quod
3375 2206 3451 2259 di-

1889 2288 2033 2344 cunt,
2063 2284 2308 2349 quoniam
2339 2294 2421 2339 est
2455 2287 2831 2356 impossibilis,
2866 2291 2987 2346 ideo
3011 2296 3453 2352 resurrectionem

1888 2370 2063 2421 carnis
2084 2384 2185 2424 non
2210 2386 2328 2428 esse
2352 2375 2694 2430 credendam.
2711 2380 3060 2448 Apertissime
3087 2384 3279 2452 quippe
3301 2384 3452 2450 juxta

1888 2462 2133 2517 eumdem
2174 2464 2545 2536 philosophum
2568 2510 2584 2535 ,
2612 2472 2703 2526 ubi
2741 2473 2843 2527 diis
2867 2488 2898 2527 a
2935 2490 2993 2530 se
3028 2477 3180 2532 factis
3211 2481 3451 2546 promisit

1887 2550 2025 2608 Deus
2048 2564 2151 2609 non
2172 2558 2335 2613 lactus
2350 2562 2821 2631 immortalitatem,
2843 2568 2979 2635 quod
3000 2569 3323 2635 impossibile
3344 2583 3447 2639 est,

1885 2659 1942 2699 se
1968 2646 2100 2700 dixit
2120 2664 2240 2703 esse
2270 2652 2550 2706 facturum.
2578 2655 2666 2709 Sic
2692 2658 2832 2710 enim
2860 2673 2981 2711 eum
3006 2660 3239 2713 locutum
3268 2671 3449 2717 narrat

1883 2735 2031 2789 Plato
2065 2756 2077 2789 :
2116 2740 2362 2801 Quoniam
2391 2744 2509 2796 estis
2535 2748 2651 2809 orti,
2699 2747 2897 2815 inquit,
2927 2750 3234 2804 immortales
3268 2768 3371 2805 esse
3399 2734 3469 2807 eti

1880 2826 2248 2883 indissolubiles
2292 2848 2391 2884 non
2417 2836 2622 2902 potestis
2661 2851 2681 2889 :
2715 2852 2817 2889 non
2862 2845 3025 2905 tamen
3070 2840 3403 2895 dissolvemini
3428 2882 3444 2904 ,

1880 2933 2037 2997 neque
2083 2935 2168 2973 vos
2210 2923 2314 2975 ulla
2346 2926 2519 2978 mortis
2542 2927 2659 2994 [uta
2682 2930 2949 2997 periment,
2979 2947 3069 2983 nec
3095 2927 3242 2985 erunt
3268 2935 3445 2987 valen-

1878 2994 2027 3075 tiora,
2054 3027 2203 3079 quam
2236 3016 2499 3068 consilium
2534 3033 2718 3082 meum,
2746 3020 2881 3088 quod
2905 3023 3162 3091 majusest
3192 3026 3441 3079 vinculum

1871 3100 1943 3153 ad
1972 3104 2346 3170 perpetuitatem
2373 3116 2603 3174 vestram,
2644 3127 2795 3178 quam
2820 3113 2911 3165 illa
2938 3116 3114 3183 quibus
3150 3118 3265 3169 estis
3291 3119 3441 3171 colli-

1874 3194 1978 3260 gati
2007 3192 2101 3261 (a).
2133 3192 2208 3259 Si,
2234 3210 2340 3250 non
2368 3198 2541 3252 solum
2585 3200 2822 3266 absurdi,
2850 3203 2945 3256 sed
2990 3204 3137 3258 surdi
3182 3221 3288 3261 non
3312 3216 3438 3262 sunt

1874 3284 1962 3352 qui
1993 3284 2107 3339 hmo
2133 3287 2376 3355 audiunt,
2404 3305 2511 3345 non
2546 3293 2730 3361 utique
2754 3294 2998 3349 dubitant
3025 3296 3127 3350 diis
3167 3297 3341 3363 factis,
3370 3299 3438 3353 ab

1875 3376 2089 3431 illo'deo
2113 3379 2203 3447 qui
2232 3394 2327 3433 eos
2354 3380 2824 3447 fecit,.secundum
2853 3386 3146 3452 Platonem,
3179 3389 3319 3457 quod
3354 3399 3438 3443 est

1871 3466 2199 3534 impossibile
2226 3471 2391 3526 fuisse
2441 3476 2782 3543 promissum.
2826 3478 2927 3544 Qui
2965 3480 3106 3532 enim
3134 3480 3291 3545 dicit,
3338 3479 3438 3534 Vos

1868 3560 2069 3627 quidem
2096 3561 2403 3617 immortales
2428 3581 2534 3618 esse
2557 3584 2658 3619 non
2684 3570 2907 3638 potestis,
2938 3571 3027 3623 sed
3052 3588 3160 3624 mea
3181 3574 3439 3626 voluntate

1867 3648 2171 3704 immortales
2187 3653 2337 3707 eritis
2364 3669 2383 3706 :
2407 3656 2533 3723 quid
2558 3657 2701 3710 aliud
2721 3658 2869 3720 dicit,
2894 3674 3051 3726 quam
3070 3661 3119 3713 id
3147 3662 3287 3729 qttod
3320 3663 3435 3717 ﬁeri

1866 3753 1971 3792 nou
2003 3749 2195 3810 potest,
2223 3758 2309 3797 me
2329 3742 2556 3801 faciente
2584 3756 2762 3801 tamen
2789 3750 2972 3804 eritis?
3004 3752 3096 3806 Ille
3124 3754 3284 3821 igitur
3306 3770 3430 3808 car-

1865 3843 1985 3883 nem
2018 3830 2488 3900 incorruptibilem,
2518 3836 2892 3903 immortalem,
2930 3840 3257 3908 spiritualem
3280 3858 3434 3896 resu-

1863 3921 2107 3989 scitabit,
2151 3923 2238 3992 qui
2260 3923 2406 3993 juxta
2458 3912 2727 3995 Platoitem
2753 3968 2768 3993 ,
2823 3928 2873 3982 id
2913 3930 3051 3998 quod
3108 3933 3433 3999 impossibile

1782 4018 1785 4019 '
1861 4019 1977 4075 est,
2012 4028 2072 4066 se
2102 4012 2357 4067 iacturum
2388 4010 2505 4069 eSSe
2550 4017 2809 4083 promisit.
2852 4019 2986 4086 Quid
3037 4020 3243 4087 adhuc,
3286 4023 3429 4091 quod

1862 4102 2100 4169 promisit
2143 4102 2283 4156 Deus
2302 4144 2317 4169 ,
2346 4106 2485 4172 quod
2517 4105 2625 4158 Deo
2655 4110 2978 4174 promittenti
3007 4108 3231 4164 credidit
3268 4129 3423 4165 utun-

1859 4191 1979 4257 dus,
2011 4192 2101 4260 qui
2128 4193 2287 4246 etiam
2317 4194 2430 4262 ipse
2473 4198 2766 4263 promissus
2818 4208 2903 4253 est
2932 4201 3236 4254 crediturus
3258 4242 3271 4268 ,
3304 4216 3425 4255 esse

1860 4282 2189 4349 impossibile
2216 4285 2485 4339 clamant?
2512 4287 2952 4357 Quandoquidem
2983 4306 3080 4346 nos
3110 4293 3293 4357 lleum,
3336 4294 3427 4359 qui

1857 4374 2017 4427 etiam
2046 4376 2338 4430 secundum
2369 4377 2650 4433 Platonem
2688 4380 2815 4433 iacit
2869 4382 3236 4450 impossibilia,
3266 4384 3316 4437 id
3347 4386 3425 4437 l'a-

1854 4473 2212 4521 eturumesse
2240 4468 2696 4524 clamamus.Non
2712 4486 2864 4540 ergo,
2897 4481 2954 4524 ut
2977 4473 3147 4527 beatae
3174 4475 3281 4526 siut
3304 4476 3423 4528 ani-

1856 4576 1954 4613 mae
1977 4600 1999 4625 ,λ
2017 4564 2209 4629 corpus
2233 4569 2316 4617 est
2352 4576 2511 4615 omne
2535 4561 2838 4632 fugiendum
2860 4604 2873 4627 ,
2903 4564 2997 4619 sed
3026 4580 3217 4635 corpus
3244 4567 3422 4619 incor-

1854 4650 2104 4719 ruptibile
2148 4652 2526 4720 recipiendum.
2560 4652 2628 4705 Et
2676 4653 2726 4706 in
2783 4670 2889 4722 quo
2915 4658 3311 4710 convettieutius
3340 4658 3420 4710 in-

1854 4740 2180 4810 eorruptibili
2228 4757 2453 4811 corpore
2485 4743 2835 4809 laetabuntur,
2867 4760 3043 4813 quam
3068 4746 3119 4797 in
3147 4760 3253 4815 quo
3295 4762 3419 4801 cor-

1852 4833 2081 4901 ruptibili
2102 4836 2456 4904 gemuerunt?
2486 4835 2574 4890 Sic
2591 4837 2732 4889 enim
2755 4851 2860 4892 non
2889 4839 3047 4891 in-eis
3075 4837 3177 4892 erit
3200 4840 3287 4892 illa
3305 4838 3417 4894 dira

1851 4925 2134 4993 cupiditas,
2165 4941 2320 4994 quam
2349 4930 2523 4995 posuit
2559 4944 2623 4980 ex
2654 4928 2869 4985 Platone
2892 4927 3162 4998 Virgilius,
3193 4928 3281 4983 ubi
3302 4930 3413 4985 ait:

1907 5044 2081 5087 Rursus
2102 5045 2153 5086 et
2170 5039 2395 5101 incipiant
2415 5040 2462 5087 in
2484 5052 2681 5101 corpora
2704 5037 2835 5089 velle
2857 5040 3058 5089 reverti.

2460 5117 2666 5183 (.dineid.
2688 5120 2771 5172 lib.
2795 5121 2846 5185 6,
2868 5136 2991 5173 vers.
3016 5122 3123 5171 751.
3148 5122 3169 5184 )

1846 5228 1956 5293 Sic,
1984 5227 2221 5296 inquam,
2247 5227 2586 5293 cupiditatem
2620 5227 2920 5281 revertendi
2959 5226 3025 5281 ad
3054 5241 3278 5296 corpora
3305 5241 3411 5281 non

1848 5319 2151 5381 habebunt,
2205 5332 2325 5371 cum
2365 5332 2607 5386 corpora,
2665 5318 2717 5370 in
2747 5332 2864 5386 qum
2896 5317 3102 5371 reverti
3147 5317 3407 5383 cupiunt,

1848 5425 2026 5483 secum
2049 5407 2317 5463 habebant
2342 5425 2355 5474 ;
2388 5417 2443 5463 et
2470 5408 2546 5462 sic
2572 5408 2870 5483 habebunt,
2902 5417 2960 5461 ut
2979 5423 3244 5477 nunquam
3302 5422 3407 5461 non

1846 5481 2093 5561 habeant,
2122 5514 2389 5568 nunquam
2414 5514 2475 5553 ea
2509 5481 2726 5567 prorsus
2758 5500 2841 5554 vel
2871 5500 2935 5554 ad
2960 5501 3205 5571 exiguum
3226 5514 3391 5569 quam

1840 5593 1968 5647 libet
1987 5602 2193 5665 tempus
2221 5591 2324 5645 ulla
2346 5599 2517 5645 morte
2544 5591 2828 5659 deponant.

1902 5766 1973 5827 (tt)
2006 5764 2132 5815 conf.
2159 5775 2315 5825 supra,
2341 5762 2425 5811 lib.
2454 5762 2527 5821 15,
2552 5774 2653 5825 cap.
2674 5760 2750 5811 16.
