3996 6530
573 371 681 428 795

571 485 799 544 CAPUT
840 488 1051 546 XXVII.
1079 521 1151 533 -—
1176 491 1256 548 De
1272 496 1539 551 contrariis
1562 497 1931 567 deﬁnitionibus
1953 496 2134 552 Plato-

644 580 725 632 nis
747 588 894 650 atque
920 580 1214 654 Porphyrii,
1243 586 1295 639 in
1324 586 1501 656 quibus
1523 589 1570 642 si
1594 598 1799 659 uterque
1821 587 1968 644 alteri
1990 589 2135 643 cede-

642 680 735 736 ret,
763 689 795 725 a
823 675 1026 729 veritate
1043 686 1215 730 neuter
1238 677 1474 734 deviaret.
1656 692 1657 695 ‘

643 802 858 873 Singula
888 807 1129 875 quaedam
1161 808 1409 866 dixerunt
1432 811 1582 868 Plato
1604 821 1762 884 atque
1790 813 2135 885 Porphyrius,

574 907 693 959 quas
720 895 765 948 si
791 896 929 950 inter
965 912 1024 952 se
1042 902 1435 959 communicare
1463 906 1779 972 potuissent,
1822 905 1941 959 facti
1961 916 2139 960 essent

573 983 799 1039 fortasse
825 984 1129 1043 Christiani.
1168 990 1319 1045 Plato
1343 992 1511 1060 dixit,
1537 994 1653 1050 sine
1677 995 1991 1065 corporibus
2017 996 2126 1049 ani-

574 1087 690 1127 mas
739 1074 793 1128 in
821 1085 1080 1132 aeternum
1106 1095 1226 1135 esse
1274 1096 1381 1136 non
1430 1097 1604 1153 posse.
1638 1083 1761 1140 ldeo
1786 1085 1925 1139 enim
1956 1084 2087 1140 dixit
2115 1127 2132 1153 ,

571 1164 731 1218 etiam
756 1168 1070 1235 sapientium
1095 1172 1298 1227 animas
1323 1182 1441 1242 post
1460 1175 1749 1244 quamlibet
1766 1176 1979 1246 longum
2007 1184 2142 1230 tem-

552 1270 695 1324 pus,
727 1265 901 1313 tamen
929 1259 995 1314 ad
1018 1276 1241 1331 corpora
1266 1264 1554 1319 redituras.
1585 1265 1913 1338 Porphyrius
1958 1277 2137 1321 autem

573 1348 729 1413 dixit,
779 1351 1007 1406 animam
1038 1356 1494 1424 purgatissimam,
1517 1373 1637 1412 cum
1681 1358 1902 1413 redierit
1929 1358 1994 1413 ad
2041 1359 2138 1413 Pa-

576 1446 737 1502 trem,
768 1439 833 1493 ad
865 1439 979 1495 haec
1004 1444 1141 1496 mala
1169 1444 1349 1498 mundi
1379 1461 1645 1515 nunquam
1673 1461 1794 1502 esse
1819 1447 2132 1502 redituram.

571 1531 651 1583 Ac
676 1544 772 1599 per
796 1529 918 1597 hoc,
945 1533 1086 1601 quod
1117 1548 1295 1588 verum
1321 1534 1452 1588 vidit
1491 1534 1661 1601 Plato,
1686 1536 1731 1590 si
1761 1536 1992 1592 dedisset
2011 1537 2141 1591 Por-

574 1620 787 1690 phyrio,
814 1622 975 1676 etiam
1013 1623 1280 1692 justorum
1300 1635 1461 1695 atque
1488 1627 1804 1697 sapientium
1828 1628 2137 1698 purgatissi-

571 1724 687 1764 mas
724 1711 928 1767 animas
963 1713 1032 1768 ad
1074 1716 1305 1770 humana
1356 1731 1581 1788 corpora
1628 1719 1927 1785 redituras;
1954 1734 2140 1775 rursus

572 1800 717 1869 quod
746 1817 927 1857 verum
976 1803 1108 1860 vidit
1150 1806 1503 1879 Porphyrius,
1531 1810 1578 1864 si
1624 1809 1857 1867 dedisset
1896 1812 2135 1880 Platoni,

575 1905 845 1961 nunquam
872 1892 1135 1949 redituras
1162 1896 1230 1950 ad
1258 1898 1503 1954 miserias
1525 1900 1883 1971 corruptibilis
1901 1903 2139 1973 corporis

570 1982 773 2037 animas
799 1992 1012 2041 sanctas
1044 2002 1058 2039 :
1090 1997 1148 2041 ut
1196 2002 1302 2043 non
1354 1990 1548 2061 singuli
1604 1992 1719 2047 haec
1769 1992 1973 2064 singula
1994 2033 2011 2060 ,
2043 1993 2137 2050 sed

574 2070 733 2126 ambo
780 2081 835 2128 et
859 2075 1053 2145 singuli
1080 2084 1364 2149 utrumque
1385 2079 1647 2148 dicerent,
1671 2092 1800 2152 puto
1824 2084 1963 2153 quod
1991 2084 2137 2140 vide-

570 2170 691 2216 rent
735 2178 855 2219 esse
875 2165 987 2234 jam
1034 2182 1391 2239 consequens,
1421 2179 1478 2226 ut
1499 2182 1555 2228 et
1596 2173 1835 2229 redirent
1855 2175 2045 2230 anima
2071 2175 2136 2230 ad

573 2268 820 2323 corpora,
849 2265 905 2310 et
932 2258 1053 2312 talia
1082 2259 1387 2329 reciperent
1413 2277 1660 2333 corpora,
1684 2264 1737 2319 in
1764 2264 1957 2335 quibus
1984 2265 2140 2321 beate

569 2355 728 2416 atque
752 2348 1121 2406 immortaliter
1145 2352 1405 2410 viverent.
1426 2355 1685 2422 Quoniam
1714 2357 2003 2413 secundum
2022 2359 2140 2414 Pla-

572 2444 771 2503 tonem,
804 2441 966 2495 etiam
992 2452 1191 2498 sancta:
1211 2445 1406 2500 anima:
1431 2446 1499 2500 ad
1529 2447 1758 2502 humana
1801 2464 2023 2519 corpora
2050 2466 2139 2505 re-

570 2526 793 2592 dibunt;
821 2532 1114 2587 secundum
1142 2534 1518 2606 Porphyrium,
1550 2538 1617 2594 ad
1641 2539 1779 2595 mala
1808 2541 1989 2595 mundi
2038 2541 2139 2595 hu-

565 2616 655 2686 jus
680 2628 877 2674 sancta:
922 2622 1113 2678 anima:
1158 2638 1266 2679 non
1310 2626 1578 2682 redibunt.
1637 2628 1788 2684 Dicat
1815 2630 1994 2700 itaque
2016 2644 2139 2685 cum

568 2706 791 2765 Platone
844 2710 1211 2784 Porphyrius,
1254 2716 1526 2773 Redibunt
1584 2719 1652 2775 ad
1701 2735 1969 2790 corpora:
2001 2721 2141 2777 dicat

571 2798 724 2856 Plato
750 2816 872 2857 cum
894 2803 1213 2878 Porphyrio,
1240 2808 1357 2864 Non
1388 2811 1634 2866 redibunt
1659 2813 1725 2867 ad
1758 2814 1898 2868 mala
1929 2831 1943 2867 :
1984 2822 2038 2869 et
2071 2815 2140 2870 ad

569 2904 634 2944 ea
662 2906 888 2963 corpora
918 2897 1096 2954 redire
1132 2901 1487 2969 consentient,
1533 2903 1587 2958 in
1641 2904 1834 2974 quibus
1876 2905 2018 2960 nulla
2048 2921 2139 2976 pa-

571 2980 768 3037 tiantur
788 2986 945 3041 mala.
976 2987 1101 3043 Haec
1127 2989 1304 3061 itaque
1323 3006 1431 3047 non
1449 3003 1607 3049 erunt
1625 2995 1726 3049 nisi
1753 2995 1841 3051 illa
1874 3011 1993 3065 quae
2016 3011 2139 3067 pro-

568 3072 729 3127 mittit
752 3075 913 3143 Deus,
935 3077 1118 3134 beatas
1140 3081 1345 3138 animas
1365 3084 1419 3140 in
1444 3094 1703 3142 aeternum
1726 3102 1846 3142 cum
1870 3102 1964 3143 sua
1985 3097 2141 3143 aeter-

572 3178 641 3218 na
679 3179 840 3222 carne
870 3168 1105 3227 facturus
1132 3174 1171 3226 ⁸.
1204 3173 1318 3230 Hoc
1342 3176 1509 3245 enim,
1555 3187 1813 3249 quantum
1855 3180 2135 3249 existimo,

566 3252 677 3324 jam
703 3255 859 3314 facile
895 3262 1051 3317 nobis
1080 3265 1439 3323 concederent
1459 3269 1653 3338 ambo,
1705 3280 1763 3326 ut
1788 3273 1879 3342 qui
1909 3272 2139 3328 fateren-

569 3353 659 3399 tur
707 3347 775 3401 ad
813 3348 1129 3407 immortalia
1180 3369 1406 3426 corpora
1464 3359 1735 3416 redituras
1774 3363 1978 3418 animas
2017 3378 2139 3421 esse

574 3445 904 3505 sanctorum,
937 3441 1004 3497 ad
1030 3458 1127 3499 sua
1166 3445 1285 3502 illas
1313 3448 1488 3505 redire
1527 3452 1917 3520 permitterent,
1943 3454 1995 3508 in
2015 3455 2136 3524 qui-

570 3523 670 3580 bus
690 3527 825 3581 mala
849 3529 1007 3601 hujus
1045 3535 1223 3590 saeculi
1245 3539 1608 3608 pertulerunt,
1640 3541 1696 3597 in
1732 3542 1923 3613 quibus
1946 3523 2132 3613 Deum,

569 3626 626 3671 ut
650 3617 736 3674 his
764 3622 919 3677 malis
950 3636 1214 3695 carerent,
1243 3629 1329 3699 pie
1348 3629 1684 3705 fideliterque
1709 3636 2010 3692 coluerunt.

560 3748 790 3806 CAPUT
809 3749 1045 3811 XXVIII.
1065 3787 1136 3798 —
1154 3758 1290 3827 Quid
1312 3764 1381 3818 ad
1400 3781 1567 3821 veram
1587 3771 1964 3826 resurrectionis
1984 3772 2137 3842 ﬁdem

634 3845 711 3898 vel
736 3842 888 3898 Plato
905 3890 920 3915 ,
948 3850 1024 3904 uel
1049 3848 1217 3909 Labeo
1235 3897 1250 3922 ,
1280 3858 1358 3912 vel
1394 3859 1549 3913 etiam
1594 3859 1756 3916 Varro
1788 3862 2015 3933 conferre
2041 3864 2137 3919 sibi

634 3945 922 4013 potuerint,
958 3946 1004 4001 si
1041 3947 1302 4018 opiniones
1338 3964 1511 4004 eorum
1547 3950 1603 4006 in
1643 3968 1800 4008 unum
1840 3956 2137 4011 sententiam

636 4036 998 4092 convenissent.

638 4161 889 4221 Nonnulli
918 4168 1109 4237 nostri,
1138 4180 1356 4242 propter
1372 4172 1638 4244 quoddam
1674 4177 2134 4247 praeclarissimum

564 4253 812 4325 loquendi
832 4273 1002 4328 genus
1023 4260 1121 4334 (a),
1144 4272 1197 4318 et
1218 4276 1435 4335 propter
1458 4269 1710 4324 nonnulla
1732 4287 1851 4342 qua:
1872 4274 2136 4332 veraciter

566 4346 755 4413 sensit,
781 4358 1020 4406 amantes
1050 4351 1325 4409 Platonem
1343 4395 1358 4420 ,
1381 4357 1566 4414 dicunt
1586 4374 1711 4419 eum
1733 4362 1930 4431 aliquid
1959 4364 2134 4423 Simile

564 4435 719 4490 nobis
743 4446 903 4494 etiam
927 4440 995 4497 de
1014 4452 1346 4500 mortuorum
1369 4452 1758 4507 resurrectione
1783 4456 2015 4511 sensisse
2036 4456 2132 4529 (b).

564 4528 715 4595 Quod
739 4530 951 4601 quidem
973 4534 1051 4593 sic
1075 4537 1241 4607 tangit
1264 4537 1321 4593 in
1344 4539 1493 4596 libris
1510 4542 1577 4598 de
1597 4542 1885 4613 Republica
1906 4548 2131 4620 Tullius,

565 4627 624 4674 ut
649 4635 771 4675 eum
800 4622 990 4679 lusisse
1027 4626 1234 4696 potius,
1278 4645 1437 4700 quam
1465 4633 1607 4704 quod
1648 4634 1702 4690 id
1731 4652 1917 4694 verum
1953 4651 2129 4706 esset,

562 4709 793 4767 affirmet
815 4711 1001 4773 dicere
1029 4715 1284 4773 voluisse.
1325 4719 1529 4777 lnducit
1564 4723 1707 4779 enim
1737 4726 2006 4783 hominem
2041 4746 2130 4785 re-

562 4800 780 4869 vixisse,
802 4812 856 4857 et
881 4818 1132 4861 narrasse
1154 4808 1396 4877 quaedam
1421 4827 1539 4881 quae
1577 4812 1863 4872 Platonicis
1889 4817 2134 4889 disputa-

565 4890 800 4948 tionibus
827 4895 1186 4963 congruebant
1205 4897 1299 4970 (c).
1326 4898 1504 4956 Labeo
1526 4903 1687 4960 etiam
1711 4904 1847 4963 duos
1874 4907 2005 4965 dicit
2025 4925 2131 4966 uno

623 5051 642 5121 ξ
666 5046 739 5121 ita
756 5046 902 5121 Yind.
919 5056 1027 5121 Am.
1047 5058 1203 5121 Er._et
1222 5062 1328 5106 Mss.
1352 5064 1409 5108 At
1429 5064 1562 5121 ιρι,
1581 5060 1808 5116 victuras.

622 5112 696 5189 (ς)
710 5118 965 5189 Δᾳ“-ςξ)νε“ιῃιξι
995 5116 1061 5165 de
1085 5118 1434 5189 _siuu_socratis
1454 5112 1739 5189 demulcens
1750 5112 1982 5189 homines
1999 5162 2016 5189 ,
2056 5129 2131 5180 di-

565 5170 820 5237 sscipulus
839 5170 985 5227 'Plato
1027 5184 1134 5239 est,
1157 5194 1180 5224 ι
1208 5170 1547 5245 Tertullianus,
1578 5170 2016 5251 dé'XiuInaTEE

1881 5265 2037 5301 σεῦε.

621 5294 1158 5375 ςρ)ε.νι-ᾳὶρμφδ.μιίι›.
1180 5300 1209 5375 t
1214 5301 1235 5350 1
1254 5301 1318 5351 de
1334 5308 1540 5375 appar.
1552 5303 1747 5375 VEvang.
1765 5254 2037 5375 ,ᾟἾῗέῗ
2078 5314 2129 5363 in

621 5320 695 5358 ψ)
736 5320 831 5347 uu.
871 5320 1040 5349 nmen.
1073 5320 1158 5349 ιω.
1180 5320 1235 5351 ιι
1254 5320 1318 5351 ue
1335 5320 1540 5367 γναφεῖ.
1561 5320 1693 5355 Lvan
1734 5342 1747 5355 .
1765 5342 1782 5368 ,
1805 5322 1910 5371 cap.
1934 5320 1947 5359 ξ

560 5358 742 5428 nostris
751 5358 1161 5428 Demonstrations
1182 5362 1527 5428 évangéliques,
1546 5374 1646 5417 tom
1892 5379 1947 5420 at.

476 5476 482 5481 _
622 5418 708 5527 (εἰ,
727 5426 905 5469 Horum
928 5423 1247 5487 Pamphylium
1266 5458 1282 5483 ,
1298 5418 1387 5487 'qui
1407 5418 1475 5475 'in
1498 5418 1602 5479 acie
1638 5429 1863 5480 occubuit
1885 5418 2060 5491 ,ii‘lato
2077 5436 2132 5487 in

559 5477 656 5526 line
698 5479 784 5527 'bri
806 5480 872 5527 de
894 5484 1145 5527 Renuhlim
1164 5521 1177 5527 -
1201 5486 1389 5527 decimo
1411 5496 1518 5527 im
1547 5497 1753 5527 mm'tpm
1787 5492 1867 5527 Λίρ
1891 5495 2130 5527 manu"...

559 5477 656 5548 fine
672 5477 872 5548 nmiae
894 5477 1177 5546 Republica,
1201 5477 1389 5548 decimo
1411 5496 1518 5548 post
1547 5477 1754 5541 mortem
1773 5477 1869 5541 ui’é
1887 5477 2132 5547 ἱὲάῖιῖῐυῶ

560 5540 888 5616 γξιςξιξᾳνὼὶμ,
920 5540 1315 5616 «'ttanc__éicerp
1345 5540 1588 5616 latinam)
1612 5540 1855 5616 {inquit
1874 5540 2135 5611 ἠιέᾶἷῦἷᾶ

560 5597 769 5676 lu-l‘ibro
792 5604 943 5676 primo
980 5610 1153 5676 summi
1177 5643 1191 5666 ,
1238 5625 1261 5653 ι
1276 5605 1392 5659 licet
1409 5611 1471 5676 ab
1490 5597 1843 5676 indoctis—quasi
1866 5597 1985 5676 iis;
1997 5597 2133 5672 VéFE

567 5630 609 5646 ιι.
644 5630 769 5647 ιιυιυ
794 5630 943 5663 γιιιιιυ
980 5630 1153 5657 amuuu
1177 5643 1191 5666 ,
1238 5630 1392 5659 ιιιυυι
1409 5630 1471 5657 ξω
1490 5630 1690 5661 quocus
1709 5630 1843 5676 quaSI
1866 5630 1881 5664 ι
1928 5630 1972 5665 'e
2010 5633 2130 5672 vere

567 5676 591 5743 ξ
1030 5670 1233 5743 irrisam,
1259 5671 1537 5743 exemplum
1558 5680 1720 5721 tamen
1751 5630 1941 5743 stolitl;
1958 5692 2130 5743 repre-

567 5721 863 5834 ιιιῖξιιῖἓῗυὶε
879 5729 1032 5779 vitans
1048 5765 1063 5791 ,
1083 5721 1280 5782 excitari
1316 5721 1635 5795 narraturum,
1657 5721 2131 5797 quain'iéiiiiéiéie

807 5801 829 5829 Ι

591 5795 777 5834 maluit.
807 5801 829 5829 ι

1607 384 1696 441 DE
1732 384 2043 442 CIVITATE
2084 383 2213 451 DEI,
2249 383 2306 441 S.
2345 386 2707 445 AUGUSTlNl
3436 430 3446 437 -
3743 400 3825 457 τθσ

2242 497 2329 553 die
2354 497 2518 556 fuisse
2544 501 2837 567 defunctos,
2863 511 2918 559 et
2940 506 3244 561 occurrisse
3268 506 3509 564 invicem
3538 508 3593 565 in
3616 512 3823 581 quodam

2242 590 2508 660 compito,
2536 592 2727 649 deinde
2752 592 2819 649 ad
2842 609 3063 666 corpora
3095 614 3192 652 sua
3215 598 3401 669 jussos
3428 600 3609 657 fuisse
3639 618 3821 658 remea-

2242 695 2323 747 re,
2354 692 2408 736 et
2435 683 2770 740 constituisse
2801 686 2937 741 inter
2970 702 3030 742 se
3075 689 3280 743 amicos
3318 706 3383 746 se
3406 706 3537 747 esse
3563 694 3815 761 victuros,

2241 778 2399 840 atque
2427 772 2499 826 ita
2526 787 2643 828 esse
2668 773 2860 830 factum
2881 818 2896 843 ,
2927 776 3096 832 donec
3123 786 3307 847 postea
3350 792 3709 837 morerentur
3729 784 3812 853 (α).

2242 858 2347 916 Sed
2392 862 2476 916 isti
2514 872 2756 921 auctores
2793 866 2950 921 talem
2989 871 3441 926 resurrectionem
3474 876 3724 943 corporis
3750 874 3815 928 fa-

2243 960 2381 1006 ctam
2428 953 2591 1011 fuisse
2630 968 2943 1024 narrarunt,
2973 961 3160 1030 quales
3203 962 3421 1019 fuerunt
3465 980 3662 1019 eorum
3702 983 3817 1037 quos

2244 1043 2601 1099 resurrexisse
2625 1047 2888 1116 novimus,
2915 1056 2969 1105 et
2997 1050 3118 1105 huic
3144 1052 3361 1121 quidem
3391 1054 3643 1110 redditos
3672 1058 3811 1124 vitae,

2243 1131 2336 1185 sed
2362 1147 2466 1187 non
2493 1148 2562 1189 eo
2588 1136 2747 1190 modo
2786 1146 2845 1191 ut
2882 1154 2988 1192 non
3024 1152 3364 1197 morerentur
3391 1145 3652 1200 ulterius.
3677 1147 3815 1201 Mira—

2243 1220 2400 1277 hilius
2426 1232 2605 1279 autem
2645 1226 2893 1295 quiddam
2923 1229 3131 1285 Marcus
3160 1231 3331 1287 Varro
3369 1236 3525 1305 ponit
3556 1237 3615 1290 in
3648 1237 3812 1295 libris.

2242 1312 2385 1380 quod
2410 1316 2727 1384 conscripsit
2746 1318 2811 1372 de
2830 1317 2998 1374 Gente
3022 1321 3206 1390 populi
3232 1314 3466 1377 Romani
3498 1343 3514 1378 :
3545 1325 3704 1395 cujus
3731 1341 3813 1395 pu-

2243 1405 2347 1458 tavi
2386 1404 2544 1460 verba
2591 1407 2704 1477 ipsa
2748 1423 2867 1465 esse
2916 1411 3183 1481 ponenda.
3244 1412 3561 1469 Genetlitiaci
3620 1418 3812 1485 quida-

2241 1496 2568 1566 scripserunt,
2597 1499 2784 1570 inquit,
2816 1504 2990 1557 essein
3008 1506 3329 1561 renaseendis
3354 1508 3652 1563 hominibus
3674 1528 3813 1579 (μω

2241 1588 2500 1658 appellant
2528 1598 2874 1659 παλιγγονεσιαν
2904 1592 3069 1649 Graeci
3096 1612 3116 1649 :
3142 1596 3276 1652 hanc
3289 1603 3608 1667 scripserunt
3644 1603 3813 1668 confici

2240 1679 2294 1732 in
2333 1681 2481 1735 annis
2524 1698 2729 1738 numero
2754 1686 3136 1756 quadringentis
3176 1690 3514 1761 quadraginta
3533 1733 3549 1755 ,
3595 1704 3652 1745 ut
3693 1693 3812 1746 ἱάαιι

2240 1791 2425 1848 corpus
2451 1786 2499 1833 et
2523 1781 2698 1836 eadem
2722 1785 2910 1853 anima,
2938 1803 3049 1855 qua:
3076 1789 3266 1857 fuerint
3289 1791 3566 1858 coniuncta
3593 1792 3648 1845 in
3673 1794 3813 1847 Aonii-

2241 1885 2304 1923 ne
2326 1870 2627 1941 aliquando,
2658 1877 2832 1931 eadem
2867 1895 3041 1933 rursus
3068 1884 3273 1936 redeant
3306 1884 3359 1937 in
3386 1886 3811 1956 coniunctionem.

2241 1960 2345 2017 Iste
2379 1962 2546 2021 Varro
2574 1966 2788 2037 quidem
2809 2011 2825 2036 ,
2855 1970 2968 2027 sive
3012 1972 3087 2027 illi
3130 1972 3463 2031 Ceuethliaci
3507 1979 3697 2034 nescio
3734 1981 3811 2049 qui

2241 2051 2382 2123 (non
2409 2056 2549 2111 enim
2581 2059 2795 2114 nomina
2816 2075 3000 2117 eorum
3029 2064 3295 2133 prodidit,
3321 2081 3558 2136 quorum
3583 2083 3812 2126 comme—

2240 2147 2467 2201 moravit
2490 2149 2866 2225 sententiam),
2888 2152 3084 2224 aliquid
3108 2153 3373 2225 dixerunt,
3406 2158 3553 2228 quod
3581 2160 3707 2215 licet
3728 2160 3813 2214 fal-

2239 2250 2360 2291 sum
2399 2238 2469 2293 sit
2507 2239 2655 2312 (cum
2701 2243 2842 2298 enim
2882 2245 3047 2301 semel
3092 2247 3160 2301 ad
3205 2248 3390 2303 eadem
3433 2266 3666 2320 corpora
3708 2268 3813 2322 qua

2240 2339 2537 2396 gesserunt,
2566 2332 2757 2388 anima:
2782 2334 3057 2401 redierint,
3086 2352 3357 2409 nunquam
3384 2355 3448 2394 ea
3477 2352 3670 2417 postea
3698 2356 3811 2397 sunt

2241 2420 2576 2494 relicturae);
2613 2433 2789 2484 tamen
2828 2429 2990 2483 multa
3032 2429 3174 2485 illius
3205 2432 3691 2502 impossibilitatis,
3720 2452 3810 2506 qu

2241 2522 2427 2569 contra
2455 2532 2553 2571 nos
2585 2518 2670 2572 isti
2698 2521 2955 2590 garriunt,
2982 2533 3290 2594 argumenta
3323 2527 3617 2591 convellit,
3646 2537 3703 2582 ct
3728 2528 3811 2582 de-

2240 2603 2417 2659 struit.
2451 2605 2553 2672 Qui
2577 2608 2718 2663 enim
2742 2609 2843 2666 hoc
2866 2612 3122 2677 sentiunt,
3151 2614 3264 2669 sive
3284 2626 3592 2681 senserunt,
3619 2633 3727 2671 non
3746 2618 3812 2671 eis

2240 2696 2412 2751 visum
2436 2707 2518 2753 est
2545 2700 2657 2755 ﬁeri
2686 2717 2790 2756 non
2822 2717 3008 2773 posse,
3040 2714 3098 2759 ut
3124 2705 3328 2776 dilapsa
3363 2707 3627 2763 cadavera
3658 2710 3710 2762 in
3733 2724 3814 2762 au-

2241 2802 2350 2856 ras,
2374 2788 2431 2844 in
2458 2790 2751 2861 pulverem,
2774 2794 2828 2848 in
2850 2796 3113 2861 cinerem,
3134 2796 3187 2851 in
3211 2796 3485 2866 humores,
3515 2800 3571 2853 in
3599 2814 3812 2870 corpora

2240 2882 2568 2939 vescentium
2590 2885 2898 2954 bestiarum,
2916 2888 3000 2944 vel
3021 2889 3258 2959 ipsorum
3279 2905 3495 2961 quoque
3521 2891 3811 2955 hominum,

2241 2971 2307 3026 ad
2338 2972 2390 3027 id
2420 2989 2604 3029 rursus
2625 2976 2864 3046 redeant,
2888 2978 3031 3048 quod
3055 2980 3287 3035 fuerunt.
3312 2980 3657 3051 Quapropter
3680 2982 3814 3036 Plato

2240 3071 2298 3120 et
2326 3062 2651 3137 Porphyrius
2667 3108 2683 3135 ,
2706 3067 2790 3124 vel
2816 3068 2993 3140 potius
3018 3070 3340 3141 quicumque
3366 3071 3489 3127 illos
3518 3072 3743 3142 diligunt
3765 3083 3816 3126 et

2241 3156 2418 3214 adhuc
2443 3158 2646 3228 vivunt,
2676 3160 2722 3215 si
2750 3161 2904 3216 nobis
2927 3163 3265 3218 consentiunt
3284 3164 3449 3218 etiam
3476 3173 3693 3218 sanctas
3712 3166 3817 3217 ani-

2240 3264 2355 3304 mas
2383 3249 2449 3305 ad
2480 3265 2701 3321 corpora
2727 3251 2991 3309 redituras
3009 3294 3024 3320 ,
3051 3253 3189 3309 sicut
3207 3253 3280 3307 ait
3301 3253 3485 3319 Plato,
3518 3268 3621 3308 nec
3648 3264 3813 3308 tamet:

2240 3339 2307 3395 ad
2332 3340 2471 3396 mala
2497 3342 2605 3397 ulla
2630 3341 2909 3411 redituras,
2936 3344 3071 3399 sicut
3094 3345 3169 3399 ait
3190 3344 3553 3416 Porphyrius;
3577 3354 3636 3399 ut
3655 3360 3721 3398 ex
3741 3345 3812 3398 his

2240 3433 2334 3488 ﬂat
2356 3448 2687 3505 consequens
2720 3435 2859 3506 quod
2902 3435 3036 3491 fides
3061 3435 3316 3507 praedicat
3340 3436 3637 3491 christiana
3658 3478 3674 3503 ,
3704 3435 3809 3489 talia

2238 3537 2463 3594 corpora
2490 3534 2799 3595 recepturas
2826 3527 2877 3581 in
2907 3526 3097 3597 quibus
3126 3527 3241 3582 sine
3264 3526 3376 3582 ullo
3397 3528 3544 3581 malo
3580 3528 3634 3580 in
3665 3539 3810 3580 cter-

2239 3629 2365 3671 num
2387 3614 2612 3671 feliciter
2630 3617 2809 3671 vivant
2828 3632 2843 3682 ;
2867 3627 3141 3672 assumant
3167 3618 3327 3672 etiam
3344 3617 3447 3672 hoc
3463 3618 3534 3671 de
3556 3617 3809 3680 Varrone,

2241 3713 2299 3760 ut
2323 3705 2391 3762 ad
2417 3706 2603 3763 eadem
2640 3721 2861 3777 corpora
2901 3707 3156 3774 redeant,
3186 3708 3241 3763 in
3276 3708 3466 3778 quibus
3505 3718 3668 3762 antea
3707 3708 3810 3761 tue-

2236 3805 2395 3867 runt;
2425 3807 2480 3856 et
2502 3800 2641 3871 apud
2666 3815 2760 3856 eos
2790 3809 2896 3857 tota
2921 3801 3145 3873 quaistio
3170 3801 3240 3857 de
3262 3800 3438 3858 carnis
3470 3801 3528 3856 in
3555 3811 3810 3857 aeternum

2239 3893 2630 3949 resurrectione
2649 3894 2902 3950 solvetur.

2238 4025 2464 4085 CAPUT
2495 4026 2684 4084 XXIX.
2708 4057 2782 4069 —
2801 4026 2881 4082 De
2906 4027 3147 4099 qualitate
3166 4027 3402 4093 visionis,
3432 4043 3541 4097 qua
3570 4027 3629 4080 in
3651 4030 3811 4097 fam

2599 4120 2786 4176 saeculo
2810 4121 2970 4175 sancti
2997 4118 3165 4175 Deum
3190 4121 3443 4175 videbunt.

2310 4257 2363 4312 1.
2390 4255 2542 4312 Nunc
2557 4254 2667 4327 jam
2694 4255 2817 4327 quid
2842 4256 3007 4310 acturi
3036 4254 3144 4311 sint
3172 4255 3229 4310 in
3257 4253 3569 4323 corporibus
3596 4252 3812 4306 immor-

2240 4347 2434 4404 talibus
2465 4356 2625 4418 atque
2656 4346 3020 4418 spiritualibus
3059 4345 3230 4401 sancti
3250 4387 3265 4409 ,
3294 4359 3398 4399 non
3422 4342 3603 4397 adhuc
3632 4356 3813 4397 eorum

2238 4453 2401 4494 carne
2424 4437 2723 4503 carnaliter,
2749 4436 2843 4492 sed
2864 4436 3210 4507 spiritualiter
3238 4436 3345 4506 jam
3370 4434 3584 4489 vivente
3604 4474 3622 4497 ,
3648 4446 3813 4502 quan-

2241 4537 2352 4584 tum
2396 4528 2650 4584 Dominus
2690 4527 2936 4597 dignatur
2978 4526 3249 4597 adjuvare,
3280 4525 3578 4580 videamus.
3623 4523 3694 4579 Et
3730 4521 3814 4575 illa

2239 4618 2452 4691 quidem
2479 4619 2617 4673 actio
2637 4660 2652 4685 ,
2678 4618 2763 4673 vel
2794 4617 2968 4687 potius
2995 4618 3146 4686 quies
3164 4625 3323 4686 atque
3352 4615 3520 4669 otium
3543 4614 3706 4682 quale
3729 4612 3813 4666 fu-

2230 4714 2416 4766 turum
2444 4709 2533 4776 sit,
2560 4710 2605 4764 si
2635 4723 2817 4763 verum
2846 4706 3003 4762 velim
3027 4706 3242 4771 dicere,
3284 4705 3487 4759 nescio.
3516 4703 3638 4758 Non
3668 4702 3809 4757 enim

2238 4798 2342 4855 hoc
2362 4814 2589 4868 unquam
2611 4814 2704 4868 per
2723 4812 2911 4854 sensus
2930 4797 3169 4869 corporis
3188 4795 3314 4851 vidi.
3332 4795 3386 4851 Si
3402 4804 3587 4850 autem
3613 4804 3813 4856 mente,

2239 4888 2293 4945 id
2319 4896 2403 4944 est
2424 4887 2768 4959 intelligentia
2792 4927 2807 4953 ,
2838 4887 3036 4941 vidisse
3064 4901 3148 4940 me
3176 4884 3348 4940 dicam
3368 4926 3383 4950 ,
3409 4893 3671 4953 quantum
3698 4892 3813 4944 est,

2241 4988 2332 5035 aut
2358 4979 2487 5050 quid
2515 4988 2599 5035 est
2636 4988 2816 5035 nostra
2861 4976 3204 5047 intelligentia
3247 4975 3314 5029 ad
3361 4974 3507 5029 illam
3545 4975 3822 5031 excellen-

2240 5071 2405 5125 tiam?
2430 5069 2504 5124 lbi
2529 5079 2612 5124 est
2635 5070 2776 5124 enim
2803 5084 2904 5139 pax
2930 5067 3040 5130 Dei,
3068 5082 3199 5137 qua,
3227 5068 3365 5120 sicut
3386 5064 3463 5119 ait
3488 5063 3817 5133 Apostolus,

2238 5172 2443 5232 superat
2470 5177 2664 5216 omnem
2690 5161 2995 5214 intellectum
3021 5157 3278 5229 (Philipp.
3308 5174 3382 5224 tv,
3401 5156 3463 5227 7)
3487 5175 3503 5211 '.
3524 5170 3691 5225 quem
3715 5156 3815 5208 nisi

2241 5261 2501 5319 nostrum,
2523 5260 2614 5305 aut
2642 5250 2871 5305 fortasse
2897 5249 3055 5304 etiam
3079 5249 3096 5280 ¹
3120 5257 3423 5302 sanctorum
3452 5242 3816 5314 Angelorum?

2240 5357 2345 5398 non
2377 5343 2519 5396 enim
2556 5349 2611 5395 et
2649 5340 2762 5395 Dei.
2793 5339 2849 5395 Si
2875 5354 2999 5409 ergo
3029 5338 3199 5392 sancti
3229 5337 3281 5391 in
3313 5335 3405 5391 Dei
3448 5349 3582 5405 pace
3625 5331 3815 5387 victuri

2237 5443 2393 5500 sunt,
2437 5434 2675 5504 profecto
2704 5432 2755 5486 in
2789 5446 2852 5486 ea
2892 5445 3021 5501 pace
3044 5428 3233 5484 victuri
3259 5436 3413 5494 sunt,
3442 5442 3562 5498 qua:
3604 5430 3817 5494 superat

2238 5533 2452 5582 omnem
2478 5524 2828 5580 intellectum.
2855 5523 3114 5591 Quoniam
3141 5530 3388 5577 nostrum
3414 5519 3632 5592 quidem
3652 5530 3812 5587 sape.

2301 5684 2319 5717 ι
2357 5692 2450 5732 Αιης
2479 5687 2552 5732 Er.
2580 5688 2633 5731 et
2660 5687 2769 5731 Lov.
2807 5680 2984 5731 addunt
3022 5680 3117 5741 hic,
3163 5681 3382 5733 omnium
3410 5694 3426 5731 :
3450 5678 3575 5744 quod
3608 5677 3751 5729 abest
3788 5685 3815 5721 ι

2237 5745 2570 5796 manuscrintis
2592 5751 2644 5792 et
2667 5755 2693 5791 a
2717 5744 2843 5791 γιηά

2304 5808 2382 5870 (a)
2417 5804 2529 5856 vide
2557 5804 2771 5866 Plinium,
2794 5804 2875 5854 lib.
2901 5804 2947 5866 7,
2980 5815 3082 5865 cap.
3124 5804 3205 5853 57).
