3996 6516
160 449 262 506 ’197

163 578 262 635 rat,
289 583 393 623 non
419 577 501 624 est
519 566 732 623 dubium
757 583 771 621 :
799 566 845 622 Ii
869 574 1042 621 autem
1066 575 1279 634 superat
1298 573 1350 619 et
1370 562 1689 633 Angelorum
1708 600 1724 625 ,

168 668 226 743 ιιι
251 673 348 713 nec
378 658 521 727 ipsos
551 658 822 725 excepisse
848 656 1107 721 videatur,
1151 659 1239 725 qui
1276 655 1383 717 ait,
1416 668 1611 707 omnem
1649 651 1729 703 in-

170 740 452 812 tellectum;
477 747 764 802 secundum
800 746 900 800 hoc
927 745 1122 800 dictum
1150 759 1270 799 esse
1297 743 1551 797 debemus
1586 740 1729 794 acci-

171 854 333 909 pere,
371 838 492 908 quia
535 852 717 906 pacem
758 836 884 903 Dei,
926 851 1026 907 qua
1070 836 1180 905 ipse
1210 835 1348 887 Deus
1375 841 1594 902 pacatus
1617 840 1734 901 est,

174 933 313 989 sicut
349 933 495 987 novit
522 933 661 987 Deus
687 974 701 996 ,
733 946 837 985 non
866 946 980 984 eam
1010 944 1108 983 nos
1133 929 1210 983 sic
1236 940 1516 996 possumus
1541 938 1699 979 nosse
1717 963 1733 989 ,

176 1038 277 1078 nec
319 1022 409 1076 ulli
452 1021 656 1091 Angeli.
690 1021 908 1092 Superat
950 1018 1125 1088 itaque
1164 1032 1358 1070 omnem
1397 1013 1736 1077 intellectum,

181 1126 287 1167 non
317 1111 533 1167 dubium
560 1110 698 1181 quod
738 1119 934 1179 praeter
962 1124 1136 1163 suum.
1162 1106 1267 1162 Sed
1293 1105 1415 1175 quia
1440 1114 1493 1158 et
1518 1118 1615 1158 nos
1644 1117 1740 1173 pro

181 1202 342 1257 modo
363 1203 379 1233 ³
408 1209 588 1256 nostro
616 1202 758 1271 pacis
787 1201 901 1269 ejus
933 1197 1213 1269 participes
1252 1195 1375 1250 facti
1403 1208 1660 1249 summam
1689 1194 1741 1246 in

182 1293 337 1347 nobis
375 1302 532 1362 atque
560 1292 700 1346 inter
728 1305 824 1347 nos
852 1300 905 1344 et
932 1305 1052 1344 cum
1093 1290 1208 1359 ipso
1246 1301 1464 1358 pacem,
1492 1291 1743 1355 quantum

184 1390 425 1437 nostrum
455 1397 719 1436 summum
760 1390 839 1435 est
858 1422 872 1447 ,
904 1378 1260 1435 obtinebimus
1287 1396 1301 1431 :
1331 1377 1434 1431 isto
1464 1374 1622 1429 modo
1651 1386 1749 1441 pro

185 1490 284 1529 suo
313 1474 471 1529 modo
496 1474 668 1527 sciunt
700 1488 819 1529 eam
847 1472 1013 1526 sancti
1041 1470 1256 1540 Angeli,
1296 1468 1538 1523 homines
1572 1474 1748 1519 autem

187 1582 332 1622 nunc
356 1568 510 1636 longe
547 1566 711 1632 intra,
741 1564 1123 1632 quantumlibet
1148 1568 1398 1633 provectu
1434 1560 1626 1614 mentis
1653 1573 1748 1611 ex-

189 1658 407 1714 cellant.
431 1655 879 1714 Considerandum
905 1662 989 1711 est
1012 1656 1152 1710 enim
1175 1661 1399 1723 quantus
1422 1652 1504 1706 vir
1521 1649 1749 1713 diccbat,

193 1748 277 1803 Ea:
303 1757 445 1818 parte
468 1748 672 1812 scimus,
696 1756 741 1800 et
767 1762 829 1799 ea:
854 1755 993 1815 parte
1019 1744 1393 1815 prophetamus,
1415 1742 1568 1794 donec
1594 1738 1753 1792 veniat

191 1840 327 1909 quod
352 1837 622 1908 perfectum
639 1846 709 1889 est
726 1835 766 1903 (1
788 1833 904 1891 Cor.
927 1834 1101 1899 xm,9,
1126 1832 1214 1901 10)
1234 1850 1247 1896 ;
1271 1842 1342 1897 et,
1379 1829 1607 1885 Videmus
1624 1844 1753 1880 nunc

194 1945 285 1998 per
305 1926 561 1998 speculum
584 1926 637 1979 in
657 1927 919 1995 cenigmate
938 1965 952 1987 ,
985 1933 1101 1977 tunc
1129 1934 1295 1976 autem
1325 1921 1455 1991 facie
1481 1919 1548 1973 ad
1578 1918 1756 1989 faciam

199 2018 219 2089 (
243 2016 378 2070 Ibid.
408 2016 473 2070 ιε
493 2016 539 2085 ).
567 2015 655 2071 Sic
687 2016 796 2085 jam
827 2014 1005 2070 vident
1040 2013 1209 2068 sancti
1238 2011 1453 2082 Angeli,
1481 2009 1571 2079 qui
1600 2008 1756 2063 etiam

196 2108 367 2165 nostri
393 2107 582 2178 Angeli
609 2106 733 2161 dicti
760 2114 904 2173 sunt,
937 2105 1058 2175 quia
1086 2106 1219 2159 eruti
1241 2103 1308 2158 de
1331 2109 1590 2173 potestate
1614 2108 1761 2154 tene-

199 2200 411 2254 brarum
434 2239 451 2262 ,
481 2206 534 2253 ct
564 2206 780 2268 accepto
805 2196 1029 2265 Spiritus
1070 2196 1288 2266 pignore
1318 2191 1556 2248 translati
1586 2190 1651 2244 ad
1676 2204 1762 2245 re—

197 2305 358 2361 gnum
384 2288 599 2355 Christi,
621 2288 687 2344 ad
709 2302 802 2345 eos
826 2288 1056 2358 Angelos
1071 2287 1179 2357 jam
1200 2286 1457 2355 carpimus
1476 2283 1759 2353 pertinere,

199 2395 323 2435 cum
360 2380 549 2449 quibus
584 2378 737 2433 nobis
776 2378 878 2434 erit
924 2386 1107 2432 sancta
1141 2385 1299 2446 atque
1324 2374 1629 2428 dulcissima
1652 2413 1665 2437 ,
1696 2370 1763 2425 dc

200 2484 302 2540 qua
337 2469 447 2539 jam
475 2476 553 2523 tot
580 2468 743 2524 libros
768 2468 1075 2538 scripsimus
1094 2508 1109 2534 ,
1140 2467 1232 2521 Dei
1259 2466 1443 2522 civitas
1481 2464 1592 2535 ipsa
1622 2477 1766 2518 com-

203 2562 398 2617 munis.
428 2560 517 2617 Sic
544 2569 668 2615 sunt
692 2576 817 2631 ergo
854 2560 1041 2630 Angeli
1081 2559 1281 2624 nostri,
1321 2558 1410 2628 qui
1437 2565 1557 2612 sunt
1582 2554 1767 2625 Angeli

205 2652 320 2719 Dei,
344 2650 785 2721 quemadmodum
806 2649 1045 2707 Christus
1068 2650 1182 2718 Dei,
1208 2649 1449 2705 Christus
1464 2657 1547 2704 est
1566 2655 1767 2702 noster.

206 2742 299 2796 Dei
329 2750 491 2810 sunt,
520 2742 642 2812 quia
669 2741 834 2797 Deum
876 2756 981 2796 non
1011 2741 1337 2810 reliquerunt
1362 2758 1375 2794 :
1405 2738 1572 2793 nostri
1608 2745 1766 2803 sunt,

203 2830 329 2898 quia
357 2846 484 2887 suos
518 2830 665 2887 cives
707 2845 805 2887 nos
848 2830 1046 2886 habere
1087 2837 1382 2900 coeperunt.
1414 2829 1554 2883 Dixit
1594 2835 1768 2882 autem

208 2919 462 2975 Dominus
481 2921 657 2987 Iesus,
690 2920 864 2976 Videte
886 2938 948 2977 ne
967 2921 1290 2975 contemnatis
1309 2936 1465 2974 unum
1491 2918 1553 2973 de
1578 2918 1774 2988 pusillis

206 3010 335 3065 istis.
365 3009 491 3064 Dico
518 3011 647 3065 enim
673 3010 830 3073 vobis,
857 3012 975 3081 quia
997 3010 1177 3081 Angeli
1205 3026 1378 3064 eorum
1400 3010 1453 3062 in
1479 3008 1617 3062 caelis
1640 3023 1773 3061 sem-

209 3116 299 3173 per
334 3102 500 3156 vident
538 3104 717 3173 faciem
744 3102 913 3155 Patris
936 3103 1061 3169 mei,
1094 3102 1178 3173 qui
1202 3102 1256 3155 in
1283 3101 1418 3155 caelis
1444 3110 1517 3154 est
1550 3097 1771 3171 (Matth.

211 3211 363 3261 xvm,
390 3196 497 3265 l0).
524 3195 672 3249 Sicut
698 3209 823 3263 ergo
853 3194 927 3248 illi
960 3195 1170 3258 vident,
1200 3194 1271 3247 ita
1295 3200 1348 3247 et
1372 3207 1469 3247 nos
1500 3191 1659 3246 visuri
1686 3206 1776 3244 suo

209 3303 373 3343 mus:
406 3288 499 3342 sed
542 3287 777 3341 nondum
825 3287 896 3340 ita
942 3285 1199 3341 videmus.
1247 3285 1468 3353 Propter
1512 3282 1653 3352 quod
1705 3281 1780 3334 ait

214 3378 504 3449 Apostolus
525 3419 540 3443 ,
573 3378 711 3446 quod
742 3376 896 3445 paulo
920 3388 1043 3430 ante
1082 3376 1192 3429 dixi
1214 3417 1229 3441 ,
1269 3374 1501 3427 Videmus
1533 3386 1666 3425 nunc
1693 3387 1781 3440 per

210 3469 470 3538 speculum
515 3468 567 3521 in
612 3468 908 3537 wnigmate,
939 3477 1057 3519 tunc
1097 3475 1261 3518 autem
1304 3466 1432 3533 [acie
1472 3464 1540 3516 ad
1576 3463 1776 3533 faciem.

212 3560 498 3615 Praemium
538 3560 715 3629 itaque
760 3558 881 3612 ﬁdei
926 3557 1079 3611 nobis
1104 3542 1379 3610 visio'ista
1424 3562 1683 3618 servatur,
1715 3553 1782 3607 de

210 3668 317 3723 qua
344 3660 398 3706 et
425 3651 655 3706 Joannes
697 3649 966 3720 apostolus
1004 3648 1258 3717 loquens,
1287 3646 1412 3700 Cum
1442 3644 1772 3714 apparuerit,

211 3742 405 3812 inquit,
435 3742 620 3796 similes
644 3741 689 3795 ei
715 3741 916 3803 erimus,
944 3739 1181 3809 quoniam
1200 3736 1473 3789 videbimus
1502 3749 1613 3789 eum
1637 3732 1783 3787 sicuti

213 3843 288 3889 est
315 3833 357 3905 (l
376 3831 533 3886 Joan.
556 3848 634 3896 ιιι,
660 3831 740 3902 2).
768 3830 953 3885 Facies
980 3838 1153 3883 autem
1178 3827 1272 3882 Dei
1294 3824 1647 3881 manifestatio
1668 3824 1783 3892 ejus

215 3921 559 3991 intelligenda
597 3931 712 3987 est,
745 3936 851 3975 non
879 3918 1091 3990 aliquod
1130 3918 1233 3973 tale
1277 3916 1605 3982 membrum,
1631 3912 1786 3984 quale

216 4027 319 4068 nos
345 4012 601 4068 habemus
628 4012 680 4067 in
711 4025 934 4081 corpore
955 4052 971 4079 ,
999 4019 1158 4080 atque
1186 4009 1289 4063 isto
1324 4006 1540 4062 nomine
1578 4020 1785 4060 nuncu-

216 4119 405 4175 pamus
436 4101 534 4175 (a).

290 4194 345 4249 Ξ.
372 4195 703 4265 Quapmpter
739 4208 858 4248 cum
905 4208 969 4248 ex
1016 4206 1101 4249 me
1136 4193 1410 4262 quairitur,
1451 4189 1574 4260 quid
1619 4187 1787 4244 acturi

219 4287 328 4339 sint
355 4284 525 4340 sancti
572 4286 623 4339 in
670 4284 762 4338 illo
806 4298 1030 4352 corpore
1056 4282 1337 4352 spirituali,
1368 4296 1473 4335 non
1502 4280 1623 4333 dico
1646 4277 1789 4348 quod

219 4378 329 4447 jam
354 4376 529 4442 video,
553 4375 788 4430 sed'dico
811 4374 949 4446 quod
972 4374 1168 4429 credo:
1195 4373 1482 4427 secundum
1510 4370 1633 4425 illud
1650 4368 1792 4439 quod

223 4470 278 4523 in
322 4469 532 4523 Psalmo
575 4469 725 4538 lego,
768 4467 1002 4530 Credidi,
1033 4476 1236 4537 propter
1274 4465 1406 4535 quod
1443 4465 1637 4517 locutus
1681 4477 1793 4515 sum

225 4558 394 4630 (Psal.
418 4574 542 4623 cxv,
567 4558 675 4629 10).
700 4558 827 4612 Dico
844 4557 1038 4627 itaque,
1069 4556 1242 4609 Visuri
1269 4563 1391 4608 sunt
1412 4553 1577 4608 Deum
1600 4552 1651 4605 in
1675 4552 1791 4620 ipso

229 4663 455 4717 corpore
481 4665 495 4700 :
524 4648 619 4701 sed
639 4657 814 4702 utrum
840 4661 933 4715 per
954 4647 1147 4715 ipsum,
1175 4645 1310 4699 sicut
1332 4659 1426 4713 per
1444 4656 1637 4710 corpus
1657 4654 1796 4695 nunc

231 4740 473 4796 videmus
502 4738 692 4805 solem,
723 4738 926 4800 lunam,
955 4737 1168 4802 stellas,
1196 4750 1376 4799 mare,
1401 4749 1462 4787 ac
1488 4742 1715 4795 terram,
1743 4739 1798 4786 et

229 4848 345 4903 qua:
372 4838 497 4886 sunt
525 4830 577 4884 in
603 4844 663 4884 ea
685 4868 701 4895 ,
742 4842 846 4882 non
875 4841 1033 4896 parva
1064 4826 1287 4896 quaestio
1332 4833 1434 4879 est.
1474 4825 1672 4878 Durum
1716 4830 1796 4876 cst

232 4924 371 4980 enim
402 4922 578 4976 dicere
599 4919 738 4989 quod
768 4918 937 4973 sancti
965 4917 1087 4971 talia
1108 4929 1331 4984 corpora
1358 4923 1485 4969 tunc
1506 4914 1796 4979 habebunt,

233 5025 289 5069 ut
330 5028 436 5067 non
482 5013 689 5082 possint
727 5010 910 5064 oculos
938 5006 1185 5062 claudere
1223 5014 1383 5075 atque
1423 5005 1628 5074 aperire
1676 5019 1797 5056 cum

229 5105 430 5158 volent.
461 5102 651 5156 Durius
676 5110 872 5160 autem,
901 5098 1041 5169 quod
1071 5096 1143 5151 ibi
1170 5097 1366 5161 Deum,
1394 5096 1631 5165 quisquis
1655 5109 1792 5149 ocu-

232 5197 317 5252 los
343 5195 630 5259 clauserit,
660 5208 766 5247 non
798 5191 1013 5245 videbit.
1042 5189 1099 5246 Si
1128 5189 1267 5245 enim
1300 5189 1555 5259 propheta
1577 5184 1801 5242 Elisaaus

234 5300 460 5360 puerum
488 5300 639 5338 suum
667 5282 814 5339 Giczi
834 5282 1026 5336 absens
1055 5295 1281 5349 corpore
1304 5273 1434 5334 vidit
1456 5277 1801 5346 accipientem

234 5390 476 5441 munera,
502 5389 619 5444 quae
642 5373 789 5427 dedit
815 5373 863 5427 ei
891 5370 1125 5426 Naaman
1148 5372 1333 5443 Syrus,
1360 5384 1515 5437 quem
1545 5366 1803 5438 propheta

235 5472 558 5523 memoratus
597 5477 626 5515 a
654 5462 817 5531 lepra:
856 5461 1191 5517 deformitate
1235 5459 1616 5523 mundaverat,
1662 5454 1803 5525 quod

239 5572 426 5613 servus
463 5568 689 5624 nequam
715 5551 930 5606 domino
956 5567 1053 5607 suo
1086 5565 1190 5605 non
1219 5550 1452 5612 vidente,
1494 5548 1719 5601 latenter
1745 5558 1805 5600 se

242 5647 430 5702 fecisse
458 5652 729 5715 putaverat
754 5641 853 5714 (IV
878 5641 1007 5713 Reg.
1038 5658 1091 5709 v,
1120 5640 1308 5711 8-27);
1335 5646 1529 5711 quanto
1555 5636 1721 5707 magis
1750 5635 1802 5690 in

305 5781 322 5811 ί
357 5778 459 5829 Sola
483 5782 631 5829 editio
650 5786 785 5834 ιον..
810 5776 1017 5829 modulo.

303 5840 378 5903 (α)
410 5840 537 5892 cont.
562 5844 704 5906 Epist.
734 5840 837 5891 H7.

1265 446 1469 502 LIBER
1505 444 1867 504 VICESIMUS
1902 444 2273 512 SECUNDUS.

3281 422 3387 480 708

1837 560 1929 615 illo
1953 574 2175 629 corpore
2200 554 2454 628 spirituali
2479 552 2729 607 videbunt
2754 547 2920 603 sancti
2945 544 3140 608 omnia,
3171 556 3275 596 non
3301 555 3390 595 so-

1836 652 1945 706 lum
1970 651 2015 705 si
2040 648 2220 703 oculos
2250 644 2533 709 claudant,
2557 655 2742 696 verum
2774 638 2929 692 etiam
2960 635 3096 689 unde
3125 639 3250 685 sunt
3274 644 3397 683 cor-

1836 758 1966 813 pore
2006 738 2291 796 absentes?
2329 737 2476 790 Tunc
2513 736 2653 788 enim
2692 731 2793 785 erit
2829 728 3117 799 perfectum
3147 722 3295 787 illud,
3326 720 3395 774 de

1836 850 1942 906 quo
1972 834 2191 902 loquens
2211 829 2525 900 Apostolus,
2556 825 2640 879 Ea:
2670 835 2842 893 parte,
2868 819 3070 889 inquit,
3102 818 3284 870 scimus
3305 854 3318 877 ,
3350 819 3397 865 et
3456 820 3463 827 '

1841 905 1902 979 ea:
1923 932 2061 995 parte
2087 923 2474 992 praphetamus;
2510 933 2622 969 cum
2649 923 2813 967 autem
2847 910 3031 965 venerit
3071 905 3204 976 quod
3234 906 3398 972 perfe-

1840 994 1976 1070 ctum
2011 1022 2119 1079 est,
2150 1011 2284 1083 quod
2320 1026 2380 1065 ea:
2417 1017 2558 1079 parte
2593 1014 2664 1059 est
2701 1001 3036 1058 evacuabitur.
3079 994 3277 1050 Deinde
3323 1001 3396 1057 ut,
3445 1043 3454 1051 ,

1842 1103 2111 1175 quomodo
2168 1109 2385 1171 posset,
2444 1098 2617 1167 aliqua
2664 1092 3007 1151 similitudine
3056 1083 3399 1147 ostenderet,

1844 1203 2096 1266 quantum
2124 1192 2190 1246 ab
2218 1191 2303 1245 illa
2332 1206 2449 1260 qua:
2474 1187 2644 1241 futura
2671 1193 2755 1240 est
2779 1182 2936 1236 distet
2974 1178 3087 1231 haec
3120 1176 3225 1229 vita
3246 1213 3261 1239 ,
3285 1184 3405 1266 non

1846 1283 2303 1354 qualiumcumque
2322 1278 2615 1341 hominum,
2640 1288 2825 1328 verum
2847 1268 3003 1326 etiam
3031 1266 3117 1335 qui
3144 1260 3406 1331 praecipua

1848 1377 1935 1430 hic
1959 1374 2234 1429 sanctitate
2257 1378 2381 1425 sunt
2411 1367 2614 1439 praediti
2641 1384 2654 1420 :
2682 1364 2807 1418 Cum
2832 1376 2986 1414 essem
3004 1400 3019 1424 ,
3050 1355 3247 1424 inquit,
3283 1365 3406 1419 par-

1848 1466 1992 1521 vulus
2016 1505 2031 1532 ,
2060 1464 2200 1534 quasi
2228 1460 2462 1531 parvulus
2489 1456 2741 1526 sapiebam
2760 1494 2775 1518 ,
2802 1450 2945 1522 quasi
2976 1446 3208 1517 parvulus
3237 1442 3409 1510 loque-

1850 1556 1960 1621 bar,
1987 1555 2129 1625 quasi
2166 1551 2405 1623 parvulus
2435 1545 2748 1618 cogitabam;
2780 1556 2891 1594 cum
2913 1546 3076 1591 autem
3111 1537 3273 1605 factus
3300 1543 3408 1581 sum

1851 1649 1947 1714 vir,
1977 1645 2209 1699 euacuavi
2236 1659 2294 1696 ea
2319 1656 2430 1711 qua:
2458 1633 2654 1708 parvuli
2680 1640 2844 1687 erant.
2884 1627 3122 1683 Videmus
3158 1638 3289 1676 nunc
3326 1635 3415 1689 per

1853 1711 2110 1809 speculum
2130 1736 2181 1788 in
2200 1734 2480 1803 aenigmate,
2504 1739 2619 1782 tunc
2638 1734 2802 1779 autem
2819 1721 2946 1792 facie
2966 1717 3031 1770 ad
3048 1716 3242 1786 faciem.
3265 1711 3417 1765 Nunc

1857 1831 1960 1884 scio
1987 1844 2050 1882 ex
2080 1835 2248 1896 parte,
2286 1834 2400 1877 tunc
2429 1828 2595 1873 autem
2621 1828 2916 1887 cognoscam
2952 1810 3080 1864 sicut
3113 1815 3159 1859 et
3192 1803 3418 1874 cognitus

1856 1936 1966 1975 sum
1986 1917 2048 1991 (ι
2075 1892 2192 1971 Cor.
2216 1929 2331 1977 xm,
2363 1912 2447 1976 ll,
2472 1908 2539 1963 12
2556 1907 2596 1981 )-
2627 1906 2681 1963 Si
2707 1919 2833 1975 ergo
2859 1904 2909 1956 in
2935 1900 3034 1954 hac
3056 1898 3185 1991 Vi”)
3206 1894 3297 1949 ubi

1859 1979 2060 2065 minum
2090 2003 2412 2060 mirabilium
2445 1979 2719 2071 prophetia
2754 1995 2825 2049 ita
2851 1985 3211 2061 comparanda
3239 1991 3320 2038 est
3346 1979 3421 2035 illi

1860 2101 1982 2154 vitae
2009 2097 2158 2169 quasi
2196 2093 2399 2166 parvuli
2425 2091 2490 2145 ad
2528 2090 2777 2159 juvenem
2802 2126 2817 2151 ,
2839 2082 2971 2137 vidit
3000 2089 3175 2134 tamen
3200 2075 3424 2130 Elisaaus

1861 2192 2205 2261 accipientem
2227 2198 2445 2241 munera
2466 2194 2676 2237 servum
2704 2190 2877 2241 suum,
2903 2171 2991 2226 ubi
3017 2172 3131 2239 ipse
3154 2180 3259 2222 non
3275 2170 3425 2227 erat;

1864 2256 2007 2336 itane
2033 2293 2153 2335 cum
2182 2274 2387 2331 venerit
2409 2271 2549 2342 quod
2580 2267 2873 2339 perfectum
2904 2270 2984 2316 est
3003 2301 3018 2325 ,
3048 2272 3145 2313 nec
3170 2256 3278 2325 jam
3301 2266 3427 2342 cor-

1864 2387 1964 2444 pus
1990 2366 2331 2440 corruptibile
2359 2341 2659 2435 agémvabit
2688 2358 2915 2413 animam
2936 2393 2950 2417 ,
2983 2349 3076 2406 sed
3098 2341 3433 2444 incorrupti-

1866 2435 1973 2518 bile
1999 2462 2131 2517 nihil
2149 2435 2428 2528 impediet,
2452 2454 2524 2509 illi
2550 2450 2718 2507 sancti
2744 2447 2810 2502 ad
2838 2462 2898 2501 ea
2926 2457 3042 2514 quae
3062 2435 3287 2494 videnda
3307 2440 3433 2488 sunt

1869 2556 2034 2612 oculis
2060 2551 2368 2622 corporeis,
2405 2546 2597 2619 quibus
2633 2543 2855 2599 Eliszeus
2883 2539 3075 2593 absens
3113 2530 3180 2588 ad
3220 2539 3432 2584 servum

1870 2662 2022 2703 suum
2053 2642 2333 2699 videndum
2376 2655 2480 2694 non
2524 2635 2781 2706 indiguit,
2810 2624 3155 2699 indigebunt?
3178 2622 3310 2676 Nam
3349 2632 3435 2672 se-

1871 2741 2098 2796 cundum
2128 2738 2445 2805 interpretes
2473 2729 2812 2801 Septuaginta
2832 2765 2846 2786 ,
2876 2724 2975 2777 ista
3018 2725 3142 2773 sunt
3178 2714 3244 2768 ad
3289 2708 3436 2805 Gieci

1872 2830 2033 2887 verba
2060 2799 2339 2898 Propheta:
2362 2842 2376 2878 :
2408 2799 2587 2878 Nonne
2617 2835 2705 2875 cor
2731 2830 2894 2869 meum
2922 2812 2977 2865 iit
3002 2818 3162 2863 tecum
3187 2846 3202 2871 ,
3235 2799 3437 2875 quando

1873 2939 2135 2979 conversus
2154 2930 2227 2975 est
2249 2922 2265 2951 ¹
2294 2919 2369 2973 vir
2396 2918 2459 2969 de
2485 2929 2637 2968 curru
2665 2926 2755 2963 suo
2779 2910 2829 2960 in
2855 2904 3048 2959 obviam
3078 2898 3162 2952 tibi
3182 2938 3197 2961 ,
3225 2905 3269 2950 et
3298 2908 3440 2946 acce-

1876 3014 1990 3085 pisti
2020 3012 2281 3083 pecuniam
2305 3009 2323 3080 (
2350 3007 2415 3063 IV
2444 3005 2569 3076 Reg.
2601 3019 2654 3066 v,
2684 2999 2824 3070 26)?
2848 3005 2902 3052 et
2934 3001 3144 3050 caetera.
3172 2987 3321 3085 Sicut
3349 2997 3439 3035 au—

1878 3078 1983 3160 tem
2013 3078 2077 3159 ex
2104 3078 2327 3156 Hebraeo
2349 3100 2728 3166 interpretatus
2752 3098 2833 3145 est
2858 3085 3141 3158 presbyter
3180 3078 3440 3166 llieronv-

1878 3207 2018 3254 mus,
2049 3190 2231 3244 Nonne
2248 3206 2334 3243 cor
2355 3202 2540 3251 meum,
2563 3183 2751 3253 inquit,
2774 3180 2826 3232 in
2848 3173 3076 3247 praesenti
3097 3178 3220 3232 erat,
3243 3164 3442 3254 quando

1879 3301 2101 3340 reversus
2125 3292 2195 3336 est
2222 3284 2368 3335 homo
2395 3279 2455 3332 de
2484 3291 2639 3330 curru
2663 3289 2753 3326 suo
2781 3272 2833 3323 in
2858 3278 3119 3321 occursum
3141 3260 3210 3312 tui
3229 3253 3444 3311 ?Corde

1882 3390 1980 3430 suo
2008 3389 2067 3429 se
2095 3354 2227 3427 dixit
2249 3371 2349 3423 hoc
2380 3367 2577 3421 vidisse
2604 3361 2887 3429 PrOpheta,
2915 3355 3092 3424 adjuto
3113 3348 3323 3420 quidem
3355 3342 3447 3397 mi-

1883 3468 2140 3531 rabiliter,
2163 3464 2308 3518 nullo
2336 3461 2609 3516 dubitante
2626 3499 2642 3524 ,
2671 3452 2941 3510 divinitus.
2964 3445 3071 3503 Sed
3096 3450 3292 3515 quanto
3310 3451 3446 3531 _am-

1884 3559 2021 3628 plius
2044 3566 2171 3609 tunc
2190 3568 2377 3607 omnes
2398 3563 2617 3605 munere
2645 3548 2747 3599 isto
2775 3538 3135 3602 abundabunt,
3161 3548 3282 3588 cum
3309 3529 3451 3583 Deus

1883 3624 1987 3703 erit
2016 3646 2191 3699 omnia
2217 3645 2269 3697 in
2297 3642 2541 3697 omnibus
2568 3637 2612 3709 (1
2634 3637 2752 3690 Cor.
2782 3648 2875 3697 xv,
2896 3630 3028 3699 28)?
3060 3624 3337 3680 Habebunt
3374 3627 3453 3671 ta-

1887 3753 2010 3793 men
2035 3737 2195 3790 etiam
2226 3733 2304 3787 illi
2342 3731 2484 3785 oculi
2523 3725 2766 3796 corporei
2807 3721 3043 3777 ofﬁcium
3087 3728 3272 3778 suum,
3314 3708 3451 3764 etin

1886 3828 2003 3882 loco
2032 3841 2128 3880 suo
2154 3832 2341 3887 erunt,
2368 3828 2649 3887 uteturque
2678 3815 2780 3869 illis
2805 3809 3019 3881 spiritus
3058 3820 3153 3877 per
3179 3798 3453 3872 spirituale

1887 3931 2100 3987 corpus.
2122 3914 2304 3985 Neque
2327 3911 2469 3968 enim
2488 3918 2541 3964 et
2568 3908 2657 3962 ille
2682 3902 2967 3975 Propheta,
2987 3897 3110 3970 quia
3138 3908 3244 3948 non
3272 3891 3350 3987 eis
3373 3889 3457 3987 in-

1889 3978 2055 4081 diguit
2077 4016 2137 4063 ut
2158 3978 2362 4061 videret
2389 4003 2662 4057 absentem
2683 4040 2698 4064 ,
2741 4010 2847 4051 non
2875 3993 2953 4047 eis
2988 4002 3116 4044 usus
3150 3992 3232 4041 est
3268 3981 3333 4036 ad
3376 3978 3457 4033 vi-

1891 4079 2062 4158 denda
2093 4098 2405 4170 praesentia;
2432 4108 2552 4165 qua:
2580 4101 2754 4147 tamen
2801 4085 2985 4156 spiritu
3015 4079 3194 4135 videre
3239 4079 3453 4146 posset,

1890 4166 2109 4249 etiamsi
2128 4191 2248 4245 illos
2270 4187 2568 4250 clauderet,
2598 4183 2732 4238 sicut
2756 4179 2887 4234 vidit
2911 4172 3149 4229 absentia
3173 4210 3189 4236 ,
3220 4166 3307 4221 ubi
3335 4178 3455 4219 cum

1892 4286 1971 4340 eis
2000 4283 2113 4353 ipse
2134 4295 2241 4335 non
2267 4287 2401 4334 erat.
2425 4276 2578 4331 Absit
2603 4288 2751 4343 ergo,
2774 4278 2832 4324 ut
2851 4269 3088 4322 dicamus
3110 4262 3227 4317 illos
3248 4265 3459 4313 sanctos

1894 4377 1946 4430 in
1989 4374 2076 4428 illa
2112 4373 2219 4425 vita
2263 4370 2427 4424 Deum
2459 4365 2655 4421 clausis
2683 4360 2853 4417 oculis
2892 4372 2997 4412 non
3032 4354 3275 4416 visuros,
3303 4360 3458 4419 quem

1897 4465 2085 4536 spiritu
2116 4476 2326 4530 semper
2352 4457 2627 4513 videbunt.

1966 4557 2021 4611 5.
2063 4554 2167 4609 Sed
2217 4528 2394 4606 utrum
2442 4547 2702 4603 videbunt
2730 4550 2785 4597 et
2830 4555 2926 4609 per
2972 4535 3153 4591 oculos
3189 4528 3462 4600 corporis,

1898 4662 2015 4702 cum
2039 4660 2133 4699 eos
2160 4651 2372 4712 apertos
2385 4638 2651 4693 habebunt
2669 4675 2685 4700 ,
2714 4632 2836 4687 inde
2861 4626 3081 4698 quaestio
3119 4632 3221 4679 est.
3240 4620 3295 4675 Si
3320 4618 3462 4673 enim

1899 4745 2101 4792 tantum
2131 4710 2378 4803 poterunt
2408 4731 2459 4784 in
2489 4740 2714 4795 corpore
2734 4718 2991 4792 spirituali
3011 4730 3078 4771 eo
3104 4712 3262 4768 modo
3283 4710 3464 4778 utique

1900 4827 2060 4883 etiam
2091 4799 2190 4895 ipsi
2241 4821 2377 4878 oculi
2422 4815 2758 4887 spirituales,
2810 4817 3064 4881 quantum
3111 4811 3331 4875 possunt
3378 4799 3466 4855 isti

1900 4919 2085 4990 quales
2108 4892 2254 4970 nunc
2296 4913 2583 4975 habemus;
2614 4904 2801 4977 procul
2843 4901 3002 4957 dubio
3045 4913 3140 4969 per
3175 4908 3269 4951 eos
3326 4892 3463 4946 Deus

1902 5011 2069 5066 videri
2095 5025 2199 5064 non
2227 5006 2438 5076 poterit.
2466 5002 2647 5070 Longe
2670 4999 2846 5067 itaque
2866 4993 3082 5049 alterius
3100 4996 3254 5045 erunt
3274 4995 3467 5056 poten-

1905 5104 1989 5159 tiae
2010 5143 2027 5171 ,
2057 5102 2101 5156 si
2127 5114 2222 5169 per
2246 5112 2339 5154 eos
2356 5094 2621 5150 videbitur
2646 5091 2957 5156 incorporea
2985 5082 3072 5137 illa
3100 5090 3280 5134 natura
3300 5116 3316 5141 ,
3344 5089 3466 5144 qua:

1904 5164 2023 5249 non
2056 5164 2354 5247 continetur
2378 5188 2495 5242 loco
2517 5226 2533 5253 ,
2573 5182 2667 5239 sed
2696 5180 2887 5248 ubique
2912 5182 3018 5229 tota
3062 5180 3162 5226 est.
3190 5168 3301 5223 Non
3323 5164 3466 5220 enim

1904 5288 2025 5357 quia
2045 5286 2269 5340 dicimus
2296 5282 2457 5335 Deum
2483 5286 2538 5332 et
2565 5275 2619 5329 in
2646 5272 2781 5328 caelo
2806 5283 2958 5329 esse,
2988 5273 3043 5319 et
3071 5264 3123 5317 in
3151 5270 3289 5315 terra
3319 5256 3470 5327 (ipse

1909 5350 2101 5451 quippe
2125 5378 2197 5433 ait
2227 5392 2320 5445 per
2345 5370 2686 5440 Prophetam,
2710 5363 2897 5419 leum
2910 5368 2956 5413 et
2976 5368 3158 5411 terram
3177 5368 3265 5423 ego
3282 5350 3466 5451 impleo

1908 5439 2118 5543 [deiem
2137 5439 2282 5531 χχιιι,
2309 5462 2618 5536 24]),aliam
2640 5465 2840 5527 partem
2870 5448 3059 5505 dicturi
3078 5457 3260 5501 sumus
3278 5456 3397 5496 eum
3416 5439 3471 5494 in

1907 5534 2046 5620 caelo
2072 5562 2265 5615 habere
2284 5600 2299 5623 ,
2322 5534 2445 5612 etin
2471 5563 2608 5607 terra
2634 5550 2823 5604 aliam:
2850 5544 2943 5599 sed
2968 5550 3107 5596 totus
3130 5539 3182 5593 in
3206 5534 3341 5592 caelo
3370 5541 3471 5600 est,

1973 5700 1990 5730 ί
2025 5696 2097 5745 sic
2116 5702 2223 5743 Mss.
2249 5698 2304 5741 At
2324 5688 2458 5738 vind.
2484 5695 2582 5734 Am.
2606 5690 2700 5741 Er.,
2726 5688 2884 5731 Nonne
2905 5684 3157 5727 cormewn
3182 5676 3337 5745 “30"”!
3350 5667 3474 5745 ἔξῗὲ

1910 5736 2101 5821 quando
2118 5736 2486 5821 Eﬁiéeﬁsz,
2513 5754 2606 5796 ctc.
2644 5736 2775 5821 Iov,
2806 5748 2966 5821 ﬁonne
3002 5749 3084 5787 cor
3124 5745 3279 5784 meum
3322 5736 3476 5778 tecum

1914 5808 2035 5881 erat,
2057 5824 2100 5869 ct
2121 5815 2227 5868 novi
2249 5812 2374 5877 quod
2391 5819 2639 5863 conversus
2660 5809 2748 5865 est,
2774 5808 2866 5852 etc.
