3996 6584
637 412 740 470 709

638 536 782 582 totus
811 527 861 580 in
891 533 1064 586 terra;
1092 538 1194 579 non
1218 522 1435 578 alternis
1479 519 1804 590 temporibus
1824 560 1838 581 ,
1867 521 1960 573 sed
2003 531 2235 572 utrum-.

639 632 742 686 que
769 616 924 671 simul
945 657 958 678 ,
987 615 1127 685 quod
1165 614 1308 667 nulla
1341 620 1524 667 natura
1555 611 1844 682 corporalis
1897 618 2087 679 potest.
2118 607 2209 663 Vis

639 707 815 775 itaque
843 704 1234 774 prmpollentior
1260 704 1531 757 oculorum
1579 703 1680 755 erit
1731 702 1937 775 illorum
1961 741 1977 765 ,
2001 714 2106 754 non
2155 707 2211 754 ut

638 799 814 852 acrius
843 798 1055 850 videant
1074 837 1088 860 ,
1107 797 1271 866 quam
1294 796 1506 866 quidam
1539 793 1879 865 perhibentur
1895 794 2073 848 videre
2098 807 2211 848 ser-

641 899 824 956 pentes
852 889 934 941 vel
962 888 1154 958 aquila:
1179 886 1542 958 (quantalibet
1569 888 1709 941 enim
1757 884 2045 939 acrimonia
2090 899 2208 938 cer-

642 977 798 1031 nendi
854 978 1049 1033 eadem
1095 993 1306 1048 quoque
1358 978 1604 1031 animalia
1647 977 1777 1032 nihil
1809 976 1948 1030 aliud
1993 983 2212 1045 possunt

639 1066 822 1126 videre
850 1087 1008 1139 quam
1035 1071 1324 1142 corpora):
1354 1072 1447 1126 sed
1477 1081 1532 1126 ιιι
1557 1071 1768 1136 videant
1807 1080 1861 1125 et
1887 1070 2212 1138 .incorpora-

640 1161 730 1215 lia.
763 1163 829 1216 Et
851 1161 1076 1218 fortasse
1104 1165 1203 1217 ista
1233 1164 1401 1218 virtus
1421 1160 1606 1232 magna
1628 1160 1878 1216 cernendi
1905 1161 2023 1215 data
2055 1160 2213 1215 fuerit

640 1251 707 1304 ad
739 1251 1184 1307 horametiam'in
1217 1253 1319 1308 isto
1343 1250 1551 1307 mortali
1581 1267 1802 1322 corpore
1828 1253 1997 1307 oculis
2043 1251 2212 1305 sancti

640 1344 739 1405 viri
766 1337 899 1411 Job,‘
920 1345 1132 1414 quando
1152 1345 1227 1400 ait
1252 1345 1318 1400 ad
1350 1346 1513 1400 Deum
1536 1387 1551 1412 ,
1583 1345 1650 1398 In
1678 1344 1915 1397 obauditu
1941 1345 2078 1396 auris
2117 1360 2212 1396 an-

642 1435 836 1488 diebam
868 1439 882 1468 ¹
912 1446 960 1490 te
985 1432 1156 1507 prius,
1191 1454 1321 1490 nunc
1365 1447 1530 1490 autem
1571 1435 1745 1489 oculus
1773 1451 1908 1488 meus
1947 1435 2075 1486 videt
2125 1443 2214 1498 te;

643 1518 1112 1595 proptera-despexi
1155 1526 1528 1595 memetipsum,
1560 1536 1607 1578 et
1655 1525 1897 1588 distabui,
1949 1533 1994 1577 et
2045 1523 2214 1576 existi-

641 1601 876 1669 mavime
903 1628 1090 1672 terram
1107 1632 1154 1675 et
1169 1620 1380 1674 cinerem
1411 1618 1530 1690 (Job
1558 1634 1683 1680 xui,
1709 1619 1742 1672 5
1764 1629 1808 1671 et
1824 1619 1876 1683 6,
1895 1633 1994 1671 sec.
2015 1615 2209 1686 LXX).

641 1705 891 1771 Quamvis
915 1707 998 1761 hic
1021 1708 1151 1761 nihil
1197 1709 1469 1778 prohibeat
1489 1711 1698 1766 oculum
1716 1719 1723 1727 ‘
1740 1703 1916 1765 cordis
1963 1710 2211 1780 intelligi,

640 1798 708 1868 de
737 1798 928 1867 quibus
983 1793 1152 1854 oculis
1206 1801 1278 1854 ait
1309 1795 1623 1872 ApOstolus:
1673 1794 1995 1856 Illuminatos
2045 1800 2215 1854 oculos

642 1887 823 1942 habere
849 1879 1014 1942 cordis
1050 1891 1195 1944 vestri
1224 1891 1439 1961 (Ephes.
1468 1909 1502 1956 ι,
1534 1894 1645 1960 18).
1689 1894 1816 1962 Ipsis
1845 1905 2018 1948 autem
2047 1892 2214 1946 videri

645 1970 831 2038 Deum.
857 1993 976 2032 cum
1006 1981 1286 2047 videbitur,
1320 1983 1647 2037 Christianus
1673 1984 1889 2055 ambigit
1915 2000 2070 2039 nemo
2089 2025 2103 2050 ,
2127 1984 2213 2052 qui

641 2066 872 2126 fideliter
898 2071 1121 2140 accipit,
1151 2073 1288 2141 quod
1317 2075 1384 2128 ait
1439 2075 1578 2128 Deus
1624 2077 1712 2129 ille
1759 2078 2040 2144 magister:
2073 2075 2216 2128 Beati

640 2158 818 2220 mundi
847 2161 1029 2227 corde,
1052 2164 1289 2232 quoniam
1327 2165 1427 2232 ipsi
1464 2165 1625 2230 Deum
1662 2167 1890 2242 videbunt
1917 2166 2130 2240 (Matth.
2162 2182 2210 2232 γ,

641 2248 720 2318 8).
753 2247 857 2305 Sed
891 2263 1064 2306 utrum
1093 2248 1254 2310 etiam
1277 2248 1641 2327 corporalibus
1663 2243 1832 2315 oculis
1859 2250 1938 2315 ibi
1951 2245 2212 2332 videatur,

642 2339 743 2394 hoc
769 2341 820 2393 in
849 2341 947 2396 ista
975 2346 1270 2412 quaestione
1291 2363 1580 2404 versamus.

708 2431 764 2486 4.
808 2433 937 2488 lllud
968 2437 1110 2490 enim
1130 2439 1270 2506 quod
1299 2442 1553 2509 scriptum
1575 2450 1682 2507 est,
1717 2439 1785 2495 Et
1826 2442 2007 2496 videbit
2053 2445 2215 2498 omnis

637 2537 756 2576 caro
785 2527 1007 2580 salutare
1033 2528 1130 2582 Dei
1153 2521 1388 2597 (Lua—ui
1443 2532 1519 2603 6),
1550 2533 1666 2588 sine
1687 2534 1842 2588 ullius
1884 2536 2024 2591 nodo
2073 2537 2210 2591 difli-

636 2614 858 2691 cultatis
885 2616 962 2671 sic
1006 2618 1226 2691 intelligi
1279 2616 1489 2692 petest,
1517 2639 1579 2678 ac
1606 2625 1648 2678 si
1681 2609 1877 2680 dictum
1926 2627 2117 2691 fuerit,
2153 2630 2215 2683 Et

636 2701 834 2758 videbit
855 2708 1027 2762 omnis
1057 2708 1218 2764 homo
1243 2712 1510 2768 Christum
1540 2715 1662 2768 Dei:
1694 2717 1783 2786 qui
1817 2716 1993 2787 utique
2014 2719 2063 2770 in
2097 2734 2215 2773 cor-

639 2809 770 2862 pore
797 2795 939 2852 visus
967 2810 1077 2864 est,
1100 2809 1154 2854 et
1180 2803 1231 2856 in
1263 2819 1486 2873 corpore
1515 2805 1796 2873 videbitur,
1829 2808 2039 2877 quando
2070 2793 2232 2864 vivos

639 2895 694 2938 et
718 2889 959 2944 mortuos
980 2885 1259 2960 judicabit.
1292 2895 1442 2964 Quod
1485 2907 1664 2952 autem
1706 2898 1820 2968 ipse
1863 2900 1932 2954 sit
1983 2901 2214 2957 salutare

637 2977 765 3045 Dei,
791 2981 954 3036 multa
982 2994 1105 3040 sunt
1134 2995 1186 3041 et
1205 2983 1306 3042 alia
1340 2990 1638 3045 testimonia
1669 2987 2062 3064 scripturarum
2082 3011 2095 3046 :
2119 2993 2212 3047 sed

639 3071 938 3130 evidentius
967 3081 1253 3134 venerandi
1282 3077 1427 3146 illius,
1450 3083 1593 3137 senis
1626 3077 1889 3139 Sinteo‘nis
1918 3085 2077 3139 verba
2119 3086 2214 3140 de-

634 3161 860 3230 clarant,
883 3167 970 3234 qui
1000 3183 1119 3222 eum
1150 3169 1401 3225 infantem
1432 3159 1699 3228 Christum
1722 3176 2010 3245 accepisset
2027 3176 2078 3230 in
2096 3169 2212 3254 ma.-

635 3268 735 3324 nus
754 3250 897 3322 suas,
920 3253 1095 3327 Nunc,
1115 3251 1312 3331 inquit,
1344 3258 1552 3317 dimittis'
1579 3281 1774 3319 servum
1798 3276 1956 3327 tuum,
1976 3250 2208 3335 Domine,

635 3347 910 3400 secundum
951 3351 1152 3403 verbum
1192 3343 1354 3417 tuum,
1381 3356 1432 3407 in
1472 3371 1634 3424 pace;
1676 3345 1916 3425 quoniam
1958 3359 2212 3412 'viderunt

638 3436 774 3489 oculi
797 3440 894 3492 mei
912 3439 1133 3496 salutare
1155 3431 1318 3497 tuum.
1347 3444 1457 3518 (Id.
1488 3463 1546 3514 ll,
1571 3447 1640 3501 29
1660 3489 1674 3513 ,
1701 3447 1815 3519 50).
1862 3439 1996 3504 illud
2050 3452 2208 3504 etiam

637 3528 779 3595 quod
809 3530 883 3584 ait
903 3546 1064 3601 supra
1087 3523 1411 3592 memoratus
1430 3535 1533 3592 Job
1553 3580 1568 3603 ,
1599 3539 1736 3594 sicut
1787 3539 1839 3594 in
1895 3533 2210 3611 exemplari-

634 3621 733 3676 bus
753 3641 872 3692 quze
899 3642 960 3681 ex
989 3627 1214 3685 Hebraeo
1264 3642 1386 3687 sunt
1408 3619 1692 3701 invenitur,
1725 3637 1790 3691 Et
1840 3639 1894 3692 in
1921 3656 2073 3694 carne
2099 3635 2210 3695 mea

631 3714 805 3767 videbo
835 3715 995 3770 Deum
1027 3718 1158 3788 (Job
1190 3712 1299 3804 ιὲιις,
1327 3723 1414 3788 26,
1443 3742 1543 3778 sec.
1577 3713 1885 3804 Vulgatam)
1918 3747 1931 3781 :
1972 3707 2208 3796 resurrei-

629 3804 860 3861 ctionem
893 3808 1104 3878 quidem
1128 3813 1306 3866 carnis
1357 3817 1472 3870 sine
1518 3815 1682 3872 dubio
1734 3809 2202 3894 prophetavit(a);

631 3909 737 3948 non
764 3906 937 3953 tamen
966 3901 1133 3966 dixit,
1159 3902 1260 3958 Per
1277 3920 1492 3960 carnem
1514 3923 1708 3962 meam.
1741 3910 1893 3976 Quod
1915 3911 2129 3982 quidem
2160 3916 2204 3970 si

629 3985 851 4042 dixisset
871 4028 884 4050 .
908 4001 1089 4058 posset
1119 3992 1259 4049 Deus
1284 3993 1526 4052 Christus
1557 3998 1813 4070 intelligi,
1842 3988 1930 4071 qui
1960 4019 2053 4072 per
2083 4019 2202 4058 car-

625 4090 748 4130 nem
773 4077 823 4130 in
851 4093 1014 4136 carne
1043 4083 1336 4139 videbitur:
1373 4103 1513 4143 nunc
1540 4077 1672 4144 vero
1699 4100 1872 4160 potest
1922 4079 1976 4148 et
2000 4094 2077 4149 sic
2118 4110 2205 4149 ac-

623 4165 752 4234 cipi.
785 4165 852 4220 In
880 4185 1029 4225 carne
1057 4189 1168 4226 mea
1199 4175 1370 4230 videbo
1400 4175 1562 4233 Deum
1592 4182 1652 4246 ες
1683 4196 1745 4235 ac
1788 4183 1831 4236 si
1863 4183 2112 4250 dixisset,
2144 4186 2200 4263 lq

624 4270 786 4310 carne
835 4274 951 4312 mea
980 4277 1107 4330 ero,
1133 4269 1252 4320 eum
1281 4268 1470 4322 videbo
1498 4272 1683 4326 Deum.
1708 4275 1773 4327 Et
1803 4275 1926 4329 illud
1953 4278 2091 4346 quod
2128 4280 2201 4334 ait

625 4346 913 4414 Apostolus
933 4393 948 4416 ,
981 4352 1139 4408 Facie
1166 4357 1232 4408 ad
1258 4359 1436 4425 faciem
1458 4362 1501 4431 (Ι
1522 4361 1637 4417 Cor.
1668 4353 1782 4430 xm,
1815 4366 1924 4435 l2),
1951 4383 2059 4422 non
2105 4383 2200 4422 co-

624 4436 702 4505 git
727 4447 783 4490 ut
814 4440 976 4495 Deum
1009 4459 1104 4512 per
1129 4447 1266 4502 hanc
1302 4437 1852 4523 facicm'corporalem
1873 4497 1889 4524 ,
1946 4457 2034 4512 ubi
2078 4469 2200 4516 sunt

623 4527 763 4618 oculi
791 4535 1097 4600 corporales
1117 4577 1130 4601 ,
1159 4553 1258 4593 nos
1280 4539 1485 4595 visuros
1533 4558 1652 4599 esse
1696 4546 2009 4614 credamus,
2040 4565 2196 4618 quem

623 4616 812 4684 spiritu
836 4621 950 4676 sine
976 4623 1364 4684 intermissione
1389 4631 1702 4690 videbimus.
1724 4635 1836 4691 Nisi
1869 4623 2024 4692 enim
2057 4616 2198 4714 esset

622 4709 780 4764 etiam
829 4707 1094 4772 interioris
1122 4718 1351 4776 hominis
1406 4723 1602 4791 facies,
1656 4743 1761 4782 non
1807 4720 2010 4785 diceret
2054 4707 2194 4788 idem

620 4804 890 4866 apostolus
911 4847 926 4871 ,
959 4799 1069 4876 Nos
1097 4822 1264 4866 autem
1314 4817 1528 4871 revelata
1555 4819 1686 4888 [acie
1726 4809 1939 4892 gloriam
1983 4823 2197 4892 Domini

618 4893 968 4962 speculantes,
1010 4898 1063 4950 in
1096 4901 1326 4956 eamdem
1369 4895 1636 4976 imaginem
1662 4895 2086 4981 transformamur
2131 4914 2196 4970 de

617 4980 798 5074 gloria;
822 4985 876 5038 in
895 4987 1138 5057 gloriam,
1171 5000 1407 5062 tanquam
1431 5015 1463 5049 a
1492 4989 1697 5052 Domini
1725 4980 1906 5070 spiritu
1931 5003 1952 5033 ³
1978 5003 2048 5074 (ll
2073 5002 2191 5062 Cor.

617 5071 826 5143 1:1,18).
849 5074 960 5130 Nec
981 5078 1132 5133 aliter
1153 5077 1492 5152 intelligimus
1517 5089 1659 5154 quod
1685 5085 1736 5142 in
1784 5071 1997 5147 Psalmo
2039 5094 2191 5149 cani-

618 5169 720 5227 tur,
751 5163 984 5222 Accedite
1010 5170 1078 5223 ad
1094 5188 1205 5225 eum
1230 5216 1246 5242 ,
1269 5185 1313 5228 et
1336 5177 1692 5233 illuminantini
1710 5222 1724 5246 ,
1753 5191 1797 5234 et
1825 5175 1981 5253 faeies
2017 5175 2195 5248 vestr-te

678 5301 694 5369 ξ
731 5305 796 5348 tta
819 5301 869 5369 in
891 5307 999 5369 MSS.
1044 5311 1099 5352 At
1120 5306 1170 5356 in
1194 5307 1354 5369 editis,
1369 5307 1698 5360 obaudiebam.

675 5363 695 5391 ²
731 5363 861 5422 Apud
888 5365 1020 5412 ιτιιιςι.
1046 5376 1147 5416 am.
1175 5377 1226 5417 et
1247 5375 1318 5417 Er.
1339 5363 1532 5420 additur
1555 5373 1644 5423 hoc
1677 5381 1857 5424 tantum
1882 5375 2003 5433 loco.
2027 5377 2189 5428 salva-

613 5424 764 5495 torem
1501 5448 1506 5453 '

615 5484 1117 5605 ἡ
1132 5489 1199 5540 ad
1217 5491 1406 5542 Domini
1426 5493 1662 5553 spiritttm.
1683 5499 1980 5560 Castigantur
2006 5512 2068 5548 ex
2086 5513 2189 5549 ma-

679 5603 764 5682 (ἦ)⁸
776 5603 1205 5682 ﬁieronymiis,
1248 5615 1449 5682 Epistola
1469 5616 1551 5682 61,
1575 5617 1634 5664 ad
1657 5621 2021 5682 Pammachium,
2043 5624 2190 5672 citato

842 5669 928 5740 .tob
957 5682 969 5717 :
999 5661 1150 5728 «(inid
1171 5661 1317 5737 liam.»
1339 5661 1524 5740 inquit,
1537 5661 1600 5740 ἀ]
1609 5661 2189 5740 initiati;

620 5741 644 5801 ε
665 5723 829 5801 ξηρῆς
843 5733 945 5801 gain
977 5723 1148 5792 aperte
1164 5735 1300 5801 _post_
1325 5723 2188 5801 ειιῧέιιῖιὶη,’ᾀίιέἦῖἶξιῖέιὶιῖἆῖἷίὲ

533 5785 543 5830 ‘.
575 5804 578 5806 η
620 5799 645 5829 ε
665 5799 814 5850 stum,
835 5786 899 5838 dc
917 5785 1272 5848 resurrectione
1289 5785 1829 5862 loqttitu—rfv'coooics‘.

1693 409 1778 463 DE
1815 407 2133 464 CIVITATE
2177 409 2307 471 DEl.
2345 407 2402 464 S.
2440 405 2804 465 AUGUSTINI
3708 433 3768 486 η

2315 533 2416 570 non
2441 517 2725 574 erubescent
2752 519 2918 591 (Psal.
2947 539 3125 590 xxxiii,
3148 524 3228 593 6).
3259 525 3388 582 Fide
3431 529 3602 600 quippe
3635 541 3768 593 nam.

2318 614 2403 662 tur
2429 608 2492 661 ad
2526 611 2685 663 Deum
2709 653 2721 674 ,
2745 628 2897 680 quam
2923 614 3097 669 cordis
3120 625 3330 671 constat
3370 633 3514 690 csse,
3539 637 3624 676 non
3649 641 3766 698 οοφυ-

2316 697 2410 751 ris.
2453 699 2559 754 Sed
2607 702 2729 771 quia
2776 703 3047 772 spirituale
3101 720 3297 774 corpus
3341 710 3584 764 neScimus
3625 697 3766 783 quinto;

2319 787 2535 844 habebit
2559 807 2804 847 accessus
2828 795 2846 863 (
2863 794 2928 847 de
2957 811 3014 850 re
3043 797 3240 866 quippe
3271 798 3525 868 inexperta
3553 803 3764 874 loquimur};

2318 881 2407 934 ubi
2436 881 2640 950 aliqua,
2667 899 2784 953 qua:
2813 885 2966 940 aliter
3015 887 3238 958 intelligi
3287 894 3543 959 nequeat’.
3569 893 3765 952 divinarum

2316 970 2704 1041 Scripturarum
2763 991 2865 1030 non
2906 979 3136 1034 occurrit
3169 988 3228 1034 et
3275 983 3521 1037 succurrit
3543 988 3766 1056 auctoritas,

2319 1077 2534 1117 necesse
2552 1075 2632 1119 est
2654 1063 2995 1137 ut’contingat
3022 1070 3073 1122 in
3100 1070 3256 1124 nobis
3283 1073 3421 1140 quod
3466 1074 3624 1142 legitur
3640 1077 3675 1129 in
3691 1079 3766 1132 libro

2316 1147 2633 1221 Sapientia}:
2664 1153 2997 1226 Cogitationes
3042 1161 3334 1214 mortalium
3377 1163 3767 1227 timida,etimru

2319 1244 2641 1314 providentia:
2669 1257 2850 1302 nostra:
2880 1250 3042 1320 (Sap.
3073 1267 3145 1314 ix,
3170 1250 3300 1322 14).

2387 1333 2441 1388 5'.
2482 1333 2832 1392 Ratiocinatio
2871 1340 3063 1409 quippe
3128 1341 3220 1394 illa
3273 1340 3682 1412 philosotihorum,
3709 1366 3764 1416 qu

2319 1423 2590 1492 disputant
2628 1427 2698 1480 ita
2723 1429 2919 1486 tuentis
2949 1440 3164 1498 aspectu
3215 1431 3546 1500 inlelligibilia
3588 1436 3765 1494 viderint

2319 1532 2478 1571 sensu
2501 1520 2739 1589 corporis
2765 1521 3032 1600 sensibilia
3054 1565 3070 1590 ,
3102 1524 3152 1576 id
3185 1533 3268 1578 est
3287 1564 3304 1590 ,
3332 1526 3622 1593 corporalia,
3647 1539 3683 1580 ut
3712 1545 3765 1580 nrt

2319 1604 2672 1678 intelligibilia‘
2718 1627 2814 1680 per
2856 1628 3081 1683 corpus,
3138 1630 3242 1669 nec
3289 1609 3561 1684 corporalia
3587 1622 3765 1695 perseip-
3840 1623 3841 1695 ξ

2319 1704 2454 1757 Sam‘
2481 1717 2632 1756 mens
2658 1704 2829 1759 valeat
2851 1705 3039 1760 intueri
3061 1748 3075 1771 ,
3103 1707 3147 1760 si
3171 1716 3352 1775 posset
3381 1707 3520 1761 nobis
3543 1723 3635 1763 esse
3649 1713 3763 1764 certis-

2317 1797 2472 1862 sima,
2493 1798 2728 1868 profecto
2747 1807 2949 1853 certum
2979 1809 3119 1853 esset
3145 1814 3242 1866 per
3257 1799 3435 1854 oculos
3461 1801 3653 1869 corporis
3671 1804 3762 1855 etiam

2317 1889 2605 1957 spiritualis
2633 1890 2778 1944 nullo
2801 1888 2956 1944 modo
2981 1904 3141 1958 posse
3167 1889 3338 1944 videri
3365 1891 3534 1944 Deum.
3562 1891 3640 1946 Sed
3673 1891 3761 1945 una

2317 1983 2773 2038 nundinationem
2825 1991 2880 2037 et
2921 1998 3044 2040 vera
3094 1983 3234 2036 ratio
3281 1991 3336 2036 et
3356 1982 3620 2051 prophetica
3655 1982 3761 2034 irridet

2311 2063 2624 2130 auctoritas.
2653 2074 2780 2141 Quis
2813 2077 2953 2130 enim
2999 2077 3068 2129 ita
3095 2075 3166 2129 sit
3220 2089 3436 2131 aversus
3456 2089 3484 2128 a
3513 2091 3626 2140 vero,
3649 2085 3686 2129 ut
3716 2077 3760 2129 di-

2318 2179 2440 2218 cere
2460 2165 2650 2220 audeat
2679 2165 2841 2219 Deum
2892 2166 3190 2234 corporalia
3225 2148 3576 2221 ista-nescire?
3597 2166 3759 2233 Numqui

2319 2269 2445 2324 ergo
2470 2269 2660 2323 corpus
2683 2254 2873 2322 habet,
2904 2271 2997 2324 per
3024 2255 3181 2324 cujus
3202 2255 3386 2310 oculos
3413 2270 3468 2310 ea
3495 2255 3629 2324 possit
3658 2256 3760 2309 adds
3840 2254 3841 2292 δ

2320 2345 2480 2399 cere?
2525 2345 2724 2400 Deinde
2763 2346 2902 2416 quod
2921 2346 2988 2400 de
3012 2345 3276 2415 propheta
3324 2345 3504 2401 Eliszeo
3544 2347 3662 2415 paulo
3694 2357 3759 2398 ut:

2317 2435 2545 2491 diximus
2563 2478 2579 2502 ,
2604 2452 2781 2492 nonne
2824 2436 2951 2491 satis
2976 2436 3176 2492 indicat
3196 2438 3356 2490 etiam
3393 2436 3582 2506 spiritu,
3606 2450 3681 2491 non
3711 2452 3759 2503 per

2318 2519 2540 2595 corpus,
2567 2526 2861 2598 corporalia
2888 2540 3042 2598 posse
3085 2527 3276 2580 cerni?
3305 2526 3512 2592 Quando
3524 2528 3635 2581 enim
3654 2542 3757 2580 senis

2319 2619 2407 2674 ille
2432 2634 2648 2674 munera
2677 2619 2910 2688 accepit,
2933 2606 3110 2687 utique
3144 2619 3484 2687 corporaliter
3504 2626 3663 2687 gestum
3694 2629 3757 2679 est;

2317 2709 2457 2780 quod
2484 2720 2658 2764 tamen
2687 2710 2945 2778 PrOpheta
2974 2723 3076 2762 non
3102 2724 3203 2778 per
3227 2725 3446 2778 corpus,
3467 2709 3544 2786 sed
3569 2724 3639 2776 per
3673 2708 3757 2774 Spiri-

2320 2811 2430 2855 tum
2459 2800 2611 2856 vidit.
2635 2800 2781 2856 Sicut
2803 2815 2930 2871 ergo
2950 2809 3160 2856 constat
3185 2801 3353 2856 videri
3403 2815 3594 2872 corpora
3621 2800 3756 2870 spiritu;

2283 2895 2287 2902 ”
2318 2887 2440 2962 quid
2464 2891 2505 2945 si
2525 2902 2672 2960 tanta
2698 2893 2799 2947 erit
2830 2893 3056 2962 potentia
3087 2893 3381 2960 spiritualis
3401 2893 3756 2961 corporis,utca—

2319 2999 2447 3054 pore
2485 2975 2723 3064 videatur
2766 2993 2821 3040 et
2866 2983 3119 3054 spiritus?
3151 2985 3380 3056 Spiritus
3429 2985 3550 3039 enim
3583 2994 3643 3036 est
3664 2982 3754 3033 Dm

2317 3076 2516 3131 Deinde
2545 3079 2702 3132 vitam
2723 3077 2934 3160 quidem
2962 3091 3146 3142 suam,
3179 3093 3284 3147 qua
3317 3093 3450 3132 nunc
3481 3077 3586 3130 vivit
3623 3076 3660 3128 in
3691 3087 3757 3126 etr-

2317 3183 2465 3238 pore,
2496 3176 2550 3223 et
2576 3168 2691 3223 11330
2721 3178 2928 3224 terrena
2953 3168 3196 3223 membra
3222 3176 3424 3238 vegetat
3449 3166 3633 3236 facitque
3647 3165 3754 3217 vira-

2247 3253 2251 3258 ’
2310 3258 2387 3325 ,ιίιι
2408 3257 2694 3344 “interiore
2722 3274 2882 3314 sensu
2907 3260 3136 3329 quisque
3159 3301 3176 3326 ,
3202 3276 3307 3313 non
3331 3274 3420 3329 per
3439 3269 3753 3327 corporeosocn-

2316 3336 2396 3404 los
2412 3336 2629 3417 ,rnovit:
2657 3349 2880 3404 aliorum
2910 3364 3038 3404 vero
3057 3337 3198 3405 vitas
3223 3391 3236 3412 ,
3267 3365 3382 3404 cum
3421 3353 3515 3403 sint
3531 3344 3752 3427 (invisibiles.

2314 3456 2410 3512 per
2424 3456 2616 3513 corpus
2631 3441 2790 3496 videt.
2812 3442 2941 3496 Nam
2959 3442 3098 3497 unde
3112 3443 3343 3497 viventia
3367 3440 3654 3495 discernimus
3665 3450 3749 3490 ann

2313 3535 2610 3590 viventibus
2630 3549 2890 3604 corpora,
2910 3534 3011 3588 nisi
3033 3548 3260 3603 corpora
3286 3533 3434 3587 simul
3450 3533 3640 3603 vitasque
3653 3527 3750 3580 vida

2312 3642 2451 3691 mus,
2469 3641 2599 3696 quas
2623 3626 2722 3680 nisi
2747 3641 2840 3696 per
2861 3640 3052 3695 corpus
3071 3625 3258 3680 videre
3285 3640 3385 3678 non
3406 3622 3653 3693 possumus?
3665 3618 3746 3670 \‘ius

2309 3708 2484 3774 autem
2514 3719 2630 3774 sine
2653 3719 2960 3787 corporibus
2986 3720 3261 3787 corporeis
3288 3717 3445 3772 oculis
3469 3731 3558 3769 non
3585 3712 3746 3765 videam

2308 3797 2318 3868 ί
2380 3791 2447 3866 ϐξ
2472 3809 2826 3878 Quamobrem
2855 3809 2971 3863 ﬁeri
2997 3819 3194 3878 potest,
3223 3809 3468 3878 valdeque
3487 3803 3745 3860 credibilem.

2309 3899 2386 3954 sic
2410 3914 2508 3954 nos
2534 3914 2652 3955 esse
2680 3900 2885 3954 visuros
2910 3899 3174 3954 mundana
3229 3910 3350 3954 tunc
3371 3910 3564 3966 corpora
3580 3887 3744 3948 coalinoti

2308 4001 2361 4047 et
2381 3999 2536 4047 terra;
2562 4007 2733 4058 novae,
2764 4001 2822 4046 ut
2849 3991 3015 4046 Deum
3053 3974 3253 4062 ubique
3299 3999 3576 4061 praesentem
3615 3993 3652 4039 et
3679 3981 3745 4034 uni-

2306 4099 2459 4138 versa
2474 4084 2631 4137 etiam
2653 4083 2947 4151 corporalia
2973 4065 3380 4152 gubernantem,
3397 4097 3483 4152 per
3505 4087 3744 4148 corporum

2304 4175 2626 4254 gestabimus
2649 4217 2664 4239 ,
2691 4185 2744 4232 et
2766 4191 2883 4246 qua:
2908 4176 3303 4252 conSpiciemus
3321 4180 3742 4254 quaquaversumoctt-

2304 4251 2386 4324 los
2412 4266 2718 4321 duxerimus
2737 4307 2751 4330 ,
2804 4264 3095 4320 clarissima
3131 4251 3515 4338 perspicuitate
3545 4261 3741 4331 videamus:

2305 4375 2410 4416 non
2437 4361 2572 4415 sicut
2595 4374 2736 4414 nunc
2759 4347 3037 4413 invisibilia
3063 4358 3182 4423 Dei,
3232 4374 3326 4428 per
3349 4373 3404 4412 ea
3429 4372 3526 4426 qua:
3545 4353 3740 4406 fuemunt.

2301 4451 2569 4507 intellecta
2613 4449 3010 4520 conspiciuntur
3039 4449 3216 4518 (Rom.
3249 4466 3301 4513 ι,
3325 4448 3413 4517 20)
3458 4461 3538 4516 per
3566 4439 3739 4510 simulam

2302 4543 2355 4596 in
2376 4541 2656 4610 aanigmate
2675 4581 2688 4602 ,
2718 4549 2777 4614 .et
2825 4555 2891 4594 ex
2919 4547 3067 4608 parte
3098 4538 3140 4610 (l
3165 4540 3282 4594 Cor.
3312 4554 3421 4601 xui,
3451 4535 3546 4602 19.).
3571 4531 3634 4586 ubi
3671 4525 3740 4594 Pl“

2300 4633 2354 4688 in
2380 4633 2532 4687 nobis
2561 4633 2699 4686 valet
2725 4631 2857 4686 ﬁdes
2883 4645 2986 4701 qua
3013 4630 3283 4688 credimus
3301 4671 3316 4697 ,
3343 4642 3486 4698 quam
3518 4635 3650 4677 rerum
3669 4627 3740 4668 απ·

2300 4721 2558 4793 poralium
2586 4721 2790 4788 species
2815 4736 2972 4790 quam
3002 4735 3096 4789 per
3124 4719 3307 4774 oculos
3332 4716 3563 4773 cernimus
3579 4715 3739 4775 00th

2299 4795 2396 4869 les;
2424 4811 2527 4889 Sed
2553 4813 2692 4868 sicut
2705 4797 2948 4868 homines
2967 4853 2983 4879 ,
3011 4812 3151 4866 inter
3172 4826 3305 4882 quos
3328 4811 3538 4863 viventes
3557 4805 3739 4862 motusque

2298 4907 2485 4961 vitales
2513 4905 2846 4966 exserentes3
2877 4905 3105 4959 vivimus
3128 4946 3144 4972 ,
3171 4920 3296 4964 mox
3332 4911 3388 4956 ut
3412 4896 3738 4985 aspiciam.”

2297 4999 2564 5054 credimus
2611 4999 2790 5056 vivere
2813 5038 2830 5065 ,
2879 4996 2973 5052 sed
3003 4995 3273 5060 videmus;
3301 5009 3414 5050 cum
3454 4999 3600 5045 eorum
3639 4986 3737 5072 “ut!

2296 5090 2411 5144 sine
2431 5088 2740 5158 corporibus
2764 5087 2945 5144 videre
2971 5102 3314 5158 nequeamus,
3332 5097 3472 5154 quam
3491 5089 3622 5132 tamen
3641 5071 3676 5121 in
3692 5071 3737 5116 eis

2297 5195 2390 5249 per
2415 5195 2637 5248 corpora
2663 5190 2866 5234 remeta
2898 5179 3058 5254 omni
3095 5177 3424 5254 ambiguitate
3462 5163 3736 5234 conspicimus:

2298 5273 2366 5324 ίῑθ
2396 5286 2727 5340 (illacumque
2751 5269 3045 5346 spiritualia
3073 5269 3159 5322 illa
3190 5268 3380 5322 lumina
3423 5266 3646 5328 corporum

2295 5370 2528 5424 strorum
2574 5342 3036 5420 circumieremus,
3079 5359 3434 5425 incorporeum
3475 5350 3606 5404 Deum
3625 5342 3732 5390 omtm

2295 5461 2562 5522 regentem
2582 5491 2597 5517 ,
2626 5434 2787 5505 etiam
2816 5465 2910 5519 per
2930 5463 3154 5518 corpora
3177 5443 3532 5518 contuehirnur.
3557 5435 3634 5487 Aut
3651 5433 3726 5486 etii“

2358 5563 2375 5626 ἕ
2410 5564 2483 5613 sic
2499 5570 2612 5620 Mss.
2632 5563 2749 5611 Fditi
2771 5568 2935 5612 autem
2958 5570 3056 5608 Am.
3093 5567 3168 5610 Er.
3191 5567 3318 5626 Iov,
3347 5527 3730 5626 περιῄει-ςεββ

2293 5602 2958 5682 ιιιιιιθῖξιιίῖιιιιιυῆιιᾶῖξῖὀη
2973 5602 3198 5682 occurrit,
3217 5602 3523 5682 sedsitcdurril
3543 5602 3724 5682 nauigii“:

2300 5661 2841 5757 Ϊ“Ξ’Τιῖ’ἰ⁷ίιῖἇῖ’λιὶίζ’ἓὶ’
3217 5661 3477 5733 iiii-Tit
3491 5679 3594 5728 ωιτη
3621 5671 3678 5722 μιν
3697 5661 3728 5701 ⁸⁸

2291 5760 2508 5857 ψςέιλιιι.
2537 5814 2586 5857 et
2611 5815 2702 5867 Ern,
2726 5813 3012 5857 exercentes.

3839 3207 3841 3306 l
