3996 6568
181 421 302 478 801

179 548 299 602 per
314 534 432 591 illos
441 533 622 588 oculos
636 537 713 588 'src
727 531 985 587 videbitur
1002 533 1159 599 Deus,
1179 544 1236 587 ut
1257 533 1696 603 aliquidhabeant
1711 533 1765 587 in

181 632 348 677 tanta
370 623 681 678 excellentia
705 624 868 678 menti
892 623 1066 678 simile
1086 664 1102 690 ,
1130 633 1317 692 qu0'et
1334 624 1641 692 incorporea
1668 638 1764 676 na-

177 722 318 767 tura
346 725 613 780 cernatur,
644 713 784 783 quod
813 715 937 769 ullis
956 716 1216 783 exculplis
1239 716 1350 769 sive
1375 713 1763 784 Scripturarum

183 805 522 860 testimoniis
549 803 845 858 divinarum
865 804 959 859 vel
983 804 1195 859 difﬁcile
1218 805 1301 859 vel
1335 805 1656 874 impossibile
1681 812 1764 859 est

173 894 509 949 ostendere:
539 903 631 949 aut
675 895 814 965 quod
841 905 922 952 est
965 896 1033 950 ad
1073 897 1463 966 intelligendum
1519 896 1756 964 facilius,

173 986 266 1038 ita
297 985 440 1038 Deus
472 985 624 1039 nobis
649 987 750 1040 erit
776 995 930 1040 notus
948 997 1106 1056 atque
1133 987 1555 1056 conspicuus,‘-ut
1578 987 1758 1042 videa-

173 1084 282 1129 tur
306 1075 495 1142 spiritu
523 1091 553 1130 a
584 1076 801 1145 singulis
832 1076 985 1130 nobis
1023 1075 1074 1130 in
1089 1077 1307 1146 singulis
1335 1078 1504 1142 nobis,
1525 1076 1761 1130 videatur

171 1165 257 1218 ab
273 1166 448 1221 altera
465 1167 516 1219 in
537 1166 972 1230 altero,videatur
987 1167 1040 1220 in
1065 1180 1124 1220 se
1147 1166 1524 1234 ipso,videatur
1542 1166 1596 1220 in
1609 1166 1758 1221 ‘cmlo

168 1269 338 1308 novo
360 1265 412 1308 et
442 1254 495 1308 in
527 1263 668 1309 terra
696 1270 829 1309 nova
849 1295 865 1320 ,
895 1256 1129 1324 atquein
1158 1255 1302 1309 omni
1319 1270 1438 1326 qua:
1457 1266 1577 1310 tunc
1606 1255 1759 1310 fuerit

167 1355 473 1411 creatura;
501 1345 745 1401 videatur
771 1354 826 1400 et
858 1361 953 1415 per
978 1360 1200 1416 corpora
1241 1346 1294 1400 in
1343 1347 1486 1402 omni
1535 1361 1757 1416 corpore

177 1451 538 1506 quocumque
563 1436 754 1491 fuerint
777 1437 1070 1506 spiritualis
1089 1439 1326 1506 corporis
1346 1439 1481 1493 oculi
1497 1440 1609 1492 acie
1637 1454 1756 1506 per-

165 1527 438 1582 veniente
462 1526 671 1582 directi.
702 1527 962 1582 Patebunt
979 1528 1135 1581 etiam
1163 1529 1509 1596 cogitationes
1561 1539 1755 1582 nostra:

163 1615 415 1671 invicem
445 1615 615 1670 nobis.
636 1616 784 1671 Tunc
799 1620 939 1671 enim
966 1617 1270 1685 implebitur
1303 1618 1443 1686 quod
1467 1619 1754 1686 Apostolus

164 1718 310 1760 cum
335 1705 582 1768 dixisset,
614 1705 786 1759 Nolite
813 1716 930 1759 ante
956 1717 1151 1775 tempus
1169 1708 1402 1776 judicare
1445 1708 1753 1777 quidquam;

160 1809 312 1848 mox
341 1795 572 1860 addidit,
601 1796 756 1849 donec
781 1798 942 1850 ueniat
971 1796 1217 1852 Dominus
1242 1840 1256 1863 ,
1285 1808 1330 1851 et
1360 1799 1603 1859 illuminat
1631 1798 1754 1857 abs-

163 1886 392 1938 condita
418 1885 755 1952 tenebrarum,
777 1895 823 1940 et
843 1887 1194 1956 manifestabit‘
1217 1890 1536 1960 cogitationes
1564 1890 1747 1956 cordis,

161 1982 218 2027 et
251 1983 376 2027 tunc
397 1976 506 2028 laus
535 1976 626 2028 erit
652 1976 915 2044 unicuique
940 1992 973 2034 a
1002 1977 1109 2034 Deo
1137 1977 1182 2049 (Ι
1206 1978 1322 2034 Cor.
1346 1995 1422 2046 tv,
1445 1978 1523 2050 5).

161 2065 408 2121 CAPUT
447 2065 615 2120 XXX.
655 2096 727 2108 -ο
761 2067 841 2123 De
865 2080 1054 2125 wterna
1099 2071 1336 2140 felicitate
1359 2074 1570 2128 civitatis
1619 2073 1746 2140 Dei,

656 2157 956 2230 sabbatoque
994 2173 1250 2231 perpetuo.

244 2245 269 2296 1
289 2281 306 2294 .
348 2242 550 2326 Quanta
571 2249 1158 2326 erit.illa~[e\licitas,__uﬂhi
1177 2252 1384 2326 nullum
1399 2253 1748 2326 criminum,-

161 2321 612 2393 nulltnn‘latcbit
657 2341 852 2394 bonum
871 2321 1627 2410 ,‘tuEﬁiiumriﬁitIJs,
1658 2347 1747 2415 qui

159 2427 277 2480 erit
305 2428 480 2480 omnia
509 2429 561 2482 in
583 2429 863 2485 omnibus!
891 2430 1023 2485 Nam
1062 2432 1184 2501 quid
1210 2433 1354 2487 aliud
1399 2444 1603 2503 agatur,
1655 2433 1745 2488 ubi

160 2533 353 2588 neque
377 2520 480 2572 ulla
505 2519 704 2575 desidia
749 2522 1061 2589 cessabitur,
1088 2538 1258 2592 neque
1304 2523 1407 2578 ulla
1461 2525 1745 2594 indigentia

167 2611 536 2676 laborabitur,
560 2613 761 2668 nescio.
787 2615 1090 2672 Admoneor
1109 2615 1270 2670 etiam
1301 2623 1482 2670 sancto
1509 2617 1742 2684 Cantico,

165 2703 263 2757 ubi
285 2703 514 2772 lcgo,vel
529 2703 707 2771 audio,
727 2705 866 2759 Beati
883 2707 968 2774 qui
981 2706 1206 2761 habitant
1221 2709 1272 2762 in
1287 2709 1434 2763 domo
1447 2717 1552 2771 tua,
1570 2709 1745 2763 Domi-

156 2811 249 2856 ne,
281 2793 341 2845 in
367 2795 552 2848 saecula
574 2797 870 2850 saeculorum
891 2796 1222 2852 laudabuntte
1242 2796 1409 2870 (Psal.
1428 2815 1645 2864 Lxmn,
1661 2799 1739 2871 5).

162 2885 371 2940 Omnia
424 2887 662 2940 membra
709 2895 763 2941 et
792 2888 994 2942 viscera
1025 2889 1432 2958 incorruptibilis
1471 2890 1737 2960 corporis,

155 2991 290 3045 qua:
316 2991 458 3031 nunc
483 2977 720 3032 videmus
754 2995 846 3047 per
873 2994 997 3034 usus
1040 2980 1372 3035 necessitatis
1415 2980 1591 3036 varios
1632 2981 1741 3036 dis-

157 3068 675 3137 tributa,quouiam
716 3079 840 3124 tunc
866 3086 968 3124 non
1001 3072 1101 3126 erit
1116 3071 1226 3140 ipsa
1273 3074 1594 3137 necessitas,
1645 3073 1749 3135 sed.

157 3157 328 3227 plena
352 3198 367 3222 ,
392 3167 538 3211 certa
559 3200 576 3223 ,
603 3172 787 3213 secura
803 3200 818 3223 ,
851 3160 1170 3228 sempiterna
1193 3159 1434 3226 felicitas,
1455 3162 1746 3230 proﬁcient

158 3247 217 3301 in
252 3246 501 3300 laudibus
532 3248 643 3301 Dei.
675 3248 872 3304 Omnes
913 3249 1106 3319 quippe
1153 3239 1359 3314 illi,.do
1404 3252 1594 3321 quibus
1628 3253 1739 3321 jam

159 3351 285 3391 sum
312 3335 552 3400 locutus,
583 3339 672 3407 qui
701 3353 844 3392 nunc
889 3339 1086 3404 latent,
1112 3339 1400 3395 harmoniai
1449 3343 1738 3410 corporalis

159 3428 382 3484 numeri
405 3443 508 3481 non
535 3427 804 3492 latebunt,
834 3429 1151 3484 intrinsecus
1194 3440 1248 3485 et
1291 3432 1616 3486 extrinsecus
1643 3447 1739 3500 per

157 3517 413 3587 corporis
438 3525 626 3571 cuncta
654 3517 927 3586 dispositi;
958 3528 1013 3572 et
1037 3533 1158 3572 cum
1182 3520 1389 3573 caeteris
1412 3521 1598 3582 rebus,
1620 3537 1748 3591 quas,

157 3609 235 3663 ibi
279 3622 492 3676 magna:
529 3618 687 3677 atque
733 3607 1002 3663 mirabiles
1056 3607 1393 3673 videbuntur,
1447 3610 1747 3680 rationales.

156 3697 446 3752 mcutesin
477 3698 608 3750 tanti
630 3697 847 3751 artiﬁcis
875 3698 1084 3752 laudem
1110 3697 1460 3772 rationabilis’
1503 3699 1736 3766 pulchri-

157 3790 367 3845 tudinis
397 3789 748 3846 delectatione
773 3790 1118 3845 succendent.
1162 3791 1260 3857 Qui
1292 3799 1468 3844 motus
1521 3789 1629 3845 illic
1657 3801 1735 3844 ta-

159 3881 294 3936 lium
320 3895 607 3949 corporum
629 3883 735 3936 sint
752 3881 914 3936 futuri
943 3891 1142 3936 temere
1163 3881 1382 3936 delinire
1410 3897 1514 3935 non
1544 3883 1734 3948 audeo,

156 3974 305 4043 quod
335 3974 643 4042 excogitare
658 3987 762 4027 non
791 3975 960 4027 valeo.
986 3974 1185 4028 Tamen
1211 3982 1264 4027 et
1289 3983 1462 4027 motus
1481 3982 1746 4048 etstatus,_.

160 4066 303 4119 sicut
337 4064 453 4133 ipsa
482 4066 721 4133 Species,
745 4064 939 4132 decens
963 4065 1065 4119 erit
1084 4106 1099 4129 ,
1121 4064 1438 4134 quicumque
1485 4066 1617 4129 erit,
1651 4065 1738 4118 ubi

165 4156 311 4224 quod
359 4169 468 4208 non
514 4153 888 4220 decebit,non
915 4156 1034 4210 erit.
1057 4155 1214 4210 Certe
1263 4155 1348 4210 ubi
1396 4155 1536 4210 volet
1583 4157 1738 4223 spiri-

161 4257 286 4314 tus,
332 4246 406 4299 ibi
469 4246 708 4313 protinus
754 4246 856 4299 erit
900 4260 1139 4315 corpus:
1191 4261 1288 4300 nec
1337 4245 1480 4300 volet
1525 4246 1739 4314 .aliquid

158 4337 388 4406 spiritus
414 4374 430 4399 ,
453 4335 594 4402 quod
633 4350 730 4408 nec
758 4335 1001 4408 spiritum
1035 4335 1202 4403 possit
1249 4335 1470 4398 decere,
1500 4351 1598 4390 nec
1621 4351 1745 4402 cur:

161 4441 286 4495 pus.
318 4425 457 4479 Vera
485 4424 556 4478 ibi
600 4416 766 4494 gloria
800 4424 935 4491 erit,
967 4425 1056 4478 ubi
1107 4425 1371 4479 laudantis
1415 4441 1512 4480 nec
1559 4441 1738 4480 errore

161 4518 447 4586 quisquam
472 4555 487 4580 ,
519 4529 619 4569 nec
642 4515 946 4569 adulatione
971 4515 1287 4569 laudabitur.
1318 4516 1490 4570 Verus
1544 4516 1731 4582 honor,

163 4608 255 4676 qui
300 4606 431 4661 nulli
479 4606 754 4675 negabitur
774 4606 953 4676 digno,
988 4607 1116 4660 nulli
1173 4606 1442 4661 deleretur
1492 4607 1733 4675 indigno:

163 4698 258 4753 sed
290 4712 392 4752 nec
417 4695 482 4748 ad
511 4711 630 4750 eum
673 4697 872 4750 ambiet
923 4685 1066 4751 ullus
1117 4697 1365 4766 indignus
1387 4739 1400 4761 ,
1433 4698 1519 4752 ubi
1561 4695 1736 4754 nullus

165 4788 503 4856 permittetur
551 4799 670 4840 esse
713 4786 811 4838 nisi
848 4785 1055 4854 dignus.
1083 4786 1216 4840 Vera
1269 4803 1368 4856 pax
1399 4787 1440 4850 ³,
1471 4789 1557 4842 ubi
1611 4789 1739 4843 nihil

163 4877 412 4941 adversi,
439 4889 539 4929 nec
567 4889 596 4927 a
624 4890 682 4930 se
704 4876 817 4944 ipso
835 4916 849 4941 ,
880 4891 978 4930 nec
1003 4875 1072 4930 ab
1099 4877 1202 4930 alio
1258 4879 1532 4946 quisquam
1575 4883 1739 4948 patie-

165 4974 273 5021 tur.
299 4951 582 5038 Prteniiuin
608 4965 821 5020 virtutis
845 4966 948 5028 erit
981 4966 1231 5038 ipsequi
1261 4968 1524 5043 ~pvﬂiytutem
1570 4968 1734 5037 dedit,

166 5055 323 5126 eique
341 5051 409 5110 se
433 5045 626 5124 ipsum,
647 5046 759 5124 quo
779 5056 970 5110 melius
994 5067 1048 5110 et
1075 5057 1244 5125 majus
1269 5058 1396 5110 nihil
1411 5061 1574 5128 possit
1594 5075 1735 5128 esse,

169 5147 431 5224 promisit.
460 5145 595 5210 Quid
637 5155 720 5199 est
771 5146 913 5198 enim
939 5145 1078 5199 aliud
1105 5145 1388 5215 quodper
1418 5147 1734 5224 Propht-tam

160 5239 331 5301 dixit,
361 5234 465 5288 Ero
492 5228 722 5287 illt'iﬂtiii
755 5233 922 5300 Deus,
964 5244 1010 5287 et
1065 5236 1164 5303 ipsi
1224 5246 1366 5288 erunt
1405 5237 1527 5289 mihi
1601 5240 1737 5306 plebs

170 5307 356 5396 (Leuit.
387 5324 666 5391 xxvr,12);
694 5323 827 5385 nisi,
863 5323 973 5390 Ego
1024 5337 1118 5376 ero
1157 5323 1295 5377 unde
1336 5325 1613 5390 satientur,
1637 5342 1735 5393 ego

169 5430 263 5470 ero
291 5427 636 5483 quaecumque
661 5413 728 5466 ab
758 5411 1058 5466 hominibus
1086 5414 1308 5468 honeste
1346 5414 1731 5478 desiderantur,

171 5515 224 5556 ct
248 5505 356 5557 vita
375 5544 389 5567 ,
416 5511 470 5556 et
521 5501 666 5555 Salus
685 5543 698 5565 ,
729 5512 780 5554 et
799 5503 972 5554 victus
991 5543 1005 5564 ,
1034 5511 1087 5554 et
1111 5504 1259 5570 c0pia
1281 5543 1296 5568 ,
1351 5512 1405 5558 et
1455 5507 1618 5574 gloria
1637 5549 1650 5570 ,
1682 5518 1734 5561 et

173 5592 361 5657 honor,
389 5601 444 5647 et
471 5607 595 5662 pax,
621 5601 673 5645 ct
693 5591 869 5643 omnia
895 5591 1066 5645 bona?
1085 5591 1174 5645 Sic
1198 5594 1337 5645 enim
1364 5603 1418 5647 et
1448 5596 1571 5648 illud
1591 5607 1733 5650 recte

1381 2320 1544 2332 ΗΡ*-

232 5705 246 5732 ¹
282 5705 354 5750 sic
370 5709 474 5750 Mss.
500 5702 616 5750 Edili
638 5713 772 5758 vero,
805 5699 1083 5760 manifeste;

229 5765 248 5793 ¹
282 5769 329 5809 In
351 5762 450 5811 sola
475 5764 684 5812 editione
705 5768 832 5816 Lov.,
857 5759 1118 5808 rationalis.

229 5824 249 5854 ³
281 5823 392 5870 aliti
415 5824 608 5884 addunt,
635 5822 702 5873 ibi
720 5831 824 5885 est;
843 5822 967 5883 quod
987 5821 1063 5868 hic
1086 5833 1179 5869 non
1202 5819 1383 5871 habent
1407 5830 1511 5874 Mss.

1544 5899 1550 5910 .
1575 5890 1601 5902 ’⁵

870 5943 893 5982 μ
1113 5917 1118 5922 ’
1235 5966 1238 5970 ,
1309 5967 1311 5970 ,
1397 5925 1428 5972 ,Jt'
1478 5938 1561 5980 ξε,
1641 5921 1788 5975 ’,ξξ.¹.“⁴”

873 5989 883 6047 ἱ

1316 421 1518 477 LIBER
1554 417 1913 479 VlGESlMUS
1949 422 2319 486 SECUNDUS.

1872 533 2200 605 intelligitur,
2232 538 2371 606 quod
2400 539 2474 594 ait
2500 541 2808 609 Apostolus,
2841 553 2894 596 ut
2927 542 3154 609 δίφρῳ
3179 549 3347 602 omnia
3375 553 3429 606 in

1867 623 2096 697 armi/ibus
2117 624 2158 693 (Ι
2178 621 2298 680 Cor.
2327 643 2412 692 xv,
2459 627 2570 702 28).
2600 617 2716 699 Ipse
2739 632 2882 706 ﬁnis.
2907 635 3007 706 erit
3039 635 3425 695 desideriorum

1867 722 2188 781 nostrogum,
2217 717 2304 786 qui
2331 719 2446 772 sine
2475 721 2576 774 line
2596 721 2875 788 videbitur,
2905 724 3018 778 sine
3048 715 3258 781 fastidio
3277 744 3426 782 ama-

1865 803 2026 871 bitur,
2051 806 2166 860 sine
2193 806 2494 877 fatigatione
2522 811 2838 866 laudabitur.
2867 815 3212 888 llocmunus,
3239 818 3324 872 hic
3348 818 3426 872 af-

1864 891 2056 963 fectus,
2087 896 2172 950 hic
2191 907 2338 951 actus
2379 900 2612 969 profecto
2659 903 2760 957 erit
2807 904 3051 962 omnibus
3079 947 3094 972 ,
3138 909 3276 961 sicut
3314 911 3428 978 ipsa

1864 984 1970 1038 vita
1997 995 2213 1054 arterua,
2242 992 2554 1044 communis.

1931 1073 1986 1127 2.
2017 1075 2283 1132 Craterum
2303 1077 2590 1154 minitari
2627 1081 2732 1135 sint
2769 1097 2884 1154 pra
2915 1085 3128 1158 meritis
3153 1083 3424 1157 _‘pt‘_agmio-

1861 1177 2014 1249 run;
2008 1171 2166 1220 etiam
2193 1168 2661 1237 gmdush‘onorum
2688 1180 2846 1241 atque
2859 1156 3165 1242 gloriarum,
3195 1179 3314 1246 quis
3342 1186 3425 1233 es't

1859 1252 2080 1309 idoneus
2116 1257 2366 1326 cogitare,
2394 1267 2591 1328 quanto
2635 1261 2799 1331 magis
2827 1263 3042 1318 dicere?
3069 1266 3219 1332 Quod
3249 1278 3421 1322 tamen

1858 1341 2018 1398 futuri
2039 1344 2165 1412 sint,
2198 1363 2303 1400 non
2320 1358 2399 1401 est
2415 1349 2808 1418 ambigendum.
2839 1353 3008 1422 Atque
3030 1355 3078 1408 id
3107 1357 3264 1410 etiam
3288 1357 3422 1410 bea-

1860 1441 1909 1488 ta
1940 1435 2124 1490 civitas
2141 1437 2228 1491 illa
2252 1453 2499 1508 maguum
2523 1441 2576 1494 in
2597 1456 2656 1496 se
2677 1442 2873 1497 bonum
2895 1445 3109 1510 videbit,
3129 1447 3270 1516 quod
3301 1449 3419 1502 nulc‘

1857 1521 1893 1575 ti
1917 1526 2173 1592 superiori
2197 1527 2334 1582 ullus
2357 1528 2571 1583 inferior
2589 1531 2882 1600 invidebit,
2897 1535 3033 1589 sicut
3050 1535 3188 1592 nunc
3207 1553 3310 1592 non
3339 1541 3422 1592 in-

1857 1613 2034 1669 vident
2060 1616 2402 1687 Archangelis
2427 1621 2613 1690 Angeli
2635 1625 2808 1678 caueri
2834 1642 2849 1678 :
2881 1634 3093 1696 tamque
3117 1631 3258 1684 nolet
3281 1632 3297 1662 ⁸
3327 1646 3418 1686 es-

1855 1715 1914 1755 se
1943 1706 2302 1775 unusquisque
2319 1708 2457 1777 quod
2473 1725 2578 1764 non
2591 1714 2808 1781 accepit,
2840 1718 3082 1783 quamvis
3101 1722 3168 1772 sit
3190 1721 3418 1787 pacatis-

1855 1790 1992 1845 simo
2019 1797 2315 1850 concordiae
2364 1798 2574 1852 vinculo
2600 1801 2660 1854 sei
2712 1802 2802 1870 qui
2854 1805 3059 1872 accepit
3107 1807 3416 1876 obstrictus,-

1853 1895 2008 1949 quam
2035 1898 2131 1938 nec
2156 1885 2208 1938 in
2224 1889 2779 1955 corpore-vultoculus
2797 1907 2914 1946 esse
2958 1895 3154 1962 quiest
3200 1895 3416 1967 digitus;

1853 1986 1973 2026 cum
2007 1975 2305 2031 membrum
2350 1987 2630 2048 utrumque
2657 1983 3096 2038 contineattotius
3120 1988 3296 2042 carnis
3321 2003 3415 2057 pa-

1852 2072 1968 2117 cata
1991 2080 2264 2136 compago.
2314 2068 2402 2123 Sic
2446 2071 2623 2139 itaque
2670 2071 2881 2126 habebit
2906 2073 3269 2132 donum-alius
3311 2080 3414 2132 alio

1855 2155 2047 2220 minus,
2072 2168 2128 2210 ut
2169 2157 2268 2212 hoc
2323 2175 2530 2230 quoque
2557 2162 2754 2215 donum
2787 2161 2998 2228 habeat,
3031 2179 3098 2220 ne
3143 2167 3272 2220 velit
3301 2183 3417 2221 ain-

1853 2243 1989 2312 plius

1923 2336 1975 2388 5.
2009 2336 2116 2390 Nec
2138 2337 2257 2391 ideo
2290 2338 2518 2394 liberum
2539 2340 2812 2394 arbitrium
2844 2357 2948 2396 non
2978 2341 3270 2411 habebunt,
3290 2346 3414 2414 quia

1852 2437 2064 2495 peccata
2092 2443 2185 2483 eos
2232 2429 2496 2484 delectare
2529 2447 2636 2485 non
2687 2441 2956 2501 poterunt.
2998 2433 3162 2503 Magis
3214 2435 3422 2504 quippe-

1849 2518 1950 2574 erit
1973 2518 2228 2586 liberum,
2253 2536 2282 2573 a
2309 2521 2656 2577 delectatione
2683 2523 2936 2591 peccandi
2965 2525 3130 2594 usque
3171 2526 3236 2580 ad
3267 2525 3414 2582 dele-

1848 2609 2132 2664 ctationem
2181 2625 2285 2664 non
2331 2611 2581 2680 peccandi
2619 2611 3076 2667 indeclinabilem"
3106 2613 3407 2668 liberatum.

1846 2697 1979 2752 Nam
2004 2699 2230 2766 primunt
2257 2699 2478 2754 liberum
2499 2700 2793 2764 arbitrium,
2838 2701 2980 2771 quod
3003 2701 3204 2759 homini
3227 2703 3409 2757 datum

1847 2795 1950 2852 est,
1969 2788 2178 2858 quando
2206 2791 2434 2859 primum
2465 2800 2678 2845 creatus
2725 2799 2808 2846 est
2851 2800 3046 2864 rectus,"
3093 2794 3263 2861 potuit
3301 2808 3409 2848 non

1847 2894 2091 2950 peccare,
2118 2881 2209 2936 sed
2237 2882 2403 2951 potuit
2433 2891 2487 2936 et
2514 2897 2735 2951 peccare
2768 2900 2782 2935 :
2814 2881 2925 2938 boc-
2965 2892 3142 2938 autem‘
3181 2885 3418 2939 novissi--

1846 2987 1989 3026 mum
2016 2987 2081 3028 eo
2107 2975 2368 3042 potentius
2395 2976 2517 3041 erit,
2550 2990 2656 3044 quo
2693 2990 2913 3044 peccare
2936 2991 3041 3032 non
3068 2979 3260 3047 poterit
3313 2978 3420 3033 νεά

1845 3079 1962 3118 rum
1990 3063 2090 3118 hoc
2112 3080 2322 3134 quoque
2349 3066 2440 3120 Dei
2487 3081 2730 3132 munere,
2760 3083 2866 3122 non
2921 3084 3034 3123 suae
3062 3069 3412 3138 possibilitate

1841 3166 2065 3210 naturae.
2088 3154 2540 3232 Aﬂegcnim,
2575 3142 3452 3256 @WMM—\

1845 3243 2126 3330 pm
2129 3244 2265 3312 Deus
2294 3255 2477 3298 natura
2524 3260 2742 3314 peccare
2763 3262 2868 3300 non
2912 3255 3119 3316 potest;
3142 3249 3407 3321 pumicem
3444 3243 3460 3265 “

1844 3349 1972 3388 vero
1996 3334 2084 3387 Dei
2098 3333 2163 3388 ab
2178 3335 2819 3412 illnggipjbntpgccare
2839 3354 2947 3398 non
2977 3339 3162 3408 possit.
3179 3338 3410 3394 Servan-

1845 3406 2340 3493 di‘a‘utem’gradus
2386 3434 2539 3479 erant
2589 3407 2752 3484 divini
2803 3406 3055 3492 muneris,
3087 3436 3144 3481 ut
3183 3429 3412 3497 primum

1845 3515 2061 3575 daretur
2086 3515 2308 3570 liberum
2361 3516 2660 3582 arbitrium,
2713 3533 2818 3587 quo
2857 3534 2962 3572 non
2991 3532 3424 3589 peccareposset-

1844 3603 2037 3669 homo;
2067 3606 2567 3675 novissitnum,,qno
2591 3623 2813 3676 peccare
2840 3623 2946 3662 non
2999 3619 3222 3677 posset:
3254 3623 3412 3679 atque

1843 3696 1972 3750 illud
1988 3696 2052 3750 ad
2079 3697 2489 3765 comparandum
2519 3699 2786 3764 meritum,
2816 3698 3001 3754 hocad
3051 3701 3410 3768 recipiendum

1843 3789 2117 3857 praemium
2143 3785 2449 3856 pertineret.
2490 3786 2594 3843 Sed
2621 3788 2760 3857 quia;
2792 3789 3028 3855 peccavit
3069 3791 3168 3843 ista
3221 3799 3418 3843 natura.

1845 3893 1962 3932 cum
1982 3893 2201 3946 peccare
2223 3878 2410 3947 potuit,
2451 3877 2678 3946 largiore
2705 3879 2893 3946 gratia
2941 3878 3217 3944 liberatur,
3265 3889 3320 3932 ut
3343 3879 3428 3932 ad.

1845 3983 1961 4022 eam
1992 3967 2304 4036 perducatur
2327 3967 2644 4030 libertatem,
2665 3967 2718 4019 in
2745 3981 2846 4034 qua
2871 3980 3094 4036 peccare
3131 3982 3237 4020 non
3287 3983 3411 4035 pos-

1844 4058 2035 4127 sit(a).
2084 4058 2231 4112 Sicut
2277 4058 2418 4112 enim
2468 4059 2635 4126 prima
2676 4058 3046 4112 immortalitas
3097 4058 3210 4123 fuit,
3249 4075 3407 4128 quam

1845 4147 2112 4217 peccando
2141 4147 2585 4217 Adam,perdidit,
2619 4163 2774 4216 posse
2796 4163 2899 4202 non
2935 4151 3410 4215 moripnovissima

1845 4239 1945 4293 erit
1969 4254 2072 4292 non
2102 4253 2272 4310 posse.
2289 4240 2460 4294 mori:
2494 4240 2565 4293 ita
2586 4240 2810 4308 primum
2844 4241 3077 4294 liberum
3133 4243 3408 4298 arbitrium

1846 4343 2001 4398 posse
2024 4343 2128 4383 non
2151 4344 2392 4399 peccare,
2416 4331 2762 4388 novissimum
2808 4345 2916 4384 non
2959 4346 3114 4399 posse
3155 4347 3397 4401 peccare.

1844 4419 1932 4474 Sic
1955 4419 2096 4473 enim
2120 4421 2223 4474 erit
2243 4419 2601 4476 inamissibilis
2645 4423 2888 4475 voluntas
2915 4421 3124 4490 pietatis
3151 4432 3206 4476 et
3237 4423 3428 4492 aequi-=-

1847 4511 1987 4576 tatis,
2007 4510 2272 4579 quomodo
2306 4520 2388 4565 est
2425 4510 2707 4565 felicitatis.
2748 4511 2878 4564 Nam
2935 4511 3112 4580 utique
3138 4495 3406 4579 peccando

1845 4616 1945 4655 nec
1972 4601 2218 4670 pietatem
2241 4616 2341 4655 nec
2389 4601 2692 4655 felicitatem
2723 4601 3056 4667 Ttenuinms,‘
3083 4603 3408 4654 voluntatem

1844 4707 1972 4746 vero
1991 4691 2256 4746 felicitatis
2272 4707 2368 4767 nec
2391 4692 2594 4762 perdita
2621 4690 2870 4746 felicitate
2892 4692 3234 4760 perdidimus.
3257 4690 3411 4764 Certe

1844 4784 1985 4838 Deus
2005 4783 2118 4853 ipse
2136 4781 2410 4851 numquid,
2434 4783 2680 4851 quoniam
2712 4796 2932 4849 peccare
2953 4797 3058 4836 non
3076 4782 3410 4850 potest,_ideo

1845 4876 2067 4931 liberum
2097 4874 2371 4928 arbitrium
2409 4873 2605 4928 habere
2653 4874 2924 4942 negandus
2979 4883 3064 4927 est
3091 4874 3114 4926 ?
3143 4874 3257 4928 Erit
3284 4890 3410 4942 ergo

1845 4968 2224 5022 illiuscivitatis
2247 4976 2296 5020 et
2328 4982 2430 5019 una
2470 4967 2521 5019 in
2563 4967 2826 5028 omnibus,
2854 4975 2908 5020 et
2953 4967 3316 5034 inseparabilis
3358 4967 3408 5018 in

1846 5058 2066 5126 singulis
2083 5059 2326 5111 voluntas
2357 5058 2538 5122 libera,
2584 5057 2652 5110 ab
2698 5057 2842 5110 omni
2880 5057 3022 5110 malo
3068 5057 3309 5120 liberata,
3358 5067 3412 5110 et

1847 5149 2054 5221 impleta
2077 5150 2230 5215 omni
2268 5149 2426 5212 bono,
2472 5149 2652 5202 fruens
2684 5148 3047 5202 indelicienter
3090 5157 3411 5208 arternorutn

1842 5228 2517 5307 jucuttditate'gaudiorum,
2563 5224 2726 5293 oblita
2779 5240 3074 5306 culparum,
3107 5237 3268 5291 oblita
3300 5255 3410 5304 p0!-

1845 5343 2066 5392 narnm;
2119 5343 2219 5383 nec
2268 5336 2443 5382 tamen
2497 5329 2615 5380 ideo
2670 5343 2779 5380 sum
2836 5328 3163 5382 liberationis
3224 5327 3432 5390 oblita,

1845 5432 1902 5475 ut
1922 5421 2186 5474 liberatori
2213 5433 2309 5472 suo
2339 5435 2442 5471 non
2470 5419 2535 5470 sit
2553 5429 2694 5487 grata
2714 5418 2752 5468 ³.

2389 3221 2608 3238 χρη-...α

1907 5581 1923 5610 ι
1959 5586 2050 5633 F12,
2076 5582 2174 5623 tam
2195 5571 2326 5621 nolit.
2361 5580 2494 5633 t.ov.,
2520 5579 2742 5632 tanquam
2760 5568 2916 5619 nollet.
2939 5569 3256 5618 Emeudautur
3271 5571 3410 5620 auxi-

1842 5640 1906 5688 lio
1925 5639 2174 5688 manust-rip
2184 5643 2366 5682 :tormn.

1906 5704 1925 5732 ²
1957 5701 2062 5748 Cod.
2084 5698 2191 5749 258.
2213 5692 2558 5743 indeclinabile.
2614 5699 2670 5741 Μ.

1907 5763 1928 5793 ³
1960 5769 2089 5819 l.ov.,
2114 5771 2205 5807 non
2225 5757 2282 5806 sit
2300 5757 2503 5865 ingrata.
2531 5751 2921 5815 t-pruagendum,
2943 5765 3068 5814 non;
3091 5750 3218 5814 quod
3237 5753 3405 5803 merito

1908 5825 1979 5865 (al
2011 5821 2137 5865 Conf.
2159 5820 2339 5865 Encltit‘i
2378 5852 2390 5864 .
2411 5831 2460 5865 Π.

1908 5825 1979 5884 (α)
2011 5818 2137 5870 Couf.
2159 5818 2390 5868 Eucltirid.
2411 5831 2460 5865 ο.
