3996 6582
684 412 790 470 805

753 526 807 579 4.
838 522 1100 591 Quantum
1131 533 1260 589 ergo
1286 518 1471 573 attinet
1495 516 1562 571 ad
1607 514 1883 571 scientiam
1911 509 2246 575 rationalem,

683 630 887 671 memor
904 612 1287 683 praeteritorum
1314 610 1472 666 etiam
1514 609 1775 664 malorum
1790 598 2044 671 Suorum;
2086 618 2253 674 quan-

684 717 795 763 tum
815 714 989 762 autem
1018 704 1085 758 ad
1111 702 1432 773 experientis
1450 716 1685 767 sensum,
1702 711 1920 769 prorsus
1948 697 2249 752 immemor.

681 798 813 853 Nam
859 806 913 852 et
956 795 1307 865 peritissimus
1360 792 1617 852 medicus,
1665 790 1803 845 sicut
1842 796 1955 842 arte
1994 787 2250 852 sciuntur,

680 903 867 943 omnes
894 886 1003 941 fere
1024 885 1239 940 morbos
1269 883 1508 951 corporis
1534 881 1717 936 novit:
1746 880 1881 934 sicut
1922 885 2101 931 autem
2132 888 2253 931 cor-

682 995 810 1049 pore
832 980 1130 1034 sentiuntur
1148 1019 1162 1043 ,
1207 977 1461 1046 plurimos
1489 975 1675 1039 nescit,
1702 987 1836 1043 quos
1864 973 1977 1041 ipse
2001 984 2108 1026 non
2130 984 2254 1040 pas-

680 1086 772 1126 sus
796 1078 897 1125 est.
932 1069 999 1125 Ut
1037 1083 1166 1139 ergo
1201 1068 1436 1123 scientiae
1484 1066 1742 1120 malorum
1781 1063 1899 1117 dua:
1942 1073 2251 1127 sunt;una,

680 1177 784 1232 qua
807 1161 1092 1231 potentiam
1121 1160 1316 1214 mentis
1359 1174 1463 1212 non
1516 1157 1717 1220 latent;
1754 1156 1940 1218 altera,
1963 1170 2067 1224 qua
2095 1168 2255 1222 expe-

681 1254 870 1307 rientis
910 1252 1154 1306 sensibus
1205 1250 1468 1304 inhmrent
1521 1248 1725 1318 (aliter
1773 1247 1968 1317 quippe
2015 1246 2255 1300 sciuntur

681 1343 857 1396 omnia
877 1343 1001 1397 vitia
1040 1358 1135 1411 per
1164 1341 1437 1409 sapientiae
1483 1339 1797 1405 doctrinam,
1828 1338 1980 1392 aliter
2006 1350 2101 1406 per
2129 1336 2256 1390 insi-

680 1430 876 1500 pientis
907 1431 1190 1500 pessimam
1220 1429 1413 1499 vitam)
1445 1429 1550 1485 :ita
1580 1437 1635 1483 et
1661 1428 1954 1483 obliviones
1995 1426 2254 1481 malorum

682 1518 801 1574 duae
826 1528 970 1574 sunt.
994 1519 1162 1574 Aliter
1186 1534 1248 1574 ea
1295 1534 1521 1587 namque
1572 1517 1896 1573 obliviscitur
1935 1517 2174 1572 eruditus
2202 1525 2256 1571 et

682 1612 893 1677 doctus,
923 1613 1079 1667 aliter
1132 1621 1381 1681 expertus
1410 1619 1464 1665 et
1502 1624 1727 1680 passus:
1757 1610 1866 1677 ille,
1920 1610 1966 1665 si
2011 1608 2253 1679 peritiam

682 1703 947 1772 negligat;
1000 1703 1122 1769 iste,
1164 1703 1210 1758 si
1256 1702 1466 1757 miseria
1528 1711 1725 1756 careat.
1769 1700 2071 1756 Secundum
2120 1699 2255 1755 hanc

682 1794 1003 1849 oblivionem
1034 1809 1191 1864 quam
1220 1793 1514 1863 posteriore
1563 1791 1682 1846 loco
1726 1791 1914 1861 posui,
1944 1806 2049 1845 non
2102 1798 2256 1845 erunt

683 1898 951 1939 memores
990 1884 1157 1939 sancti
1203 1883 1596 1953 praeteritorum
1641 1882 1897 1935 malorum
1932 1899 1944 1933 :
1998 1879 2257 1935 carebunt

685 1976 826 2030 enim
854 1976 1120 2039 omnibus,
1148 1976 1220 2029 ita
1250 1984 1307 2029 ut
1357 1975 1567 2044 penitus
1595 1973 1873 2028 deleantur
1900 1972 1967 2027 de
2012 1971 2255 2027 sensibus

683 2080 888 2120 eorum.
918 2065 993 2120 Ea
1044 2075 1217 2120 tamen
1265 2065 1496 2136 potentia
1538 2066 1799 2132 scientiae,
1831 2080 1947 2133 qure
1984 2077 2173 2134 magna
2201 2063 2253 2117 in

682 2159 763 2212 eis
791 2159 911 2222 erit,
942 2174 1050 2211 non
1079 2157 1250 2211 solum
1279 2172 1370 2211 sua
1398 2156 1687 2227 praeterita,
1729 2155 1823 2211 sed
1854 2156 2013 2209 etiam
2034 2154 2256 2209 damna-

685 2257 856 2303 torum
878 2263 973 2304 eos
1011 2250 1333 2318 sempiterna
1384 2248 1596 2303 miseria
1625 2262 1732 2301 non
1782 2247 1982 2302 latebit.
2008 2246 2256 2317 Alioquin

686 2340 731 2394 si
758 2355 817 2395 se
841 2338 1005 2394 fuisse
1034 2340 1261 2394 miseros
1299 2339 1554 2393 nescituri
1590 2346 1755 2401 sunt,
1802 2337 2088 2407 quomodo,
2120 2339 2257 2391 sicut

682 2430 758 2484 ait
778 2429 1038 2493 Psalmus,
1071 2428 1466 2484 misericordias
1512 2428 1719 2482 Domini
1758 2429 1811 2482 in
1850 2439 2108 2482 mternum
2127 2441 2257 2482 can-

683 2521 903 2591 tabunt(
933 2520 1081 2575 Psal.
1114 2535 1378 2587 Lxxxvnt,
1403 2519 1440 2573 2
1468 2518 1526 2593 )?
1546 2518 1662 2585 Quo
1708 2520 1915 2573 cantico
1957 2519 2007 2572 in
2032 2518 2252 2589 gloriam

682 2614 864 2683 gratiae
888 2612 1105 2678 Christi,
1129 2613 1281 2681 cujus
1304 2612 1559 2681 sanguine
1609 2610 1815 2666 liberati
1869 2622 2076 2675 sumus,
2123 2608 2255 2665 nihil

682 2708 786 2762 erit
839 2705 1075 2776 profecto
1114 2706 1189 2761 illi
1229 2704 1512 2775 jucundius
1561 2703 1781 2758 civitati.
1830 2701 1905 2757 lbi
1932 2701 2252 2772 perﬁcietur,

697 2796 897 2861 Vacate,
923 2806 970 2851 et
989 2796 1149 2850 videte
1181 2798 1417 2867 quoniam
1455 2810 1547 2865 ego
1582 2810 1694 2847 sum
1746 2792 1886 2847 Deus
1912 2793 1931 2863 (
1959 2791 2103 2847 Psal.
2129 2807 2254 2858 va,

683 2887 747 2942 11
772 2887 813 2956 ).
830 2885 981 2955 Quod
1008 2886 1111 2941 erit
1134 2886 1152 2917 ¹
1180 2900 1303 2941 vere
1319 2885 1604 2939 maximum
1626 2884 1901 2939 sabbatum
1928 2898 2033 2937 non
2058 2882 2259 2939 habens

681 2991 982 3048 vesperam,
1030 2976 1170 3046 quod
1219 2974 1613 3033 commendavit
1669 2974 1926 3029 Dominus
1970 2974 2023 3028 in
2072 2974 2258 3045 primis

680 3068 931 3138 operibus
952 3068 1156 3135 mundi,
1181 3067 1267 3122 ubi
1297 3067 1489 3136 legitur
1517 3084 1531 3120 :
1561 3064 1630 3119 Et
1652 3066 1888 3137 requievit
1913 3064 2051 3119 Deus
2079 3065 2160 3118 die
2183 3079 2261 3117 se-

680 3161 836 3230 ptimo
863 3158 924 3212 ab
951 3159 1176 3213 omnibus
1204 3158 1433 3229 aperibus
1455 3158 1578 3221 suis,
1600 3172 1712 3227 qua:
1748 3157 1865 3227 fecit
1891 3171 1911 3212 .'
1937 3167 1983 3210 et
2009 3155 2261 3210 benedixit

679 3249 821 3304 Deus
846 3251 977 3304 diem
1001 3251 1287 3321 septimum,
1307 3258 1352 3302 et
1374 3248 1709 3317 sanctiﬁcavit
1728 3264 1858 3313 eum,
1882 3247 1998 3318 quia
2015 3249 2068 3300 in
2093 3263 2147 3300 eo
2174 3263 2258 3300 re-

680 3344 861 3412 quievit
882 3343 943 3395 ab
960 3343 1190 3396 omnibus
1213 3343 1444 3412 operibus
1463 3342 1589 3408 suis,
1614 3356 1728 3412 qua:
1749 3340 1997 3394 inchoavit
2017 3338 2156 3394 Deus
2175 3340 2261 3409 fa-

681 3436 832 3504 cere(
862 3433 988 3487 Cen.
1017 3450 1071 3497 ιι,
1095 3433 1151 3499 2,
1200 3434 1235 3487 5
1265 3436 1305 3503 ).
1336 3433 1457 3486 Dies
1500 3434 1643 3487 enim
1679 3432 1938 3502 septimus
1974 3432 2132 3485 etiam
2162 3446 2261 3487 nos

684 3522 785 3590 ipsi
825 3523 1046 3585 erimus,
1100 3523 1311 3591 quando
1363 3522 1479 3591 ejus
1504 3521 1760 3577 fuerimus
1798 3521 2165 3577 benedictione
2208 3529 2263 3578 et

681 3614 1101 3669 sanctificatione
1130 3614 1271 3685 pleni
1315 3623 1474 3685 atque
1510 3613 1690 3669 refecti
1717 3616 1761 3667 ³.
1790 3614 2283 3693 immugit:

1878 3680 2065 3699 ﬂ

681 3706 925 3762 dehimus
951 3708 1199 3781 quoniam
1217 3708 1329 3777 ipse
1372 3715 1456 3763 est
1488 3707 1629 3762 Deus
1652 3724 1667 3761 :
1689 3706 1829 3778 quod
1855 3705 2009 3762 nobis
2030 3706 2127 3776 ipsi
2143 3720 2262 3761 esse

684 3788 949 3855 voTuimus
973 3841 989 3866 ,
1013 3801 1226 3869 quando
1255 3800 1322 3855 ab
1352 3798 1442 3853 illo
1469 3788 1778 3865 cecidimus,
1817 3798 2094 3853 audientes
2119 3812 2150 3851 a
2176 3811 2263 3853 se—

682 3889 923 3955 ductore,
953 3888 1111 3943 Eritis
1154 3890 1281 3943 sicut
1307 3890 1379 3943 dii
1404 3887 1529 3960 (Id.
1578 3904 1654 3957 Ill,
1686 3889 1740 3955 5,
1772 3888 1825 3960 );
1853 3898 1906 3943 et
1952 3888 2262 3943 recedentes

681 3996 711 4036 a
738 3998 864 4037 vero
887 3982 1017 4048 Deo,
1045 3998 1150 4052 quo
1180 3982 1402 4037 faciente
1438 3981 1509 4035 dii
1536 3997 1778 4037 essemus
1820 3981 1934 4051 ejus
1976 3980 2262 4052 participa-

685 4075 829 4128 tione
851 4114 865 4138 ,
916 4088 1020 4127 non
1062 4074 1385 4128 desertione.
1423 4073 1559 4141 Quid
1588 4074 1728 4127 enim
1758 4073 1873 4127 sine
1902 4073 1991 4127 illo
2014 4070 2258 4139 fecimus,

683 4161 784 4215 nisi
814 4162 954 4230 quod
980 4162 1034 4215 in
1055 4162 1130 4215 ira
1171 4166 1287 4230 ejus
1307 4161 1642 4231 defecimus(
1679 4161 1826 4215 Psal.
1871 4178 2092 4228 uxmx,
2133 4162 2165 4216 9
2190 4163 2211 4232 j
2239 4162 2262 4215 ?

682 4256 723 4307 A
748 4269 854 4323 quo
871 4253 1078 4319 refecti,
1096 4263 1150 4308 et
1169 4254 1335 4324 gratia
1376 4254 1580 4323 majore
1617 4252 1858 4323 perfecti,
1878 4255 2180 4327 vacabimus
2208 4254 2261 4309 in

683 4353 965 4406 aeternum,
993 4344 1370 4413 videntesquia
1391 4344 1504 4413 ipse
1519 4354 1601 4398 est
1624 4345 1781 4408 Deus,
1838 4330 1942 4414 quo
1996 4344 2139 4413 pleni
2168 4344 2267 4398 eri-

684 4452 824 4503 mus,
853 4435 1068 4506 quando
1094 4437 1207 4505 ipse
1228 4437 1330 4491 erit
1345 4435 1521 4489 omnia
1538 4436 1590 4489 in
1618 4420 2127 4491 omnibustainket
2151 4424 2264 4505 ipsa

794 4542 837 4565 Γ

684 4600 913 4663 omissum
936 4606 1011 4648 est
1028 4613 1076 4649 in
1096 4599 1249 4663 editis,
1267 4598 1402 4648 Vind.
1428 4606 1529 4647 Am.
1557 4605 1608 4649 et
1624 4605 1697 4647 Er.
1724 4598 1803 4648 vel
1827 4612 1933 4662 pro,
1957 4598 2164 4663 ingrata,
2195 4598 2267 4649 le-

684 4661 898 4721 gendum
920 4668 974 4709 ut
996 4675 1043 4709 in
1068 4661 1284 4711 melioris
1305 4670 1431 4711 notae
1454 4664 1803 4724 manuscriptis,
1824 4661 1981 4726 grata.

750 4745 768 4809 ξ
804 4750 878 4793 Er.
901 4752 953 4809 et
974 4752 1105 4809 I,ov.,
1131 4747 1261 4806 Quod
1284 4744 1376 4795 erit
1398 4744 1672 4809 ibi._Abest,
1695 4746 1780 4809 ibi,
1815 4748 1876 4797 ab
1898 4746 2005 4798 aliis
2026 4746 2180 4797 libris.

751 4807 773 4838 ³
802 4812 854 4856 ω
878 4806 1127 4870 plerisque
1146 4816 1273 4871 Mss.,
1297 4807 1512 4872 perfecti.

1226 406 1313 462 DE
1350 401 1667 463 CIVITATE
1706 398 1840 465 DEI,
1878 397 1936 455 S.
1975 394 2338 454 AUGUSTINI
2377 395 2576 453 LIBER
2613 396 2972 454 VlGESlMUS
3007 396 3381 458 SECUNDUS.
3732 408 3784 467 [at

2357 509 2496 569 bona
2530 527 2689 584 opera
2706 522 2905 581 nostra,
2928 514 3138 584 quando
3159 514 3329 584 ipsius
3367 513 3525 583 potius
3546 516 3785 591 intelligqu

2356 617 2478 660 esse
2501 618 2659 674 quam
2684 614 2883 669 nostra,
2930 614 3054 660 tunc
3089 605 3249 660 nobis
3295 604 3360 659 ad
3380 605 3475 661 hoc
3498 608 3709 665 sabbatum
3724 618 3782 669 adi.

2360 697 2670 768 piscendum
2693 699 3031 767 imputantur.
3065 696 3200 765 Quia
3226 697 3273 752 si
3300 698 3449 753 nobis
3474 701 3779 765 eatribuerimu,

2359 788 2571 844 servilia
2598 797 2924 854 erunt;cum
2966 789 3033 845 de
3055 790 3283 845 sabbato
3330 788 3537 855 dicatur,
3565 790 3684 846 0am
3718 812 3783 863 οριι

2360 881 2609 934 servilem
2627 896 2684 934 eo
2706 881 2721 912 ¹
2748 896 2848 934 non
2865 880 3056 949 facietis
3084 880 3103 949 (
3133 879 3286 934 Deut.
3306 895 3358 942 v,
3378 881 3442 935 i4
3469 881 3506 949 ).
3526 881 3697 952 Propter
3712 892 3783 953 quod

2361 980 2415 1026 et
2441 987 2535 1039 per
2562 968 2891 1026 Ezechielem
2922 971 3237 1040 prophetam
3267 969 3473 1036 dicitur,
3497 969 3555 1024 Et
3570 974 3782 1029 sabbatum

2360 1063 2478 1118 dedi
2501 1064 2570 1117 eis
2585 1063 2638 1117 in
2661 1064 2857 1134 signum
2880 1064 3008 1117 inter
3027 1079 3103 1116 me
3150 1070 3198 1116 et
3227 1063 3357 1115 inter
3390 1078 3486 1126 eos,
3512 1073 3557 1115 ut
3580 1066 3711 1118 scirent
3727 1074 3783 1133 qn:

2359 1172 2449 1227 ego
2477 1154 2723 1209 Dominus
2745 1155 2830 1225 qui
2872 1154 3131 1222 sancti/ica
3157 1169 3243 1207 eos
3270 1152 3290 1223 (
3313 1151 3492 1206 Ezech.
3518 1170 3594 1219 xx,
3614 1155 3663 1209 12
3684 1158 3709 1223 j.
3729 1159 3781 1212 llr

2360 1246 2596 1317 perfecte
2623 1255 2747 1301 tunc
2786 1245 3035 1312 sciemus,
3065 1243 3282 1315 quando
3332 1245 3543 1313 perfecte
3576 1248 3781 1307 vacabimu,

2360 1351 2413 1397 et
2431 1342 2659 1409 perfecte
2681 1338 2975 1394 videbimus
2995 1338 3118 1408 quia
3147 1337 3263 1407 ipse
3288 1346 3368 1392 est
3385 1336 3528 1392 Deus.

2430 1432 2483 1487 5.
2515 1432 2631 1501 Ipse
2654 1432 2811 1486 etiam
2844 1445 3095 1485 numerus
3145 1437 3385 1495 aetatum,
3414 1429 3557 1484 veluti
3600 1430 3781 1489 dierum

2360 1523 2649 1579 secundum
2676 1536 2769 1577 eos
2795 1520 3045 1576 articulos
3092 1520 3358 1589 temporis
3381 1528 3673 1589 computetur,
3695 1526 3778 1591 quiis

2360 1612 2643 1683 Scripturis
2663 1610 3175 1681 videnturexpressi,
3208 1611 3310 1664 iste
3335 1610 3639 1664 sabbatismus
3656 1612 3778 1664 endea-

2360 1706 2465 1761 tius
2487 1703 2777 1775 apparebit,
2822 1702 3072 1773 quoniam
3100 1701 3361 1771 septimus
3404 1702 3778 1771 inveniturzntpu.

2360 1813 2447 1852 ma
2469 1805 2597 1852 tetas
2614 1804 2861 1865 tanquam
2894 1794 3007 1849 dies
3034 1796 3243 1863 primus
3263 1793 3334 1846 sit
3358 1792 3421 1846 ab
3449 1792 3591 1845 Adam
3615 1807 3725 1861 usque
3748 1796 3778 1845 δέ

2361 1889 2636 1955 diluvium,
2684 1886 2913 1941 secunda
2967 1884 3092 1940 inde
3134 1898 3308 1955 usque
3353 1883 3417 1937 ad
3456 1882 3695 1948 Abraham,
3726 1900 3776 1936 non

2360 1978 2656 2050 aequalitate
2687 1984 3015 2046 temporum,
3074 1972 3174 2028 sed
3228 1988 3444 2027 numero
3480 1974 3776 2042 generationum:

2362 2071 2525 2126 denas
2567 2068 2763 2139 quippe
2806 2066 3006 2121 habere
3055 2064 3410 2134 reperiuntur.
3449 2063 3561 2117 Hinc
3586 2062 3775 2132 jam,siatt

2361 2162 2637 2217 Matthmus
2652 2158 2975 2229 evangelista
3012 2156 3356 2222 determinat,
3401 2164 3498 2209 tres
3532 2163 3669 2208 aetates
3690 2170 3774 2219 usque

2360 2253 2427 2309 ad
2454 2251 2648 2308 Christi
2674 2251 3067 2321 subsequuntur
3091 2247 3397 2312 adventum,
3426 2260 3529 2314 quze
3564 2244 3772 2312 singulae.

2360 2347 2446 2402 nis
2505 2353 2561 2400 et
2623 2343 2894 2415 quaternis
2956 2339 3390 2413 generationibus
3450 2337 3771 2407 explicanturzti

2360 2435 2628 2492 Abraham
2655 2448 2821 2505 usque
2841 2433 2906 2489 ad
2932 2432 3100 2487 David
3149 2446 3275 2492 una,
3298 2430 3453 2484 altera
3488 2427 3588 2482 inde
3619 2442 3723 2493 usque
3743 2426 3770 2478 si

2361 2525 2879 2597 transmigrationem
2923 2524 2977 2578 in
3026 2521 3392 2594 Babyloniam,
3426 2520 3556 2573 tertia
3586 2517 3674 2571 inde
3691 2532 3767 2583 usqu

2366 2617 2433 2674 ad
2452 2617 2652 2677 Christi
2677 2616 2945 2671 carnalem
2975 2614 3332 2669 nativitatem.
3362 2610 3504 2665 Fiunt
3536 2610 3667 2677 itaque
3680 2620 3770 2658 omne

2363 2710 2615 2780 quinque.
2644 2707 2815 2764 Sexta
2836 2720 2975 2761 nunc
2998 2705 3196 2775 agitur,
3242 2703 3383 2758 nullo
3406 2702 3710 2771 generationem
3726 2712 3769 2748 u-

2361 2815 2511 2857 mero
2530 2798 2814 2864 metienda,
2845 2804 3061 2867 propter
3090 2794 3143 2850 id
3184 2793 3325 2864 quod
3347 2793 3525 2847 dictum
3563 2798 3637 2852 est,
3658 2785 3771 2839 ΝΜ

2361 2902 2578 2948 vestrum
2595 2892 2723 2947 scire
2748 2899 2989 2959 tempora,
3011 2902 3129 2957 quia
3151 2885 3307 2939 Pater
3327 2883 3476 2953 posuit
3492 2882 3536 2935 in
3554 2896 3623 2933 sua
3642 2884 3771 2947 potam

2363 2987 2382 3056 (
2403 2986 2514 3038 Act.
2532 2999 2571 3050 ι,
2593 2984 2624 3038 7
2654 2984 2695 3053 ).
2719 2981 2845 3036 Post
2865 2979 3001 3033 hanc
3018 2987 3273 3048 tanquam
3295 2976 3345 3029 in
3361 2974 3443 3029 die
3463 2971 3641 3041 septimo
3658 2966 3772 3033 requie-

2363 3076 2655 3141 scetDeus,
2685 3087 2808 3128 cum
2858 3070 3108 3125 eumdem
3162 3068 3437 3138 septimum
3469 3063 3600 3126 diem,
3621 3057 3710 3128 quod
3726 3068 3772 3107 nos

2363 3171 2583 3235 erimus,
2617 3168 2668 3221 in
2703 3181 2763 3221 se
2794 3167 2908 3235 ipso
2934 3163 3081 3218 Deo'
3114 3161 3271 3217 faciet
3302 3157 3605 3227 requiescere.
3642 3150 3690 3203 De
3717 3148 3771 3198 ius

2364 3276 2526 3333 porro
2558 3259 2801 3316 mtatihus
2827 3256 3049 3325 singulis
3093 3268 3235 3308 nunc
3286 3251 3536 3320 diligenter
3577 3245 3769 3310 longumsl

2364 3357 2655 3426 disputare.
2677 3352 2801 3407 llmc
2818 3360 2995 3404 tamen
3014 3348 3242 3418 septima
3262 3346 3358 3400 erit
3376 3340 3604 3396 sabbatum
3618 3340 3767 3426 uuam.

2365 3418 2516 3519 cujus
2542 3446 2663 3500 ﬁnis
2689 3458 2795 3499 non
2818 3442 3180 3509 eritveSpera,
3208 3436 3301 3492 sed
3334 3432 3587 3490 dominicus
3605 3425 3682 3479 dies
3695 3418 3766 3471 vehi!

2364 3516 2583 3596 octavus
2599 3546 2847 3600 aeternus,
2860 3533 2948 3603 qui
2960 3530 3162 3587 Christi
3184 3522 3539 3584 resurrectione
3553 3522 3711 3607 sacratus
3720 3516 3767 3567 €51»

2364 3639 2619 3687 aeternam
2645 3642 2751 3682 non
2765 3625 2938 3681 solum
2959 3623 3198 3692 spiritus,
3216 3632 3392 3674 verum
3408 3614 3540 3669 etiam
3556 3612 3765 3697 corporist?“

2366 3723 2543 3794 quiem
2560 3719 2923 3790 praefigurans.
2951 3687 3364 3793 lb'Lvacabimus,
3380 3700 3665 3794 etvidehilmIs

2365 3778 2947 3877 bimus-etamabimtis
2963 3822 2977 3871 ;
3000 3778 3327 3885 5175mm.
3342 3792 3680 3885 ﬁllalldammsf

2367 3904 2509 3975 (ιυοει
2534 3876 2637 3959 έΐίι
2666 3876 2717 3957 ir"
2762 3901 2873 3979 ﬁll};
2893 3899 3012 3959 sine
3032 3878 3323 3957 inﬂatu
3346 3888 3452 3959 quis
3477 3884 3584 3981 alius
3604 3876 3765 3981 ξοὲιῗξεξ

2366 3956 2509 4063 δαὶς,
2527 3994 2629 4048 nisi
2656 3964 2933 4067 pervenire
2956 3988 3023 4051 ad
3034 3956 3761 4067 regnummsﬁwgmni‘st

2439 4074 2493 4144 fi.
2526 4076 2741 4142 Videor
2762 4070 2767 4075 ’
2790 4064 2917 4138 mihi
2966 4080 3206 4136 debitum
3252 4073 3462 4146 ingentis
3496 4066 3613 4134 hujus
3648 4064 3764 4146 opem:

2368 4140 2654 4251 adj'uvante
2704 4173 2950 4239 Domino,
2998 4140 3330 4226 reddidisse:
3360 4140 3765 4251 Quibus

2367 4242 2558 4344 quibus
2588 4269 2811 4325 nimium
2853 4273 2955 4331 est,
3008 4264 3142 4318 mihi
3193 4245 3644 4333 ignoscantzquibus
3672 4242 3766 4344 uti“

2370 4330 2499 4421 satis
2520 4372 2621 4429 est,
2653 4376 2759 4416 non
2784 4358 2935 4422 mihi,
2959 4356 3051 4412 sed
3082 4356 3193 4411 Deo
3210 4364 3407 4407 mecum
3432 4341 3588 4416 gratias
3602 4330 3766 4396 Μίνω

2369 4457 2539 4511 iantes
2561 4461 2739 4525 agant.
2774 4452 2963 4505 Amen.
