4118 6532
297 369 400 422 809

296 488 349 539 in
377 483 596 538 Actibus
623 480 999 549 Apostolorum
1020 477 1343 546 nominatur,
1366 480 1728 533 necessarium
1753 480 1879 537 duxi

297 553 530 626 pandere
560 561 749 606 vestras
789 553 840 604 in
869 550 1084 626 Christo
1123 550 1398 626 Dilectioni
1419 592 1431 610 ,
1477 551 1791 626 imploralus
1820 567 1884 607 ac

297 622 466 693 inagis
490 625 669 692 jussus
694 638 722 673 a
753 631 937 676 sancto
963 631 1016 693 et
1045 622 1134 674 llei
1175 623 1378 676 cultore
1406 630 1550 693 patre
1573 622 1729 674 Avito
1765 637 1884 690 pre-

257 692 278 724 '
299 691 596 766 shy—tergm
613 693 902 766 secundum
920 691 1074 766 [idem
1093 691 1880 766 consummataminterroganti

299 762 450 834 quasi
477 764 619 817 (ilius
650 764 781 831 patri
810 764 1123 834 obaudiens,
1157 763 1293 815 sicut
1322 762 1566 830 cognovi,
1589 777 1708 816 cum
1737 763 1884 816 omni

299 835 639 902 simplicitate
666 835 891 903 impiger
930 833 1135 902 integre
1165 833 1453 888 indicarem
1487 848 1701 887 onmem
1740 835 1881 887 veri-

301 915 460 959 latera
471 945 484 959 .

369 1039 425 1092 2.
469 1037 566 1091 Die
605 1037 766 1104 igitur
807 1035 1116 1097 Parasceve,
1161 1033 1262 1088 hoc
1291 1045 1375 1088 est
1403 1045 1549 1088 sexta
1581 1034 1729 1099 feria,
1764 1051 1882 1104 quae

303 1118 385 1162 est
415 1109 571 1163 tertio
595 1124 760 1161 nonas
787 1106 1106 1169 decembris,
1136 1107 1412 1158 consulatu
1454 1107 1668 1158 llonorii
1703 1109 1882 1160 decies

299 1179 651 1233 etTheodosii
674 1179 847 1231 sexies
875 1180 1231 1245 Augustorum
1254 1178 1354 1246 (a),
1385 1177 1700 1230 adveniente
1728 1187 1884 1231 nocte

302 1251 575 1303 dormiens
601 1249 652 1302 in
682 1248 844 1302 cubili
876 1263 995 1300 meo
1014 1289 1026 1305 .
1057 1247 1108 1300 in
1137 1248 1251 1299 loco
1281 1259 1467 1300 sancto
1487 1248 1803 1316 baptisterii,
1830 1249 1881 1301 in

302 1336 407 1390 quo
432 1319 764 1374 consuetudo
794 1327 909 1370 erat
943 1317 1070 1390 mihi
1107 1317 1341 1390 dormire
1366 1359 1384 1390 ,_
1412 1328 1464 1370 et
1492 1318 1760 1371 custodire
1787 1334 1881 1372 ec-

303 1388 595 1445 clesiastica
622 1405 740 1459 qua:
769 1396 922 1459 erant
944 1389 996 1440 in
1030 1388 1346 1459 ministerio,
1375 1388 1502 1441 hora
1533 1391 1684 1442 tertia
1712 1391 1885 1443 noctis

305 1476 423 1531 quae
450 1471 529 1514 est
555 1458 719 1528 prima
737 1458 1316 1531 custodiavigiliarum,
1345 1460 1497 1531 quasi
1525 1460 1576 1512 in
1597 1459 1888 1531 ecstasicf-

295 1528 475 1586 fectus
502 1531 880 1599 semivigilans,
914 1528 1020 1582 vidi
1049 1530 1456 1599 virumsenem,
1488 1529 1700 1599 longum
1719 1571 1732 1592 ,
1764 1529 1882 1584 hie-

303 1617 587 1670 r0prepcn,
610 1598 709 1652 hoc
724 1609 806 1652 est
822 1599 1038 1668 dignum
1057 1598 1408 1665 sacerdotem,
1429 1598 1640 1663 canum,
1664 1599 1882 1654 barbam

303 1672 566 1741 prolixam
593 1671 898 1733 habentem,
925 1671 1194 1737 palliatum
1231 1670 1347 1741 alba
1371 1670 1527 1735 stola,
1560 1671 1644 1724 cui
1674 1675 1884 1725 inerant

302 1740 586 1810 gemmulis:
626 1756 801 1794 aurea:
833 1741 1089 1793 habentes
1126 1740 1444 1794 intrinsecus
1477 1752 1674 1793 sanctae
1704 1742 1885 1795 crucis

301 1815 532 1883 signum,
571 1820 626 1867 et
664 1816 864 1883 virgam
912 1825 1127 1864 auream
1173 1811 1226 1863 in
1267 1826 1426 1864 manu
1471 1810 1774 1866 habentem.
1818 1811 1886 1866 Et

305 1882 529 1938 veniens
555 1883 701 1936 stetit
722 1882 786 1934 ad
817 1882 1088 1936 dexteram
1106 1896 1300 1947 meam,
1327 1891 1381 1934 et
1403 1897 1562 1935 aurea
1592 1883 1735 1952 virga
1768 1883 1883 1951 pul-

303 1955 439 2006 Savil
469 1968 575 2017 me,
605 1963 687 2008 ter
711 1966 911 2006 vocans
942 1953 1155 2006 nomine
1182 1966 1322 2016 meo,
1356 1953 1542 2006 dicens
1574 1971 1586 2004 :
1616 1953 1881 2021 Luciane,

305 2024 555 2089 Luciane,
602 2023 857 2078 Luciane.
907 2022 975 2076 Et
1019 2022 1154 2075 dixit
1191 2022 1318 2074 mihi
1369 2039 1544 2091 graeco
1589 2040 1880 2091 sermone,

305 2095 451 2148 Vade
490 2095 542 2147 in
581 2095 853 2147 civitatem
881 2108 1000 2161 qua:
1027 2093 1222 2146 dicitur
1263 2093 1431 2156 Helia,
1469 2111 1585 2161 qua:
1616 2104 1697 2147 est
1725 2095 1883 2149 Jeru-

301 2165 494 2229 salem,
525 2175 578 2218 ct
605 2164 692 2218 dic
719 2175 904 2216 sancto
933 2164 1123 2217 Joanni
1155 2163 1242 2231 qui
1275 2173 1354 2216 est
1386 2165 1436 2216 in
1462 2180 1522 2216 ea
1554 2166 1836 2234 episcopus
1867 2184 1881 2219 :

301 2235 542 2302 Quandiu
555 2235 721 2288 clausi
738 2250 941 2294 sumus,
961 2243 1012 2287 et
1035 2250 1139 2287 non
1158 2235 1332 2302 aperis
1347 2235 1530 2288 nobis?
1549 2235 1610 2288 Et
1634 2239 1882 2302 maxime,

301 2308 426 2374 quia
453 2307 503 2360 in
525 2305 850 2374 temporibus
882 2305 954 2357 tui
985 2305 1265 2358 sacerdotii
1289 2315 1498 2372 oportet
1520 2321 1616 2359 nos
1638 2307 1882 2360 revelari.

302 2378 468 2444 Aperi
503 2377 656 2430 nobis
693 2376 1010 2428 festinanter
1045 2385 1470 2438 monumentum,
1504 2377 1588 2428 tibi
1635 2377 1683 2428 in
1714 2379 1884 2445 negli-

301 2448 475 2510 gentia
506 2448 688 2515 posita:
713 2458 835 2498 snnt
855 2458 1053 2498 nostra:
1080 2445 1336 2514 reliquiae,
1356 2455 1414 2498 ut
1444 2461 1537 2513 per
1558 2461 1655 2499 nos
1680 2450 1885 2514 aperiat

307 2520 446 2569 lii-us
472 2529 524 2570 et
548 2517 794 2570 Christus
823 2516 939 2583 ejus
969 2526 1019 2568 et
1042 2517 1271 2582 Spiritus
1299 2528 1516 2570 sanctus
1551 2518 1739 2570 ostium
1771 2519 1883 2572 cle-

302 2591 514 2642 mentia:
536 2604 646 2641 sua:
673 2588 722 2639 in
749 2591 848 2639 hoc
871 2586 1088 2640 mundo.
1114 2586 1447 2639 Periclitatur
1468 2588 1606 2640 enim
1629 2589 1881 2642 sarculum

303 2659 406 2712 hoc
430 2675 492 2712 ex
525 2658 704 2712 multis
729 2657 939 2711 casibus
970 2657 1075 2726 (ὁ),
1104 2657 1192 2726 qui
1215 2658 1346 2710 tiunt
1370 2659 1422 2710 in
1438 2672 1503 2711 eo
1529 2659 1782 2726 quotidie.
1815 2659 1885 2714 Et

302 2745 406 2781 non
441 2739 640 2782 tantum
677 2727 938 2782 sollicitus
967 2744 1085 2781 sum
1118 2743 1211 2795 pro
1251 2743 1358 2792 me,
1389 2737 1641 2795 quantum
1674 2744 1769 2796 pro
1801 2729 1884 2785 his

298 2801 391 2867 qui
417 2809 539 2853 sunt
565 2800 720 2868 positi
741 2812 974 2866 mecum,
1002 2799 1170 2852 sancti
1203 2808 1257 2852 et
1281 2801 1430 2852 multi
1460 2799 1680 2854 honoris
1710 2800 1882 2870 digni.

373 2935 424 2989 5.
451 2935 512 2988 Et
539 2935 784 3001 respondi
813 2935 861 2988 ei
887 2933 1070 2988 dicens
1100 2933 1263 3002 :Quis
1288 2933 1428 2987 enim
1457 2948 1516 2989 es
1545 2946 1620 2998 tu,
1645 2934 1881 3005 domine,

298 3015 357 3059 et
387 3007 436 3058 bi
467 3005 555 3074 qui
587 3015 757 3058 tecum
783 3005 942 3058 sunt?
972 3005 1262 3072 Respondit
1293 3005 1422 3057 mihi
1450 3023 1462 3055 :
1497 3007 1605 3073 Ego
1634 3019 1749 3059 smn
1779 3008 1884 3062 Ga-

301 3077 500 3140 malicl,
516 3076 603 3140 qui
625 3076 840 3129 Paulum
856 3075 1152 3143 apostolum
1174 3074 1368 3128 Christi
1389 3076 1606 3140 nutrivi,
1619 3088 1670 3129 et
1686 3077 1881 3145 Legem

300 3147 453 3200 docui
498 3148 547 3198 in
579 3146 896 3199 Jerusalem.
939 3146 1004 3199 Et
1045 3147 1134 3213 qui
1178 3161 1382 3198 mecum
1423 3155 1505 3198 est
1546 3148 1598 3200 in
1637 3149 1883 3202 orientali

297 3229 451 3285 parte
499 3219 828 3269 monumenti
867 3216 1080 3285 jacens,
1131 3217 1241 3285 ipse
1288 3226 1368 3268 est
1416 3216 1645 3271 domnus
1677 3219 1692 3248 ⁸
1732 3234 1884 3275 meus

305 3286 635 3357 Stephanus,
665 3287 765 3358 qui
785 3287 1047 3355 lapidatus
1074 3299 1154 3340 est
1193 3305 1221 3338 a
1248 3285 1525 3358 Jntlieisret
1556 3288 1881 3358 principibus

299 3356 637 3412 sacerdotum
667 3358 717 3410 in
740 3356 1039 3410 Jerusalem
1063 3374 1156 3424 pro
1177 3358 1372 3427 Christi
1393 3357 1493 3427 lide
1519 3359 1647 3412 foris
1670 3356 1874 3427 portam

298 3444 420 3496 qua:
446 3437 526 3481 est
551 3427 618 3502 ad
662 3429 983 3502 aquilonem,
1017 3443 1134 3494 qum
1159 3426 1303 3479 ducit
1323 3428 1392 3502 ad
1422 3426 1595 3483 Cedar
1623 3447 1636 3483 :
1663 3426 1754 3502 ubi
1794 3432 1882 3502 die

298 3513 365 3552 ac
392 3511 544 3553 nocte
569 3498 735 3566 jacuit
777 3497 1062 3566 projectus,
1095 3506 1150 3550 ut
1186 3497 1473 3564 sepulturae
1500 3515 1604 3552 non
1640 3497 1880 3568 daretur,

295 3571 592 3624 secundum
621 3572 925 3622 mandatum
958 3569 1240 3636 impiorum
1271 3568 1586 3636 principum,
1618 3580 1723 3623 uta
1752 3570 1880 3626 feris

292 3652 703 3694 consumeretur
746 3654 940 3706 corpus
981 3640 1116 3706 ejus.
1157 3638 1234 3690 Ex
1268 3637 1361 3691 Dei
1391 3651 1571 3694 autem
1609 3640 1880 3697 voluntate

298 3725 410 3764 non
434 3712 601 3778 tetigit
629 3728 748 3763 eum
775 3727 935 3762 unum
962 3725 1026 3764 ex
1055 3710 1156 3772 bis,
1185 3725 1290 3761 non
1312 3709 1439 3767 fera.
1475 3727 1580 3763 non
1607 3712 1740 3772 avis,
1771 3729 1875 3766 non

296 3783 465 3834 canis.
486 3781 599 3850 Ego
627 3781 885 3836 Gamalicl
926 3781 1254 3849 compatieus
1283 3780 1478 3833 Christi
1523 3782 1786 3848 ministro,
1825 3793 1878 3836 et

296 3851 556 3906 festinans
577 3851 772 3906 habere
793 3851 1091 3904 mercedem
1113 3860 1167 3905 et
1191 3859 1393 3919 partem
1420 3866 1540 3905 cum
1563 3862 1746 3905 sancto
1765 3853 1878 3907 viro

296 3925 349 3976 in
381 3923 503 3982 ﬁde,
531 3925 648 3976 misi
681 3938 775 3990 per
802 3932 1010 3975 noctem
1041 3932 1268 3990 quantos
1301 3936 1551 3974 noveram
1579 3923 1871 3990 religiosos,

295 4005 350 4046 et
381 3995 430 4046 in
453 3993 666 4047 Christo
695 3993 821 4047 Jesu
847 3994 1147 4055 credentes,
1181 3992 1475 4045 habitantes
1502 3993 1550 4045 in
1579 3993 1874 4048 Jerusalem

295 4065 348 4116 in
382 4065 555 4118 medio
581 4064 906 4128 Judazorum,
933 4073 987 4117 et
1020 4063 1260 4116 hortatus
1302 4078 1418 4115 sum
1449 4080 1562 4124 cos,
1592 4075 1644 4117 et
1672 4080 1769 4118 nec
1782 4080 1871 4118 es-

294 4133 436 4187 saria
468 4135 780 4188 substantia:
810 4134 1128 4198 ministravi,
1161 4149 1223 4187 ac
1255 4135 1491 4201 persuasi
1534 4135 1636 4188 illis
1674 4135 1751 4188 ire
1787 4149 1876 4189 oc-

291 4205 456 4270 culte,
487 4213 544 4259 ut
568 4215 839 4275 portarent
861 4220 1057 4275 corpus
1075 4206 1191 4273 ejus
1214 4218 1332 4257 meo
1350 4205 1592 4258 vehiculo
1617 4206 1670 4258 in
1699 4207 1872 4259 villam

293 4290 492 4346 ineam,
529 4274 629 4330 huc
654 4286 735 4329 est
765 4276 819 4328 in
842 4274 1260 4346 Caphargamala
1292 4275 1466 4346 (quod
1499 4276 1874 4346 interpretatur

295 4345 431 4398 Villa
459 4346 814 4415 Gamalielis),
849 4346 1029 4414 viginti
1067 4345 1232 4398 millia
1257 4360 1288 4398 a
1319 4345 1534 4399 civitate
1565 4347 1785 4411 habens,
1818 4355 1873 4401 et

291 4415 366 4468 ibi
395 4416 493 4471 feci
520 4417 592 4471 illi
618 4418 885 4486 planctum
909 4417 1021 4471 ﬁeri
1042 4417 1230 4470 diebus
1251 4416 1598 4485 quadraginta
1621 4419 1640 4447 ²
1662 4428 1717 4472 et
1739 4433 1874 4485 prac-

289 4489 408 4555 Cepi
436 4505 558 4542 eum
587 4489 640 4541 in
666 4502 788 4542 meo
816 4497 1164 4541 monumento
1195 4489 1316 4554 poni
1345 4487 1396 4540 in
1427 4488 1671 4541 orientali
1697 4489 1868 4552 theca,

292 4566 348 4610 et
380 4563 605 4627 pl'wcepi
641 4559 719 4612 eis
746 4573 1094 4628 quazcumque
1132 4560 1430 4612 necessaria
1459 4567 1611 4612 erant
1638 4575 1733 4628 pro
1758 4559 1874 4628 ejus

289 4630 506 4696 planctu
535 4632 602 4684 de
623 4645 742 4682 meo
769 4629 883 4681 dari
912 4629 1002 4698 (ε).
1043 4628 1160 4696 Ipse
1188 4630 1349 4682 etiam
1384 4632 1611 4683 domnus
1652 4629 1876 4685 Nicode-

287 4715 412 4753 mus
441 4703 489 4752 in
520 4701 620 4753 alia
648 4700 798 4754 theca
824 4701 1025 4767 positus
1045 4707 1148 4762 est,
1173 4700 1262 4765 qui
1288 4701 1512 4753 venitatl
1539 4700 1870 4757 Salvatorem

287 4770 472 4825 Jesum
501 4782 676 4831 nocte,
723 4783 778 4824 et
806 4771 1192 4838 evangelizatus
1220 4779 1302 4822 est
1335 4769 1354 4799 ³
1380 4769 1447 4822 ab
1475 4785 1561 4832 eo,
1595 4771 1822 4826 audiens
1854 4789 1867 4824 :

289 4840 411 4894 Nisi
439 4843 551 4912 quis
576 4852 778 4896 renatus
806 4841 957 4909 fuerit
991 4857 1053 4892 ea:
1077 4856 1208 4912 aqua
1237 4851 1286 4893 et
1317 4839 1514 4912 Spiritu
1543 4852 1737 4904 sancto,
1769 4859 1872 4895 non

288 4910 459 4981 potest
492 4913 699 4965 introire
736 4915 788 4964 in
834 4929 1044 4981 regnum
1086 4911 1324 4962 coriorum
1368 4910 1542 4979 (Joan.
1579 4926 1654 4974 In,
1697 4913 1772 4979 5).
1805 4913 1872 4967 Et

287 4986 473 5037 exiens
498 4983 793 5050 baptizatus
814 4992 898 5036 est
935 4998 963 5033 a
994 4982 1189 5034 Christi
1225 4981 1518 5047 discipulis.
1553 4981 1617 5034 Et
1666 4996 1868 5051 Cogno-

286 5054 689 5110 scentesJudtei
737 5062 1051 5106 amoverant
1086 5067 1206 5105 eum
1245 5067 1272 5102 a
1318 5052 1612 5120 principatu
1654 5069 1772 5116 suo,
1816 5061 1870 5107 ρι

285 5126 869 5179 anathematizaverunt
886 5139 1028 5186 eum,
1053 5132 1107 5177 et
1131 5122 1197 5176 dc
1221 5122 1434 5176 civitate
1457 5123 1870 5177 essiliavetunt.

285 5199 353 5252 lit
374 5198 511 5250 hunc
531 5213 630 5265 ego
651 5195 903 5254 Gamaliel
922 5195 1071 5263 quasi
1095 5205 1520 5261 persecutionem
1546 5208 1640 5262 pro
1659 5192 1870 5247 Christo

283 5283 523 5336 passum,
550 5266 738 5320 sustuli
763 5282 885 5320 eum
919 5265 970 5318 in
1003 5280 1180 5318 meum
1219 5280 1426 5333 agrum,
1457 5274 1512 5318 et
1545 5265 1648 5317 alui
1681 5277 1734 5318 et
1778 5281 1869 5319 ve-

349 5405 366 5435 ι
403 5402 518 5450 Εᾱίιί
545 5401 623 5450 hic
659 5407 712 5450 et
749 5399 857 5449 aliis
877 5396 1162 5463 quibusdam
1200 5395 1334 5456 locis,
1375 5394 1629 5456 dominus;
1654 5409 1740 5457 pro
1774 5410 1871 5458 quo

283 5467 786 5596 “Sisigambi.
815 5531 869 5573 At
891 5523 1028 5583 editi,
1050 5520 1364 5585 septuaginta.
1384 5519 1526 5579 Beda,
1550 5518 1872 5582 quadraginta

281 5601 537 5700 militiam
560 5647 913 5708 manuscriptis.
943 5654 995 5695 At
1018 5648 1066 5695 in
1093 5645 1251 5702 editis,
1276 5643 1593 5694 catcchizatus
1615 5637 1701 5694 est.

352 5733 424 5791 (α)
457 5737 540 5780 Dle
567 5733 712 5794 tertio
744 5731 1020 5794 decembris
1039 5729 1148 5775 anni
1173 5726 1281 5794 415.

356 5796 428 5855 (ti)
465 5794 510 5841 t'd
536 5800 626 5849 est,
651 5791 879 5854 lapsibus,
904 5793 1008 5838 sive
1034 5791 1254 5851 peccatis.
1333 5851 1346 5855 Α,

353 5851 423 5916 (ej
460 5857 599 5913 Beda,
625 5851 708 5902 lib;
736 5861 935 5902 ltetract.
966 5855 1012 5899 in
1037 5859 1143 5899 Acta
1163 5885 1176 5912 ,
1200 5864 1303 5911 cap.
1331 5851 1376 5898 8.

615 5956 884 6016 ΡΑΤιιοιι.
930 5951 1082 6014 XLI.

1627 361 1959 420 EPISTOLA
2000 364 2294 425 LUCIANI.

3464 392 3568 448 810

1993 483 2121 575 duxi
2147 494 2202 537 ut
2221 495 2400 575 frstra:
2424 489 2696 575 penderem
2725 489 3142 575 Sanctitati..non
3164 499 3416 566 jactantia
3443 523 3569 575 qua-

1992 557 2132 614 dam.
2154 557 2243 626 sed
2269 559 2334 609 ad
2359 561 2789 626 confirmationem
2817 564 3149 620 audientium.

2062 627 2114 712 ξ.
2149 625 2324 712 Tertia.
2343 625 2474 710 enim
2500 630 2600 711 vice
2618 631 2746 709 mihi
2769 643 3021 688 ostensum
3035 649 3126 699 est,
3156 639 3276 693 dum
3295 645 3571 712 quiscerem

1991 697 2042 747 in
2073 697 2586 782 basilica'bapt‘isterii
2612 702 2662 754 in
2691 713 2850 782 strata
2872 721 3001 782 meo,
3032 697 3120 782 diei
3137 721 3275 764 sexta
3299 697 3428 782 feria

1992 778 2232 858 cescprite,
2256 771 2388 821 circa
2416 770 2590 851 horam
2617 775 2774 827 noctis
2807 770 3001 857 tertiam
3020 819 3034 840 ,
3073 779 3193 858 dum
3219 770 3386 837 adhuc
3411 770 3568 858 prope

1991 840 2268 906 vigilarem,
2289 850 2526 909 tanquam
2544 843 2594 894 in
2615 860 2815 896 excessu
2837 849 3012 898 mentis
3034 849 3257 915 effectus,
3280 857 3380 907 vidi
3406 840 3567 912 birurni

1991 921 2136 994 gnate
2152 927 2337 989 senem,
2354 922 2548 992 statura
2572 931 2853 994 procerum,
2878 921 3017 971 vultu
3038 927 3293 986 decorum,
3321 931 3569 994 promissa

1994 980 2166 1058 barba,
2196 981 2246 1032 in
2270 983 2446 1034 vestitu
2467 985 2702 1044 candido.
2727 988 2962 1039 amictum
2985 991 3160 1056 pallio,
3187 994 3239 1046 in
3263 980 3409 1066 cuius

1992 1051 2162 1138 mittite
2191 1063 2332 1132 erant
2375 1063 2612 1120 tanquam
2641 1072 2816 1138 ‘auret‘e
2857 1051 3027 1112 cruces
3061 1051 3265 1116 intexta:
3303 1051 3381 1138 (let

1996 1122 2186 1208 tjenebat
2209 1125 2406 1208 pirgqm
2430 1125 2679 1208 auream),
2713 1128 2991 1180 calceatum
3020 1133 3196 1202 caligis
3227 1137 3277 1188 in
3306 1122 3571 1208 inpar/fcie

1993 1191 2714 1266 degat-aiis,ideainbulantem
2758 1215 2928 1252 coram
2973 1218 3080 1263 me,
3120 1191 3172 1255 ’ἐι
3204 1191 3567 1266 tacent'emfnli't

1993 1257 2105 1342 cuin
2132 1264 2225 1316 hoc
2246 1265 2748 1342 viderent,_ha_.'sitans
2775 1270 2907 1322 intra
2932 1257 3567 1342 memetipsum

1995 1333 2120 1412 Quis
2149 1345 2297 1415 putns
2333 1337 2440 1415 est?
2466 1336 2526 1388 de
2553 1336 2778 1415 Deoest,
2821 1357 2886 1392 an
2913 1343 2972 1415 de
2997 1333 3205 1415 adveisa
3244 1333 3423 1415 parte?

1993 1405 2123 1492 enim
2151 1405 2332 1492 oblitus
2358 1407 2552 1492 [ueram
2573 1410 2704 1462 verbi
2732 1411 2961 1490 ᾼροδιοιί
2979 1405 3358 1492 dicentis,_Nam
3381 1434 3431 1475 et
3456 1405 3568 1492 ipse

1992 1485 2203 1559 Satanas
2231 1481 2591 1559 ‘tralnsligurat
2637 1495 2710 1559 se_
2735 1481 2786 1559 in
2839 1483 3083 1552 angelum
3132 1487 3260 1540 lucis
3317 1492 3398 1559 (ll
3439 1481 3561 1548 Cor.

1992 1547 2267 1631 sit“).
2322 1547 2449 1630 Cum
2500 1566 2616 1631 ergo
2664 1552 2882 1606 viderem
2913 1547 3050 1631 'eum
3111 1547 3554 1631 deambulantem,

1992 1619 2211 1692 cogitare
2233 1619 2357 1683 ccepi
2401 1621 2452 1672 in
2482 1619 2632 1673 corde
2658 1638 2768 1675 meo
2792 1664 2806 1683 ,
2847 1635 2896 1677 et
2931 1624 3093 1679 dicere
3123 1645 3141 1680 :
3183 1629 3244 1683 Si
3283 1633 3364 1686 hic
3408 1619 3558 1692 homo

1993 1687 2056 1738 de
2104 1687 2210 1762 lico
2257 1700 2365 1754 est,
2420 1693 2564 1762 tertia
2607 1693 2710 1744 vice
2751 1711 2829 1747 me
2880 1698 3081 1749 nomine
3131 1715 3238 1752 meo
3285 1687 3566 1762 clamabit':

1991 1757 2125 1842 qpod
2151 1761 2196 1842 si
2218 1777 2309 1842 pte.
2328 1761 2480 1842 semel
2506 1764 2810 1842 vocitaverit,
2843 1782 2944 1842 non
2972 1767 3050 1819 illi
3076 1768 3205 1822 dabo
3245 1757 3560 1842 responsum:

1998 1825 2098 1893 Qui
2121 1831 2249 1903 nihil
2276 1830 2528 1895 dubitans,
2557 1825 2877 1888 dissimulata
2907 1838 3309 1896 deambulalione
3326 1825 3567 1903 tanta

1994 1914 2074 1952 me
2096 1914 2116 1952 :
2142 1912 2188 1954 et
2217 1902 2277 1980 de
2301 1903 2458 1972 virga,
2487 1920 2638 1980 quam
2665 1909 3283 1980 manantenebat,pulsans
3301 1931 3397 1980 me,
3423 1902 3566 1974 tertio

1991 1985 2073 2059 t'ne
2109 1972 2313 2059 nomine
2350 1990 2461 2054 meo
2500 1972 2756 2059 clamavit,
2790 1977 2960 2059 dicens
2986 1995 3006 2032 :
3037 1972 3279 2059 Luciane,
3321 1972 3565 2059 Lucinae,

1992 2038 2236 2115 Luciane.
2267 2043 2360 2097 Cui
2402 2062 2491 2115 ego
2522 2046 2756 2111 respondi
2798 2065 2816 2101 :
2853 2049 2976 2114 Quis
3017 2066 3098 2112 es,
3143 2038 3566 2114 domine?”Di.itii

1993 2113 2118 2201 mihi
2141 2128 2158 2166 :
2183 2115 2366 2201 Surge,
2397 2113 2442 2167 et
2467 2118 2609 2201 vade,
2641 2128 2685 2170 et
2711 2118 2796 2198 dic
2818 2113 3008 2201 Joannni
3041 2123 3273 2193 episcopo
3301 2113 3564 2201 Jerosoly-s

1991 2185 2181 2268 mitanp
2207 2199 2226 2237 :
2260 2185 2525 2267 Usquequo
2563 2189 2721 2240 clausi
2747 2205 2919 2268 sumus
2941 2192 2966 2242 Ρ
2989 2185 3238 2268 usquequo
3266 2213 3366 2250 non
3397 2185 3566 2268 apeii's

1992 2255 2167 2328 nobis?
2197 2259 2415 2328 maxime
2441 2255 2565 2309 cum
2607 2260 2910 2327 temporibus
2955 2255 3070 2314 tuis'
3091 2255 3345 2320 revelandi
3380 2255 3560 2328 simus;

1993 2323 2146 2410 aperi
2176 2327 2316 2380 nobis
2329 2328 2576 2410 .vcllocius,
2605 2340 2661 2382 ut
2691 2323 2778 2410 per
2807 2341 3027 2410 nostram
3054 2335 3332 2390 orationem
3365 2323 3563 2410 aperiat

1992 2393 2132 2474 Deus
2170 2399 2340 2465 generi
2385 2399 2604 2474 humano
2641 2393 2822 2474 ostium
2847 2403 3216 2474 misericordiae
3241 2424 3363 2462 suat.

1991 2470 2362 2545 eninvtentpus,
2396 2479 2450 2521 ut
2487 2470 2568 2522 hic
2597 2472 2812 2526 mundus
2838 2473 3066 2534 intereat.
3109 2492 3215 2543 prce
3244 2482 3564 2538 multitudine

1990 2537 2309 2619 iniquitatum
2333 2556 2560 2619 suarum,
2580 2558 2717 2619 anas
2743 2545 2964 2619 quotidie
2983 2537 3198 2619 faciunt.
3230 2548 3296 2600 Et
3318 2563 3430 2619 post
3455 2537 3562 2608 haec

1991 2607 2064 2658 ait
2091 2608 2264 2684 :“lllon
2305 2611 2620 2684 solummodo
2657 2607 2763 2664 mei»
2781 2629 2941 2684 causa
2972 2607 3216 2671 sollicitus
3241 2607 3372 2684 sum,
3400 2626 3488 2676 sed
3517 2607 3563 2680 et

1991 2679 2207 2753 proillis
2229 2680 2314 2748 qui
2337 2697 2530 2753 mecum
2559 2693 2676 2734 sunt
2707 2700 2723 2735 :
2753 2683 2893 2753 digni
2915 2688 3043 2738 enim
3069 2698 3186 2740 sunt
3215 2679 3448 2747 maximis
3469 2679 3560 2749 Ito?

1991 2751 2194 2833 naribus
2218 2752 2462 2833 cumulari
2488 2753 2539 2833 in
2567 2754 2748 2818 terris;
2787 2751 2905 2824 quia
2944 2757 3082 2810 locus
3111 2759 3164 2810 in
3191 2776 3286 2828 quo
3305 2765 3558 2833 jacemus,

1989 2821 2135 2873 valde
2157 2821 2414 2890 despectus
2439 2832 2530 2876 est.

2061 2893 2114 2946 5.
2157 2892 2284 2946 Cum
2327 2893 2432 2945 hwc
2482 2895 2634 2963 igitur
2678 2895 2950 2959 audissent,
2989 2898 3070 2952 aio
3101 2900 3170 2952 ad
3211 2918 3321 2956 eum
3352 2921 3372 2958 :
3392 2905 3561 2962 Dicito

1989 2962 2132 3037 mihi,
2162 2963 2380 3037 d_omine,
2418 2974 2473 3037 tu
2503 2962 2618 3032 quis
2657 2983 2727 3037 es,
2761 2976 2806 3019 et
2840 2968 2926 3037 qui
2963 2980 3080 3022 sunt
3124 2976 3322 3027 tecum?
3348 2974 3416 3028 Et
3441 2979 3564 3033 dicit

1988 3033 2159 3116 mihi:
2178 3033 2411 3116 .Ego‘sum
2436 3035 2706 3116 Gamaliel,
2726 3038 2812 3106 qui
2835 3033 3021 3116 nutrivi
3044 3039 3267 3096 Paulum
3286 3048 3370 3115 qui
3391 3059 3561 3116 postea

1988 3105 2248 3178 apostolus
2275 3105 2438 3174 factus
2461 3117 2550 3159 est.
2584 3107 2685 3178 Qui
2710 3105 2872 3178 autem
2901 3110 3041 3178 jacet
3082 3105 3308 3178 mecum:
3345 3105 3561 3174 domnus

1990 3173 2282 3258 Stephanus
2304 3187 2392 3239 est,
2422 3179 2507 3258 qui
2525 3194 2555 3229 a
2575 3176 2773 3258 Judtvis
2793 3173 3128 3258 derosolgmis
3153 3173 3416 3258 lapidatus
3445 3173 3554 3258 est,

1990 3255 2046 3320 et
2061 3247 2140 3300 die
2157 3258 2411 3320 noctuque
2441 3249 2493 3300 in
2521 3251 2755 3317 exapeleo
2773 3250 2941 3320 jacuit
2973 3247 3283 3320 civitatis,'in
3310 3261 3389 3310 via
3427 3247 3555 3315 eun:

1991 3315 2130 3395 tibus.
2144 3315 2338 3395 Cedar,
2338 3319 2490 3395 jussu
2516 3315 2797 3395 impioruni
2810 3323 3126 3395 sacerdotum
3151 3315 3422 3395 projectus,
3454 3342 3508 3384 ut
3527 3351 3560 3385 α

1989 3387 2157 3442 bestiis
2181 3398 2225 3442 et
2250 3387 2419 3442 avibus
2444 3390 2764 3442 devoraretur
2786 3391 2823 3443 ‘.
2849 3391 2915 3443 Et
2936 3403 3100 3469 tamfn
3126 3387 3217 3448 nec
3235 3387 3554 3469 bestiae'eum,

1989 3475 2080 3512 nec
2122 3476 2236 3512 aves
2281 3469 2485 3535 tangere
2527 3473 2971 3535 praesumpserant.
3011 3463 3123 3535 Ego
3171 3481 3284 3520 vero
3317 3463 3568 3528 Gamaliel

1987 3545 2106 3614 cum
2126 3535 2302 3582 scirent
2327 3532 2639 3584 sanctitatem
2667 3533 2822 3614 viriet
2848 3535 2999 3600 ﬁdem
3027 3532 3075 3588 ei
3085 3538 3405 3614 devotionem
3429 3545 3559 3614 ejus,

1987 3601 2194 3679 credens
2215 3617 2298 3679 me
2324 3611 2515 3679 partem
2541 3617 2730 3679 cunt-eo
2757 3605 2808 3656 in
2832 3608 3190 3679 resurrectione
3215 3610 3415 3679 habere,
3447 3601 3560 3668 misi

1985 3670 2054 3722 ad
2082 3671 2341 3739 religiosos
2370 3671 2500 3723 viros
2529 3681 2574 3722 et
2600 3672 2791 3737 ﬁdeles.
2827 3677 3074 3727 mandans
3099 3687 3147 3729 et
3173 3679 3342 3734 dicens
3366 3670 3559 3737 :INul-

1986 3742 2090 3793 lum
2133 3741 2457 3824 formidantes
2495 3743 3048 3824 acquiescite‘consiliis
3076 3748 3224 3824 meis,
3256 3761 3302 3802 et
3342 3755 3562 3824 colligite

1983 3811 2163 3881 corpus
2209 3813 2369 3865 sancti
2409 3811 2699 3886 Stephani,
2743 3823 2788 3865 et
2845 3814 3032 3885 deferte
3082 3818 3149 3868 ad
3195 3811 3560 3886 possessionem

1984 3899 2169 3960 meam,
2195 3899 2346 3952 quant
2371 3884 2574 3960 nomine
2603 3899 2711 3936 meo
2741 3884 2992 3953 appellavi
3026 3884 3435 3960 Caphdrgamala
3460 3912 3478 3950 :
3511 3905 3560 3950 et

1984 3954 2218 4029 deponite
2240 3970 2352 4006 cum
2369 3955 2421 4029 in
2442 3964 2760 4029 monumento
2776 3971 2883 4029 meo
2905 3974 3066 4020 novo;
3089 3954 3132 4012 et
3153 3954 3303 4029 facite
3320 3977 3560 4019 consueta

1982 4026 2225 4106 solemnia
2248 4042 2334 4104 per
2358 4025 2462 4078 dies
2487 4025 2842 4106 quadraginta,
2865 4027 2917 4080 in
2928 4029 3054 4106 ipsa
3077 4025 3408 4098 possessione,
3445 4053 3561 4106 qua:

1983 4105 2054 4149 est
2084 4097 2136 4172 in
2174 4095 2414 4172 vigesimo
2451 4095 2667 4148 secundo
2694 4096 2887 4172 lapide.
2921 4097 2985 4152 Et
3022 4095 3345 4172 quascumque
3380 4095 3430 4159 in
3457 4095 3563 4161 ἐφ-

1983 4167 2148 4247 pcnsis
2185 4166 2730 4248 solemnibusnerogata.
2759 4166 3073 4248 fuerint,_de_
3092 4189 3201 4224 meo
3240 4166 3449 4248 privberi
3474 4182 3559 4248 fa-

1981 4239 2130 4290 ciam.
2174 4235 2275 4289 Ille
2309 4252 2422 4289 vero
2447 4235 2617 4312 alius,
2645 4238 2730 4307 qui
2770 4241 3011 4312 cumwillo
3043 4243 3202 4312 jacet,
3240 4235 3562 4302 Nicodamus

1983 4324 2134 4386 nepos
2165 4316 2424 4386 _meus_est
2445 4349 2460 4371 ,
2489 4309 2574 4376 qui
2600 4318 2749 4361 noctu
2791 4312 2856 4361 ad
2889 4309 3206 4366 Salvator-em
3233 4317 3477 4386 veniebat,
3506 4329 3564 4372 ut

1981 4379 2201 4456 inritatis
2231 4380 2378 4431 verba
2408 4389 2716 4456 agnosceret,
2748 4390 2794 4433 et
2829 4393 3169 4456 renasceretur
3194 4403 3282 4455 per
3307 4379 3489 4456 aquam
3516 4399 3563 4443 et

1984 4448 2235 4519 Spiritum
2276 4448 2536 4522 sanctum.
2560 4450 2657 4516 Qui
2696 4467 2809 4522 cum
2857 4470 2888 4522 (ι
2927 4453 3146 4507 Domino
3192 4448 3430 4522 audisset,
3471 4462 3561 4514 ba-

1977 4523 2202 4600 ptizatus
2228 4531 2297 4572 est
2307 4537 2353 4600 _a
2379 4521 2566 4600 sanctis
2594 4521 2836 4600 apostolis
2857 4521 3008 4600 Petro
3030 4535 3075 4576 et
3098 4524 3316 4600 Joanne.
3337 4528 3444 4582 Pro
3465 4547 3564 4600 quo

1982 4594 2276 4661 baptismate
2301 4592 2550 4661 indignati
2570 4601 2685 4643 sunt
2714 4592 2967 4660 principes
2987 4597 3304 4649 sacerdotum
3325 4592 3562 4654 adversus

1983 4661 2337 4742 iNicodemum,
2367 4672 2414 4714 et
2455 4661 2738 4742 cogitabgnt
2778 4664 3002 4742 occidere
3027 4681 3149 4742 eum
3185 4670 3336 4742 :sedg
3358 4681 3565 4742 prapter

1981 4734 2220 4807 honorem
2249 4748 2414 4807 meum
2448 4742 2494 4784 et
2521 4749 2626 4784 rem
2697 4736 3157 4807 consanguinitatis
3184 4753 3285 4790 non
3309 4733 3558 4807 fecerunt.

1978 4805 2213 4857 Attamen
2237 4803 2402 4871 plagis
2427 4819 2539 4855 eum
2564 4803 2733 4856 multis
2756 4803 3043 4874 efﬁcientes,
3075 4803 3452 4863 semimortuam
3479 4829 3562 4864 re-

1980 4876 2252 4944 liquerunt,
2286 4885 2330 4925 et
2354 4873 2920 4939 anathematizaverunt,
2949 4882 2995 4928 et
3034 4879 3172 4944 [oras
3190 4879 3433 4934 civitatem
3467 4883 3564 4934 mi-

1979 4956 2170 5021 serunt,
2213 4945 2500 5021 diripientcs
2524 4961 2726 5021 omnem
2754 4947 3086 5021 substantiam
3125 4950 3255 5018 ejus.
3289 4949 3401 5021 Ego
3445 4969 3560 5005 vero

1981 5026 2027 5070 et
2055 5017 2186 5068 hunc
2219 5016 2314 5086 feci
2339 5014 2568 5086 collegi,
2596 5026 2640 5066 et
2672 5017 2722 5067 in
2752 5018 3114 5085 possessionem
3139 5014 3303 5073 ineant
3337 5014 3556 5086 deduci,

1980 5085 2278 5157 prwcipicns
2311 5085 2648 5154 dispensatori
2689 5103 2797 5138 meo
2817 5127 2832 5150 ,
2863 5099 2915 5139 ut
2955 5089 3196 5158 quidquid
3225 5091 3302 5144 illi
3333 5085 3562 5147 necessu?

1978 5224 2108 5290 mla
2131 5219 2810 5290 territorindcrosolymitqno,
2835 5221 3197 5290 perpetuam-in
3231 5223 3418 5275 Christo
3449 5234 3565 5277 Jesu

1978 5287 2194 5338 salutem.
2221 5292 2272 5333 Et
2290 5285 2454 5345 incipit
2480 5297 2491 5330 :
2520 5283 2861 5332 ttet'elationem
2882 5295 2990 5345 qut?
3006 5283 3132 5345 mihi
3153 5292 3338 5334 ostensa
3366 5294 3453 5345 est,
3493 5291 3568 5339 di-

1978 5363 2124 5412 gnum
2149 5346 2271 5396 dua'i
2294 5353 2344 5394 ut
2369 5343 2536 5394 uestra:
2560 5347 2822 5412 ponderent
2855 5343 3115 5394 sanctitati.
3145 5346 3420 5412 Aliusrvero
3442 5343 3564 5399 Ger-

1980 5407 2225 5460 inancnsis
2246 5417 2361 5456 ante
2392 5420 2560 5470 annos,
2588 5414 2642 5455 ut
2671 5407 2877 5470 videtur,
2911 5416 3173 5456 sexcentos
3201 5411 3410 5470 scriptus
3449 5425 3567 5460 con-

1981 5476 2132 5521 sentit
2153 5471 2432 5519 Flauiae-ensi
2460 5469 2599 5526 libro,
2625 5482 2772 5529 quem
2797 5469 2877 5516 hic
2897 5471 3166 5529 sequimur.
3209 5469 3400 5522 Mutavit
3442 5475 3568 5523 torte

1981 5536 2341 5595 inscriptionem
2366 5530 2584 5595 Epistolas
2625 5531 2730 5591 ipse
2766 5533 3013 5589 Luciauus,
3037 5544 3147 5579 cum
3184 5534 3411 5593 Stephani
3451 5535 3570 5585 reii.

1979 5599 2119 5660 quias
2130 5593 2361 5654 ’Hymesio
2385 5593 2751 5660 transmitteret.

2048 5661 2061 5688 ι
2088 5653 2424 5705 Gerinanensis
2447 5655 2621 5711 codex,
2645 5653 2695 5702 in
2717 5653 2910 5715 catapoli
2923 5653 3078 5714 jucuit
3101 5653 3304 5704 civitate.
3325 5660 3441 5708 Inde
3459 5659 3568 5709 abs-

1980 5727 2162 5768 tractus
2203 5724 2269 5780 est
2293 5715 2440 5780 invia
2463 5716 2681 5780 euntibus
2703 5722 2878 5774 Ceaar,
2889 5716 3030 5775 jussu
3052 5715 3312 5780 impiorum
3335 5722 3566 5771 sacerdo-

1981 5791 2100 5838 tum,
2125 5787 2222 5828 uta
2244 5778 2401 5826 bestiis
2427 5783 2477 5844 et
2495 5777 2657 5824 avibus
2676 5782 3003 5844 decoraretur.

2049 5845 2072 5874 ⁸
2101 5847 2152 5890 ιιι
2173 5842 2482 5890 Germanensi
2509 5847 2606 5898 315.,
2633 5846 2676 5888 et
2690 5842 2828 5898 jura.

2796 5931 2832 6007 (
2844 5928 3243 6004 Vt'ngt—six.)
