4118 6540
548 396 640 449 8H
1979 378 2334 436 APPENDII.

549 504 667 558 διὶγὶ
698 517 815 556 eum
843 515 1006 568 usque
1031 498 1093 552 ad
1122 497 1276 568 linem
1299 496 1416 550 vita:
1439 494 1573 568 eius,
1597 502 1651 568 et
1671 491 2096 568 defunctumho-

550 573 769 627 norilice
790 561 1000 639 sepelivi
1023 569 1165 636 juxta
1193 567 1441 639 domuum
1469 561 2096 639 $te_phanum.‘Similitcr

551 654 604 696 et
653 632 863 695 Abibas'
890 640 906 671 ¹
951 632 1082 691 ﬁlius
1129 651 1278 689 meus
1319 635 1709 698 dilectissimus,
1755 632 1843 699 qui
1890 646 2094 685 mecum

551 713 872 780 Baptismum
897 707 1089 780 Christi
1116 705 1320 774 accepit
1348 705 1413 756 ah
1441 703 1554 771 ejus
1579 702 1880 780 discipulis,
1905 700 2086 780 viginti

548 772 804 834 annorum
834 778 1085 839 existens,
1113 772 1347 827 anteme
1376 781 1612 825 mortuus
1640 780 1741 836 est,
1773 779 1825 822 et
1857 772 2094 836 sepultus

553 852 605 903 in
646 849 796 901 tertia
823 847 969 900 theca
1003 844 1298 908 excelsiori,
1335 843 1386 895 in
1429 857 1531 909 qua
1570 849 1623 892 et
1645 855 1742 908 ego
1777 839 1886 909 ipse
1914 849 2096 909 postea

549 919 841 980 defunctus,
869 914 1140 983 applicitus
1169 907 1305 965 sum.
1337 907 1617 983 Moa—vero
1638 907 1767 962 uxor
1796 907 1967 962 Ethna
2001 907 2093 983 ha-

550 988 679 1043 bens
708 977 1014 1049 natnenfet
1041 982 1296 1036 Selemias
1335 980 1710 1047 primogenitus
1745 992 1938 1049 incus,
1975 977 2094 1044 quia

550 1058 830 1109 noluerunt
853 1047 969 1107 esse
996 1053 1112 1105 lidei
1143 1049 1336 1104 Christi
1362 1050 1610 1110 cultores,
1633 1049 1684 1100 in
1711 1047 1809 1099 alia
1832 1047 1952 1097 villa
1979 1060 2094 1097 ma-

549 1127 645 1179 tris
669 1140 775 1178 suae
809 1122 997 1191 sepulti
1027 1129 1180 1193 sunt,_
1205 1119 1432 1193 hoegesv
1453 1115 1971 1193 iu_Capharsemelia.
2008 1113 2093 1193 ln-

549 1194 804 1262 terrugavi
833 1184 1007 1245 autem
1043 1205 1138 1258 ego
1170 1189 1397 1262 humilis
1413 1184 2093 1262 Lucianuspresbyter_di:

547 1279 672 1317 cens
691 1253 790 1316 :vl'jt
809 1262 892 1313 ubi
914 1275 1003 1312 vos
1021 1253 1314 1327 qtueremus
1327 1258 1350 1311 ’ἰ
1365 1257 1462 1324 Qui
1479 1256 1609 1308 dixit
1630 1255 1783 1327 mihi:
1806 1253 2056 1327 Inmedio
2073 1253 2094 1283 ⁸

551 1335 780 1402 proastio
807 1330 957 1402 quod
976 1323 1145 1402 potest
1182 1323 1769 1402 intelligi'proximonde
1793 1323 1916 1375 villa
1943 1336 2090 1390 agro,

548 1393 637 1472 qui
667 1393 854 1456 dicitur
875 1393 1170 1468 Delagabri,
1199 1397 1251 1450 id
1281 1393 1381 1459 est,
1412 1393 1653 1449 Virorum
1679 1393 1790 1446 Dei.

617 1534 670 1586 4.
717 1531 780 1584 Et
805 1529 1061 1598 evigilavi,
1095 1536 1154 1598 et
1175 1527 1482 1598 deprecatus
1507 1540 1620 1598 sum
1668 1523 1964 1598 Dominum,
2012 1522 2096 1575 di-

544 1617 706 1657 cens:
735 1594 952 1653 Domine
971 1598 1096 1652 Jesu
1125 1596 1350 1659 Christe,
1380 1596 1424 1648 si
1453 1604 1534 1648 est
1561 1596 1674 1647 inec
1699 1594 1832 1646 visio
1858 1608 1923 1646 ex
1950 1602 2018 1654 te,
2041 1602 2095 1644 et

546 1689 653 1726 non
684 1681 762 1724 est
789 1671 985 1732 illusio,
1012 1668 1090 1720 lac
1128 1675 1181 1719 ut
1209 1667 1394 1720 iterum
1421 1673 1473 1734 et
1514 1665 1667 1718 tertio
1691 1670 1940 1734 appareat
1969 1661 2095 1714 mihi

546 1741 755 1810 quando
781 1739 878 1800 vis,
907 1731 1245 1810 etquomodo
1281 1737 1378 1788 vis.
1409 1731 1556 1810 Coepi
1592 1731 1741 1810 ergo
1756 1732 2012 1800 jejunare,
2038 1741 2096 1810 _et

547 1803 714 1864 siccas
739 1823 885 1862 escas
915 1803 1104 1860 dueere
1136 1805 1157 1836 ⁸
1179 1820 1344 1873 usque
1379 1804 1444 1856 ad
1477 1804 2000 1873 aliamql’arasceven.
2035 1803 2097 1853 Et

549 1882 736 1934 iterum
759 1880 982 1930 domnus
1009 1870 1274 1929 Gamalicl'
1287 1874 1469 1926 eadem
1495 1871 1853 1932 similitudine,
1878 1870 2094 1924 eodem-

548 1966 650 2018 que
677 1949 943 2018 schemate
980 1943 1390 2018 apparnitniihi,
1422 1943 1555 2018 sicut
1583 1941 1632 1994 in
1661 1944 1824 2009 prima
1869 1941 2091 2018 visione,

547 2010 728 2072 dicens
748 2035 760 2069 :
783 2017 954 2082 Quare
971 2010 1241 2082 neglexisti
1254 2013 1356 2082 ire,
1380 2021 1437 2082 et
1452 2012 1634 2082 dicere
1650 2017 1832 2082 sancto
1850 2010 2096 2082 episcopo

547 2089 769 2143 Joanni?
797 2080 863 2139 Et
904 2099 1000 2153 ego
1041 2080 1286 2151 respondi
1326 2080 1574 2153 :7Timui,
1607 2080 1835 2153 domine,
1870 2093 1991 2153 mox
2031 2080 2094 2130 ad

547 2157 767 2228 primam
798 2149 1048 2208 visionem
1079 2149 1191 2205 haec
1216 2152 1476 2214 nuntiare,
1510 2165 1575 2228 ne
1614 2150 1822 2228 viderer
1855 2149 2098 2228 seductor

548 2219 684 2282 csse.
712 2227 1024 2293 Deprecatus
1051 2237 1166 2276 sum
1195 2231 1407 2293 autem,
1434 2230 1493 2273 ut
1529 2219 1576 2273 si
1601 2236 1632 2272 a
1662 2219 2098 2293 [)ornino_mi_ssus

546 2297 735 2350 fuisses
762 2288 824 2346 ad
853 2309 955 2357 me,
984 2292 1156 2345 denuo
1195 2306 1256 2344 ac
1293 2291 1446 2344 tertio
1467 2303 1747 2357 apparercs
1776 2288 1924 2341 mihi.
1958 2289 2097 2341 Dixit

547 2378 720 2420 autem
751 2364 814 2417 ad
855 2379 937 2416 me
979 2360 1231 2416 Gamaliel
1265 2377 1278 2412 :
1311 2361 1617 2428 Acquiesce,
1661 2359 1954 2426 acquiesce,
2005 2373 2095 2410 ac-

545 2435 756 2504 quiesce
782 2433 926 2486 mihi.
955 2433 1018 2484 Et
1043 2433 1227 2504 iterum
1258 2429 1329 2482 ait
1356 2430 1480 2504 mihi
1505 2447 1518 2481 :
1548 2428 1800 2504 Quoniam
1831 2428 2095 2504 requisisti

547 2498 618 2560 de
643 2504 875 2571 reliquiis
903 2499 1513 2571 singulorumquomodo
1534 2511 1586 2550 et
1613 2498 1697 2550 ubi
1736 2498 1841 2571 sint
1884 2498 2093 2571 positae;

548 2567 1059 2642 apponesensmnfet
1073 2569 1189 2642 vide
1204 2568 1479 2642 diligenter
1494 2583 1608 2642 qum
1626 2567 1969 2642 ostenduntur
1983 2567 2096 2620 tibi.

549 2638 784 2697 Et'dixi:
812 2642 1000 2700 Etiam,
1032 2640 1260 2693 domine.
1294 2640 1357 2691 Et
1385 2640 1559 2692 Statim
1590 2638 1760 2692 attulit
1780 2647 2002 2704 quatuor
2021 2652 2099 2689 ca-

547 2713 737 2776 lathos,
768 2722 875 2765 tres
899 2725 1107 2772 aureos,
1136 2718 1190 2762 et
1216 2724 1372 2778 unum
1406 2717 1729 2778 argenteum.
1761 2705 1890 2760 Tres
1918 2721 2096 2778 eorum

549 2783 688 2852 pleni
717 2790 866 2852 erant
890 2780 1024 2834 rosis
1041 2796 1061 2852 A:
1079 2779 1182 2832 duo
1206 2776 1624 2852 habebantalbas
1650 2790 1818 2840 rosas,
1842 2784 1894 2829 et
1917 2776 2098 2852 t_ert_ins

550 2844 863 2906 rubicundas
891 2850 1083 2902 coloris
1112 2849 1417 2916 sanguinei:
1441 2857 1656 2916 quartus
1692 2844 2100 2916 vero_calatlnts

548 2930 826 2989 argenteus
856 2921 1040 2988 plenus
1085 2914 1566 2989 crat—crocodiene
1595 2916 1811 2989 olent_c._
1831 2914 1898 2989 Et
1927 2917 2100 2989 posui!

547 2984 644 3045 eos
669 3000 787 3043 ante
812 2984 912 3043 me.
943 2989 1006 3042 Et
1026 3003 1124 3056 ego
1149 2986 1254 3040 dixi
1281 2989 1364 3040 ei:
1390 2986 1525 3053 Quid
1570 2994 1692 3056 sunt
1730 2985 1834 3056 isti,
1866 2984 2099 3056 domne?

550 3063 616 3115 Et
637 3061 766 3114 dixit
790 3059 914 3112 mihi
940 3077 952 3111 :
980 3054 1202 3126 Lipsana
1227 3067 1400 3126 nostra
1431 3064 1570 3108 sunt.
1598 3055 1695 3122 Qui
1731 3055 1918 3126 rubras
1944 3054 2100 3126 habet

549 3146 718 3196 rosas,
749 3130 858 3196 ipse
875 3140 953 3182 est
975 3123 1200 3181 doinnus
1225 3124 1543 3195 Stephanus,
1571 3127 1712 3193 quia
1741 3123 1940 3196 dextris
1959 3124 2100 3196 posi-

548 3206 635 3255 tus
660 3192 821 3253 estad
849 3199 1102 3251 orientem
1123 3195 1189 3249 ab
1211 3192 1420 3248 introitu
1448 3192 1793 3248 monUmenti.
1827 3192 2098 3247 Secundus

551 3270 806 3323 calathus.
854 3267 1078 3320 domnus
1124 3265 1439 3319 Nicodemus
1493 3274 1606 3325 est,
1661 3263 1860 3330 positus
1915 3270 2099 3315 coatra

551 3340 764 3392 ostium.
797 3337 944 3391 Unus
968 3349 1096 3388 vero
1125 3334 1359 3387 calathus
1383 3341 1680 3400 argenteus,
1711 3331 1905 3384 Abibas
1929 3341 2008 3384 est
2035 3331 2100 3384 li-

551 3407 652 3461 lius
676 3421 844 3469 meus,
867 3406 931 3459 de
957 3415 1106 3458 utero
1132 3403 1436 3465 testimonii,
1468 3402 1519 3454 id
1549 3409 1628 3458 est
1658 3403 1871 3454 iteratus
1894 3401 1941 3452 in
1967 3401 2099 3465 lege,

553 3476 917 3530 immaculatus
942 3490 1007 3528 ex
1045 3483 1193 3525 utero
1222 3473 1402 3524 matris
1441 3487 1550 3523 sua:
1579 3471 1803 3524 excess-it
1828 3485 1857 3522 e
1883 3471 2096 3536 mundo,

553 3556 830 3615 propterea
852 3545 902 3596 in
929 3541 1321 3615 similitudinem
1351 3541 1551 3608 argenti
1583 3540 1909 3615 n_nnul_issimi
1937 3556 2100 3608 appa-

550 3610 673 3670 ruit.
701 3613 956 3683 Numquid
988 3629 1089 3665 non
1109 3611 1261 3683 vides
1283 3622 1515 3683 Crocum,
1539 3611 1622 3677 qui
1656 3610 1705 3663 in
1734 3611 1846 3677 ipso
1863 3620 1963 3674 est,
1982 3626 2100 3663 sua-

549 3685 747 3738 vissimi
777 3679 895 3738 esse
918 3681 1125 3736 odoris?
1153 3681 1216 3734 Et
1245 3681 1355 3749 ipse
1379 3679 1690 3747 conjunctus
1711 3691 1790 3733 est
1817 3694 1935 3733 meo
1960 3683 2102 3732 cala-

552 3755 645 3808 tho
683 3755 734 3807 in
777 3754 985 3807 excelso
1025 3753 1158 3816 loco,
1205 3751 1289 3803 ubi
1334 3750 1490 3804 ambo
1539 3750 1689 3819 positi
1738 3764 1916 3819 sumus
1955 3749 2102 3815 quasi

549 3825 766 3894 gemini.
798 3825 862 3877 Et
889 3838 1008 3877 cum
1036 3821 1153 3876 hmc
1177 3819 1418 3884 dixisset,
1449 3819 1624 3874 denuo
1652 3833 1719 3874 ex
1759 3818 1926 3873 oculis
1971 3821 2104 3874 meis

547 3894 779 3948 evanuit.

621 4028 673 4081 5.
713 4025 949 4093 Cumque
993 4020 1386 4093 expergefactus
1412 4020 1644 4085 fuissem,
1670 4022 1864 4093 gratias
1881 4023 1968 4093 egi
1995 4021 2105 4075 Deo

536 4091 916 4164 omnipotenti,
942 4103 996 4147 et
1023 4091 1290 4149 consuetis
1314 4091 1531 4164 ieiuniis
1555 4107 1769 4164 operam
1794 4091 1919 4164 dedi
1943 4108 2104 4158 usque

551 4167 616 4219 ad
650 4162 851 4219 tertiam
888 4165 1283 4217 revelationem.
1331 4162 1384 4214 In
1417 4162 1568 4215 tertia
1595 4162 1752 4230 igitur
1790 4162 2101 4229 septimana,

545 4235 735 4289 eadem
767 4234 851 4286 die
877 4243 929 4286 et
951 4233 1100 4295 hora,
1138 4233 1284 4286 venit
1320 4231 1649 4299 supradictus
1673 4233 1753 4283 vir
1779 4232 2105 4284 comminans

552 4315 606 4359 ct
631 4302 1020 4364 fremebundus,
1045 4312 1098 4354 et
1117 4301 1246 4354 dixit
1272 4301 1399 4353 mihi
1421 4318 1435 4353 :
1457 4300 1629 4364 Quare
1648 4315 1812 4368 usque
1842 4315 1980 4353 nunc
1998 4301 2107 4353 dis-

551 4373 830 4432 simulasti,
851 4383 898 4424 et
918 4371 1124 4424 noluisti
1146 4385 1380 4438 pergere,
1394 4379 1446 4422 et
1462 4371 1634 4422 dicere
1650 4371 1897 4437 episeopo
1918 4369 2104 4422 Joanni

554 4460 671 4511 qua:
698 4443 787 4494 tibi
817 4443 949 4494 dicta
989 4451 1110 4493 sunt
1152 4447 1206 4493 et
1248 4439 1492 4493 ostensa?
1520 4439 1684 4511 Quam
1717 4441 2104 4511 excusationem

555 4508 770 4565 habebis
795 4511 929 4580 apud
961 4511 1144 4574 Deum,
1167 4509 1677 4580 autquamveniam
1710 4523 1803 4580 pro
1843 4508 1943 4560 hoc
1983 4524 2107 4580 con-

554 4591 756 4650 temptu
781 4577 1014 4650 sperabis
1053 4581 1103 4633 in
1143 4579 1230 4633 die
1261 4577 1770 4650 judicii?_Numquid
1811 4593 1934 4650 non
1959 4578 2106 4650 vides

553 4647 745 4722 quanta
771 4647 979 4722 siccitas
1007 4659 1162 4722 estet
1194 4649 1457 4722 tribulatio
1487 4647 1540 4701 in
1573 4657 1682 4722 toto
1713 4647 1939 4722 mundo?
1961 4647 2025 4700 Et
2051 4659 2105 4722 tu

552 4718 876 4789 negligenter
903 4721 1042 4788 agis!
1068 4718 1325 4786 Numquid
1353 4734 1454 4771 non
1481 4718 1783 4789 consideras
1810 4718 1929 4786 quia
1957 4718 2103 4771 multi

553 4788 800 4845 meliores
839 4799 887 4842 te
931 4799 1053 4842 sunt
1093 4805 1187 4857 per
1215 4803 1448 4841 eremum
1475 4790 1638 4841 sancti
1669 4788 1785 4857 viri,
1816 4802 1947 4856 quos
1973 4802 2107 4854 prte-

548 4869 840 4923 tereuntes,
873 4874 966 4925 per
993 4867 1043 4910 te
1068 4856 1328 4910 voluimus
1354 4857 1643 4910 innotesei?
1669 4856 1788 4910 Ideo
1816 4865 2106 4923 namquete

548 4946 616 4986 ex
645 4930 744 4982 alia
767 4929 817 4980 in
847 4930 943 4981 hac
975 4928 1092 4980 villa
1125 4926 1383 4979 voluimus
1411 4941 1528 4979 esse
1558 4926 1904 4990 sacerdotem,
1933 4935 1988 4978 ut
2016 4943 2107 4991 per

553 5011 604 5054 te
627 4997 1097 5052 manilestaremur.
1127 4997 1359 5064 Exsurge
1384 4997 1559 5064 igitur,
1585 5006 1637 5047 et
1661 4995 1809 5054 vade,
1838 5005 1891 5049 et
1907 4995 1989 5048 dic
2009 4997 2102 5058 illi,

553 5079 613 5123 ut
650 5068 851 5136 aperiat
889 5067 1060 5130 nobis,
1089 5076 1141 5136 et
1171 5064 1324 5117 faciat
1351 5065 1521 5136 locum
1553 5064 1823 5136 orationis,
1850 5073 1906 5117 ut
1943 5067 2106 5136 inter-

553 5134 792 5192 cessione
822 5145 998 5189 nostra
1031 5135 1342 5187 misereatur
1374 5135 1623 5187 Dominus
1651 5134 1842 5202 populo
1880 5149 1993 5187 suo.
2042 5135 2107 5186 Et

553 5222 674 5260 cum
701 5207 764 5260 ad
794 5205 948 5259 verba
978 5204 1093 5272 ejus
1121 5204 1529 5268 intremuissem,
1548 5203 1656 5256 dixi
1679 5203 1820 5256 :Non
1840 5205 2106 5272 negligens

553 5276 646 5342 iui,
690 5277 882 5330 domne
926 5276 1019 5337 mi,
1070 5273 1164 5326 sed
1209 5274 1548 5340 prmstolabar
1577 5274 1784 5325 tertium
1827 5274 2104 5326 adventum

554 5355 721 5399 tuum.
745 5345 892 5398 Nunc
913 5359 1038 5397 vero
1059 5348 1174 5396 sine
1192 5343 1417 5396 crastina
1443 5343 1529 5395 die
1545 5358 1775 5410 pergam,
1801 5345 1972 5395 omnia
1990 5359 2106 5410 qua:

557 5415 681 5468 mihi
712 5415 968 5467 mandasti
995 5413 1249 5464 dicturus.
1281 5413 1342 5464 Et
1373 5427 1489 5464 cum
1519 5412 1795 5478 indignans
1821 5412 2104 5465 adversum

557 5500 640 5536 Ine
668 5493 850 5546 staret,
891 5482 1108 5536 videbar
1150 5480 1278 5533 mihi
1316 5483 1461 5549 quasi
1493 5481 1544 5534 in
1576 5485 1741 5533 altero
1783 5483 1972 5534 mentis
2009 5497 2105 5536 ex-

553 5568 704 5606 cessu
750 5555 1022 5605 devenisse
1060 5550 1459 5621 Jerosolynnnn,
1493 5559 1547 5604 ct
1568 5553 1712 5619 quasi
1743 5552 1793 5603 in
1823 5561 2104 5620 coaspectu

614 5664 629 5692 ο
671 5668 868 5708 Veteres
891 5661 1014 5717 libri,
1042 5656 1273 5717 adhibes;
1295 5656 1394 5717 vel,
1422 5657 1633 5709 .lrbbibas.

614 5727 630 5755 ‘
670 5732 791 5772 Mss.
822 5730 874 5768 In
904 5734 1020 5768 meo.

615 5787 632 5816 ³
667 5788 735 5833 sic
757 5792 858 5831 Mss.
883 5782 995 5829 Editi
1018 5789 1192 5840 autem,
1219 5793 1420 5830 sumere.

3670 383 3781 436 812

2202 492 2332 544 rium
2362 489 2551 560 fuisset,
2584 497 2856 561 prwgtaret.
2888 487 2992 561 Qui
3018 504 3131 542 cum
3157 489 3422 557 paululum
3453 495 3777 561 supervixis-

2200 571 2290 633 set,
2317 558 2562 633 dormivit
2589 561 2641 633 in
2668 558 2906 613 Domino.
2939 558 3095 624 Quem
3138 561 3236 633 feci
3276 561 3479 629 sepeliri
3511 558 3582 614 ad
3617 567 3779 633 pedes

2200 631 2326 682 beati
2356 629 2616 697 Stephani,
2651 637 2884 699 tanquam
2925 645 3014 696 pro
3054 631 3252 681 nomine
3289 629 3626 699 confessoris;
3660 632 3691 684 1
3698 636 3772 687 lle

2199 714 2310 750 vero
2357 701 2547 760 tertius,
2591 698 2674 765 qui
2715 714 2902 749 mecum
2941 699 3073 768 jacet
3092 737 3110 768 ,ν
3147 699 3253 768 ipse
3289 709 3361 751 est
3387 698 3589 754 'Abibas
3627 705 3779 768 filius

2198 784 2354 829 meus,
2381 769 2463 837 qui
2500 783 2709 840 mecum_
2725 768 2908 840 pariter
2942 767 3147 819 credidit
3187 767 3372 821 Christi
3401 767 3694 840 preceptis,
3727 783 3781 826 et

2199 835 2398 888 mecum
2442 838 2625 904 pariter
2669 835 2981 904 Baptismum
3029 847 3318 889 consecutus
3365 835 3438 892 est
3491 857 3524 891 a
3566 835 3781 896 sanctis

2205 907 2472 979 Apostolis,
2513 906 2799 979 vigesimum
2825 907 3016 958 circiter
3038 922 3188 974 agens
3215 923 3425 972 annum,
3455 908 3609 979 Legis
3635 913 3782 963 mul-

2199 985 2298 1026 tam
2339 976 2522 1028 habens
2547 975 2820 1036 scientiam,
2853 985 3016 1026 castus
3053 991 3277 1043 carpare,
3327 985 3382 1028 et-
3410 975 3612 1030 nullam
3653 997 3779 1032 ntu-

2199 1045 2334 1097 lieris
2355 1045 2512 1097 sciens
2532 1044 2779 1095 maculam
2800 1059 2816 1095 :
2838 1044 2924 1096 sed
2937 1060 3127 1110 semper
3143 1046 3324 1113 templo
3336 1044 3435 1097 Dei
3450 1063 3636 1100 vacans
3655 1066 3785 1101 cum

2197 1112 2364 1166 Paulo
2384 1114 2627 1181 discipulo
2650 1129 2771 1164 meo.
2800 1113 3128 1166 Praecesserat
3147 1112 3277 1166 enim
3299 1116 3366 1166 ad
3387 1114 3553 1168 Deum
3583 1119 3784 1171 imma-

2197 1185 2387 1237 culatus
2414 1180 2516 1253 (a).
2536 1180 2695 1235 Juxta
2723 1199 2866 1254 quem
2898 1183 2913 1212 ¹
2947 1183 3108 1254 positi
3131 1194 3244 1235 sunt
3287 1185 3350 1254 de
3388 1187 3573 1254 quibus
3604 1205 3780 1253 supra

2198 1254 2389 1305 locutus
2412 1251 2541 1313 sum,
2571 1267 2681 1303 cum
2705 1253 2880 1318 quibus
2909 1261 2954 1303 et
2978 1268 3067 1319 ego
3082 1253 3247 1321 jaceo.
3282 1251 3418 1304 Nam
3442 1255 3636 1321 coniux
3660 1251 3784 1309 tinea

2199 1321 2368 1394 Ethna
2395 1324 2488 1394 ’ct
2515 1321 3043 1394 primogenitusmeus
3072 1323 3206 1388 filius
3237 1321 3516 1382 Selemias.
3550 1327 3639 1394 qui
3673 1343 3782 1377 no-

2199 1391 2395 1443 luerunt
2423 1392 2472 1442 in
2502 1390 2752 1444 Christum
2777 1391 2974 1442 credere
2994 1431 3006 1450 ,
3039 1402 3347 1444 recesserunt
3372 1409 3403 1444 a
3434 1390 3599 1451 nobis,
3635 1406 3687 1447 et
3719 1397 3778 1448 in

2199 1463 2503 1528 possessione
2526 1477 2616 1513 sua
2644 1470 2866 1512 materna
2893 1461 3074 1528 sepulti
3103 1470 3235 1525 sunt,
3264 1476 3378 1523 qua:
3416 1461 3779 1529 Capharsele-

2198 1531 2298 1582 mia
2333 1531 2511 1582 dicitur
2541 1545 2559 1582 :
2579 1530 2694 1596 quia
2720 1529 2913 1597 indigni
2951 1529 3106 1581 habiti
3141 1539 3257 1582 sunt
3295 1532 3534 1583 societate
3564 1545 3777 1586 nostra.

2203 1599 2268 1653 Ut
2293 1609 2454 1652 autem
2482 1598 2689 1658 credas,
2722 1615 2834 1650 cum
2861 1599 3068 1665 coeperis
3107 1599 3310 1664 fodere,
3341 1601 3560 1654 invenies
3599 1604 3782 1656 locum

2198 1672 2366 1722 uxoris
2409 1684 2530 1721 mea:
2555 1678 2600 1720 et
2627 1667 2720 1734 filii
2746 1684 2973 1719 vacuum.
3012 1668 3072 1719 Et
3111 1669 3182 1718 ita
3219 1679 3272 1720 ut
3302 1668 3430 1721 dixit
3457 1671 3774 1726 invenimus.

2200 1739 2266 1790 Et
2291 1755 2402 1791 cum
2423 1755 2511 1808 ego
2537 1738 2836 1808 miserrimus
2868 1739 3264 1808 interrogassent,
3299 1739 3470 1790 dicens
3493 1755 3512 1792 :
3547 1740 3649 1794 Ubi
3683 1758 3779 1796 vos

2197 1804 2515 1871 inveniemus,
2536 1807 2771 1859 domine?
2795 1807 2913 1858 dicit
2933 1804 3095 1858 mihi:
3117 1804 3183 1858 In
3209 1808 3523 1876 possessione
3549 1827 3664 1864 mea
3690 1813 3784 1864 in-

2198 1880 2359 1949 venies
2386 1895 2492 1941 nos,
2517 1882 2628 1949 quia
2650 1892 2807 1949 nunc
2818 1875 2992 1949 lingua
3031 1876 3245 1949 Syriaca
3283 1877 3472 1930 dicitur
3499 1879 3782 1949 _Delanga—

2200 1949 2306 2000 bria
2343 1948 2384 2010 ³,
2423 1949 2522 1999 sive
2559 1946 2879 2008 Debathalia,
2925 1946 3060 2014 quod
3095 1947 3455 2015 interpretatur
3499 1946 3782 2003 Possessio

2198 2019 2413 2069 virorum
2441 2017 2549 2079 Dei,
2573 2017 2672 2088 sive
2699 2013 2991 2088 bellatorum
3084 2013 3151 2067 Et
3175 2013 3290 2067 cum
3309 2016 3416 2068 haec
3435 2021 3613 2072 omnia
3637 2037 3784 2088 prce-

2199 2088 2422 2151 dixisset,
2451 2087 2648 2139 evanuit
2677 2101 2737 2138 ex
2761 2085 2916 2138 oculis
2944 2085 3082 2137 meis.
3181 2120 3201 2152 η,

2267 2158 2319 2210 4.
2359 2156 2469 2225 Ego
2493 2172 2604 2208 vero
2631 2163 2738 2226 post
2758 2155 2885 2207 hanc
2907 2154 3373 2226 visionemsurrexi,
3401 2163 3448 2207 et
3475 2167 3778 2226 prostratus

2199 2223 2429 2285 orationi,
2455 2227 2620 2292 rogavi
2645 2223 2847 2276 Domini
2869 2225 3278 2285 misericordiam,
3307 2237 3353 2277 et
3377 2223 3486 2278 dixi
3507 2242 3524 2278 :
3549 2225 3789 2281 Domine

2197 2296 2350 2355 Jesu.
2395 2296 2438 2348 si
2476 2296 2579 2347 haec
2620 2294 2850 2346 revelatio
2891 2294 2990 2346 sive
3028 2294 3149 2345 visio
3178 2311 3240 2346 ea:
3263 2294 3522 2347 voluntate
3547 2306 3636 2348 tua
3669 2310 3784 2363 est,

2201 2375 2382 2435 praesta
2405 2375 2455 2415 ut
2484 2366 2663 2416 iterum
2689 2372 2734 2435 et
2761 2365 2900 2416 tertio
2928 2364 3271 2435 manifestetur
3290 2364 3435 2428 mihi,
3461 2375 3514 2416 ut
3541 2367 3786 2434 confisus

2202 2433 2500 2502 ﬁducialiter
2525 2434 2812 2486 aununtiem
2832 2433 3177 2485 revelationent
3204 2434 3513 2486 Sanctorum
3540 2433 3784 2488 tuorum.

2198 2505 2266 2559 Et
2291 2507 2414 2574 ca’pi
2435 2521 2495 2557 ea:
2511 2505 2598 2556 illa
2622 2503 2700 2555 die
2721 2504 2969 2574 jejunare,
2993 2513 3038 2554 et
3058 2503 3119 2553 ab
3143 2503 3372 2574 omnibus
3397 2520 3477 2555 me
3495 2504 3784 2570 abstinere,

2199 2587 2243 2627 et
2267 2572 2442 2642 prta—ter
2464 2589 2640 2643 partem
2664 2582 2711 2643 et
2737 2573 2890 2624 salem
2910 2572 2962 2623 in
2991 2587 3152 2624 escam
3173 2572 3247 2624 nil
3267 2588 3482 2643 sumere,
3509 2583 3556 2626 et
3581 2592 3787 2643 aquam

2200 2647 2388 2708 bibere,
2429 2641 2553 2696 sicut
2595 2641 2811 2713 solemus
2842 2644 2894 2693 in
2933 2643 3106 2694 diebus
3130 2652 3321 2713 sancta:
3353 2641 3793 2713 Quadragesitnte

2205 2718 2383 2784 facere.
2412 2712 2700 2784 Insequenti
2735 2728 2847 2784 vero
2876 2721 3016 2784 sexta
3044 2711 3172 2784 feria
3198 2711 3362 2763 denuo
3398 2714 3532 2765 venit
3563 2711 3790 2768 sanctus

2202 2781 2446 2837 Camaliel
2470 2785 2521 2836 in
2547 2784 2654 2851 ipso
2682 2781 2850 2852 habitu
2869 2821 2883 2845 ,
2914 2783 3040 2852 sicut
3069 2781 3209 2848 prius
3239 2791 3460 2844 venerat,
3493 2791 3541 2834 et
3572 2785 3627 2836 in
3662 2787 3792 2852 ipsa

2200 2855 2357 2906 noctis
2379 2855 2502 2905 hora
2521 2893 2533 2912 ,
2563 2869 2639 2904 me
2669 2851 2876 2903 necdum
2904 2851 3051 2902 valde
3077 2859 3346 2917 soporato;
3375 2859 3421 2902 et
3447 2853 3571 2904 dicit
3602 2851 3739 2907 mihi
3767 2873 3788 2908 :

2205 2925 2372 2990 Quare
2400 2922 2752 2985 dissimulasti,
2781 2921 3068 2990 charissima
3095 2923 3272 2990 frater,
3297 2930 3342 2972 et
3370 2937 3471 2972 non
3500 2927 3792 2988 perrexiin

2202 2989 2247 3045 et
2274 2994 2482 3046 retulisti
2504 2992 2692 3044 Joanni
2721 2989 2990 3060 episcopo?
3017 2989 3280 3060 nmquid
3305 3005 3405 3042 non
3427 2991 3566 3045 vides
3586 3005 3799 3060 quanta

2200 3065 2394 3116 siccitas
2422 3075 2491 3115 est
2517 3077 2664 3129 super
2689 3058 2868 3111 terram
2891 3058 2934 3111 et
2962 3058 3217 3111 tribulatio
3242 3059 3293 3111 in
3323 3069 3426 3112 toto
3454 3058 3692 3116 mundo?
3719 3065 3797 3117 Et

2203 3143 2255 3184 tu
2283 3134 2583 3201 negligenter
2605 3130 2744 3199 agis!
2766 3129 2928 3201 Surge
2955 3129 3132 3196 igitur,
3157 3137 3204 3201 et
3231 3129 3357 3201 vade
3376 3169 3390 3188 ,
3420 3139 3465 3182 et
3493 3133 3578 3183 dic
3615 3133 3702 3185 illi
3732 3145 3796 3188 ut

2203 3199 2393 3270 aperiat
2420 3199 2574 3260 nobis,
2607 3211 2650 3252 et
2680 3199 2844 3270 faciat‘
2858 3199 3306 3270 locuttiorationis,
3337 3208 3392 3251 ut
3421 3216 3510 3265 per
3532 3202 3799 3258 interces-

2202 3267 2390 3344 sionem
2423 3280 2643 3344 nostram
2679 3267 2977 3344 misereatur
3003 3267 3247 3344 Dominus
3283 3271 3480 3344 populo
3511 3287 3629 3324 suo.
3669 3273 3798 3344 Ego

2203 3357 2314 3394 vero
2335 3342 2414 3393 aio
2437 3342 2502 3392 ad
2523 3355 2631 3392 eum
2656 3355 2673 3391 :
2696 3337 2813 3389 Non
2829 3338 2905 3406 egi
2927 3337 3317 3406 dissimulanter,
3341 3339 3546 3392 domine
3566 3344 3677 3406 nti;
3698 3337 3798 3397 εἶά

2203 3412 2373 3480 rogavi
2400 3409 2690 3480 Dominum,
2717 3419 2760 3459 et
2790 3405 2915 3472 dixi,
2946 3405 3159 3480 Domine
3179 3408 3326 3471 Jesu,
3349 3409 3394 3480 si
3421 3426 3485 3462 ea:
3505 3420 3552 3480 te
3571 3405 3798 3466 estth

2203 3478 2467 3542 rei-elatio,
2508 3478 2722 3532 secundo
2769 3487 2814 3529 et
2856 3478 3001 3529 tertio
3038 3486 3282 3544 appareat
3325 3479 3471 3534 mihi.
3508 3479 3576 3531 Et
3619 3498 3791 3544 nunc,

2204 3552 2419 3613 domine,
2452 3564 2562 3602 ecce
2589 3547 2803 3600 secunda
2830 3547 2932 3599 vice
2965 3547 3140 3600 venisti
3159 3588 3173 3610 ,
3199 3557 3245 3598 et
3274 3546 3548 3613 laetiﬁcasti
3578 3568 3664 3605 me
3692 3569 3712 3605 :
3745 3554 3798 3606 si

2203 3631 2365 3673 autem
2382 3621 2522 3672 tertio
2539 3619 2744 3681 veneris,
2767 3618 2962 3689 plenius
2978 3633 3056 3689 me
3076 3617 3402 3689 exhilarabis.
3422 3617 3654 3689 Cumque
3677 3625 3796 3677 hare

2203 3691 2442 3756 audisset,
2471 3690 2532 3741 de
2561 3704 2710 3760 manu
2730 3683 3046 3760 significavit,
3067 3683 3522 3760 dicensgignosco,
3548 3683 3796 3760 ignosco,

2203 3761 2421 3828 ignosco.
2452 3760 2510 3810 Et
2538 3774 2648 3809 cum
2671 3756 3167 3828 hazcdixissetydicit
3194 3756 3318 3807 ntihi
3339 3771 3360 3810 :
3381 3757 3537 3828 Audi,
3569 3756 3798 3828 presbg;

2207 3820 2298 3881 ter.
2325 3827 2438 3900 Cui_
2447 3845 2534 3900 ego
2560 3827 2826 3900 respondi:
2859 3833 2903 3900 et
2938 3825 3048 3900 dixi
3071 3840 3090 3878 :
3108 3825 3360 3900 Loquere,
3387 3820 3596 3882 domine
3615 3868 3632 3894 ,
3664 3820 3803 3900 quia

2205 3900 2376 3951 audio.
2393 3897 2457 3950 Et
2475 3895 2591 3949 dicit
2605 3895 2726 3948 mihi
2743 3912 2761 3948 :
2781 3895 2910 3960 Quia
2927 3897 3165 3948 haesitasti
3185 3897 3238 3948 in
3258 3895 3428 3948 animo
3451 3905 3562 3960 tuo,
3585 3895 3795 3961 dicens,

2207 3969 2265 4023 Si
2283 3970 2433 4039 fuerit
2461 3977 2516 4020 ut
2541 3969 2793 4039 inveniam
2823 3967 2986 4039 locum
3004 4005 3018 4029 ,
3048 3976 3194 4032 putas
3220 3965 3273 4039 in
3303 3982 3403 4018 uno
3434 3966 3546 4020 loco
3564 4038 3569 4039 ν
3589 3971 3799 4037 positos

2205 4035 2371 4091 omnes
2391 4036 2672 4090 inveniam?
2695 4035 2842 4101 Quod
2877 4037 2919 4086 si
2953 4037 3023 4086 ita
3048 4035 3297 4097 evenerit,
3349 4035 3800 4102 quemadmodum

2207 4118 2375 4177 potero
2405 4109 2679 4159 discernere
2704 4106 2936 4177 reliquias
2965 4105 3318 4173 singulorum?
3341 4103 3469 4157 Haec
3493 4123 3618 4176 ergo
3651 4110 3798 4163 intra

2207 4173 2513 4246 temetipsum
2534 4173 2917 4245 cogitabas.Cui
2935 4191 3225 4246 egonegare
3243 4190 3342 4226 non
3361 4177 3503 4240 potui
3521 4173 3612 4239 {et
3634 4180 3750 4232 dixi
3776 4197 3801 4234 :

2220 4245 2398 4300 Verum
2429 4257 2517 4308 est,
2547 4248 2762 4307 domine,
2785 4246 2856 4297 ita
2880 4245 3128 4296 volvebant
3152 4245 3202 4295 in
3229 4246 3398 4295 animo
3429 4261 3563 4298 meo.
3594 4247 3798 4302 Omnia

2206 4318 2369 4379 nosti,
2401 4327 2446 4371 et
2474 4317 2598 4368 nihil
2634 4325 2679 4368 te
2721 4315 2856 4366 latet.
2883 4311 2946 4366 Et
2978 4314 3098 4365 dicit
3131 4313 3295 4366 mihi:
3328 4313 3447 4366 Non
3489 4332 3702 4380 sumus,
3738 4331 3802 4373 ut

2207 4398 2369 4456 putas,
2392 4389 2441 4439 in
2459 4402 2558 4438 uno
2576 4386 2682 4456 loco
2709 4385 2853 4456 positi
2873 4401 2890 4446 ;
2911 4384 2997 4456 sed
3023 4384 3618 4456 unusquisquenostrum
3639 4406 3802 4442 suum

2208 4453 2370 4510 locant
2399 4456 2558 4507 habet.
2583 4454 2933 4506 Animadverte
2968 4454 3140 4522 itaque
3176 4468 3288 4521 qua:
3325 4453 3439 4505 dico
3469 4456 3591 4517 tibi,
3629 4468 3680 4510 et
3707 4461 3803 4512 in-

2208 4529 2351 4579 tende
2379 4529 2565 4577 animo.
2599 4525 2660 4574 lt't
2682 4525 2947 4591 respiciens
2965 4523 3068 4576 vidi
3091 4522 3439 4574 extendentem
3466 4541 3655 4579 manus
3671 4546 3805 4582 sturs

2207 4597 2272 4648 ad
2299 4597 2496 4658 coelum,
2531 4604 2573 4647 et
2603 4605 2843 4646 orantem.
2875 4593 2938 4644 Et
2967 4595 3134 4646 statim
3157 4593 3386 4658 deposuit
3418 4593 3538 4646 inde
3567 4607 3805 4664 quatuor

2208 4666 2447 4726 calathos,
2470 4676 2565 4717 tres
2593 4679 2789 4727 aureos,
2820 4672 2864 4714 et
2891 4678 3047 4714 unum
3072 4672 3386 4731 argenteum,
3410 4664 3590 4728 plenos
3618 4673 3752 4721 rosis
3783 4686 3806 4722 :

2209 4746 2253 4789 et
2285 4753 2411 4788 unus
2441 4751 2502 4788 ex
2529 4734 2651 4799 ipsis
2679 4732 2856 4801 plenus
2891 4742 2996 4784 erat
3024 4748 3188 4783 croco.
3219 4731 3364 4784 Unus
3389 4747 3506 4785 vero
3535 4736 3603 4786 de
3633 4741 3808 4792 tribus

2207 4807 2417 4859 calathis
2455 4805 2676 4876 rubentes
2715 4801 2858 4876 valde
2883 4817 3023 4854 rosas
3054 4801 3266 4852 habebat
3298 4811 3542 4876 tanquam
3576 4813 3806 4876 sangui-

2209 4892 2338 4938 nem,
2366 4891 2510 4944 quem
2539 4883 2582 4925 ct
2609 4872 2675 4944 ad
2700 4874 2952 4944 dcgcteram
2980 4887 3139 4944 meam
3173 4872 3359 4944 posuit.
3389 4872 3495 4924 Alii
3534 4890 3658 4928 vero
3679 4872 3808 4932 'duo

2210 4947 2342 5015 pleni
2363 4941 2500 4998 crant
2525 4943 2651 4995 rosis
2675 4942 2830 5007 albis,
2861 4943 2915 4992 in
2943 4941 3146 4992 modunt
3178 4941 3270 4992 lilii
3294 4980 3308 5003 ,
3340 4942 3428 4992 sed
3456 4959 3594 4996 rosa:
3621 4961 3801 5001 erant.

2224 5101 2250 5113 ,_
2271 5050 2288 5079 ¹
2323 5048 2394 5095 sic
2417 5045 2724 5113 Floriaeensis
2744 5043 2916 5093 codex.
2945 5051 2999 5093 At
3020 5043 3373 5113 Germanensis,
3402 5048 3448 5092 et
3491 5059 3692 5113 magum
3718 5065 3810 5110 ρα-

2207 5103 2323 5156 riter
2351 5107 2639 5168 Bapttsntum
2661 5113 2932 5155 consecutus
2954 5113 3022 5154 est
3046 5119 3075 5154 a
3101 5103 3350 5168 prmdictis
3377 5109 3648 5168 _,rposzo[is_
3679 5103 3810 5162 5'0,"

2208 5163 2479 5229 vigesimum
2503 5167 2692 5216 circiter
2708 5180 2852 5229 agens
2871 5179 3077 5225 annum,
3103 5163 3232 5228 legis
3255 5163 3591 5229 plenissimam
3615 5173 3811 5223 habens

2206 5227 2466 5287 scientiam,
2491 5229 2622 5285 virgo
2653 5234 2696 5276 et
2739 5227 2896 5276 animo
2937 5235 2981 5276 et
3017 5227 3230 5289 corpore.
3264 5233 3312 5289 et
3349 5228 3538 5278 nultum
3578 5236 3811 5285 mulieris

2203 5290 2356 5341 sciens
2379 5295 2639 5348 peccatum,
2664 5289 2748 5351 sed
2771 5301 2955 5351 semper
2977 5287 3150 5350 templo
3183 5287 3273 5337 Dei
3296 5299 3470 5339 vacans
3494 5305 3614 5342 cum
3655 5296 3820 5344 Paulo

2209 5351 2440 5414 discipulo
2479 5363 2599 5406 meo,
2638 5350 2720 5411 qui
2751 5350 2910 5411 postea
2940 5350 3178 5412 apostolus
3208 5352 3382 5412 factus,
3429 5355 3693 5410 praecessit
3739 5361 3801 5406 ad

2211 5423 2378 5462 Deum.
2403 5418 2553 5460 Juxta
2575 5424 2732 5471 quem,
2769 5417 2864 5458 etc.

2257 5476 2292 5544 f
2324 5473 2658 5521 Germanensis
2680 5469 2852 5529 cedes,
2892 5470 3054 5520 Athea.
3100 5469 3228 5520 Alius
3266 5479 3622 5526 Germanensis
3657 5489 3795 5528 vetu~

2209 5544 2343 5584 SUOI‘.
2369 5544 2532 5582 L‘mna.

2274 5569 2810 5657 rid‘e'tii‘aermanensis
2831 5593 3006 5657 codex,
3032 5591 3342 5657 Delagabria.

2272 5659 2294 5725 τ
2325 5657 2423 5725 adq
2443 5653 2849 5725 inmersisse:
2875 5654 3130 5725 θεαιοηυη-

2273 5719 2345 5782 ta)_
2380 5714 2639 5782 Photiusin'
2668 5714 2953 5782 nibliotheca
2979 5749 2992 5771 ,
3017 5715 3121 5764 cod.
3151 5717 3259 5782 l7l,
3283 5719 3506 5782 sectione
3530 5719 3715 5782 altera,
3754 5732 3811 5775 es

2222 5779 2313 5828 Ado
2331 5778 2386 5827 in
2407 5777 2749 5840 Martyrologio,
2767 5777 2846 5839 qui
2867 5779 3007 5825 etiam
3031 5781 3288 5839 sequentia
3313 5777 3488 5829 refert.
