4072 6542
571 367 676 422 ⁸207

561 479 786 535 tendunt
816 477 829 507 ¹
857 493 870 540 ;
898 474 1066 528 sciant
1095 471 1148 525 in
1179 468 1392 524 Christo
1417 466 1675 523 cruciﬁxo
1700 467 1864 522 multa
1907 465 2153 522 homines

563 574 771 626 discere
788 611 800 628 .
828 577 883 622 et
903 566 1131 620 maxime
1157 561 1301 634 quod
1320 570 1458 616 vetus
1484 562 1634 616 homo
1655 569 1824 616 uoster
1846 559 2000 615 simul
2034 575 2153 614 cru-

562 665 746 732 ciﬁxus
769 668 841 713 est
864 701 878 723 ,
900 668 954 711 ut
999 666 1264 712 euacuetur
1300 671 1484 724 corpus
1529 653 1749 724 peccati,
1792 662 1839 707 et
1883 653 2019 706 ultra
2047 669 2150 705 non

561 753 835 808 serviamus
861 758 1065 820 peccato
1106 746 1282 815 (Rom.
1312 762 1400 812 vr,
1451 744 1546 815 6):
1579 744 1719 800 unde
1759 745 1918 800 etiam
1973 742 2041 797 de
2089 756 2148 796 se

560 844 676 911 ipso
701 841 826 896 dicit
851 882 865 903 ,
901 838 1031 892 Mihi
1060 846 1228 892 autem
1244 836 1372 894 absit
1399 834 1613 906 gloriari
1636 877 1650 899 ,
1679 836 1776 888 nisi
1796 835 1848 887 in
1867 849 2011 888 cruce
2040 831 2148 886 Do-

556 935 682 986 mini
708 934 866 986 nostri
894 929 928 982 J
933 946 1020 984 esu
1045 928 1231 983 Christi
1255 969 1271 994 ,
1299 943 1388 997 per
1413 943 1558 996 quem
1585 927 1708 980 mihi
1733 926 1952 979 mundus
1977 926 2141 978 cruei-

555 1026 690 1092 ﬁa'us
720 1032 791 1076 est
818 1063 832 1085 ,
866 1030 910 1074 ct
935 1036 1026 1091 ego
1074 1015 1478 1088 mundo(Galat.
1523 1032 1609 1083 vr,
1655 1017 1765 1086 ll).
1790 1015 2020 1071 Proinde
2062 1023 2143 1070 at.

555 1115 814 1174 tendant,
847 1121 904 1166 et
939 1111 1156 1166 videant
1197 1105 1645 1178 quemadmodum
1685 1105 1941 1161 doceatur
1981 1114 2142 1174 atque

554 1207 792 1261 discatur
821 1203 1065 1258 Christus
1088 1199 1402 1266 cruciﬁxus,
1428 1208 1484 1253 et
1533 1199 1600 1253 ad
1625 1197 1744 1268 ejus
1789 1211 2004 1253 erucem
2042 1211 2140 1251 no-

555 1296 732 1350 verint
760 1294 1027 1364 pertinere
1053 1289 1193 1361 qttod
1215 1290 1376 1345 etiam
1407 1304 1504 1358 nos
1529 1289 1582 1344 in
1611 1289 1730 1358 ejus
1760 1303 1988 1356 corpore
2015 1301 2139 1342 cru-

553 1387 818 1456 citigimur
840 1382 1070 1447 mundo;
1101 1382 1184 1438 ubi
1214 1380 1525 1451 intelligitur
1545 1379 1721 1434 omnis
1747 1379 2004 1433 coercitio
2033 1392 2140 1432 ma-

553 1479 722 1532 larum
747 1473 1298 1544 concupiscentiarum
1331 1487 1346 1524 :
1375 1485 1438 1525 ac
1461 1485 1555 1540 per
1575 1469 1675 1524 hoc
1701 1468 1816 1524 ﬁeri
1835 1484 1939 1523 non
1963 1476 2138 1538 potest

552 1578 609 1621 ut
637 1567 714 1622 eis
735 1567 823 1636 qui
855 1579 1013 1622 cruce
1034 1562 1230 1617 Christi
1257 1560 1553 1615 formantur
1572 1561 1592 1592 ²
1612 1600 1628 1625 ,
1659 1559 1898 1630 professa
1923 1558 2135 1616 adulte-

548 1661 627 1715 ria
657 1659 1046 1729 permittuntur.
1076 1655 1210 1710 Nam
1237 1662 1292 1709 et
1311 1652 1585 1724 apostolus
1610 1652 1803 1707 Petrus
1844 1651 1912 1707 de
1952 1666 2134 1708 sacra-

551 1762 732 1808 mento
762 1751 927 1822 ipsius
945 1750 1120 1805 erucis
1139 1791 1155 1815 ,
1184 1748 1288 1803 hoc
1307 1756 1390 1803 est
1409 1746 1671 1818 passionis
1692 1746 1887 1802 Christi
1905 1787 1920 1810 ,
1949 1746 2133 1802 admo-

547 1857 671 1906 net.
701 1853 760 1898 ut
798 1843 886 1914 qui
913 1857 974 1896 ea
1021 1849 1403 1896 consecrantur
1453 1853 1677 1909 peccare
1727 1837 2012 1909 desinant,
2061 1837 2134 1894 ita

547 1937 770 2006 loquens
801 1952 815 1987 :
846 1933 1046 1988 Christo
1092 1947 1210 2002 ergo
1248 1947 1397 2001 passo
1425 1931 1478 1984 in
1526 1946 1678 1984 carne
1701 1969 1719 1998 ,
1752 1940 1800 1984 et
1848 1945 1934 1984 vos
1958 1930 2134 1986 eadem

545 2025 848 2096 cogitatione
865 2022 1167 2087 armamini;
1197 2022 1318 2087 quia
1339 2021 1428 2090 qui
1450 2029 1678 2074 mortuus
1703 2029 1775 2074 est
1801 2037 1952 2076 carne
1975 2062 1992 2089 ,
2039 2021 2132 2077 de-

543 2117 628 2170 siit
653 2129 858 2185 peccare
875 2154 890 2180 ,
937 2122 992 2166 ut
1007 2114 1122 2182 jam
1149 2128 1252 2165 non
1288 2111 1549 2165 hominum
1595 2110 1856 2165 desideriis
1876 2150 1892 2176 ,
1921 2111 2011 2166 sed
2037 2127 2129 2166 tto-

545 2209 739 2262 luntate
763 2205 972 2260 Domini
993 2203 1092 2259 Dei
1115 2204 1364 2274 reliquum
1391 2203 1443 2256 in
1471 2218 1624 2257 carne
1646 2202 1777 2258 uiuat
1809 2202 1852 2274 (ι
1882 2201 2024 2258 Petr.
2055 2219 2128 2273 tv,

545 2301 570 2354 1
604 2340 618 2363 ,
647 2297 742 2370 2);
769 2306 822 2352 et
840 2306 1034 2352 ctetera
1053 2337 1069 2364 ,
1099 2295 1292 2366 quibus
1318 2301 1708 2364 consequenter
1730 2294 1984 2363 ostendit,
2007 2311 2128 2353 eum

544 2391 814 2460 pertinere
835 2388 902 2442 ad
932 2387 1201 2443 Christum
1229 2385 1572 2451 cruciﬁxum,
1606 2384 1709 2440 hoc
1733 2395 1842 2454 est,
1890 2401 1989 2457 per
2012 2402 2130 2443 car-

542 2497 663 2535 nem
679 2494 918 2550 passum,
941 2478 1032 2548 qui
1053 2477 1105 2532 in
1123 2477 1240 2547 ejus
1257 2490 1481 2546 corpore
1498 2475 1769 2534 cruciﬁxis
1786 2478 1806 2508 ’
1827 2477 2129 2536 carnalibus

538 2571 817 2629 desideriis
847 2569 983 2646 bene
1004 2568 1134 2624 vivit
1151 2581 1246 2639 per
1267 2565 1636 2637 Evangelium.

610 2687 697 2741 t6.
726 2684 863 2753 Quid
883 2725 898 2751 ,
929 2682 1071 2754 quod
1086 2682 1246 2739 etiam
1272 2680 1379 2737 duo
1407 2680 1496 2735 illa
1525 2689 1791 2752 praecepta
1811 2723 1828 2750 ,
1856 2680 1910 2740 in
1935 2681 2127 2753 quibus

541 2779 797 2833 Dominus
847 2778 924 2830 ait
951 2784 1115 2830 totam
1161 2773 1355 2844 Legem
1406 2772 1809 2844 Prophetasque
1845 2773 2081 2844 pendere
2105 2813 2122 2842 ,

539 2871 662 2924 huic
688 2884 799 2924 sua:
831 2865 1072 2937 opinioni
1116 2863 1396 2933 suﬁ‘ragari
1441 2862 1809 2918 arbitrantur?
1850 2872 1906 2919 et
1939 2864 2017 2920 sic
2061 2879 2125 2920 ea

533 2967 973 3022 commemorant,
996 2965 1056 3012 ut
1070 2955 1318 3026 quoniam
1331 2955 1560 3026 primum
1578 2963 1898 3026 przeceptum
1925 2956 2124 3014 dictum

535 3062 621 3107 est
643 3093 658 3120 ,
684 3051 886 3122 Diliges
919 3048 1192 3102 Dominum
1221 3045 1389 3102 Deum
1411 3058 1554 3102 tuum
1597 3065 1661 3103 ea:
1682 3058 1786 3105 toto
1814 3051 1965 3104 corde
1992 3060 2078 3105 tuo
2106 3092 2122 3116 ,

533 3157 583 3199 et
611 3161 676 3200 ea:
708 3153 816 3197 tota
845 3143 1018 3195 anima
1046 3150 1132 3194 tua
1151 3182 1166 3204 ,
1190 3149 1236 3193 et
1272 3155 1335 3194 ea:
1363 3149 1467 3193 tota
1491 3149 1655 3195 mente
1695 3150 1824 3208 tua;
1847 3142 2124 3197 secundum

529 3249 701 3291 autem
726 3235 892 3290 simile
909 3233 1025 3287 huic
1049 3275 1064 3299 ,
1092 3231 1288 3302 Diliges
1309 3231 1593 3300 proximum
1635 3241 1778 3287 tuum
1814 3241 2054 3304 tanquam
2076 3244 2124 3290 te

529 3334 699 3398 ipsum
725 3327 940 3401 (Matth.
971 3341 1083 3380 χιιι
1107 3365 1124 3390 ,
1176 3324 1402 3396 57-40);
1430 3325 1662 3394 primum
1693 3325 1919 3381 credant
1950 3327 2120 3396 perti-

531 3438 660 3478 nere
688 3420 754 3476 ad
784 3417 1129 3489 baptizandus
1157 3416 1200 3482 δ,
1242 3416 1332 3471 ubi
1380 3415 1592 3471 dilectio
1624 3416 1718 3472 Dei
1768 3418 2072 3488 principitur
2100 3459 2116 3486 ,

529 3511 824 3568 sectmdum
854 3518 1033 3564 autem
1080 3507 1148 3563 ad
1194 3507 1524 3577 baptizatos,
1575 3507 1662 3562 ubi
1710 3507 1957 3564 videntur
1999 3524 2118 3566 esse

530 3618 710 3658 mores
730 3599 1152 3656 conversationis
1181 3597 1432 3652 humanae
1461 3614 1475 3651 :
1504 3597 1583 3653 sic
1607 3599 1758 3654 obliti
1804 3598 1946 3669 quod
1980 3602 2115 3656 scri-

527 3706 675 3767 ptum
697 3703 799 3760 est,
820 3693 880 3748 Si
901 3693 1110 3762 fratrem
1135 3700 1277 3744 tuum
1290 3707 1438 3760 quem
1459 3691 1596 3746 vides
1616 3708 1718 3746 non
1740 3691 1934 3763 diligis,
1951 3691 2118 3748 Deum

524 3804 671 3856 quem
701 3803 800 3839 non
841 3785 978 3838 vides
1003 3782 1254 3853 quomodo
1283 3781 1494 3852 diligere
1527 3783 1712 3850 poteris
1744 3782 1786 3852 (Ι
1829 3781 1987 3838 Joan.
2011 3799 2065 3840 tv
2093 3824 2111 3853 ,

522 3879 659 3948 20)?
685 3887 738 3932 et
767 3875 894 3931 illud
948 3873 1091 3930 aliud
1139 3874 1194 3928 in
1233 3873 1422 3929 eadem
1453 3873 1690 3943 Epistola
1740 3873 2002 3942 Joannis,
2051 3875 2117 3932 Si

524 3977 636 4047 quis
665 3973 833 4044 diligit
861 3971 1107 4026 mundum
1128 4011 1144 4038 ,
1200 3985 1302 4024 non
1346 3979 1420 4024 est
1466 3970 1690 4024 charitas
1742 3968 1916 4024 Patris
1943 3971 1997 4023 in
2022 3969 2116 4025 illo

527 4068 640 4139 (Id.
671 4082 706 4122 ιι
725 4107 738 4127 ,
770 4065 884 4133 15).
910 4064 1029 4130 Quo
1055 4073 1233 4118 autem
1256 4063 1526 4132 pertinent
1554 4062 1732 4117 omnia
1775 4061 1970 4133 ﬂagitia
2000 4076 2116 4119 mo-

524 4175 642 4214 rum
685 4157 982 4219 malorum,
1023 4153 1128 4209 nisi
1179 4153 1250 4208 ad
1307 4153 1492 4208 mundi
1537 4153 1696 4223 hujus
1726 4154 2114 4209 dilectionem?

523 4254 602 4304 Ac
629 4264 723 4317 per
746 4249 848 4302 hoc
873 4245 999 4300 illud
1025 4245 1256 4316 primum
1285 4253 1610 4315 prteceptum
1632 4285 1648 4309 ,
1677 4244 1819 4314 quod
1849 4245 1916 4301 ad
1943 4245 2114 4314 bapti-

522 4340 724 4396 zandos
767 4338 1035 4408 pertinere
1089 4335 1450 4402 arbitrantur,
1500 4336 1618 4392 sine
1666 4336 1820 4391 bonis
1869 4337 2113 4393 moribus

519 4430 797 4488 observari
823 4429 968 4484 nullo
989 4436 1145 4498 pacto
1163 4437 1354 4498 potest.
1377 4426 1513 4483 Nolo
1537 4427 1775 4498 pluribus
1798 4429 2070 4485 immorari
2093 4448 2108 4484 :

523 4537 647 4578 nam
669 4520 954 4592 diligenter
976 4518 1312 4576 considerata
1335 4519 1434 4573 ista
1463 4517 1571 4572 duo
1596 4529 1859 4588 prteeepta
1875 4560 1893 4585 ,
1934 4519 2004 4574 ita
2043 4536 2110 4576 ex

518 4615 780 4670 alterutro
796 4626 1036 4666 connexa
1051 4611 1408 4681 reperiuntur,
1423 4617 1480 4664 ut
1495 4623 1594 4664 nec
1606 4607 1821 4664 dilectio
1833 4609 1926 4664 Dei
1944 4611 2111 4680 possit

515 4706 703 4763 essein
722 4703 1008 4769 bomine,si
1022 4719 1126 4757 non
1142 4702 1312 4772 diligit
1325 4699 1754 4772 proximum,nec
1770 4701 1983 4758 dilectio
1996 4720 2111 4772 pro-

515 4797 666 4860 ximi,
693 4796 740 4851 si
753 4810 858 4850 non
869 4793 1043 4864 diligit
1067 4793 1255 4848 Deum.
1269 4791 1374 4847 Sed
1394 4791 1460 4846 ad
1476 4807 1588 4847 rem
1604 4807 1723 4861 qua:
1747 4808 1884 4848 nunc
1910 4794 2104 4865 agitur,

514 4889 658 4960 quod
687 4889 757 4944 de
777 4887 859 4943 his
884 4885 1090 4942 duobus
1117 4883 1398 4956 praeceptis
1417 4884 1648 4939 diximus
1663 4883 1874 4940 sufﬁcit.

585 5015 814 5072 CAPUT
856 5013 1047 5070 XL—
1075 5014 1164 5069 17.
1195 5011 1452 5081 Objectio,
1499 5009 1634 5080 quod
1675 5009 1926 5066 Israelin
1965 5013 2106 5082 prius

514 5126 655 5163 mare
675 5110 964 5164 transierint
989 5117 1036 5161 et
1061 5115 1173 5179 post
1203 5105 1362 5176 legem
1390 5102 1693 5174 acceperint.
1718 5104 1786 5160 At
1837 5105 1976 5159 enim
2002 5119 2102 5175 po-

515 5200 670 5272 pulus
710 5199 870 5254 Israel
898 5199 1127 5268 primum
1158 5212 1254 5268 per
1283 5211 1430 5251 mare
1470 5195 1709 5251 Rubrum
1739 5194 1928 5251 ductus
1977 5206 2097 5262 est,

511 5304 620 5361 quo
645 5289 970 5361 signiﬁcatur
995 5289 1299 5360 Baptismus
1326 5303 1341 5353 ;
1367 5295 1423 5343 et
1453 5296 1636 5357 postea
1666 5287 1834 5358 legem
1857 5288 2098 5358 accepit,

576 5440 594 5470 ⁸
630 5439 704 5487 sic
725 5447 830 5488 Mss.
865 5445 921 5489 At
943 5439 1080 5489 editi.
1104 5439 1387 5489 concedunt.

576 5501 596 5572 ξ
855 5473 1554 5573 ἕνῖιῖἓ’ἓὶιῆ³ἓῗῖἷιῖ[’ὁῗῇὶςιηιαῃ
1592 5504 1754 5573 anesi,
1779 5506 1847 5561 in.
1869 5509 1932 5573 ab
1957 5509 2099 5573 editis

510 5561 618 5633 aliis
642 5568 689 5611 et
707 5573 740 5633 a
762 5567 890 5622 Mss,
916 5574 1123 5626 quorum
1144 5561 1370 5624 pra‘cijvui
1395 5561 1516 5624 loco,
1535 5561 1872 5632 informantur,
1895 5569 2097 5633 habent,

530 5630 794 5674 rorttmrttur.

511 5627 1059 5748 ’“CmL'Zfii‘f
1075 5681 1362 5748 amendatur
1384 5697 1446 5734 ex
1473 5685 1615 5737 editis
1629 5689 1735 5740 aliis
1757 5699 1810 5740 et
1834 5701 1941 5744 Mss.

573 5749 596 5779 δ
621 5746 768 5817 μάξω,
791 5743 1006 5817 primum
1015 5743 1254 5817 pertinere
1265 5746 1330 5817 ad
1341 5745 1679 5810 baptizandum
1695 5765 1714 5812 ;
1729 5755 1908 5804 omisso
1922 5743 2093 5817 verbo,

515 5809 716 5861 credant
752 5807 886 5868 quod
911 5807 1181 5858 restituitur
1204 5819 1266 5856 ex
1294 5814 1399 5857 Mss.

1556 350 1641 405 DE
1678 349 1836 406 FIDE
1877 351 1964 406 ΕΤ
2001 348 2361 414 OPERIRUS.
2403 353 2461 410 S.
2503 355 2866 415 AUGUSTI?"

3423 417 3484 448 χ
3745 375 3868 432 eos

2266 465 2353 524 ubi
2381 467 2610 526 disceret
2651 473 3096 542 quemadmodum
3127 477 3349 535 viveret.
3380 481 3490 538 Cur
3515 499 3643 554 ergo
3667 485 3858 558 bapti-

2257 557 2441 614 zandis
2466 560 2550 614 vel
2587 562 2897 632 Symbolum
2943 567 3198 623 tradimus
3225 611 3242 636 ,
3273 571 3713 648 reddendumque
3745 557 3860 636 ire-

2256 648 2569 715 poscimus?
2598 651 2734 706 Nihil
2762 655 2904 708 enim
2939 657 3045 712 tale
3074 658 3266 714 factum
3298 673 3380 718 est
3405 680 3529 736 erga
3559 667 3681 724 illos
3705 686 3858 741 quos

2256 751 2350 806 per
2376 755 2521 794 mare
2541 739 2778 796 Rubrum
2811 744 2948 799 Deus
2967 747 3034 801 ab
3058 747 3326 822 Egyptiis
3371 753 3632 812 liberavit.
3657 739 3853 814 Si'an-

2254 837 2359 884 tetu
2410 840 2556 886 recte
2597 832 2898 904 intelligunt
2943 836 3043 893 hoc
3083 841 3371 909 signiﬁcari
3413 849 3856 916 pra‘cedcntibus

2252 921 2518 990 mysteriis
2537 921 2604 977 de
2632 925 2891 994 sanguine
2917 928 3033 983 ovis
3060 932 3302 999 postibus
3328 935 3461 991 illito
3484 979 3500 1005 ,
3525 947 3576 994 et
3605 939 3674 995 de
3705 958 3855 1014 azy-

2251 1014 2351 1067 mis
2381 1013 2704 1070 sinceritatis
2730 1027 2784 1072 et
2824 1019 3062 1076 veritatis
3083 1022 3278 1093 (Exod.
3302 1029 3546 1100 XII-XIV);
3579 1047 3675 1086 cur
3729 1013 3850 1088 non

2251 1107 2411 1159 etiam
2440 1106 2569 1160 illud
2592 1120 2983 1180 consequenter
3020 1113 3350 1186 intelligunt,
3383 1125 3551 1190 ipsam
3581 1124 3646 1178 ab
3667 1124 3854 1196 Egy-

2251 1195 2375 1265 ptiis
2391 1199 2780 1265 separationem
2798 1201 3098 1272 signiﬁcare
3117 1206 3500 1266 discessionem
3527 1228 3556 1267 a
3579 1195 3848 1284 peccatis,

2245 1301 2404 1359 quam
2441 1290 2740 1359 baptizandi
2781 1293 3141 1364 proﬁtentur?
3166 1299 3248 1355 Ad
3287 1300 3390 1357 hoc
3416 1305 3557 1359 enim
3600 1307 3850 1376 pertinet

2242 1381 2385 1450 quod
2414 1395 2444 1434 a
2483 1381 2644 1438 Petro
2667 1384 2864 1440 dictum
2894 1395 3016 1457 est,
3046 1389 3192 1460 Agite
3227 1394 3608 1464 paenitentiam,
3660 1409 3710 1452 et
3749 1399 3847 1452 ba-

2242 1472 2457 1542 ptisetur
2477 1476 2814 1548 unusquisque
2839 1489 3058 1534 vestrum
3085 1481 3136 1536 in
3164 1486 3367 1540 nomine
3421 1485 3625 1542 Domini
3668 1493 3850 1545 nostri

2238 1563 2361 1620 Iesu
2384 1565 2568 1621 Christi
2596 1583 2616 1622 :
2644 1577 2892 1640 tanquam
2919 1571 3122 1628 diceret
3143 1617 3156 1637 .
3187 1576 3438 1634 Περι-ἀὴρ
3462 1579 3530 1634 ab
3549 1580 3796 1654 Egypto
3822 1624 3843 1650 ,

2239 1666 2295 1713 et
2317 1673 2412 1727 per
2425 1673 2572 1716 mare
2591 1659 2828 1716 Rubrum
2851 1664 3091 1720 transite.
3119 1667 3270 1724 Unde
3299 1681 3346 1723 et
3371 1670 3420 1724 in
3447 1672 3680 1741 Epistula
3708 1690 3846 1744 qua:

2237 1750 2306 1805 ad
2334 1750 2586 1808 llebrzeos
2615 1753 2924 1810 inscribitur
2942 1796 2956 1822 ,
2995 1772 3116 1813 cum
3147 1775 3330 1814 eorum
3358 1763 3446 1831 qui
3489 1763 3848 1835 baptizantur

2237 1853 2787 1901 commemorarentur
2815 1847 2962 1902 initia
2986 1892 2998 1912 ,
3029 1851 3197 1920 positu
3223 1863 3306 1907 est
3350 1855 3420 1908 ibi
3451 1857 3770 1925 pcnnitentia
3805 1875 3840 1913 τι

2238 1935 2462 1990 mortuis
2487 1937 2758 2006 operibus.
2799 1938 2888 1994 Sic
2934 1941 3076 1994 enim
3125 1942 3296 1996 dicit:
3348 1943 3474 2000 Ideo
3515 1949 3844 2003 remittentes

2235 2025 2382 2080 initia
2403 2026 2594 2082 Christi
2613 2028 2814 2083 verbum
2832 2071 2846 2096 ,
2871 2031 2923 2085 in
2943 2035 3422 2089 consummationem
3453 2038 3795 2108 respiciamus
3819 2083 3837 2105 ,

2235 2131 2338 2170 non
2362 2117 2542 2172 iterum
2549 2119 2796 2188 jacientes
2815 2122 3200 2190 fundamentum
3220 2127 3523 2196 panitentia:
3543 2145 3576 2182 a
3604 2134 3840 2186 mortuis

2234 2207 2471 2278 aperibus
2493 2250 2508 2276 ,
2537 2219 2583 2264 et
2608 2210 2730 2280 ﬁdei
2768 2213 2823 2266 in
2854 2212 3045 2282 Deum,
3084 2215 3272 2270 lavacri
3307 2217 3583 2286 doctrinm,
3615 2221 3840 2290 imposi-

2234 2301 2384 2356 tionis
2407 2318 2685 2369 manuum,
2711 2307 3086 2361 resurrectionis
3123 2309 3274 2362 etiam
3308 2321 3616 2365 mortuorum
3644 2324 3694 2366 et
3725 2316 3838 2384 ju-

2233 2390 2354 2445 dicii
2372 2393 2543 2447 talenti
2574 2393 2758 2465 (Hebr.
2785 2411 2836 2452 Vt
2862 2437 2878 2464 ,
2912 2399 2934 2451 l
2961 2437 2974 2461 ,
3005 2397 3084 2468 2).
3115 2398 3239 2455 llaec
3264 2401 3422 2470 igitur
3447 2403 3621 2456 omnia
3655 2407 3840 2474 perti-

2232 2499 2362 2540 nere
2385 2484 2452 2539 ad
2482 2486 2626 2541 initia
2658 2489 3048 2560 neophytorum
3075 2493 3206 2548 satis
3226 2502 3515 2565 aperteque
3541 2497 3836 2567 Scriptura

2232 2583 2474 2631 testatur.
2507 2576 2644 2646 Quid
2669 2587 2752 2635 est
2784 2589 2964 2637 autem
3015 2597 3046 2638 a
3095 2585 3321 2640 mortuis
3349 2587 3600 2656 cperibus
3639 2593 3836 2660 [)(Blli-

2232 2667 2394 2721 tentia
2414 2707 2429 2732 ,
2459 2667 2561 2723 nisi
2587 2669 2656 2725 ab
2693 2669 2776 2726 bis
2799 2686 2919 2742 qua:
2944 2683 3155 2743 oportet
3182 2677 3523 2745 mortiﬁcari,
3555 2691 3615 2734 ut
3667 2681 3834 2736 viva-

2235 2758 2529 2829 musiqua:
2557 2760 2602 2816 si
2653 2761 2913 2819 adulteria
2966 2762 3454 2838 fornicationcsque
3509 2786 3614 2825 non
3647 2783 3783 2828 sunt
3811 2818 3832 2840 ,

2228 2847 2354 2918 quid
2375 2849 2485 2919 jam
2510 2849 2650 2906 inter
2673 2867 2836 2924 opera
2875 2864 3083 2911 mortua
3127 2859 3507 2915 nominandum
3545 2863 3674 2918 e51?
3728 2867 3833 2921 SIC

2227 2947 2405 2993 autem
2433 2955 2537 2996 non
2561 2939 2758 2997 sufﬁcit
2783 2943 3043 3013 professio
3073 2950 3392 3004 recessionis
3411 2966 3438 3004 a
3470 2951 3686 3019 talibus,
3715 2957 3831 3010 nisi

2226 3032 2387 3087 etiam
2437 3033 2647 3089 lavacro
2676 3039 3091 3106 regenerationis
3128 3052 3313 3096 cuncta
3345 3045 3640 3113 praeterita,
3695 3063 3832 3117 qua:

2226 3123 2372 3179 velut
2415 3134 2844 3194 persequuntur,
2897 3137 3112 3200 peccata
3141 3130 3461 3198 deleantur,
3517 3135 3656 3189 sicut
3708 3155 3829 3193 non

2225 3214 2436 3270 sut‘l‘ecit
2462 3213 2712 3271 lsraelitis
2741 3218 2992 3274 recedere
3043 3220 3113 3275 ab
3135 3221 3402 3294 IEgypto,
3450 3224 3550 3280 nisi
3580 3241 3642 3281 ea
3695 3244 3832 3300 qua:

2225 3304 2606 3376 insequebatur
2648 3305 2880 3364 hostium
2927 3311 3211 3368 multitudo
3249 3315 3486 3384 ejusdem
3517 3318 3682 3372 maris
3712 3318 3831 3376 llu-

2222 3395 2399 3453 ctibus
2429 3396 2693 3466 interiret,
2726 3401 2815 3470 qui
2847 3401 2939 3456 Dei
2965 3405 3161 3475 populo
3191 3409 3481 3463 transituro
3506 3409 3830 3468 liberando-

2221 3502 2326 3557 que
2361 3495 2666 3558 patuerunt.
2697 3488 2796 3557 Qui
2818 3506 2945 3562 ergo
2969 3494 3249 3563 proﬁtetur
3273 3496 3340 3552 ab
3363 3497 3624 3556 adulterio
3666 3504 3828 3560 nolle

2221 3594 2280 3637 se
2306 3589 2512 3637 mutare
2530 3623 2545 3648 ,
2573 3583 2839 3652 quomodo
2866 3601 2962 3654 per
2981 3602 3127 3642 mare
3147 3587 3390 3644 Rubrum
3415 3590 3658 3660 ducetur,
3683 3610 3822 3650 cum

2219 3669 2289 3726 ab
2315 3669 2550 3744 Egypto
2575 3673 2752 3730 adhuc
2778 3685 2990 3731 recuset
3017 3677 3348 3735 abscedere?
3373 3681 3569 3737 Deinde
3589 3699 3700 3738 non
3727 3695 3827 3739 at-

2223 3764 2448 3822 tendunt
2468 3767 2520 3820 in
2549 3781 2612 3821 ea
2640 3767 2756 3837 lege
2776 3807 2792 3834 ,
2819 3783 2938 3838 quae
2967 3780 3091 3838 post
3112 3773 3392 3827 transitum
3428 3776 3589 3829 maris
3635 3775 3824 3832 Rubri

2219 3857 2297 3912 illi
2329 3859 2526 3929 populo
2550 3858 2673 3914 data
2698 3869 2814 3924 est,
2847 3861 3075 3930 primum
3111 3879 3232 3918 esse
3271 3875 3594 3936 praiceptum
3615 3908 3630 3933 ,
3682 3868 3824 3924 Non

2217 3960 2361 4004 erunt
2385 3951 2474 4006 tibi
2495 3950 2584 4006 alii
2610 3951 2682 4005 dii
2708 3962 2894 4022 prazter
2915 3969 3011 4007 me.
3032 3952 3152 4008 Non
3174 3957 3328 4026 facies
3351 3956 3437 4011 tibi
3465 3959 3624 4025 idola,
3647 3976 3826 4030 neque

2215 4041 2376 4095 ullum
2405 4043 2733 4096 simulacrum
2761 4083 2777 4109 ,
2804 4058 3132 4115 quacumque
3176 4047 3230 4098 in
3248 4045 3388 4101 'CtL‘lO
3409 4055 3524 4101 sunt
3549 4065 3761 4103 sursum
3795 4092 3814 4117 ,

2213 4145 2260 4188 et
2278 4149 2600 4205 quacumque
2625 4134 2678 4188 in
2706 4143 2839 4188 terra
2865 4135 3099 4190 deorsum
3124 4178 3138 4200 ,
3162 4149 3206 4192 et
3231 4155 3555 4210 quwcumque
3577 4142 3631 4194 in
3666 4159 3819 4212 aqua

2214 4237 2260 4281 et
2285 4227 2376 4281 sub
2407 4236 2574 4293 terra;
2605 4244 2706 4283 non
2727 4227 2964 4283 adorabis
2980 4246 3038 4283 ea
3061 4272 3076 4297 ,
3109 4245 3266 4300 neque
3287 4234 3469 4286 servies
3493 4237 3563 4287 eis
3597 4233 3816 4305 (Exod.

2213 4336 2315 4388 xx,
2345 4321 2410 4386 4,
2440 4321 2534 4391 5);
2561 4329 2616 4376 et
2639 4331 2833 4376 caetera
2863 4321 2930 4376 ad
2964 4321 3068 4377 hoc
3098 4335 3422 4394 prmeeptum
3453 4326 3812 4394 pertinentia.

2211 4411 2494 4468 Al‘ﬁrmcnt
2523 4413 2701 4483 itaque
2734 4413 2858 4480 isti,
2905 4413 2950 4468 si
2973 4413 3186 4482 volunt,
3215 4423 3399 4469 contra
3428 4417 3596 4486 ipsam
3646 4433 3812 4475 suam

2210 4503 2786 4570 assertionem,ctiam
2811 4503 2880 4558 de
2925 4504 3084 4559 unius
3128 4505 3221 4560 Dei
3263 4506 3408 4560 cultu
3453 4508 3815 4580 cavendaque

2211 4593 2510 4648 idololatria
2529 4633 2545 4658 ,
2574 4610 2679 4648 non
2710 4593 2884 4649 adhuc
2908 4595 3268 4666 baptizandis,
3300 4598 3394 4653 sed
3419 4601 3530 4668 jam
3561 4599 3814 4671 baptiza-

2212 4686 2277 4740 tis
2327 4701 2446 4740 esse
2497 4686 2892 4755 praedicandum
2923 4704 2938 4742 :
2975 4697 3030 4742 et
3057 4702 3164 4742 non
3187 4687 3297 4757 jam
3342 4690 3556 4756 dicant,
3589 4692 3667 4748 eis
3705 4696 3810 4764 qui

2207 4777 2534 4848 Baptismum
2568 4779 2865 4848 percepturi
2908 4787 3065 4843 sunt,
3118 4778 3277 4833 ﬁdem
3322 4790 3524 4835 tantum
3577 4798 3695 4852 qua:
3747 4784 3809 4840 in

2211 4869 2375 4924 Deum
2397 4878 2479 4924 est
2504 4868 2851 4924 intimandum
2876 4909 2891 4935 ,
2920 4879 2975 4925 ct
3001 4880 3120 4940 post
3143 4870 3260 4940 ejus
3300 4871 3636 4927 Sacramenti
3668 4890 3806 4944 per-

2207 4961 2508 5034 ceptionem
2536 4962 2605 5018 de
2625 4962 2866 5017 moribus
2882 4963 3003 5016 vitae
3026 4970 3273 5032 tanquam
3301 4963 3368 5018 de
3393 4965 3630 5020 secundo
3661 4981 3803 5036 prte-

2204 5062 2364 5123 cepto
2384 5068 2476 5109 eos
2502 5052 2643 5123 quod
2678 5051 2746 5107 ad
2776 5052 3112 5108 dilectionem
3161 5055 3391 5124 proximi
3439 5058 3671 5126 pertinet
3709 5058 3805 5112 in-

2206 5145 2510 5202 struendos.
2543 5146 2837 5217 Utrumque
2863 5146 3004 5202 enim
3033 5147 3115 5201 lex
3142 5149 3414 5216 continet,
3463 5166 3621 5220 quam
3677 5163 3805 5222 post

2206 5254 2354 5294 mare
2384 5238 2621 5292 Rubrum
2649 5249 2900 5310 tanquam
2929 5249 3049 5310 post
3068 5240 3395 5310 Baptismum
3433 5243 3660 5312 populus
3699 5260 3802 5300 ac-

2202 5329 2502 5399 cepit;nec
2546 5329 2616 5383 ita
2662 5329 2797 5385 facta
2827 5340 2910 5385 est
2954 5331 3258 5386 distributio
3285 5343 3703 5403 praeceptorum.
3738 5347 3803 5391 ut

2200 5429 2324 5476 ante
2365 5419 2508 5474 illius
2561 5422 2722 5476 maris
2763 5423 3043 5477 transitum
3090 5422 3159 5478 de
3205 5424 3439 5479 cavenda
3490 5425 3798 5482 idololatria

2203 5515 2352 5585 plebs
2371 5513 2672 5580 doceretur,
2699 5524 2752 5568 et
2783 5526 3127 5586 posteaquam
3158 5517 3515 5583 transierunt,
3546 5520 3800 5576 audirent

2202 5605 2567 5661 honorandum
2623 5618 2826 5674 patrem
2855 5619 2909 5662 et
2935 5618 3191 5674 matrem,
3225 5625 3331 5663 non
3361 5610 3744 5665 mmehandmn
3777 5654 3794 5679 ,

2201 5712 2303 5752 non
2335 5697 2715 5763 occidendum,
2759 5709 2811 5752 et
2850 5696 3041 5755 Caetera
3094 5700 3246 5755 bona:
3276 5709 3436 5772 atque
3486 5701 3791 5758 innocentis

2199 5789 2622 5844 conversationis
2651 5789 2915 5844 humanae.
