4118 6522
324 382 426 438 813

325 497 587 550 adstarem
617 492 866 561 episcopo
891 487 1100 561 Joanni,
1132 499 1352 561 narrans
1391 483 1687 561 ei_omnem_
1728 482 1886 561 visio:

326 583 469 619 nem.
499 565 542 618 A
573 553 677 630 quo
701 553 915 614 videbar
945 558 1174 630 audire:
1201 555 1398 630 Siliacc
1424 553 1498 630 si_c
1521 569 1579 630 se
1606 554 1802 630 habent
1833 557 1891 603 ut

325 635 479 696 dicis,
511 622 843 694 charissime,
866 639 916 682 et
945 627 1200 681 Dominus
1223 625 1313 696 tibi
1340 624 1590 696 revelavit
1616 622 1731 676 lucc
1753 631 1888 696 temo

328 692 542 772 poribus
583 701 800 772 nostris,
830 692 1044 772 oportet
1071 712 1154 749 me
1181 693 1434 760 colligere
1461 693 1526 745 de
1552 692 1891 772 possessione

328 764 416 827 illa
448 772 634 824 bovem
669 771 810 822 illum
841 764 1124 821 maximum
1164 775 1448 825 aratorem,
1479 764 1564 830 qui
1589 770 1641 813 et
1662 776 1814 813 carro
1841 768 1894 811 et

326 853 505 896 aratro
550 850 703 909 aptus
742 851 842 904 est,
883 837 1148 909 dimittere
1191 833 1724 909 _tibi_posse_ssiopeni
1773 845 1891 882 cum

327 901 836 966 omnibus-caeteris.
876 907 953 960 Ad
977 921 1132 974 quem
1156 905 1240 957 aio
1260 903 1285 955 .'
1305 902 1500 974 thuid
1531 901 1655 953 mihi
1687 913 1894 968 posses-

327 982 426 1042 sio,
450 982 643 1034 domne
675 979 764 1039 mi,
791 979 834 1030 si
862 994 962 1030 non
998 973 1163 1027 liabeo
1196 976 1379 1024 bovem
1428 973 1570 1042 illum
1605 987 1696 1042 per
1737 984 1892 1036 quem

327 1040 538 1120 regatur
563 1061 615 1120 et
640 1060 819 1120 aretur
847 1045 1146 1120 possessio?
1171 1045 1233 1120 Et
1260 1043 1392 1120 dixit
1417 1041 1546 1120 inibi
1576 1040 1892 1120 cpiscopus:

329 1108 415 1172 Ita”
434 1119 649 1188 placuit,
680 1108 1008 1179 charis-sime,
1041 1114 1288 1188 quoniam
1330 1113 1513 1188 civitas
1543 1108 1896 1188 nostra-vehi-

328 1181 461 1241 culis
486 1187 833 1246 ministratur,
863 1196 915 1239 et
939 1181 1095 1238 unum
1125 1185 1308 1235 bovem
1347 1181 1410 1234 ad
1442 1183 1580 1233 illum
1611 1181 1893 1231 niaximum

329 1275 536 1312 carrum
563 1259 735 1310 minus
761 1256 1015 1309 habemus
1035 1255 1073 1315 ί,
1102 1269 1256 1321 quem
1287 1264 1338 1304 tu
1369 1251 1562 1321 dii-eris
1590 1250 1638 1321 in
1681 1263 1894 1321 posses-

330 1329 479 1381 sione
523 1339 606 1379 tua
636 1327 833 1379 celare.
863 1327 1078 1391 Oportet
1110 1317 1332 1390 namque
1360 1332 1415 1373 ut
1443 1321 1493 1372 in
1521 1317 1896 1391 civitate_c_ele-

330 1398 557 1451 berriina
581 1397 648 1449 sit
675 1397 838 1463 magis
861 1386 1014 1462 quam
1039 1396 1088 1446 in
1118 1386 1330 1463 parvula
1360 1389 1711 1463 possessione.
1739 1386 1899 1463 Num:-

333 1469 454 1537 qiiid
488 1484 589 1519 non
619 1467 708 1520 tibi
738 1454 1004 1537 siil‘liciiint
1033 1454 1145 1537 duo
1170 1454 1372 1537 residui
1390 1461 1552 1513 boves
1578 1459 1812 1511 minores
1832 1454 1897 1509 ad

334 1532 673 1591 excolendam
706 1545 896 1588 terram
929 1533 1150 1587 vehiculi
1181 1532 1287 1593 tui?

405 1628 456 1681 6.
497 1626 733 1694 Cumque
760 1626 857 1678 hoc
885 1626 934 1678 in
965 1625 1179 1686 cxstasi,
1207 1623 1306 1694 hoc
1333 1631 1410 1675 est
1438 1621 1488 1694 in
1508 1632 1898 1694 excessu_men_-

335 1697 423 1760 tis,
465 1689 748 1759 audissem,
798 1698 973 1747 statim
1003 1693 1402 1763 expergefactus
1444 1691 1684 1763 benedixi
1731 1689 1900 1740 Domi-

335 1783 482 1829 num,
508 1776 562 1820 et
604 1766 809 1835 perrexi
847 1765 910 1817 ad
939 1761 1202 1817 civitatein
1233 1763 1297 1815 ad
1328 1771 1566 1835 sanctum
1593 1761 1896 1827 episcopum

334 1831 617 1892 Joannem:
636 1836 699 1889 Et
726 1851 846 1887 cum
880 1835 952 1886 illi
976 1835 1150 1886 omnia
1175 1848 1292 1900 quin
1316 1831 1546 1884 videram
1577 1844 1892 1900 narrassem,

335 1907 522 1960 reticui
553 1906 618 1960 de
658 1906 861 1959 visione
906 1904 1088 1962 bovis,
1137 1899 1452 1970 exspectans
1495 1900 1617 1968 quid
1662 1899 1898 1970 audirem

336 1979 510 2030 abeo.
541 1976 904 2029 lntellcxeram
937 1975 1077 2026 enim
1103 1975 1221 2041 quia
1239 1967 1458 2024 sanctus
1473 1967 1900 2041 Stephanusipse

337 2056 476 2100 esset
497 2047 591 2100 bos
614 2047 890 2105 maximus,
915 2055 965 2095 et
991 2038 1268 2112 qnia'carri
1301 2042 1370 2094 illi
1397 2041 1462 2094 de
1487 2041 1674 2112 quibus
1688 2038 1900 2112 dicebat

339 2126 532 2170 sanctae
560 2124 738 2168 essent
766 2107 1036 2177 Ecclesiae,
1061 2123 1112 2166 et
1142 2113 1268 2166 Sion
1309 2112 1472 2179 prima
1499 2110 1754 2171 Ecclesia,
1787 2107 1896 2174 ipsa

337 2197 475 2240 esset
495 2201 673 2239 carrus
696 2185 879 2252 major.
907 2185 968 2237 Et
994 2185 1115 2250 quia
1136 2181 1363 2235 habebat
1388 2189 1597 2252 sanctus
1618 2179 1900 2252 epist-Opus

339 2272 368 2309 a
397 2272 481 2310 me
509 2266 688 2324 petere
714 2247 973 2308 benedicu
1004 2247 1253 2320 Stephani
1280 2252 1554 2324 reliquias,
1581 2249 1698 2324 ideo
1728 2248 1791 2300 de
1818 2247 1898 2298 vi-

338 2327 486 2380 sione
512 2320 670 2378 bovis
699 2328 946 2394 episcopo
987 2325 1163 2394 dicere
1207 2321 1371 2374 nolui.
1404 2323 1638 2388 (limique
1669 2320 1779 2370 lucc
1806 2332 1900 2394 au-

338 2396 501 2448 disset
527 2387 756 2449 Joannes
775 2387 1073 2463 episcopus,
1106 2393 1430 2463 lacrymatus
1442 2400 1528 2463 est
1553 2387 1895 2463 przegaudio,

338 2476 392 2517 et
419 2466 579 2518 dixit:
610 2457 924 2519 Benedictus
953 2457 1367 2516 Dominiis'llens
1393 2460 1557 2514 Filius
1590 2459 1678 2512 Dei
1703 2459 1822 2510 vivi.
1842 2457 1898 2510 Si

339 2534 454 2588 inec
484 2544 540 2587 ut
565 2535 715 2599 dicis,
750 2535 1078 2593 cliarissinie.
1103 2542 1156 2586 et
1181 2533 1369 2584 audisti
1390 2533 1430 2590 ¹,
1454 2540 1506 2583 et
1536 2531 1672 2582 Deus
1702 2527 1792 2580 tibi
1817 2542 1900 2582 re-

339 2607 551 2667 velavit,
571 2615 775 2672 oportet
796 2621 878 2657 me
901 2601 1321 2656 indelransferre
1342 2601 1549 2672 beatum
1571 2599 1895 2672 Stephanum

339 2675 567 2745 primum
594 2668 881 2745 martyrem
905 2684 953 2726 ct
972 2673 1398 2745 archidiaconum
1424 2671 1640 2745 Christi,
1664 2669 1764 2745 qui
1785 2668 1895 2734 pri-

341 2739 484 2797 iuuin
499 2739 775 2799 adversum
788 2744 997 2797 Judieos
1010 2744 1265 2795 dominica
1283 2742 1416 2795 bella
1434 2740 1720 2801 bellavit,e’t
1737 2739 1897 2790 Deum

341 2814 393 2866 in
424 2829 516 2868 sua
546 2815 818 2881 majestate
849 2815 898 2866 in
932 2814 1085 2866 terris
1130 2813 1329 2880 positus
1355 2813 1405 2862 in
1429 2809 1719 2881 cmlovidit
1756 2817 1900 2860 stan-

340 2892 468 2948 tem,
499 2894 551 2937 ct
580 2880 821 2952 tanquam
845 2885 1059 2951 angelus
1090 2884 1140 2935 in
1167 2883 1418 2935 c-uicionc
1441 2880 1709 2933 hominum
1736 2894 1899 2944 appa-

339 2956 466 3008 ruit.
491 2954 613 3007 Hice
643 2965 815 3007 autem
845 2953 1019 3006 omnia
1043 2962 1100 3005 ut
1131 2952 1256 3016 vidi,
1289 2953 1356 3004 ita
1379 2959 1668 3002 evenerunt
1691 2957 1744 3001 et
1768 2963 1898 3001 con-

341 3039 469 3077 sona
517 3025 614 3078 sibi
661 3034 1015 3092 apparuerunt
1057 3023 1321 3074 universa.
1367 3021 1509 3073 Dixit
1552 3030 1726 3092 autem
1772 3017 1896 3092 mihi

340 3103 551 3147 sanctus
567 3088 845 3162 episcopus
867 3111 878 3145 :
906 3094 1066 3157 Vade,
1091 3093 1206 3144 lode
1224 3093 1275 3144 iu
1294 3105 1501 3162 acervo,
1517 3091 1602 3158 qui
1622 3088 1900 3162 estin-ipso

339 3178 467 3231 agro
499 3182 510 3215 :
554 3159 614 3217 et
643 3164 684 3216 si
731 3165 1016 3226 inveneris,
1067 3164 1245 3214 nuntia
1275 3161 1422 3214 mihi.
1464 3161 1530 3212 Et
1555 3174 1652 3227 ego
1680 3159 1784 3231 dixi
1812 3159 1896 3231 ei:

343 3228 676 3288 Diiambulavi
707 3249 912 3303 agrum,
947 3247 994 3285 et
1023 3233 1125 3284 vidi
1150 3247 1398 3284 acervum
1429 3231 1745 3303 minutorum
1774 3228 1903 3303 lapi-

341 3303 466 3356 dum
494 3304 545 3356 in
574 3299 766 3368 medio,
804 3304 890 3355 ubi
922 3303 1205 3356 arbitratus
1235 3317 1350 3353 sum
1391 3316 1483 3354 eos
1513 3315 1650 3352 esse.
1683 3301 1745 3350 Et
1773 3299 1904 3350 dixit

342 3372 469 3425 mihi
498 3389 660 3442 papa:
685 3373 798 3426 .lain
827 3372 933 3426 dixi
958 3375 1068 3436 tibi,
1091 3370 1428 3442 V'ade,fode;
1449 3379 1508 3442 et
1538 3370 1581 3422 si
1614 3371 1900 3442 inveneris,

341 3438 530 3497 sedens
565 3438 767 3498 custodi
809 3445 1001 3504 locum,
1035 3452 1085 3495 et
1115 3441 1302 3493 manda
1334 3439 1458 3491 inihi
1503 3454 1595 3506 per
1625 3438 1900 3491 diaconum

343 3521 402 3565 ut
430 3515 632 3566 veniam
655 3515 718 3566 ad
748 3515 938 3566 locum.
965 3514 1027 3564 Et
1056 3513 1122 3562 ita
1152 3527 1234 3562 me
1256 3510 1472 3562 dimisit.
1494 3509 1557 3560 Et
1583 3524 1699 3560 cum
1727 3508 1901 3559 venis-

342 3597 454 3635 sem
482 3585 531 3636 in
561 3585 754 3643 villam,
801 3585 917 3635 misi
961 3595 1252 3650 priec0nes,
1285 3588 1347 3650 ut
1367 3593 1551 3650 omnes
1579 3577 1900 3630 habitatores

341 3653 478 3706 villtc
498 3653 729 3707 diluculo
757 3648 1156 3720 consurgerent,
1185 3662 1238 3703 et
1267 3649 1506 3702 luderent
1527 3648 1576 3699 in
1599 3661 1808 3699 acervo.

415 3742 465 3794 7.
499 3742 694 3796 Eadem
714 3758 837 3795 vero
867 3751 1038 3805 nocte,
1064 3739 1304 3809 apparuit
1329 3741 1436 3806 ipse
1461 3739 1684 3791 domnus
1710 3736 1897 3809 Gama-

341 3810 428 3866 liel
449 3813 652 3865 cuidam
681 3812 940 3866 monacho
977 3808 1187 3864 nomine
1215 3811 1424 3878 Migetio
1464 3809 1484 3839 ³
1503 3848 1518 3871 ,
1555 3808 1820 3860 innocenti
1847 3813 1900 3860 et

343 3881 564 3948 simplici
597 3883 710 3935 viro
734 3924 747 3944 ,
777 3883 959 3936 eadem
983 3882 1323 3934 similitudine
1353 3894 1450 3946 qua
1480 3879 1604 3931 mihi
1637 3879 1893 3948 apparuit,

341 3961 395 4003 et
417 3947 547 4004 dixit
573 3952 636 4004 ad
658 3968 776 4004 cum
805 3971 817 4005 :
851 3951 1010 4013 Vade,
1035 3952 1116 4002 dic
1145 3951 1374 4003 Luciano
1403 3949 1726 4017 presbytero.
1751 3947 1898 4001 Vane

344 4020 548 4074 laboras
576 4023 624 4074 in
653 4038 838 4074 acervo
865 4022 978 4080 illo;
1008 4021 1164 4074 modo
1195 4036 1296 4073 non
1325 4020 1390 4071 ibi
1423 4034 1624 4078 sumus,
1651 4017 1739 4070 sed
1775 4026 1898 4071 tunc

344 4089 413 4142 ibi
444 4093 593 4158 positi
627 4092 816 4144 fuimus
842 4133 855 4152 ,
885 4107 1003 4143 cum
1046 4091 1456 4143 lamentarentur
1487 4104 1581 4141 nos
1609 4087 1895 4158 secundum

342 4157 768 4214 conSuetudinem
799 4162 1150 4228 antiquorum,
1177 4169 1389 4227 propter
1417 4161 1552 4226 quod
1584 4157 1653 4210 ibi
1679 4172 1898 4210 acervus

343 4229 771 4300 inrtestiinonium
803 4231 1043 4300 planctus
1074 4230 1238 4282 factus
1266 4239 1361 4300 est.
1385 4229 1485 4300 Sed
1517 4243 1690 4300 quiue
1719 4243 1813 4300 nos
1836 4228 1894 4288 ,in

343 4299 442 4351 alia
482 4311 650 4366 parte,
682 4297 914 4366 quat—est
943 4301 1006 4351 ad
1040 4300 1252 4352 boream
1281 4299 1302 4328 ‘
1321 4340 1334 4361 ,
1360 4309 1412 4350 et
1443 4299 1557 4351 loco
1585 4299 1672 4365 qui
1704 4297 1898 4350 dicitur

343 4384 461 4438 syra
495 4369 666 4437 lingua
709 4371 1008 4432 Debatalia,
1041 4371 1178 4437 quod
1225 4371 1592 4435 interpretatur
1634 4369 1691 4438 in
1727 4382 1897 4432 graeco

341 4437 514 4508 dvapﬂw
533 4442 715 4504 ἀγαθῶν
739 4483 752 4502 ,
777 4440 913 4508 quod
959 4457 1053 4492 nos
1103 4454 1378 4507 possumus
1412 4438 1586 4490 dicere
1605 4477 1620 4502 ,
1651 4437 1894 4508 Virorum

343 4505 573 4561 fortium.
605 4505 836 4562 [)ilucul'o
868 4526 989 4561 vero
1015 4505 1336 4577 Consurgens
1364 4511 1428 4560 ad
1456 4511 1694 4577 hymnos,
1723 4505 1895 4577 iuveni

342 4581 654 4631 monachum
704 4580 847 4631 illum
910 4576 1278 4644 priIEdlCﬂtthln
1331 4579 1575 4629 omnibus
1626 4576 1894 4632 fratribus.

343 4648 559 4718 Hymnis
586 4650 775 4704 deinde
796 4649 948 4700 dictis
970 4689 984 4709 ,
1012 4650 1146 4714 C(Bpi
1177 4649 1388 4718 dicere;
1425 4649 1706 4718 liamusad
1746 4661 1896 4718 acer-

341 4716 465 4770 vum
507 4720 648 4772 illum
675 4759 688 4781 ,
722 4729 773 4772 et
817 4719 1075 4770 lodiamus
1100 4719 1151 4769 in
1195 4718 1306 4769 illo.
1338 4717 1484 4768 Tunc
1509 4717 1718 4782 quidam
1745 4716 1895 4768 dixe-

340 4799 464 4840 runt
487 4791 612 4840 milii
639 4806 650 4840 :
676 4788 809 4840 Audi
839 4789 1062 4855 primum
1093 4787 1214 4855 quid
1242 4787 1378 4838 dicat
1424 4786 1710 4838 monachus
1737 4787 1896 4854 Mige-

340 4859 462 4910 tius.
498 4860 558 4911 Et
600 4859 856 4912 advocato
887 4857 1144 4909 monacho
1175 4856 1412 4924 bligetio,
1447 4856 1700 4922 exquisivi
1739 4855 1896 4909 abeo

340 4929 464 4994 quid
499 4940 638 4980 esset
675 4928 810 4993 quod
847 4927 1080 4980 vidisset.
1115 4925 1205 4978 Ille
1249 4935 1419 4977 autem
1459 4925 1703 4977 universa
1748 4925 1897 4992 signa

340 5013 456 5066 qua:
487 4999 715 5050 videram
744 4998 920 5048 domui
946 4996 1248 5050 Gamalielis
1273 4996 1402 5047 dixit
1431 4994 1560 5052 mihi
1579 5033 1594 5058 ,
1627 5004 1678 5066 et
1711 5009 1896 5062 quem-

339 5065 620 5120 admodum
652 5069 864 5120 vidisset
901 5076 1082 5120 contra
1113 5073 1347 5117 austrum
1393 5080 1572 5128 agrum
1617 5065 1772 5116 situm
1796 5105 1810 5126 ,
1844 5073 1898 5117 et

340 5146 736 5190 monumentum
765 5138 816 5188 in
846 5151 911 5190 eo
933 5137 1078 5204 quasi
1105 5136 1394 5202 neglectum
1416 5143 1468 5188 et
1493 5136 1786 5198 ruinosuiu,
1810 5134 1896 5188 ubi

339 5209 555 5259 vidisset
591 5217 696 5260 tres
735 5207 900 5260 lectos
941 5220 1129 5259 aureos
1165 5213 1393 5264 stratos,
1416 5213 1468 5258 et
1500 5219 1660 5256 unum
1707 5219 1770 5256 ex
1821 5205 1898 5256 eis

339 5277 576 5330 altiorem
625 5276 830 5330 cceteris
869 5275 920 5328 in
969 5290 1074 5344 quo
1113 5285 1262 5328 erant
1300 5273 1404 5344 duo
1451 5273 1720 5344 jacentes,
1762 5289 1898 5325 unus

340 5361 498 5402 senex
529 5355 581 5400 et
601 5361 736 5398 unus
757 5345 964 5413 juvenis
989 5343 1002 5406 ζ
1034 5354 1086 5398 et
1112 5345 1162 5396 iu
1192 5343 1310 5413 aliis
1337 5343 1539 5413 duobus
1571 5343 1717 5413 lectis
1747 5353 1897 5394 erant

341 5417 549 5485 singuli.
578 5417 644 5469 Et
669 5412 939 5484 respondit
979 5415 1066 5483 qui
1102 5424 1216 5467 erat
1251 5412 1308 5467 in
1342 5412 1616 5466 cxcelsiori
1641 5412 1776 5465 lecto
1799 5453 1812 5474 ,
1844 5421 1900 5466 et

401 5546 419 5577 ι
452 5546 587 5605 aliti,
604 5551 650 5594 et
664 5557 808 5593 unum
825 5544 984 5594 bovem
1004 5543 1141 5593 illum
1160 5543 1423 5594 maximwn
1443 5545 1506 5592 ad
1530 5553 1723 5591 carrum
1743 5541 1900 5592 minus

290 5621 298 5638 ι
340 5603 580 5670 habemus.
599 5609 893 5670 Castigantur
917 5618 982 5670 ex
1000 5613 1103 5654 Mss.

401 5669 422 5698 ²
454 5675 608 5725 Forte,
654 5669 722 5716 ita
751 5667 944 5714 audisti.
1043 5672 1098 5714 It.

402 5727 426 5788 ξ
454 5729 524 5778 sic
545 5724 650 5776 MSS.
675 5728 786 5775 Editi
810 5735 990 5784 autem,
1014 5724 1220 5788 Nugetio.

402 5787 428 5820 δ
457 5791 592 5850 Batti,
613 5802 720 5851 (μίαν
739 5795 806 5838 est
830 5783 1000 5837 tiaran.
1025 5783 1342 5837 Eruendantur
1359 5785 1418 5835 ad
1439 5792 1634 5836 veteres
1656 5783 1859 5834 codices.

1614 370 1942 430 EPISTOLA
1981 365 2275 424 LUCIANI.

3439 367 3556 444 sit

1997 476 2062 550 Et
2091 487 2303 550 quartus
2322 475 2550 550 calathus
2571 472 3020 550 crocitniyhabebat,
3039 476 3185 543 cujus
3213 476 3336 531 odor
3361 480 3560 550 fragm.

1996 548 2077 600 bat
2098 539 2432 600 suavissimus.
2454 545 2519 598 Et
2543 549 2704 613 posuit
2731 548 2845 598 illos
2867 548 2917 597 in
2939 539 3202 615 conspectu
3223 539 3420 612 meo,'et
3441 539 3560 604 dicit

1997 618 2160 670 mihi:
2191 616 2337 668 Vides
2363 618 2451 668 hos
2494 616 2754 668 calathos?
2777 615 2845 669 Et
2870 617 2950 667 aio
2983 617 3049 667 ad
3077 634 3187 668 eum
3208 632 3226 670 :
3249 617 3436 680 Etiam,
3468 620 3559 672 do-

1996 688 2144 738 mine.
2174 686 2237 738 Et
2264 687 2378 737 dicit
2407 687 2527 737 mihi
2553 703 2568 738 :
2597 685 2690 737 Isti
2713 696 2831 738 sunt
2853 687 3004 738 loculi
3024 688 3178 739 nostri
3203 688 3253 739 in
3279 688 3457 752 quibus
3469 692 3560 756 ja-

1997 773 2163 809 centus
2184 798 2196 816 ,
2221 765 2264 807 et
2295 757 2373 808 lite
2397 772 2525 808 rostc
2551 755 2771 818 reliquiae
2808 766 2990 807 nostra:
3017 768 3128 808 sunt
3155 772 3172 808 :
3197 764 3242 809 ct
3271 760 3397 809 sicut
3429 755 3561 812 vides

1998 827 2129 877 hunc
2146 827 2398 878 calathum
2419 842 2556 877 rosas
2573 825 2932 892 pulcherrimas
2955 826 3210 877 habentem
3225 827 3290 878 ad
3307 831 3559 879 dexteram

1999 905 2134 946 tuam
2165 898 2380 964 positum
2399 937 2412 954 ,
2458 898 2523 946 ita
2556 912 2666 946 cum
2696 896 2888 960 aperire
2909 897 3110 962 cwperis
3132 897 3319 954 laetati,
3348 898 3562 951 invenies

1997 967 2176 1017 ostium
2194 965 2426 1033 sepulcri,
2455 974 2496 1016 et
2525 967 2853 1033 introgressus
2879 967 3094 1035 reperies
3116 967 3165 1016 in
3195 966 3398 1017 dextera
3419 981 3560 1035 parte

1999 1035 2218 1086 loculum
2243 1051 2259 1087 :
2284 1037 2390 1102 ipse
2416 1045 2486 1086 est
2507 1039 2662 1085 sancti
2691 1034 2955 1101 Stephani.
2985 1033 3046 1086 Et
3074 1051 3134 1086 ne
3162 1035 3388 1088 dubitare
3409 1033 3559 1088 velis:

1998 1105 2114 1172 quia
2131 1106 2236 1172 ipse.
2252 1107 2387 1157 solus
2405 1121 2466 1155 ex
2481 1106 2618 1156 nobis
2636 1105 2872 1171 martyrio
2896 1106 3068 1156 meruit
3093 1106 3341 1156 coronari.
3367 1105 3429 1157 Et
3451 1106 3562 1157 ideo

1999 1171 2049 1224 in
2081 1176 2309 1227 orientali
2343 1185 2483 1241 parte
2514 1175 2700 1238 positus
2727 1183 2819 1227 est.
2853 1171 2950 1226 Ille
2993 1189 3104 1224 vero
3148 1174 3341 1228 loculus
3371 1177 3456 1237 qui
3494 1176 3567 1228 ad

2002 1253 2165 1313 partes
2197 1246 2373 1305 boreae,
2403 1244 2455 1295 id
2486 1254 2556 1295 cst
2579 1243 2846 1310 aquilonis,
2871 1243 3060 1312 positus
3083 1253 3153 1295 est
3174 1284 3187 1304 ,
3217 1245 3322 1313 ipse
3347 1254 3416 1297 est
3439 1263 3560 1298 san-

2001 1313 2066 1364 cti
2092 1312 2354 1365 Nicodemi
2391 1314 2630 1379 neophgti
2654 1315 2691 1362 ί.
2718 1313 2860 1365 Alius
2885 1326 3001 1364 vero
3028 1312 3243 1370 loculus,
3267 1315 3351 1381 qui
3377 1316 3558 1380 paulu-

2002 1383 2104 1434 lum
2128 1383 2418 1434 eminentior
2444 1393 2536 1440 cst,
2562 1386 2667 1450 ipse
2686 1391 2756 1433 est
2783 1399 2919 1434 meus
2941 1393 2985 1434 et
3009 1383 3102 1448 ﬁlii
3127 1383 3219 1434 mei
3241 1399 3256 1434 :
3277 1385 3390 1446 quia
3408 1395 3452 1436 et
3471 1402 3560 1437 nos

2001 1453 2234 1520 neOphgti
2262 1454 2465 1522 fuimus.
2492 1452 2555 1505 Et
2581 1469 2669 1520 ego
2701 1453 2780 1503 aio
2805 1453 2871 1503 ad
2899 1467 3052 1522 eum:
3081 1451 3240 1519 Rogo,
3261 1454 3456 1505 domine
3471 1459 3557 1518 mi,

2001 1537 2153 1587 quare
2170 1519 2303 1573 unus
2328 1522 2554 1574 calathus
2577 1519 2837 1590 argenteus
2865 1532 2935 1574 est
2953 1522 2977 1573 ?
2998 1519 3064 1573 Et
3099 1521 3216 1572 dicit
3247 1524 3364 1574 mihi
3388 1540 3405 1576 :
3427 1524 3560 1588 Quo-

2002 1592 2138 1642 niam
2181 1594 2315 1658 ]ili-us
2358 1610 2493 1643 meus
2539 1601 2702 1644 castus
2747 1601 2792 1642 et
2831 1593 3225 1645 inimaculatus’
3273 1595 3482 1646 excessit
3533 1611 3560 1647 e

2001 1661 2209 1721 mundo,
2243 1672 2501 1729 propterea
2531 1663 2580 1713 in
2611 1660 2983 1713 similitudinem
3014 1662 3208 1730 argenti
3244 1665 3559 1718 mundissimi

2003 1735 2260 1799 apparuit.
2296 1731 2553 1799 Numquid
2583 1748 2679 1783 non
2699 1731 2841 1801 vides
2869 1747 3100 1793 crocum,
3135 1731 3220 1800 qui
3244 1733 3294 1784 iu
3322 1738 3428 1800 ipso
3453 1745 3556 1801 est,

2002 1803 2279 1853 suavissimi
2305 1818 2410 1854 esse
2435 1802 2602 1854 odoris
2621 1802 2646 1853 2
2667 1800 2730 1854 Ει
2765 1802 2883 1852 dum
2922 1803 3027 1853 haec
3053 1801 3278 1868 dixisset,
3310 1803 3471 1856 denuo
3500 1800 3564 1858 ex

2002 1873 2159 1923 oculis
2181 1872 2300 1924 meis
2320 1872 2536 1924 evanuit.

2073 1940 2124 1993 5.
2159 1940 2377 2009 Cumque
2421 1943 2792 2010 expergefactus
2831 1939 3068 2008 fuissem,
3113 1943 3301 2009 gratias
3342 1944 3421 2010 egi
3460 1944 3564 1997 Deo

2002 2011 2325 2076 omnipotenti
2347 2052 2360 2071 ,
2397 2021 2442 2062 et
2484 2011 2758 2063 constitutis
2790 2011 2999 2079 jejuniis
3033 2027 3234 2079 cperam
3264 2013 3380 2064 dedi
3413 2031 3566 2078 usque

2003 2082 2195 2130 tertiam
2222 2080 2580 2133 revelationem.
2613 2079 2676 2132 In
2707 2083 2848 2131 tertia
2873 2083 3024 2148 igitur
3053 2082 3329 2147 septimana
3348 2123 3361 2147 ,
3393 2087 3564 2136 eadem

2002 2149 2082 2222 die
2120 2160 2165 2222 et
2197 2151 2320 2202 hora
2352 2152 2480 2202 venit
2508 2151 2832 2222 supradictus
2859 2153 2950 2211 vir,
2979 2150 3285 2222 comminans
3313 2163 3358 2205 et
3387 2156 3566 2222 freme-

2003 2220 2214 2283 bundus,
2241 2231 2286 2274 et
2307 2221 2422 2272 dicit
2449 2221 2569 2272 mihi
2593 2235 2612 2273 :
2635 2221 2798 2286 Quare
2821 2236 2974 2289 usque
2995 2237 3126 2289 nunc
3151 2220 3495 2288 dissimulasti,
3519 2234 3566 2278 et

2001 2290 2205 2342 noluisti
2231 2307 2448 2360 pergere,
2473 2301 2516 2342 et
2543 2291 2702 2342 dicere
2727 2292 2957 2359 episr0p0
2977 2288 3166 2342 Joanni
3188 2307 3298 2358 qua:
3320 2294 3406 2344 tibi
3431 2295 3565 2346 dicta

2001 2370 2116 2410 sunt
2138 2370 2180 2410 et
2202 2359 2430 2412 ostensa?
2449 2360 2608 2425 Quam
2629 2361 2989 2412 excusationem
3011 2359 3206 2413 habebis
3218 2363 3364 2431 apud
3381 2363 3563 2431 Deum,

2002 2440 2262 2503 aut_qua_m
2292 2431 2483 2482 veniant
2510 2445 2600 2503 pro
2629 2431 2721 2482 hoc
2749 2439 3029 2503 contemptu
3059 2430 3279 2503 sperabis
3303 2432 3354 2483 in
3380 2434 3460 2486 die
3478 2430 3567 2503 ju-

2002 2499 2116 2550 dicii
2133 2500 2158 2552 2
2182 2499 2245 2552 Et
2273 2516 2370 2552 non
2397 2501 2680 2572 consideras
2704 2501 2820 2568 quia
2850 2499 2992 2551 multi
3021 2501 3246 2552 meliores
3273 2512 3318 2552 te
3341 2514 3456 2555 sunt
3478 2499 3565 2572 per
3627 2558 3633 2563 _

2002 2584 2217 2621 eremum
2254 2571 2410 2622 sancti
2439 2570 2530 2621 viri
2550 2611 2564 2634 ,
2596 2586 2717 2638 quos
2757 2578 3106 2637 prmtereuntes
3135 2587 3223 2638 per
3250 2579 3295 2623 te
3322 2570 3565 2628 voluimus

2001 2639 2258 2692 innotesci.
2292 2639 2413 2692 Ideo
2438 2657 2648 2708 namque
2677 2649 2722 2690 te
2749 2655 2808 2692 ex
2845 2640 2946 2690 alia
2975 2639 3179 2691 basilica
3207 2640 3286 2692 hic
3315 2641 3563 2695 voluimus

2001 2724 2106 2760 esse
2129 2711 2430 2763 sacerdotem
2453 2709 2492 2772 ³,
2525 2721 2578 2760 ut
2609 2726 2695 2777 per
2723 2719 2767 2760 te
2796 2712 3242 2774 manifestaremur.
3275 2710 3340 2762 'Et
3364 2727 3474 2763 cum
3500 2713 3565 2766 ad

2001 2778 2146 2830 verba
2173 2781 2277 2850 ejus
2303 2781 2662 2850 intrenmissem
2682 2821 2697 2843 ,
2729 2779 2834 2830 dixi
2858 2795 2874 2850 ς
2906 2777 3024 2830 Non
3057 2780 3129 2844 fui
3156 2780 3405 2848 negligens
3426 2824 3437 2840 .
3471 2783 3560 2835 do-

2003 2850 2136 2900 mine
2163 2848 2256 2912 mi,
2285 2851 2372 2902 sed
2401 2848 2722 2917 pi'testolabar
2757 2848 2898 2900 tertio
2924 2849 3185 2901 adventum
3221 2860 3375 2902 tuum.
3417 2851 3566 2906 Nunc

2002 2935 2115 2970 vero
2145 2919 2250 2971 sine
2283 2922 2500 2971 crastina
2525 2921 2605 2972 die
2645 2935 2846 2988 pergam
2868 2917 2907 2980 ‘,
2937 2922 3103 2971 omnia
3134 2936 3245 2987 qua:
3271 2922 3392 2972 mihi
3421 2939 3562 2976 man-

2003 2988 2133 3041 dasti
2161 2990 2401 3058 dicturus.
2438 2989 2499 3041 Et
2539 3006 2650 3041 cum
2691 2989 2957 3056 indignans
2994 2989 3253 3041 adversum
3282 3007 3359 3042 me
3384 3003 3566 3058 staret,

2003 3059 2204 3112 videbar
2231 3057 2351 3111 inihi
2378 3061 2517 3127 quasi
2546 3060 2597 3111 in
2627 3060 2836 3111 alterum
2862 3060 3036 3110 mentis
3062 3076 3310 3112 excessum
3341 3062 3567 3116 devenis-

2004 3144 2107 3199 s_em
2135 3129 2461 3198 Jerosolymis
2482 3130 2523 3189 ⁸,
2555 3139 2600 3180 et
2627 3130 2743 3197 quia
2769 3130 2821 3180 in
2849 3139 3111 3194 conspectu
3139 3140 3320 3181 starem
3351 3132 3572 3199 episcopi

2002 3197 2245 3261 Joannis,
2280 3197 2488 3251 narrans
2531 3200 2572 3251 ei
2618 3215 2810 3251 omnem
2853 3199 3107 3250 visionem.
3145 3199 3188 3250 Α
3230 3216 3326 3267 quo
3367 3197 3570 3254 videbar

2005 3268 2180 3321 audire
2207 3284 2226 3322 :
2257 3269 2315 3322 Si
2353 3271 2456 3322 lucc
2484 3271 2552 3321 ita
2581 3285 2635 3322 se
2663 3269 2869 3330 habent,
2901 3278 2953 3319 ut
2984 3269 3107 3320 ilicis
3126 3310 3139 3327 ,
3171 3270 3457 3323 charissima
3477 3313 3489 3333 ,
3524 3281 3569 3324 et

2005 3335 2252 3391 Dominus
2291 3339 2375 3391 tibi
2413 3340 2640 3404 revelavit
2682 3343 2772 3390 hoc
2808 3339 3107 3404 temporibus
3135 3340 3350 3400 nostris;
3375 3351 3570 3407 oportet

2005 3424 2084 3460 me
2113 3410 2285 3462 tollere
2329 3411 2390 3461 de
2425 3411 2730 3478 possessione
2766 3409 2855 3460 illa
2899 3409 3066 3460 bovem
3108 3409 3250 3462 illum
3298 3414 3570 3465 maximum

2005 3489 2273 3539 aratorem,
2305 3480 2390 3546 qui
2413 3496 2556 3532 carro
2583 3489 2627 3530 et
2656 3488 2822 3530 aratro
2850 3488 2998 3542 aptus
3022 3487 3114 3542 est,
3143 3488 3187 3531 et
3215 3479 3455 3533 dimittere
3484 3484 3572 3536 tibi

2005 3550 2358 3613 possessionem
2386 3565 2497 3600 cum
2527 3549 2713 3600 caeteris
2755 3547 3002 3600 omnibus.
3033 3548 3114 3600 Ad
3147 3565 3290 3617 quem
3319 3552 3399 3602 aio
3425 3567 3444 3602 :
3473 3551 3573 3605 Ut-

2004 3617 2125 3684 quid
2151 3617 2271 3668 mihi
2296 3620 2534 3684 possessio
2565 3627 2654 3680 est,
2687 3617 2884 3669 domine
2910 3619 2995 3680 mi,
3022 3618 3073 3669 si
3092 3633 3188 3670 non
3218 3619 3372 3672 habeo
3398 3620 3569 3674 bovem

2005 3701 2094 3752 per
2121 3701 2276 3755 quem,
2291 3697 2488 3755 regatur
2507 3697 2552 3738 et
2577 3687 2744 3738 alatur
2767 3687 3049 3754 possessio?
3079 3686 3145 3738 Et
3170 3688 3289 3740 dicit
3316 3691 3438 3742 mihi
3463 3693 3571 3755 epi-

2003 3771 2181 3821 scOpus
2204 3771 2224 3809 :
2253 3754 2543 3822 Itaplacuit
2560 3797 2573 3820 ,
2607 3756 2894 3806 charissima
2913 3795 2926 3817 ,
2956 3756 3072 3821 quia
3097 3757 3266 3810 civitas
3291 3769 3459 3811 nostra
3483 3754 3570 3814 ve-

2004 3825 2182 3876 hiculis
2211 3825 2536 3888 ministratur,
2570 3834 2613 3877 et
2643 3841 2796 3877 unum
2826 3826 2992 3877 bovem
3019 3825 3087 3876 ad
3117 3827 3263 3879 illum
3291 3830 3568 3884 maximum

2003 3910 2200 3946 carrum
2229 3896 2392 3947 minus
2422 3896 2685 3957 habemus,
2717 3911 2860 3963 quem
2888 3904 2939 3945 tu
2967 3896 3146 3947 diceris
3171 3897 3221 3948 in
3256 3900 3568 3964 possessione

2003 3972 2086 4015 tua
2110 3965 2287 4017 celare.
2317 3965 2521 4033 Oportet
2550 3981 2763 4033 namque
2786 3974 2838 4016 ut
2866 3965 2916 4016 in
2942 3965 3137 4017 civitate
3159 3966 3475 4020 celeberrima
3501 3971 3568 4022 sit

2002 4050 2151 4107 quam
2180 4037 2237 4107 in
2257 4052 2407 4107 parva
2437 4036 2758 4104 possessione.
2786 4033 3044 4107 Numquid
3069 4035 3156 4087 tibi
3179 4052 3276 4088 non
3318 4039 3568 4107 sufﬁciunt

2003 4103 2103 4156 duo
2143 4106 2329 4157 residui
2367 4107 2506 4157 boves
2529 4147 2542 4166 ,
2587 4116 2632 4156 et
2677 4121 2806 4158 unus
2844 4105 3056 4166 vitulus,
3088 4114 3132 4156 et
3166 4103 3402 4160 utensilid
3432 4109 3570 4162 bovis

2003 4176 2226 4236 maximi,
2259 4174 2325 4226 ad
2352 4176 2670 4227 excolendam
2699 4185 2882 4226 terram
2910 4175 3120 4226 vehiculi
3151 4177 3221 4227 tui
3238 4177 3263 4228 2

2073 4247 2124 4296 (5.
2160 4244 2222 4296 Et
2249 4261 2358 4296 cum
2386 4246 2477 4296 hoc
2503 4246 2552 4296 in
2580 4245 2754 4298 ecstasi
2775 4285 2788 4307 ,
2817 4244 2907 4297 hoc
2935 4257 3005 4297 est
3038 4247 3089 4297 in
3126 4261 3326 4298 excessu
3355 4248 3562 4314 mentis,

2002 4315 2280 4386 audissem,
2307 4317 2473 4366 statim
2503 4318 2874 4384 expergefactus
2899 4314 3127 4367 benedixi
3150 4314 3313 4386 Deum
3335 4332 3352 4368 :
3374 4328 3418 4369 et
3449 4335 3566 4386 per-

2001 4385 2108 4437 rexi
2149 4387 2200 4436 in
2239 4385 2483 4436 civitatem
2524 4386 2590 4436 ad
2628 4397 2854 4437 sanctum
2884 4386 3166 4453 episcopum
3201 4385 3466 4440 Joannem.
3503 4389 3569 4441 Et

2002 4470 2115 4506 cum
2148 4455 2223 4508 illi
2253 4456 2418 4508 omnia
2443 4471 2552 4524 qua:
2579 4455 2796 4508 videram
2824 4471 3129 4508 enarrassem
3151 4496 3164 4516 ,
3194 4458 3366 4508 relicui
3393 4458 3455 4510 de
3491 4459 3567 4511 vi-

2001 4526 2140 4577 sione
2165 4527 2330 4590 bovis,
2362 4537 2651 4593 txspectans
2677 4526 2798 4593 quid
2828 4527 3053 4576 audirem
3088 4525 3148 4575 ab
3185 4541 3262 4576 eo.
3300 4525 3570 4581 Intellexe-

2002 4611 2110 4646 ram
2131 4597 2262 4648 enim
2283 4597 2400 4660 quia
2419 4605 2618 4648 sanctus
2642 4595 2927 4659 Stephanus
2954 4596 3060 4661 ipse
3077 4604 3146 4645 est
3170 4595 3254 4647 bos
3281 4597 3568 4661 maximus;

2002 4674 2048 4716 et
2068 4667 2184 4730 quia
2210 4666 2341 4716 carri
2361 4666 2455 4725 illi,
2487 4668 2548 4716 de
2573 4665 2748 4730 quibus
2773 4663 2982 4727 dicebat,
3003 4673 3189 4715 sancta:
3212 4677 3370 4717 essent
3395 4665 3569 4719 Eccle-

2001 4735 2123 4795 sitc;
2150 4745 2193 4786 et
2222 4734 2347 4786 Sion
2373 4736 2535 4803 prima
2564 4733 2805 4797 Ecclesia,
2829 4735 2937 4800 ipsa
2958 4743 3080 4785 esset
3105 4750 3277 4786 carrus
3298 4736 3498 4802 major;
3520 4746 3567 4789 et

2001 4804 2116 4871 quia
2143 4805 2348 4854 habebat
2375 4815 2574 4855 sanctus
2611 4805 2872 4868 episc0pus
2903 4820 2934 4855 a
2964 4819 3040 4853 me
3067 4814 3228 4869 petere
3257 4806 3418 4856 sancti
3446 4805 3565 4860 Ste-

2003 4872 2157 4942 phani
2195 4873 2428 4942 reliquias
2451 4915 2465 4934 ,
2497 4873 2607 4924 ideo
2645 4873 2706 4924 de
2742 4873 2926 4924 visione
2961 4872 3095 4925 bacis
3137 4874 3366 4940 episcopo
3406 4875 3569 4930 dicere

2003 4941 2161 5012 nolui.
2187 4941 2408 5012 Cumque
2436 4944 2655 4995 audisset
2682 4942 2942 5012 episc0pns
2965 4942 3217 5006 Joannes,
3249 4959 3354 5011 pra:
3379 4946 3567 5012 gaudio

2003 5011 2306 5080 lacrgmatus
2326 5011 2422 5076 est,
2446 5023 2492 5065 et
2521 5013 2646 5065 dixit
2676 5027 2693 5064 :
2720 5011 3013 5064 Benedictus
3042 5012 3283 5065 Dominus
3315 5011 3446 5067 Deus
3475 5014 3568 5067 Fi-

2004 5083 2101 5133 lius
2126 5080 2220 5134 Dei
2242 5082 2354 5134 vivi.
2386 5083 2446 5136 Si
2475 5083 2601 5147 hwc,
2623 5091 2676 5133 ut
2697 5082 2840 5145 dicis,
2864 5082 3169 5140 charissime.
3198 5084 3268 5134 ita
3292 5083 3500 5146 audisti,
3523 5094 3570 5137 et

2003 5149 2142 5204 Deus
2170 5153 2257 5204 tibi
2291 5151 2560 5212 revelavit;
2590 5162 2780 5217 oportet
2808 5167 2885 5204 me
2917 5156 3186 5220 transferre
3221 5152 3335 5204 inde
3354 5153 3567 5220 ‘beatum

2007 5221 2318 5289 Stephanum
2348 5222 2560 5289 primum
2591 5215 2856 5288 martyrem
2876 5261 2890 5284 ,
2918 5215 3324 5274 archidiaconum
3349 5215 3532 5275 Christi
3554 5265 3569 5284 ,

2004 5292 2088 5360 qui
2116 5292 2304 5360 primus
2331 5292 2465 5358 apud
2485 5289 2694 5342 Judazos
2715 5291 2963 5342 dominica
2988 5289 3116 5343 bella
3143 5291 3358 5355 bellavit,
3390 5301 3436 5344 et
3461 5294 3572 5345 Do-

2067 5421 2084 5450 ί
2117 5419 2447 5466 Germanensis
2468 5425 2570 5475 δίδη
2593 5413 2773 5477 nepotis
2791 5414 2901 5466 mei.

2067 5481 2088 5511 ³
2118 5481 2452 5527 Germanensis
2472 5474 2662 5534 codex,
2685 5477 2814 5539 virgo
2836 5484 2878 5539 et
2894 5474 3239 5526 inmaculatus.

2067 5541 2089 5572 ³
2122 5545 2251 5588 idem
2271 5540 2603 5587 Germanensis
2622 5535 2796 5599 codex,
2821 5537 3148 5586 Ulimmeriano
3170 5535 3436 5599 exemplari
3469 5552 3569 5587 ma-

2003 5603 2081 5664 gis
2102 5599 2174 5664 loc
2196 5599 2299 5648 loco
2319 5602 2642 5664 consentiens,
2665 5598 2776 5646 Ideo
2791 5611 2992 5659 marique
3012 5604 3056 5646 te
3076 5610 3142 5664 _e_x
3158 5598 3255 5646 alia
3276 5596 3332 5646 in
3349 5598 3440 5649 hac
3456 5602 3570 5651 villa

2003 5656 2229 5712 voluimus
2250 5673 2350 5708 esse
2373 5662 2698 5720 presbyterum
2720 5665 2769 5720 ut
2787 5671 2870 5720 per
2888 5656 2934 5707 te
2955 5656 3386 5719 manifestaremur.

2066 5723 2088 5752 ⁸
2121 5724 2248 5769 Ideni
2270 5718 2442 5775 codex,
2467 5720 2567 5769 sine
2591 5718 2906 5768 retardatione
2927 5718 3140 5780 pergam.

2070 5784 2091 5815 ⁸
2126 5789 2174 5830 tn
2198 5781 2370 5830 eodem
2390 5782 2701 5830 Germaneusi
2723 5781 2906 5841 codice,
2924 5777 3167 5831 devenisse
3192 5777 3551 5845 Jcrasolymam.
