3996 6536
213 437 315 491 817
1113 438 1198 492 DE
1236 436 1765 494 TRANSLATIONE
1802 436 2142 494 STEPHANI
2182 440 2548 496 MARTYRIS.

3374 448 3476 502 818

284 553 334 604 9.
383 550 445 631 Et
494 550 605 631 ideo
633 557 823 631 ‘orate,
866 566 1060 631 precor,
1108 567 1198 619 pro
1241 553 1509 631 exiguitate
1556 568 1666 631 mea
1691 592 1705 616 ,
1733 560 1789 605 ut
1836 552 2351 631 dignusni‘nueniarin
2387 566 2655 631 conspectu
2699 554 2921 622 Domini,
2959 558 3163 627 adjutus
3204 559 3479 613 beatissimi

212 624 448 689 martyris
499 620 763 691 Stephani,
795 621 1015 691 meritis,
1056 632 1100 672 et
1147 620 1333 674 vestris
1361 622 1665 675 orationibus
1691 637 1710 675 :
1756 620 1992 691 regnante
2021 622 2219 676 Christo
2260 624 2386 678 Jesu
2426 620 2641 677 Domino
2681 637 2885 686 nostro,
2909 620 3109 682 chi'est
3155 645 3265 681 cum
3320 629 3477 683 Patre

213 702 267 770 et
292 691 685 770 Sttiriluaam'to
714 690 875 758 gloria
913 702 957 742 et
1002 690 1267 758 imperium
1310 692 1361 745 in
1400 693 1585 744 swcula
1620 690 1938 746 swculorum.
1966 694 2144 746 Amen.
2182 691 2410 748 Inventa:
2457 707 2570 749 sunt
2602 707 2767 749 autem
2811 698 3036 768 reliquiae
3062 699 3331 752 beatissimi
3363 701 3478 755 διες

215 766 371 828 ptumi
401 766 543 811 tertio
569 776 725 812 nonas
749 770 1005 829 augustas.

216 891 3429 918 _______________________________________________________

776 988 1426 1060 ADMONITIO
1500 990 1617 1060 ΙΝ
1683 990 2323 1062 EPISTOLAM
2366 988 2954 1064 ANASTASII

1106 1140 1208 1199 ET
1253 1140 1332 1200 IN
1376 1139 1996 1214 SUBSEQUENTEM
2038 1142 2563 1205 SCRIPTURAM.

293 1372 372 1427 Ex
397 1380 575 1428 vetere
606 1373 742 1427 libro
772 1371 1095 1427 Floriacensi
1146 1370 1319 1439 prodit
1350 1369 1582 1439 Epistula
1614 1370 1729 1425 lucc
1759 1374 2055 1438 Anastasii,
2088 1388 2190 1441 qua
2222 1373 2307 1426 ille
2335 1372 2593 1441 significat
2621 1388 2651 1427 e
2675 1386 2850 1443 grmco
2887 1387 3131 1426 sermone
3175 1373 3224 1425 in
3256 1371 3477 1424 latinum

218 1463 525 1517 translatam
571 1479 667 1518 suo
695 1464 875 1518 labore
911 1462 1321 1531 subsequentem
1351 1463 1689 1528 scripturam.
1720 1462 1959 1529 Quonam
1986 1473 2199 1518 auctore
2228 1463 2439 1517 condita
2467 1478 2639 1533 graece
2664 1474 2718 1519 et
2743 1465 2967 1519 conficta
2997 1464 3156 1518 fuerit
3179 1466 3434 1532 scriptura
3460 1504 3475 1527 ,

220 1564 549 1622 Compertum
580 1571 685 1609 non
712 1562 795 1609 est
822 1572 835 1609 :
863 1554 913 1609 ei
962 1562 1140 1608 tamen
1184 1551 1341 1606 fidem
1376 1551 1579 1605 addunt
1600 1553 1751 1607 multi
1773 1570 1804 1609 e
1828 1554 2061 1620 Graacis,
2108 1554 2195 1624 qui
2235 1555 2541 1624 plerumque
2568 1556 2708 1609 illam
2737 1556 2989 1625 Stephani
3018 1556 3261 1628 martyris
3282 1597 3295 1619 ,
3321 1570 3477 1624 quam

220 1655 433 1711 narrat,
468 1646 820 1701 detectionem
842 1646 999 1700 aliam
1029 1654 1084 1699 et
1112 1644 1164 1698 in
1193 1643 1377 1697 urbem
1408 1640 1921 1713 Constantinopolim
1951 1645 2350 1700 translationem
2386 1654 2624 1700 statuunt
2648 1656 2766 1715 post
2791 1646 2993 1715 aliquot
3019 1660 3185 1699 annos
3215 1660 3243 1697 a
3276 1643 3481 1698 revela-

220 1737 369 1792 tione
398 1738 531 1791 facta
577 1737 829 1802 Luciano.
875 1735 1166 1791 Enimvero
1193 1734 1479 1806 contigisse
1519 1734 1796 1790 translatio
1839 1736 1954 1790 hare
1997 1736 2212 1801 dicitur,
2266 1754 2286 1789 ι
2314 1750 2435 1790 cum
2480 1746 2626 1792 esset
2653 1738 2981 1792 reconditum
3025 1737 3193 1791 sancti
3224 1735 3480 1802 Stephani

222 1844 420 1897 corpus
444 1828 793 1899 JerOSolymis
820 1828 874 1883 iu
902 1836 1083 1883 sancta
1112 1826 1240 1881 Sion
1264 1844 1279 1881 :
1307 1845 1327 1878 ι
1357 1841 1463 1896 quo
1494 1826 1745 1882 nimirum
1772 1842 1803 1882 a
1830 1827 2035 1883 Joanne
2063 1827 2509 1901 Jerosolymitano
2541 1829 2852 1883 translatum
2886 1837 3004 1898 post
3030 1827 3250 1881 Luciani
3274 1826 3481 1881 revela-

225 1921 424 1975 tionem
454 1920 583 1985 fuit,
630 1917 923 1973 secundum
954 1918 1119 1987 ipsius
1146 1915 1442 1988 Epistulam
1473 1914 1717 1972 Luciani.
1748 1918 1999 1972 Attamen
2026 1917 2383 1990 Nicephorus,
2415 1920 2506 1973 lib.
2537 1920 2601 1973 M
2621 1958 2636 1985 ,
2665 1934 2783 1988 cap.
2817 1918 2849 1973 9
2869 1959 2883 1983 ,
2913 1918 3075 1973 refert
3104 1918 3332 1988 primum
3360 1918 3481 1972 Ste-

220 2012 380 2082 phani
403 2013 653 2081 reliquias
688 2009 1203 2080 Constantinopolim
1232 2009 1538 2080 deportatas
1566 2009 1673 2064 sub
1697 2009 2045 2065 Constantino
2064 2051 2080 2077 ,
2111 2020 2220 2065 tum
2249 2010 2397 2065 addit
2422 2019 2623 2081 partem
2654 2010 2935 2080 quamdam
2956 2010 3069 2078 ejus
3098 2009 3438 2079 reliquiarum
3463 2049 3479 2073 ,

219 2119 341 2174 qua:
368 2104 627 2158 occultata
654 2101 874 2156 forsitan
901 2108 955 2155 et
982 2100 1163 2155 relicta
1193 2108 1308 2155 erat
1331 2099 1387 2154 in
1428 2099 1711 2154 Palaestina
1732 2141 1749 2167 ,
1778 2116 1809 2155 a
1837 2101 2070 2156 Luciano
2098 2110 2280 2170 postea
2316 2100 2579 2156 detectam
2618 2099 2793 2155 divina
2833 2100 3175 2156 revelatione.
3217 2099 3481 2153 Caeterum

216 2193 590 2265 subsequentis
633 2194 911 2263 scriptura
948 2190 1231 2246 falsitatem
1257 2190 1488 2260 produnt
1522 2191 1747 2261 plurima
1768 2232 1782 2256 ,
1811 2208 1929 2262 qua:
1968 2207 2089 2249 cum
2116 2200 2414 2261 temporum
2446 2191 2671 2247 historia
2699 2200 2951 2260 pugnant.
2992 2190 3191 2244 Dicitur
3220 2189 3479 2258 Stephani

218 2286 425 2341 loculus
450 2286 502 2341 in
534 2284 769 2341 oratorio
798 2300 894 2354 per
918 2282 1279 2338 Alexandrum
1305 2291 1578 2337 exstructo
1624 2300 1644 2335 t
1679 2285 1879 2354 positus
1907 2284 2185 2339 consulatu
2225 2283 2560 2339 Constantini
2586 2284 2809 2354 Augusti
2835 2282 3014 2338 decies
3044 2299 3057 2336 :
3088 2301 3107 2334 ι
3140 2289 3194 2335 at
3216 2280 3479 2337 (Ζοιιδωιιο

218 2374 360 2431 tinus
387 2376 674 2447 imperator
719 2376 885 2429 octies
913 2382 1115 2428 tantum
1143 2373 1328 2429 consul
1367 2372 1422 2427 in
1460 2372 1636 2429 Fastis
1662 2374 2022 2445 consignatur.
2051 2375 2279 2447 Cyrillus
2298 2416 2313 2440 ,
2344 2377 2434 2447 qui
2463 2376 2549 2431 hic
2573 2373 2875 2430 nominatur
2898 2376 3177 2443 episcOpus
3206 2373 3479 2444 Jerosoly-

220 2470 488 2536 mitanus,
533 2483 638 2523 non
668 2468 767 2522 sub
809 2463 1158 2521 Constantino
1198 2466 1432 2534 suscepit
1456 2465 1817 2535 episcOpatum
1842 2507 1857 2529 ,
1900 2466 1993 2520 sed
2021 2468 2120 2521 sub
2145 2468 2456 2522 Constantio
2480 2509 2495 2534 ,
2536 2468 2691 2521 annis
2719 2476 2864 2521 certe
2890 2467 3067 2521 multis
3110 2475 3228 2534 post
3255 2476 3481 2519 mortem

219 2562 436 2617 Eusebii
464 2561 720 2631 episcopi,
750 2558 837 2630 qui
864 2560 1123 2614 Eusebius
1151 2558 1493 2612 nihilominus
1519 2557 1982 2628 Constantinopoli
2008 2559 2196 2614 sedere
2219 2570 2272 2614 et
2298 2560 2551 2629 Stephani
2577 2574 2767 2628 corpus
2797 2560 3044 2628 excipere
3073 2559 3302 2627 ﬁngitur.

1376 2786 2349 2936 EPISTULA

543 3024 1551 3142 ANASTASII
1636 3027 1894 3138 AD
1970 3025 3141 3167 LANDULEUM,

224 3217 328 3279 DE
369 3215 805 3279 SCRIPTURA
850 3210 2202 3355 ΤΒΑΝΞιΑΤΙΟΝΙΞιΙᾎῌΗξθξῖᾹῧίἔέᾓξ
2236 3215 2653 3289 STEPHANI,
2697 3214 2924 3289 QUAM
2963 3214 3016 3272 E
3076 3182 3363 3273 GIUECO
3407 3213 3483 3271 IN

230 3586 511 3641 LANDULEO
550 3586 744 3655 egregio
792 3595 838 3637 et
895 3584 1000 3636 Deo
1054 3584 1231 3655 digno
1257 3583 1489 3655 episcopo
1534 3580 1807 3655 Copti-ano,

299 3652 627 3711 Anasuqus
657 3652 865 3723 exiguus
890 3653 1188 3725 Apostolicw
1218 3653 1235 3685 ⁸
1267 3652 1667 3705 bibliothecarius
1690 3690 1704 3713 ,
1756 3652 1811 3703 in

305 3726 525 3780 Domino
568 3727 797 3780 salutem.

305 3799 356 3851 I.
414 3796 559 3862 Quia’
594 3807 774 3850 sancta
825 3794 1093 3860 Ecclesia,
1146 3792 1230 3847 cui
1279 3790 1667 3862 Venerabilitas
1721 3799 1808 3862 tua

233 3860 462 3937 prmesse
487 3867 742 3937 decenter
769 3866 1090 3937 agnoscitur,
1120 3862 1260 3937 beati
1280 3862 1539 3937 Stephani
1569 3860 1807 3937 reliquiis

233 3930 286 3991 et
315 3938 569 3991 memoria
613 3930 837 3990 celebris
866 3944 918 3989 et
958 3930 1452 4003 insignisltabetur,
1494 3945 1556 3985 ac
1584 3945 1680 4003 per
1708 3930 1810 3983 hoc

233 4022 427 4075 magno
464 4022 588 4074 erga
636 4006 749 4074 ejus
792 3999 1144 4075 reverentiam
1185 4002 1450 4057 Sanctitas
1493 3999 1812 4075 t_ua'ilagrat

236 4068 459 4137 alie'ctu;
492 4068 811 4130 ratum'duxi
837 4117 850 4140 ,
894 4089 1057 4142 penes
1082 4073 1413 4126 Mantuanam
1435 4070 1628 4142 urbem
1657 4068 1811 4124 Sedis

235 4148 542 4214 apostolica:
567 4146 845 4214 legationis
874 4140 1011 4212 apud
1034 4146 1313 4214 Augustos
1325 4140 1584 4214 explenda
1606 4140 1627 4171 ²
1653 4154 1812 4193 causa

236 4212 465 4285 degens,
508 4212 929 4270 Translationem
979 4212 1142 4285 ipsius
1182 4212 1318 4285 sacri
1359 4212 1813 4285 corporisgrtcce

237 4280 633 4355 conscriptam,
684 4300 746 4339 ac
797 4300 861 4339 ex
910 4280 1197 4355 improviso
1232 4282 1497 4344 delatam,
1545 4280 1812 4355 latineqne

237 4349 497 4427 nusquam
524 4370 553 4409 a
587 4370 673 4409 me
714 4364 836 4427 ante
863 4349 1081 4427 prorsus
1109 4354 1378 4427 inventam
1396 4394 1412 4415 ,
1440 4365 1661 4427 romano
1685 4349 1813 4404 dare

237 4422 469 4482 sermoni
492 4468 506 4492 ,
538 4434 747 4494 tumque
790 4422 891 4493 piae
918 4424 1184 4479 destinare
1203 4422 1516 4494 devotioni;
1548 4430 1811 4490 quatenus

307 4513 333 4550 r
364 4498 465 4552 hoc
500 4506 553 4551 et
581 4491 865 4550 otiosita’tis
911 4510 940 4549 a
971 4510 1057 4550 me
1088 4509 1278 4549 rancor
1315 4491 1711 4553 excluderetur,
1759 4499 1814 4542 et

259 4567 474 4646 atinitas
517 4575 781 4646 tantorum
803 4565 1224 4646 _miraculornm_
1250 4563 1553 4646 cognitione
1591 4561 1810 4646 milnime

238 4635 600 4691 fraudaretur.
653 4634 862 4691 Accidit
906 4645 1119 4701 autem,
1171 4641 1231 4690 ut
1271 4629 1434 4689 etiam
1467 4646 1627 4702 super
1654 4629 1757 4685 hoc
1783 4643 1816 4682 a

304 4749 321 4779 ⁸
357 4744 552 4809 supple,
576 4745 731 4809 Sedss.

302 4809 324 4839 ε
357 4806 514 4869 Forte,
535 4806 809 4872 aptanda.

1914 3586 2148 3707 prmium
2176 3590 2323 3642 urbis
2363 3590 2550 3643 incolis
2590 3591 2783 3642 obnixe
2833 3604 3080 3656 rogarer,
3124 3604 3189 3640 eo
3218 3590 3354 3655 quod
3389 3590 3493 3643 illic

1955 3657 2070 3707 nius
2099 3661 2346 3707 martvris
2377 3659 2631 3707 habeatur
2666 3659 2917 3707 tennnlum
2941 3700 2954 3707 -
2990 3660 3207 3707 honesta
3238 3661 3491 3707 ttualitatu

1955 3657 2070 3721 nius
2099 3661 2346 3729 martyris
2377 3659 2631 3713 habeatur
2666 3659 2954 3727 templum,
2990 3660 3207 3712 honesta
3238 3661 3491 3727 qualitate

1913 3737 2297 3782 COI‘ISU‘IICIUIII.

1982 3798 2037 3849 2.
2063 3798 2287 3866 Suscipe
2310 3800 2484 3866 itaque
2515 3798 2613 3851 hoc
2636 3797 2970 3865 opusculum,
3005 3807 3057 3851 et
3084 3796 3214 3849 mira
3240 3813 3355 3865 qum
3386 3800 3493 3867 pri-

1912 3881 2031 3921 mus
2080 3868 2274 3923 Christi
2334 3870 2542 3923 Domini
2596 3868 2794 3935 Martyr
2847 3877 3003 3935 atque
3060 3867 3320 3921 Diaconos
3375 3880 3495 3937 post.

1915 3939 2195 3992 transitum
2236 3940 2428 4009 gessit,
2461 3954 2699 4009 qureque
2730 3938 2864 4009 forte
2912 3937 3165 4009 hactenus
3203 3938 3491 4009 ignorasu,

1913 4006 2267 4075 comperiens,
2296 4006 2704 4064 laudes‘auctori
2732 4008 2915 4076 dignas
2938 4006 3169 4074 repende
3196 4024 3209 4060 :
3244 4006 3495 4069 diemque

1914 4080 2330 4134 anniversarium
2354 4120 2368 4138 .
2398 4080 2499 4133 mei
2528 4093 2739 4147 quoque
2784 4093 2889 4130 non
2923 4078 3222 4141 immemor,
3254 4078 3305 4130 in
3338 4078 3497 4144 hujus

1915 4150 2173 4204 mirabilis
2204 4150 2564 4203 translationis
2594 4147 3008 4202 celebrationem
3036 4147 3346 4201 solemniter
3374 4163 3492 4216 age.

1914 4219 2020 4273 Sed
2043 4221 2288 4288 quoniam
2320 4229 2441 4274 tunc
2465 4220 2718 4288 temporis
2742 4218 2934 4271 ibidem
2958 4219 3160 4286 positus
3190 4232 3496 4288 sermonem

1916 4287 2261 4345 nihiluminus
2299 4305 2455 4360 quem
2487 4289 2554 4343 de
2579 4287 2899 4360 virginitate
2939 4290 3098 4360 super
3130 4289 3279 4360 Anna
3321 4287 3496 4360 et_Si-

1916 4376 2135 4421 meone.
2166 4362 2274 4415 imo
2294 4357 2452 4429 quem
2480 4359 2546 4414 de
2572 4358 2739 4412 tribus
2770 4357 3184 4427 professionibus
3213 4358 3494 4426 Amphilo—

1915 4431 2067 4485 chius
2095 4430 2253 4486 Iconii
2284 4430 2477 4500 praesul
2520 4429 2809 4493 habuerat,
2852 4430 3230 4500 interpretatus
3261 4444 3374 4500 sum
3397 4468 3413 4493 ,
3442 4436 3498 4500 et

1917 4502 2058 4557 hunc
2085 4497 2300 4572 quoque
2319 4517 2438 4572 cum
2467 4507 2764 4554 memorato
2793 4498 2971 4572 simul
2999 4499 3253 4572 opusculo
3273 4497 3497 4572 Sancti:

1915 4565 2115 4648 {uenite
2140 4565 2500 4648 tut-emittere
2545 4569 2843 4648 procuravi.
2884 4566 3153 4648 Spirituali
3197 4567 3391 4648 qomippe
3422 4567 3495 4648 _nil

1916 4643 2031 4698 fere
2078 4641 2408 4697 commodius
2449 4635 2610 4703 duxi,
2658 4653 2819 4709 quam
2864 4635 3153 4709 Spiritualia
3202 4635 3496 4709 offerenda.

1918 4712 2198 4768 Beatitudo
2227 4722 2313 4765 tua
2340 4710 2393 4764 in
2438 4706 2695 4765 aeternum
2724 4708 2900 4762 valeat
2926 4707 3031 4762 mei
3062 4721 3290 4773 memor,
3322 4706 3496 4777 impe-

1921 4784 2182 4838 trantibus
2210 4781 2307 4836 Dei
2331 4780 2487 4836 sedes
2517 4777 2848 4834 orationibus
2872 4777 3004 4832 suis.

244 4911 3463 4951 _____________________________________.___________.._.

1308 5009 2426 5169 SCRIPTURA

805 5268 945 5338 DE
1004 5260 1870 5337 TBANSLATIONE
1934 5255 2327 5329 SANCTI
2385 5250 2946 5323 STEPHANI

1074 5422 1178 5482 DE
1217 5416 1679 5480 JERUSALEM
1724 5414 1801 5473 ΙΝ
1846 5410 2117 5473 URBEM
2160 5406 2645 5467 BYZANTIUM.

322 5676 371 5729 t.
395 5673 612 5729 Factum
635 5679 734 5734 est,
760 5683 878 5723 cum
907 5672 1049 5721 esset
1074 5662 1405 5734 reconditum
1428 5674 1621 5728 corpus
1641 5658 1811 5734 sancti

249 5728 499 5811 Stephani
530 5743 681 5812 primi
713 5728 961 5808 martyris
986 5733 1411 5812 ._Ie_rosoly_mis.in
1436 5740 1616 5812 sancta
1638 5728 1770 5812 Sion
1794 5766 1811 5791 ,

253 5815 307 5868 in
331 5798 515 5869 diebus
535 5798 753 5869 'Joannis
776 5798 1008 5881 episcopi
1032 5798 1493 5874 ierosolymitani,
1508 5808 1564 5854 ut
1589 5798 1818 5854 Alexan-

1922 5656 2017 5709 der
2058 5654 2269 5724 quidam
2316 5659 2621 5724 senatorum
2653 5648 2917 5724 posuisset
2944 5647 2997 5724 in
3035 5647 3215 5724 animo
3243 5662 3344 5724 suo
3374 5662 3506 5701 con.

1920 5717 2133 5779 struere
2160 5722 2447 5777 oratoriam
2477 5723 2693 5773 domutn
2725 5720 2891 5772 sancti
2940 5717 3217 5787 Stephani.
3244 5722 3359 5783 Quo
3388 5734 3507 5785 per-

1923 5806 2064 5863 acto,
2093 5793 2408 5863 deprecatus
2438 5799 2521 5847 est
2546 5790 2768 5844 multum
2794 5789 3055 5845 Joannem
3088 5790 3413 5858 episcopum.
3448 5797 3504 5840 ut
