4118 6554
592 382 693 436 8°23

587 495 856 574 compulsa
885 499 1205 554 mortiferum
1237 499 1360 554 illud
1390 500 1531 553 virus
1577 497 1950 553 incredulitatis
1987 500 2132 568 abje-

587 576 740 616 cerit.

663 635 717 707 ὅτ
755 633 990 707 Namque
1018 636 1198 691 diebus
1228 653 1359 706 pene
1388 637 1518 699 istis,
1551 638 1740 707 quibus
1777 653 1873 706 ego
1903 639 2029 691 tanti
2061 653 2143 690 sa-

592 705 814 776 cerdotii
832 719 1044 776 nomen,
1063 707 1185 760 licet
1205 705 1463 776 indignus,
1483 705 1699 774 adeptus
1714 705 1851 771 sum,
1872 707 2145 776 presbyter

592 773 802 846 quidam
822 774 838 843 (
849 773 896 838 η)
919 777 1190 846 sanctitate
1209 773 1497 844 praecipuus
1514 791 1543 829 a
1563 773 1889 846 Jerosolyma
1907 773 2141 846 veniens,

596 839 834 908 Magonai'
859 858 960 895 nou
992 845 1147 914 longo
1186 839 1422 914 tempore
1458 856 1690 901 moratus
1729 839 1811 900 est
1843 864 1856 897 :
1883 845 1971 914 qui
1999 839 2144 913 post;

596 926 752 984 quatit
786 912 1046 984 traiisvelii
1072 913 1136 966 ad
1167 912 1476 984 Hispanias,
1509 916 1643 968 sicut
1671 912 2018 978 desidera—bat,
2049 929 2144 968 ne-

593 979 889 1049 quir-iub),
919 996 1158 1037 remeare
1199 979 1514 1037 ad’Africani
1559 984 1732 1038 denuo
1767 985 1947 1037 statuit
1979 1001 1991 1036 :
2022 993 2144 1037 tunc

596 1046 733 1100 beati
759 1046 1005 1122 Stephani
1046 1053 1289 1120 reliquias
1309 1094 1323 1116 ,
1359 1069 1476 1122 qua:
1518 1069 1684 1122 nuper
1714 1053 1956 1107 revelata:
1982 1062 2139 1114 sunt,

595 1130 715 1190 cum
744 1117 816 1190 ad
841 1119 1114 1186 Hispanias
1144 1117 1352 1190 portare
1377 1117 1782 1186 constituisset,
1828 1123 1967 1189 ipsas
1988 1162 2004 1187 ,
2031 1123 2144 1177 sine

595 1185 753 1259 dubio
774 1185 994 1259 Martyre
1022 1185 1324 1257 iuSpirante,
1357 1193 1406 1244 in
1431 1193 1702 1245 memorati
1723 1185 1898 1259 oppidi
1919 1185 2142 1246 ecclesia

595 1255 890 1331 collocavit.
905 1255 1030 1331 'Quo
1052 1255 1206 1324 facto,
1231 1255 1466 1328 protinus
1490 1262 1576 1316 ille
1604 1255 1933 1331 ignis—quem
1965 1261 2143 1331 Domi-

599 1339 697 1400 nus
715 1325 850 1378 venit
869 1327 1075 1400 mittere
1095 1330 1147 1382 in
1178 1325 1365 1400 terram
1391 1341 1442 1383 et
1471 1325 1992 1400 qiiem'v'aldcfardere
2005 1329 2147 1400 cupit

597 1393 743 1467 (Luc.
765 1410 854 1458 xii,
873 1395 986 1463 49),
1006 1399 1258 1452 charitate
1278 1399 1389 1466 ejus
1405 1393 1653 1454 accensus
1665 1409 1762 1453 est.
1783 1399 1968 1453 Statim
1985 1393 2145 1467 siqui-

595 1464 715 1536 dem
745 1473 890 1536 tepor
915 1479 1094 1521 noSIer
1119 1464 1350 1536 incaluit,
1376 1479 1428 1523 ct
1452 1470 1640 1523 factum
1666 1478 1748 1523 est
1774 1484 1866 1522 cor
1885 1464 2139 1532 nostrum,

595 1531 728 1608 sicut
750 1534 1120 1608 scriptumcst,
1150 1531 1346 1608 ardens
1365 1539 1413 1591 in
1439 1539 1516 1590 via
1545 1538 1666 1608 (Id.
1693 1555 1834 1600 xxrv,
1858 1539 1976 1607 52).
2000 1539 2146 1608 Tuiie

595 1602 915 1682 enimilleoia
945 1605 1046 1682 ﬁde
1069 1607 1173 1682 jam
1200 1607 1414 1682 ardebat
1438 1602 1601 1669 zelus,
1633 1618 1870 1682 ttinc‘spe
1889 1602 2146 1682 salvanda:

523 1688 539 1707 -
597 1670 944 1750 multitudinis
974 1670 1222 1750 erigebat.
1256 1678 1498 1750 Denique
1539 1678 1712 1750 statim
1756 1670 2148 1750 intercisarsunt

595 1741 753 1792 etiam
781 1741 1107 1798 salutationis
1131 1746 1299 1799 ofﬁcia
1325 1786 1339 1810 ,
1365 1741 1426 1800 et
1456 1763 1562 1800 non
1586 1748 1752 1800 solum
1781 1746 2140 1799 familiaritatis

595 1810 922 1882 consuetudo
939 1814 1162 1882 divulsa,
1187 1815 1276 1868 sed
1293 1817 1447 1869 etiam
1462 1817 1613 1868 noxia
1635 1817 1932 1870 inveterata:
1946 1816 2149 1882 species

597 1878 868 1931 cliaritatis
896 1881 960 1933 ad
981 1878 1157 1936 odium
1183 1887 1485 1952 temporale,
1505 1885 1597 1938 sed
1620 1901 1714 1952 pro
1735 1895 1944 1937 :eternae
1964 1878 2148 1938 salutis

599 1962 781 2022 amore
812 1952 1054 2022 translata
1081 1963 1180 2006 est.
1208 1952 1262 2006 ln
1293 1956 1536 2008 omnibus
1567 1955 1750 2022 plateis
1775 1954 2026 2008 adversus
2053 1952 2148 2006 Ju-

599 2016 744 2092 dreos
774 2032 956 2086 pugna:
978 2021 1131 2092 Legis
1151 2063 1166 2090 ,
1195 2023 1247 2076 in
1274 2025 1517 2078 omnibus
1541 2016 1786 2078 domibus
1814 2023 1936 2077 ﬁdei
1971 2022 2150 2092 przelia

597 2088 933 2153 gerebantur.

671 2157 725 2208 4.
764 2157 1066 2230 Iudaeorum
1095 2161 1314 2228 pepulus
1340 2162 1566 2217 maxime
1592 2161 1862 2230 cujusdam
1887 2161 2148 2216 Theodori

600 2228 908 2300 auctoritate
931 2239 985 2282 et
1015 2233 1240 2298 potentia
1269 2233 1548 2296 nitebatur,
1579 2228 1670 2300 qui
1695 2249 1797 2286 non
1825 2231 1992 2286 solum
2015 2232 2150 2284 inter

599 2294 829 2361 Jiidmos,
844 2294 1028 2352 verum
1045 2302 1201 2353 etiam
1225 2302 1358 2354 inter
1376 2294 1701 2355 Christianos
1718 2302 1953 2368 ejusdem
1974 2300 2149 2368 oppidi

599 2373 654 2416 et
681 2380 838 2440 censu
869 2370 1142 2440 et_lionore
1170 2371 1344 2424 srcculi
1376 2373 1670 2440 prmcipuiis
1711 2380 1824 2425 erat
1846 2412 1860 2434 ,
1894 2371 2150 2438 siquidem

602 2435 737 2501 apud
767 2435 881 2490 illos
918 2438 1069 2506 Legis
1096 2439 1279 2493 doctor
1298 2480 1312 2504 ,
1341 2435 1392 2493 ei
1420 2440 1514 2508 (ut
1539 2435 1772 2509 ipsorum
1805 2450 1923 2493 utar
1951 2435 2148 2509 verbo)

602 2513 976 2582 pater_patriim
1022 2509 1115 2560 fuit
1147 2527 1159 2560 :
1204 2510 1259 2582 in_
1295 2511 1512 2582 civitate!
1540 2508 1712 2564 autem
1752 2510 1953 2582 cunctis
1989 2508 2151 2582 curia:

602 2575 796 2626 muniis
824 2578 1123 2641 exsolutus,
1153 2587 1205 2631 et
1229 2579 1474 2633 defensor
1496 2580 1602 2646 jam
1634 2581 1934 2642 exstiterat,
1966 2589 2017 2631 et
2043 2578 2148 2645 jam

602 2657 740 2696 nunc
771 2655 1016 2716 patronus
1043 2647 1376 2716 municipium
1406 2649 1647 2702 habebat.
1673 2648 1949 2702 Christiani
1978 2657 2150 2700 autem

604 2721 660 2763 ut
693 2714 852 2767 corde
871 2755 886 2779 ,
917 2714 982 2767 ita
1011 2716 1167 2770 etiam
1195 2714 1250 2771 et
1279 2719 1477 2772 viribus
1514 2718 1736 2771 humiles
1756 2759 1768 2778 ,
1798 2717 1888 2772 sed
1919 2716 2151 2770 veritatis

603 2781 793 2856 robore
817 2784 1116 2856 superiores
1136 2827 1150 2850 ,
1182 2790 1384 2854 patroni
1413 2788 1663 2856 Stephani
1694 2786 2151 2856 patrociniumth-

603 2853 982 2924 precabantur:
1009 2853 1409 2924 donec’utrique
1433 2853 1714 2919 exercitus,
1742 2871 1858 2910 cum
1878 2856 1983 2924 jam
2011 2854 2151 2908 diem

602 2921 904 2975 certaminis
929 2924 1300 2989 condixissent,
1327 2921 1468 2979 datis
1494 2937 1619 2980 tunc
1648 2926 1867 2979 induciis
1880 2921 2152 2978 discesse-

603 2998 745 3065 ῃψῑ,
767 2992 1035 3065 .iudzeisid
1064 3009 1375 3064 magnopere
1400 2997 1840 3065 exspectantibus,
1869 3005 1925 3047 iit
1952 2993 2154 3065 scilicet

606 3057 933 3136 Theodorus,
945 3063 1013 3136 _iii
1041 3057 1190 3136 cuju's
1218 3057 1274 3118 se
1293 3067 1464 3136 omnis
1493 3057 1754 3136 synagoga
1777 3057 1973 3136 viribus
1996 3063 2154 3115 accli-

605 3128 791 3200 naliat,
817 3147 882 3184 ex
913 3128 1238 3200 Majoricensi
1281 3134 1447 3187 insula
1477 3128 1858 3198 re'ver'ter'etiir,
1891 3132 1956 3185 ad
1995 3147 2150 3200 quam

605 3197 740 3271 forte
766 3197 1364 3268 visendm'possessionis
1387 3206 1550 3271 gratia
1575 3213 1895 3271 perrexerat.
1917 3197 2155 3268 Quiqui-

601 3268 721 3320 iiein
751 3271 925 3342 statim
954 3281 1011 3324 ut
1047 3272 1111 3324 ad
1141 3289 1261 3326 eum
1300 3268 1460 3326 missa
1493 3268 1685 3342 legatio
1724 3283 1802 3325 est
1826 3311 1840 3334 ,
1870 3285 2112 3342 remeans
2135 3311 2150 3342 ,

603 3340 910 3392 auctoritate
930 3356 1022 3392 sua
1051 3343 1242 3396 multos
1269 3345 1482 3403 terruit;
1512 3340 1604 3395 sed
1633 3356 1736 3394 non
1767 3341 2032 3398 exstinxit,
2063 3340 2154 3392 sed

603 3409 900 3477 consopivit
924 3412 1274 3462 contentionis
1301 3411 1597 3464 incendium
1631 3427 1644 3461 :
1674 3409 1871 3477 majore
1899 3408 2153 3474 siquidem

604 3476 744 3546 illico
763 3477 1119 3546 exardesceiis
1151 3479 1398 3532 violentia
1421 3519 1434 3539 ,
1465 3482 1620 3534 etiam
1652 3479 1875 3531 vicinum
1906 3478 2152 3546 oppidum

605 3544 728 3598 ﬁdei
751 3545 957 3618 fiamma
982 3549 1250 3618 corripuit.
1283 3550 1344 3601 Et
1367 3557 1420 3601 ut
1448 3550 1570 3602 illud
1600 3549 1892 3602 Salomonis
1910 3544 2164 3614 iiii—plere-.

607 3622 724 3686 tur,
757 3614 938 3686 Frater
971 3614 1176 3686 fratrein
1220 3618 1464 3686 adjuvans
1497 3617 1796 3672 exaltabitur
1829 3625 1954 3670 sicut
1984 3618 2154 3686 civitas

603 3685 750 3751 ﬁnna
769 3694 816 3736 et
837 3684 941 3739 alta
969 3684 1159 3753 (Prov.
1203 3684 1351 3752 xviii,
1385 3687 1484 3753 I9)
1513 3705 1526 3752 ;
1568 3695 1864 3741 statuerunt
1897 3685 2044 3738 multi
2074 3685 2153 3738 fa-

604 3753 730 3805 muli
768 3753 999 3818 Christi,
1034 3757 1266 3810 laborem
1315 3759 1515 3810 itineris
1553 3757 1768 3810 minime
1808 3764 2111 3810 recusantes
2135 3795 2152 3820 ,

604 3833 820 3877 cunctas
843 3826 1001 3877 animi
1029 3827 1168 3878 vires
1195 3826 1316 3880 huic
1344 3827 1479 3881 bello
1511 3826 1735 3879 tradere.

675 3896 726 3947 5.
766 3893 1035 3948 Pendente
1065 3896 1220 3963 igitur
1245 3898 1442 3961 praelio,
1475 3911 1573 3949 nos
1597 3895 1804 3963 quidem
1828 3894 1998 3962 qualia
2021 3909 2156 3961 prie-

604 3965 962 4029 paraverimiis
991 3980 1136 4018 arma
1158 4005 1171 4027 ,
1203 3966 1465 4019 subditum
1494 3967 1614 4018 huic
1649 3965 1882 4032 epistola:
1909 3964 2156 4018 Commo-

605 4033 848 4085 iiiiorium
881 4033 1067 4100 probat
1097 4050 1110 4085 :
1142 4034 1282 4102 quod
1310 4035 1521 4103 quidem
1551 4049 1655 4090 non
1685 4048 1779 4100 pro
1807 4034 2154 4101 quorumdam

605 4103 948 4156 instructione
974 4103 1055 4156 edi
1084 4105 1342 4157 voluimus
1365 4105 1584 4173 (quippe
1609 4105 1695 4172 qui
1722 4117 1782 4156 ea
1810 4103 2015 4170 penitus
2035 4118 2157 4171 ege-

607 4187 746 4242 mus,
769 4179 823 4224 et
846 4188 1004 4242 quam
1027 4187 1055 4224 a
1085 4173 1412 4227 Beatitudine
1433 4184 1605 4227 vestra
1631 4174 1797 4241 magis
1818 4173 2151 4242 speramus),

604 4241 777 4313 sedul
800 4241 1148 4313 animadverti
1191 4244 1388 4313 possit,
1420 4257 1525 4296 non
1549 4243 1941 4313 minimamrnos
1965 4241 2156 4294 sollici-

605 4310 841 4379 tudinem
853 4310 1148 4379 secundum
1167 4312 1430 4365 modulum
1448 4312 1802 4379 possibilitatis
1826 4310 2020 4363 nostra:
2036 4325 2156 4364 sus-

605 4381 744 4444 cepti
784 4377 1026 4432 habuisse
1054 4381 1353 4434 certaminis
1379 4396 1393 4432 :
1422 4377 1685 4434 Christum
1712 4394 1838 4433 vero
1856 4419 1871 4442 ,
1901 4379 2048 4446 cujus
2073 4393 2159 4433 re-

603 4462 762 4515 gnum
795 4461 896 4499 non
931 4449 978 4500 in
1018 4462 1262 4504 sermone
1283 4491 1298 4514 ,
1337 4449 1431 4502 sed
1475 4451 1527 4502 in
1551 4450 1740 4502 virtute
1767 4457 1848 4502 est
1869 4488 1883 4508 ,
1911 4448 2064 4502 nobis
2091 4462 2158 4503 ne

605 4517 820 4570 verbum
837 4517 1045 4584 quidem
1074 4519 1476 4586 proferentibus,
1501 4519 1610 4572 suis
1635 4518 1810 4572 omnia
1824 4518 2020 4571 viribus
2041 4532 2159 4570 cnn-

603 4600 914 4650 summasse,
938 4596 991 4640 et
1014 4589 1211 4654 absque
1236 4590 1342 4643 ullo
1365 4589 1558 4643 sudore
1583 4589 1886 4642 certaminis
1905 4587 2157 4640 exercitui

602 4671 699 4707 suo
722 4655 876 4718 hanc,
897 4672 1056 4728 quam
1076 4673 1228 4712 nemo
1251 4669 1340 4712 aut
1363 4668 1551 4728 optare
1568 4659 1811 4722 audebat,
1835 4666 1924 4709 aut
1946 4671 2158 4728 sperare

602 4733 828 4796 poterat,
859 4727 1127 4780 victoriam
1154 4727 1498 4782 concessisse.
1529 4727 1693 4781 Judiei
1723 4728 1877 4796 igitur
1905 4727 2158 4793 exemplis

601 4809 662 4847 se
692 4794 972 4848 Machahiei
1017 4799 1264 4864 temporis
1301 4799 1638 4850 exhortantes
1657 4839 1670 4858 ,
1701 4794 1920 4851 mortem
1951 4810 2157 4864 quoque

602 4878 700 4930 pro
729 4864 1070 4935 defendendis
1119 4867 1364 4935 legitimis
1405 4869 1515 4920 suis
1557 4866 1944 4919 desiderabant.
1977 4864 2156 4935 Itaque

605 4948 707 4985 non
736 4934 903 4985 solum
933 4935 1093 4986 libros
1118 4933 1394 4990 revolvere
1413 4977 1427 4996 .
1459 4935 1552 4990 sed
1594 4937 1750 4988 etiam
1776 4949 1900 4988 saxa
1925 4973 1939 4994 ,
1962 4933 2118 4986 sudes
2138 4974 2154 5000 ,

599 5002 795 5074 jacula,
824 5005 1104 5071 omniaque
1127 5007 1344 5074 telorum
1372 5020 1567 5073 genera
1592 5004 1657 5057 ad
1684 5019 1999 5074 synagogam
2027 5018 2157 5074 con-7

603 5072 739 5124 ferre
765 5086 972 5137 crept-re
996 5114 1010 5134 ,
1042 5083 1098 5125 ut
1124 5072 1538 5128 Christianorum
1579 5072 1961 5127 aciemwirtute
1990 5073 2156 5124 sancti

603 5141 829 5214 Spiritus
854 5144 1104 5214 minutam
1136 5145 1203 5210 (si
1235 5146 1302 5197 ita
1335 5160 1419 5197 res
1445 5142 1730 5214 posceret),
1749 5145 1904 5196 etiam
1925 5143 2157 5210 corporis

601 5211 799 5263 viribus
837 5213 1215 5276 propulsarent.

675 5279 728 5332 6.
770 5279 966 5350 Ittlct'i‘n
1007 5282 1128 5333 dum
1176 5282 1226 5334 hi
1271 5290 1553 5348 apparatus
1589 5288 1912 5350 gererentur,
1940 5295 2157 5345 magno-

603 5363 707 5418 que
751 5349 1062 5402 altrinsecus
1103 5352 1274 5403 sliiilio
1320 5352 1546 5404 futurum
1593 5349 1877 5404 instituitur
1921 5351 2156 5410 bellum,

607 5419 850 5486 utrinque
894 5421 1154 5471 exercitus
1194 5422 1628 5474 iiienarrabilibus
1666 5431 1716 5473 et
1756 5419 2158 5472 absolutissimis

605 5485 823 5542 somniis
852 5500 1265 5555 commoventur,
1294 5506 1515 5560 quorum
1544 5493 1589 5544 si
1618 5491 1813 5543 nullam
1847 5490 2048 5556 penitus
2075 5485 2155 5539 fa-

669 5642 743 5701 (n)
780 5643 984 5690 Orosius.

692 5656 710 5680 τ
844 5656 860 5684 r
946 5680 984 5689 ..

778 5649 1028 5750 ἓτὶιῗᾞιῗιηι
1075 5707 1291 5763 Hispania
1319 5705 1512 5754 obsessa
1558 5705 1645 5753 lioc
1691 5711 1906 5763 tempore
1931 5715 1956 5751 a
1979 5701 2153 5752 Gothis.

606 5767 828 5814 aii-ouidi;
853 5765 908 5809 ad
925 5777 1096 5812 utiuiuii
1122 5768 1214 5813 H8.

2026 386 2378 442 AI’PENDIX.
3681 399 3772 455 82H

2247 515 2420 554 cerem
2449 499 2787 570 mentionem,
2817 514 2920 553 non
2937 499 3219 570 Aniinimam
3246 498 3460 553 videbor
3485 515 3671 570 partem
3698 513 3770 564 di-

2246 571 2381 622 vin:e
2409 571 2585 634 gloriae
2609 568 2898 636 operuisse.
2928 568 3015 622 Sic
3043 569 3180 621 enim
3208 571 3372 622 sancti
3401 568 3612 636 apostoli
3641 579 3770 637 pm.“

2247 640 2506 693 somnium
2528 639 2692 691 Lucas
2713 652 2874 689 sacra:
2900 637 3128 690 historiae
3152 639 3386 696 inseruit.
3406 640 3596 707 dicens,
3619 649 3772 705 virum

2248 707 2582 761 Macedonem
2605 707 2828 759 astitisse
2857 707 2906 759 in
2933 708 3130 760 visione
3157 708 3344 767 noctis,
3367 721 3594 764 orantem
3621 723 3674 768 ut
3693 721 3776 772 ad.

2243 777 2511 848 juvaretur
2539 777 2604 848 ab
2632 792 2724 848 eo;
2754 784 2805 828 et
2824 775 2934 848 hac
2958 777 3263 848 Apostolum
3294 777 3489 848 visione
3515 791 3774 848 priemoni-

2247 854 2391 906 tum,
2424 846 2623 898 itineris
2664 846 2764 897 alio
2804 845 3044 897 destinati
3087 859 3298 899 eursuin
3339 845 3403 898 ad
3446 845 3774 910 Macedoniam

2247 915 2567 968 Converlisse
2585 915 2741 1037 ((Act.
2771 930 2859 967 xv:
2879 955 2893 973 .
2926 915 2980 978 9,
3013 914 3130 984 I0).
3159 915 3364 981 Quanto
3393 925 3563 986 Itaque
3591 920 3775 979 Domini

2247 985 2409 1036 nostri
2434 983 2555 1036 Jesu
2629 982 2775 1036 hristi
2812 983 2978 1037 maior
2999 993 3079 1036 est
3103 985 3264 1037 gloria
3285 1023 3300 1037 .
3325 986 3460 1037 quod
3491 989 3538 1037 id
3567 992 3775 1037 ininimig

2247 985 2409 1036 nostri
2434 983 2555 1036 Jesu
2585 982 2775 1037 Christi
2812 983 2978 1051 major
2999 982 3264 1052 est'gloria
3285 1023 3300 1044 ,
3325 986 3460 1051 quod
3485 982 3538 1039 id
3566 992 3776 1048 minimis

2247 1061 2404 1128 atque
2435 1053 2666 1128 indignis
2712 1052 2921 1128 famulis
2961 1054 3194 1106 revelare
3236 1053 3476 1128 dignatus
3511 1067 3622 1120 est,
3651 1065 3778 1128 quod

2246 1123 2402 1175 etiam
2435 1123 2586 1174 beato
2616 1122 2865 1190 Apostolo
2891 1122 3302 1175 demonstratum
3334 1123 3595 1188 Scriptura
3622 1122 3780 1185 celare

2247 1191 2450 1260 noluit?
2480 1192 2636 1260 Igitur
2665 1191 2938 1244 brevitatis
2971 1205 3155 1253 causa,
3185 1207 3250 1243 ne
3275 1191 3583 1247 Beatitudiiii
3607 1210 3779 1252 vestrae

2246 1259 2518 1312 fastidium,
2539 1260 2760 1314 fortasse
2801 1260 3059 1329 gignatur,
3099 1262 3205 1314 duo
3245 1269 3444 1314 tantum
3485 1267 3677 1318 somnia
3705 1268 3782 1320 in-

2247 1344 2414 1382 seram
2425 1368 2435 1377 .

2319 1400 2368 1450 7.
2410 1399 2558 1468 Apud
2584 1415 2676 1451 nos
2696 1399 2880 1454 devota
2902 1397 3136 1467 qiizcdam
3160 1397 3570 1466 religiosissima,
3588 1408 3780 1458 nomine

2247 1467 2522 1541 Theodora
2545 1509 2558 1528 ,
2601 1478 2796 1541 quaeet
2820 1469 3118 1541 virginitate
3143 1469 3389 1541 corporis
3417 1509 3431 1533 ,
3463 1480 3513 1523 et
3551 1472 3782 1541 religione

2249 1537 2574 1604 propositi,et
2591 1539 2814 1590 nominis
2835 1537 3261 1607 interpretatione
3277 1548 3456 1607 typum
3475 1537 3672 1606 portare
3687 1543 3780 1596 Ec-

2249 1607 2417 1678 clesia:
2435 1616 2741 1678 mereretur,
2765 1607 2961 1678 viditin
2982 1606 3181 1678 visione
3203 1606 3371 1659 noctis
3395 1608 3596 1660 viduam
3617 1628 3781 1678 quam-

2248 1677 2368 1727 dam
2401 1676 2775 1728 nobilissimam
2797 1717 2810 1737 ,
2841 1677 2905 1728 ad
2933 1691 3046 1738 me,
3075 1675 3163 1742 qui
3204 1691 3307 1728 nou
3350 1691 3445 1744 pro
3471 1675 3675 1740 merito,
3700 1682 3779 1734 sed

2253 1760 2344 1811 pro
2370 1746 2527 1798 divini
2558 1747 2789 1797 numeris
2815 1745 3053 1812 largitate
3079 1743 3377 1798 sacerdotio
3407 1746 3606 1813 fungor,
3629 1749 3778 1803 insere

2251 1821 2330 1867 tas
2350 1815 2365 1844 ¹
2387 1815 2583 1886 litteras
2604 1830 2696 1884 per
2712 1830 2768 1886 se
2785 1814 3048 1886 misisse},
3068 1814 3402 1886 qiiibus_uiihi
3418 1824 3628 1886 cunctos
3647 1833 3782 1886 agros

2249 1898 2372 1936 suos
2387 1885 2450 1937 ad
2475 1882 2835 1936 semiiiandiim
2863 1884 3165 1951 suppliciter
3189 1882 3423 1936 offerret.
3452 1884 3614 1937 Simili
3638 1882 3778 1940 etiam

2249 1955 2452 2005 somnio
2481 1968 2563 2006 me
2588 1968 2793 2021 quoque
2818 1953 3052 2005 ultimum
3083 1960 3418 2020 peccatorum
3447 1953 3512 2006 ad
3537 1957 3780 2007 seminan-

2250 2021 2371 2075 dum
2415 2024 2731 2090 prrecingere
2772 2033 2826 2076 et
2866 2036 3204 2075 commonere
3245 2022 3489 2089 dignatus
3514 2032 3609 2075 est.
3639 2025 3781 2077 Vidua

2251 2092 2389 2171 enim
2407 2092 2642 2173 qiiaidani
2669 2092 2828 2144 altera
2850 2091 3199 2173 nobilissima,
3222 2107 3379 2159 quam
3405 2107 3671 2160 synagoga:
3688 2111 3786 2173 spe-

2251 2162 2383 2214 ciem
2425 2161 2670 2214 habuisse
2699 2176 2801 2213 uon
2831 2161 3043 2213 dubium
3073 2170 3176 2223 est,
3207 2176 3291 2230 me
3317 2170 3378 2214 ut
3405 2176 3555 2230 agros
3579 2177 3692 2214 suos
3715 2161 3785 2215 iii-

2251 2231 2420 2283 cultos
2450 2232 2793 2298 susciperem,
2824 2245 3036 2298 eosque,
3071 2229 3282 2297 quando
3323 2229 3531 2297 tempus
3558 2235 3785 2285 sementis

2253 2310 2481 2368 urgeret,
2507 2301 2779 2368 diligenter
2797 2301 3116 2360 excolerem,
3145 2299 3548 2366 deprecabatur.
3577 2300 3696 2364 Quae
3717 2311 3786 2354 est

2251 2381 2424 2422 autem
2446 2371 2606 2422 altera
2629 2369 2949 2422 nobilissima
2973 2368 3147 2432 vidua,
3173 2369 3272 2421 nisi
3295 2369 3384 2420 illa
3413 2384 3525 2437 quae
3545 2368 3784 2423 Christum

2253 2438 2410 2506 impie
2441 2438 2760 2506 perimendo,
2790 2439 3123 2506 semetipsam
3149 2437 3521 2492 crudelissime
3545 2439 3786 2490 vidiiavit?

2253 2507 2363 2561 Hoc
2378 2511 2635 2561 somnium
2657 2509 2925 2575 utriusque
2940 2522 3101 2560 unum
3123 2517 3222 2560 est.
3242 2509 3380 2560 Ante
3399 2509 3599 2576 triginta
3617 2507 3784 2570 ferme,

2253 2592 2406 2646 quam
2434 2578 2756 2644 impleretur,
2779 2578 2912 2639 dies,
2939 2585 2991 2628 et
3010 2577 3202 2629 vidisse
3225 2590 3341 2632 nos.
3375 2587 3428 2628 et
3456 2578 3575 2631 licet
3593 2577 3784 2630 absolu-

2255 2647 2447 2699 tionem
2476 2647 2590 2714 ejus
2619 2648 2976 2714 ignoraremus
3000 2686 3014 2710 ,
3052 2654 3227 2699 tamen
3271 2646 3523 2700 fratribus
3550 2647 3786 2699 indicasse

2254 2715 2582 2770 manifestum
2613 2723 2712 2768 est.

2323 2785 2375 2838 8.
2417 2786 2564 2852 Apud
2585 2785 2795 2854 JUdiEQS
2815 2798 3019 2854 quoque
3036 2783 3172 2854 miro
3188 2783 3389 2854 divina:
3410 2783 3788 2854 dispensationis

2255 2855 2456 2917 ordine,
2479 2864 2534 2908 ut
2557 2863 2610 2908 ct
2629 2853 2852 2906 nominis
2869 2853 3127 2906 Theodori
3150 2863 3202 2907 et
3222 2853 3382 2908 ofﬁcii
3401 2853 3502 2908 mei
3520 2855 3569 2906 in
3593 2867 3689 2906 uno
3710 2853 3789 2906 lio-

2255 2925 2395 2976 niiue
2423 2925 2644 2978 societas
2667 2923 2988 2976 conveniret.
3019 2923 3327 2976 Theodorus
3353 2928 3443 2991 qui
3471 2935 3694 2976 summus
3716 2936 3788 2974 sa-

2255 2993 2441 3046 cerdos
2463 2994 2642 3060 perfidi
2665 2993 2843 3061 populi
2863 3001 2995 3056 erat,
3023 2994 3282 3046 somnium
3306 2993 3446 3060 quod
3470 2993 3678 3051 viderat,
3700 3007 3787 3061 non

2255 3063 2425 3116 Solum
2454 3059 2789 3126 Iudicis—sed
2815 3063 2972 3114 etiam
3005 3064 3308 3130 propinqua:
3327 3059 3543 3116 (cuidam
3574 3059 3788 3114 malrifa-

2256 3133 2429 3185 milias
2457 3133 2716 3197 primaria:
2746 3131 2907 3198 ipsius
2934 3132 3179 3194 civitatis,
3207 3132 3492 3200 multisque
3513 3132 3662 3183 etiam
3685 3130 3788 3180 aliis

2257 3201 2586 3263 Christianis,
2601 3209 2722 3253 ante
2744 3217 2845 3251 non
2869 3215 3082 3267 parvum
3109 3217 3262 3266 quam
3285 3202 3660 3268 adimpleretiir
3676 3207 3791 3251 tein-

2259 3286 2384 3336 pus,
2415 3272 2497 3324 his
2527 3269 2852 3323 sermonibus
2882 3271 3190 3336 propalavit.
3219 3270 3377 3323 Eiiiiti
3409 3270 3535 3322 mihi
3558 3309 3571 3330 ,
3603 3268 3785 3335 inquit,

2260 3341 2310 3392 in
2354 3354 2666 3409 synagogam
2691 3378 2705 3402 ,
2745 3338 3017 3409 duodeeiiii
3047 3339 3140 3409 viri
3180 3355 3371 3392 manus
3401 3339 3580 3392 obvias
3607 3337 3785 3390 obtule-

2258 3408 2411 3473 runt,
2439 3409 2671 3462 dicentes
2699 3423 2712 3458 :
2743 3408 2856 3474 Quo
2891 3408 3072 3460 vadis?
3102 3408 3208 3462 Leo
3249 3410 3356 3463 illic
3391 3418 3491 3462 est.
3531 3410 3654 3460 Cum
3682 3419 3791 3471 ergo

2259 3479 2437 3532 audito
2466 3479 2630 3531 leonis
2656 3479 2868 3530 nomine
2899 3477 3157 3544 trepidare
3183 3480 3467 3546 cespissein
3489 3518 3503 3542 ,
3535 3477 3697 3529 locum
3726 3485 3791 3546 ta-

2259 3562 2399 3609 men,
2432 3549 2555 3600 dum
2587 3548 2756 3614 fugam
2789 3547 3106 3617 paro,riinde
3132 3544 3591 3617 introspisci'rem,
3619 3544 3788 3617 reperi,

2259 3628 2308 3671 et
2331 3617 2431 3669 vidi
2461 3613 2745 3670 monachos
2767 3617 2871 3686 illic
2897 3615 3024 3668 mira
3051 3613 3630 3686 suavitate—psallentes.
3650 3613 3792 3679 Major

2259 3687 2385 3739 mihi
2413 3702 2573 3752 pavor
2599 3686 2735 3738 illico
2756 3685 2989 3752 adjectus
3012 3695 3111 3749 est,
3138 3696 3192 3738 et
3222 3685 3400 3739 iiisiiii
3427 3685 3685 3754 enjiisdam
3707 3698 3789 3732 no-

2259 3758 2398 3808 mine
2416 3751 2600 3809 Ruben
2622 3751 2883 3823 ingressus
2908 3754 3116 3808 fuissem
3142 3755 3380 3821 domum,
3403 3764 3457 3809 et
3481 3751 3598 3807 inde
3620 3751 3679 3803 ad
3700 3765 3793 3802 ma-

2261 3835 2389 3878 trem
2410 3824 2748 3893 propinquam
2771 3838 2924 3893 cursu
2949 3825 3199 3890 praecipiti
3219 3826 3795 3893 couvolassem,__uequa-

2258 3891 2424 3966 quam'
2455 3891 2633 3966 enraui
2678 3891 2931 3946 mortiferi
2969 3895 3198 3966 _tcrroris
3248 3897 3555 3966 evasissent.
3603 3891 3684 3943 Illa
3713 3901 3794 3966 .me

2259 3961 2555 4016 exanimem
2587 3964 2702 4014 sinu
2733 3977 2827 4014 suo
2859 3961 3174 4023 confovens,
3203 3978 3232 4015 a
3279 3963 3588 4016 discrimine
3625 3961 3796 4026 pariter

2259 4047 2307 4085 et
2329 4047 2357 4084 a
2377 4043 2514 4086 metu
2537 4032 2742 4099 eripuit.
2771 4030 2880 4084 Hoc
2902 4030 3014 4097 ejus
3039 4032 3299 4084 somnium
3323 4033 3477 4086 valde
3497 4030 3792 4099 claruuiresi.

2260 4112 2310 4155 et
2336 4095 2763 4169 interpretatione
2789 4115 2889 4169 non
2917 4095 3130 4169 indiget.
3160 4101 3287 4166 Quis
3313 4104 3457 4154 enim
3481 4103 3596 4169 leo,
3614 4096 3703 4150 nisi
3722 4095 3796 4169 ille

2259 4172 2321 4224 de
2345 4165 2646 4242 tribu'ludd
2663 4170 2811 4224 radix
2836 4168 3000 4242 David
3030 4165 3299 4242 (Apoc:_v,
3333 4171 3442 4242 5)?
3465 4165 3796 4242 qiue‘propin-

2298 4256 2358 4293 ua
2376 4241 2480 4304 illa,
2500 4241 2597 4292 nisi
2618 4239 2682 4293 de
2697 4255 2795 4307 qua
2814 4239 3062 4305 scriptum
3081 4249 3181 4303 est,
3201 4239 3316 4294 Una
3331 4239 3404 4293 est
3421 4239 3692 4308 prapinqua
3703 4247 3795 4284 mea

2298 4256 2358 4293 ua
2377 4255 2480 4304 uia,
2500 4255 2597 4292 niSi
2618 4255 2682 4293 ue
2697 4255 2795 4307 qua
2814 4255 3062 4305 scriptum
3081 4255 3181 4303 eSt,
3201 4255 3238 4294 U
3251 4257 3316 4292 na
3331 4255 3404 4293 est
3421 4255 3692 4308 prapinqua
3703 4255 3795 4284 mea

2259 4255 2489 4378 (Cautio.
2515 4325 2586 4374 v1,
2603 4308 2636 4362 8
2655 4311 2711 4377 )‘!
2733 4307 2859 4362 Illud
2880 4323 3004 4378 ergo
3023 4309 3192 4378 solum
3216 4309 3497 4364 videbatur
3515 4307 3796 4366 obscurum,

2260 4376 2395 4448 quod
2425 4381 2472 4430 in
2508 4376 2719 4432 domum
2757 4376 3168 4448 RubenAJudazi,
3196 4394 3225 4431 a
3255 4379 3413 4432 leone
3441 4393 3562 4432 cum
3593 4385 3795 4448 terrere-

2262 4440 2366 4511 t'ur,
2390 4449 2652 4516 ingressus
2674 4457 2754 4500 est
2782 4462 2796 4498 :
2826 4445 2963 4514 quod
2983 4440 3192 4514 quidem
3219 4448 3372 4501 nobis
3398 4444 3719 4515 postmodum
3741 4440 3796 4492 ab

2261 4521 2376 4586 ipso
2399 4519 2546 4570 leone
2567 4518 2653 4585 qui
2679 4517 2882 4586 terruit,
2907 4524 2964 4567 ut
2986 4517 3231 4580 salvaret,
3253 4518 3644 4571 cvidentissime
3659 4524 3798 4586 eripu-

2262 4579 2415 4642 s'itum
2447 4595 2524 4639 est
2555 4579 2734 4654 {quod
2764 4579 2954 4638 dehinc
2979 4599 3075 4639 suo
3103 4586 3484 4653 explicabimus
3513 4585 3645 4638 loco.
3670 4579 3798 4633 Nunc

2261 4666 2433 4712 autem
2460 4665 2644 4722 emptae
2670 4656 2746 4708 rci
2771 4655 3007 4708 ordinem
3039 4669 3349 4723 prosequar.

2330 4727 2383 4779 9.
2427 4727 2498 4796 Ex
2526 4718 2880 4796 .I'ammoneiisi
2904 4718 3114 4796 civitate
3137 4725 3201 4796 ad
3215 4718 3612 4796 profectionem
3643 4718 3793 4796 fanni-

2262 4798 2430 4850 Ioriim
2459 4794 2652 4848 Christi
2682 4794 2956 4846 multitudo
2979 4786 3246 4856 convenit:
3273 4811 3393 4861 quae
3419 4795 3470 4846 iu
3497 4793 3610 4858 ipso
3628 4786 3800 4861 oppido

2262 4866 2538 4934 putabatur
2565 4865 2851 4918 consistere
2875 4878 2890 4927 ;
2920 4872 3165 4934 tantaque
3187 4855 3502 4934 difﬁcilliiiii
3518 4855 3709 4914 itineris
3734 4855 3799 4907 la-

2261 4931 2440 4988 borem
2474 4933 2740 4986 alacritate
2767 4933 3008 4998 confecit,
3040 4931 3095 4984 ut
3133 4933 3343 5000 triginta
3375 4931 3539 4984 millia
3576 4938 3798 5000 passuuiii

2258 5004 2534 5073 jucondius
2564 5001 2924 5073 transvolaret,
2967 4993 3300 5073 quamsi'ad
3327 4993 3684 5055 suburbanum
3719 4993 3802 5045 ali-

2262 5071 2397 5143 quod
2427 5073 2835 5143 amoenissimum
2857 5071 2922 5122 ad
2941 5071 3180 5143 convivia
3203 5073 3463 5143 epulaturi
3485 5072 3794 5143 vocarentur.

2265 5135 2425 5211 Igitur
2462 5142 2728 5210 Magonaiii
2760 5141 3109 5211 pervenimus.
3151 5135 3338 5192 Sta—tim
3372 5139 3552 5211 missis
3595 5135 3798 5211 clericis,

2263 5205 2962 5265 a'dveiituni'nienui'Juda:is
2994 5211 3246 5270 nuntiari,
3273 5219 3326 5262 et
3357 5221 3412 5261 ut
3453 5208 3518 5261 ad
3548 5205 3800 5259 ecclesiam

2263 5292 2496 5334 sanctam
2541 5280 2791 5333 accedere
2838 5279 3193 5346 dignarentur,
3238 5280 3478 5348 peposci.
3531 5276 3604 5348 Illi
3647 5283 3797 5348 autem

2265 5353 2584 5421 inopinatum
2614 5349 2762 5421 nobis
2792 5345 3026 5421 nuntiiiiii
3054 5345 3403 5421 remittentes,
3443 5345 3801 5421 iiiaiidai'e.rll.{li

2264 5407 2538 5473 ccc-lesiam
2583 5419 2680 5470 sibi
2713 5420 2823 5482 (ne,
2867 5418 3048 5481 credo,
3078 5407 3460 5486 polluerentur)
3488 5411 3700 5488 ingredi
3725 5407 3799 5488 die

2264 5491 2444 5542 eadem
2475 5504 2575 5540 non
2603 5497 2845 5554 oportere
2875 5504 2889 5542 :
2919 5502 3036 5540 esse
3076 5488 3214 5540 enim
3245 5487 3384 5539 diem
3426 5485 3644 5539 Sabbati.
3671 5485 3800 5544 Cujus

2267 5560 2594 5613 festivitatem
2616 5556 2726 5610 suis
2748 5557 2822 5610 illi
2847 5558 3048 5611 actibus
3071 5558 3450 5626 corrupissent.
3480 5556 3698 5608 Rursum
3717 5561 3798 5615 ego

2331 5696 2342 5724 ι
2378 5701 2531 5758 Forte.
2550 5690 2814 5758 inscriptus.

2331 5757 2347 5786 ⁸
2383 5757 2514 5815 Alias,
2540 5757 2838 5816 prwintusse.
