3996 6518
252 414 354 469 825

247 533 497 602 expetivi,
519 540 577 586 ut
603 547 689 587 me
714 531 780 586 ad
807 545 1148 603 synagogam,
1175 532 1220 584 sl
1241 531 1813 603 fmallent,opperiren-

249 613 367 665 tur;
394 603 819 672 quandoquidem
841 602 1118 672 ingressus
1141 602 1384 672 ecclesia):
1416 602 1634 668 pollutio
1662 603 1810 654 vide-

249 670 431 726 retur:
458 689 562 725 non
593 673 773 740 utique
799 685 891 722 eos
921 686 949 740 τι
978 670 1126 723 nobis
1155 671 1206 723 in
1249 670 1334 724 die
1362 670 1480 723 festi
1520 673 1719 724 sabbati
1747 672 1814 725 ad

249 757 384 809 opus
409 743 598 794 servile
623 738 864 808 compelli
890 756 905 802 ;
930 738 1158 792 futurum
1188 754 1360 792 autem
1389 740 1813 809 honestissimum

250 807 317 863 de
342 812 452 877 lege
471 807 793 869 conflictum,
817 825 913 863 nec
938 809 1243 862 excitandas
1261 810 1380 862 lites
1400 818 1452 862 et
1477 807 1677 862 falmlas
1697 825 1817 863 esse

255 881 584 944 miscendas;
633 888 722 931 aut
749 881 791 932 si
824 893 928 932 non
955 887 1126 930 astute
1167 890 1434 932 certamen
1478 878 1734 948 fugerent,
1764 888 1820 934 et

253 949 546 1014 simplicem
586 949 836 1002 afferrent
877 949 1289 1007 excusationem.
1316 949 1655 1001 ostenderent
1681 963 1817 1015 prae-

253 1027 488 1086 ceptum,
516 1034 622 1087 quo
647 1018 699 1070 in
744 1033 808 1070 eo
837 1016 933 1087 die
950 1033 1248 1070 sermonem
1294 1018 1535 1071 conferre
1579 1018 1816 1083 prohibi-

256 1097 365 1140 tum
392 1088 479 1140 sit.
509 1086 588 1141 Ad
617 1088 728 1140 lucc
751 1103 871 1140 cum
906 1086 978 1139 illi
1011 1088 1059 1138 in
1084 1087 1328 1140 omnibus
1349 1087 1818 1143 contradictionem

255 1157 719 1210 obstinatissimum
752 1157 1075 1217 retulissent,
1103 1155 1314 1210 tandem
1341 1158 1480 1209 illius
1506 1157 1672 1210 leonis
1708 1168 1816 1213 ter-

257 1242 380 1279 rore
407 1227 686 1294 compulsi,
723 1227 787 1279 ad
813 1227 1026 1278 domum
1057 1225 1107 1278 in
1138 1241 1292 1290 quam
1327 1227 1552 1294 hospitio
1579 1241 1819 1282 accesse-

258 1311 395 1360 ram,
422 1296 807 1350 conﬂuxerunt.
844 1296 912 1349 lbi
951 1310 1085 1361 ego:
1116 1295 1327 1362 Quzeso.
1351 1297 1586 1364 inquam,
1609 1297 1819 1352 fratres.
1851 1318 1853 1320 ·

259 1381 425 1431 quare
452 1367 601 1431 quasi
642 1365 891 1419 adversus
920 1365 1166 1426 latrones,
1203 1369 1490 1433 praesertim
1532 1367 1582 1419 in
1611 1367 1822 1421 civitate

265 1437 514 1488 ltomanis
543 1436 739 1504 legibus
766 1435 992 1492 subdita.
1024 1450 1242 1488 acervos
1265 1451 1511 1488 saxorum
1542 1437 1823 1505 omniaque

260 1519 524 1557 armormn
541 1520 730 1572 generi
749 1506 1130 1573 congregastis?
1146 1505 1249 1559 Nos
1269 1506 1541 1573 acquirere
1558 1507 1820 1573 cupimus,

265 1589 361 1626 vos
388 1574 605 1638 perdere
632 1574 956 1628 desideratis.
990 1574 1101 1627 Non
1140 1590 1240 1637 eSt,
1283 1585 1532 1642 quantum
1559 1576 1808 1638 arbitror,

261 1659 468 1711 a-quum
497 1653 554 1696 ut
579 1654 681 1696 tam
719 1646 862 1698 varia
900 1645 990 1698 lite
1026 1646 1338 1698 alterutrum
1367 1644 1700 1697 laboremus:
1731 1659 1824 1698 vos

263 1727 410 1772 vero.
457 1722 513 1766 ut
555 1713 722 1776 video,
752 1713 911 1768 sititis
951 1723 1186 1766 nostrum
1215 1715 1540 1782 sanguinem,
1575 1729 1672 1767 nos
1698 1729 1824 1768 vero

262 1790 490 1835 vestram
521 1786 764 1836 salutem.
798 1784 874 1836 Ad
906 1782 1020 1853 haec
1044 1783 1116 1836 illi
1148 1784 1416 1853 paululum
1447 1785 1632 1842 territi.
1663 1799 1824 1853 nega-

262 1867 386 1904 vere
409 1854 596 1905 factum
618 1871 632 1916 ;
656 1854 851 1906 nostris
869 1851 1254 1906 aflirmautibus
1279 1855 1345 1906 ita
1370 1868 1428 1908 se
1451 1854 1643 1907 habere
1666 1851 1823 1907 etiam

263 1937 381 1972 cum
404 1923 748 1990 jurejurando
789 1923 1168 1977 renitcbantur.
1203 1923 1349 1977 Tunc
1373 1939 1493 1993 ego,
1542 1933 1597 1977 ut
1626 1924 1821 1977 nodum

262 1999 450 2058 empta:
474 2002 610 2044 conti
632 1994 825 2046 n'ionis
861 1994 1222 2046 abscinderem
1252 2011 1266 2046 :
1298 1993 1394 2047 Ubi
1438 2010 1545 2058 res,
1590 1993 1822 2060 inquam,

263 2063 432 2114 oculis
463 2065 672 2128 probari
705 2075 894 2130 potem,
942 2063 1206 2132 iuratione
1241 2064 1364 2133 quid
1400 2077 1531 2132 opus
1560 2063 1678 2116 est?
1724 2063 1825 2116 Ea-

255 2147 382 2182 tntis
410 2133 564 2198 igitur
588 2133 651 2183 ad
681 2148 1020 2202 synagogam,
1049 2144 1102 2186 et
1123 2143 1296 2187 utrum
1324 2149 1418 2201 pro
1446 2133 1572 2186 vitio
1597 2148 1662 2185 an
1685 2133 1825 2186 veri-

266 2209 374 2252 late
403 2211 571 2272 vestra
604 2204 798 2255 nitatur
817 2204 1063 2268 assertio,
1094 2203 1482 2272 vobisinetipsis
1512 2204 1826 2257 testantibus

264 2271 710 2336 comprobabitur.

338 2341 422 2394 10.
466 2342 691 2406 Pergere
742 2341 898 2410 igitur
948 2341 1013 2395 ad
1063 2355 1379 2412 synagogam
1433 2341 1726 2409 cmpimus,
1767 2350 1827 2412 et

271 2410 521 2479 hymnum
561 2411 773 2464 Christo
802 2427 892 2478 per
920 2410 1142 2479 plateam
1173 2428 1235 2465 ex
1269 2412 1598 2466 multitudine
1634 2411 1829 2464 laetitiae

265 2481 602 2535 canebamus.
647 2482 889 2535 Psalmus
918 2490 1112 2544 autem,
1161 2497 1316 2549 quem
1345 2483 1475 2535 mira
1501 2481 1828 2550 jucunditate

266 2551 425 2620 etiam
461 2566 490 2603 a
519 2550 817 2605 Judzcorutn
857 2552 1065 2620 populis
1106 2550 1498 2614 dccantabatur,
1554 2551 1638 2604 hic
1682 2551 1778 2604 fuit
1805 2564 1828 2605 3

271 2617 430 2672 Periit
471 2623 708 2673 memoria
755 2617 941 2674 eorum
970 2637 1079 2673 cum
1125 2624 1368 2684 strepitu,
1412 2633 1459 2675 et
1500 2620 1746 2674 Dominus
1775 2622 1830 2674 in

266 2699 508 2741 (uernum
536 2689 801 2758 permanet
825 2690 989 2757 (Paul.
1014 2706 1086 2757 ιι,
1115 2693 1167 2750 7,
1197 2692 1277 2758 8).
1309 2691 1410 2745 Sed
1443 2702 1721 2758 antequam
1761 2691 1828 2744 ad

266 2773 583 2828 synagogam
629 2763 1041 2828 perveniremus,
1069 2763 1307 2829 quaedam
1336 2761 1531 2815 Judaae
1579 2761 1830 2813 mulieres

267 2829 621 2896 (ordinatione
661 2831 820 2884 credo
851 2830 986 2898 Dei),
1025 2831 1294 2883 audaciam
1328 2843 1727 2898 przesumentes,
1774 2839 1831 2884 ut

268 2897 472 2950 scilicet
501 2907 798 2951 nostrorum
847 2897 1030 2953 lenitas
1059 2897 1383 2962 incitaretur,
1415 2901 1616 2969 lapides
1641 2901 1691 2953 in
1733 2915 1830 2954 nos

267 2982 354 3039 exg
375 2970 648 3039 superiore
686 2969 803 3024 loco
834 2971 1242 3024 itntnanissimos
1268 2974 1466 3039 jactare
1507 2979 1783 3038 cmperuut
1811 2986 1826 3023 :

269 3036 380 3106 qui,
399 3038 587 3090 mirum
614 3038 775 3101 dictu,
797 3055 914 3091 cum
940 3055 1097 3106 super
1121 3036 1558 3095 confertissimam
1591 3036 1830 3093 multitu-

269 3105 445 3158 dinem
489 3109 758 3176 grandinis
800 3111 964 3160 instar
1000 3105 1400 3174 descenderent,
1440 3112 1700 3164 neminem
1730 3127 1828 3162 no-

268 3186 517 3249 strorum.
540 3193 640 3229 non
671 3179 839 3230 solum
865 3179 989 3239 icttt,
1013 3180 1102 3232 sed
1133 3195 1229 3234 nec
1260 3189 1399 3233 tactu
1429 3181 1639 3249 quidem
1669 3197 1828 3233 vexa-

267 3261 413 3301 vere.
439 3246 534 3300 llic
564 3249 713 3315 agnis
741 3250 850 3301 suis
879 3249 960 3302 leo
987 3250 1071 3302 ille
1100 3251 1347 3302 terribilis
1375 3246 1829 3304 mansuetudinem

270 3317 534 3387 iaululum
577 3320 833 3371 absmlit:
883 3334 1068 3371 omnes
1109 3321 1388 3387 siquidem,
1421 3321 1832 3374 reclamantibus

270 3386 438 3458 [:obis,
463 3401 584 3439 saxa
612 3387 921 3453 corripiunt,
945 3399 997 3442 et
1020 3386 1241 3456 pastoris
1261 3391 1668 3444 commonitione
1691 3400 1832 3458 post-

269 3453 467 3520 habita,
521 3471 639 3509 cum
689 3474 846 3509 uuutn
898 3453 1070 3525 potius
1118 3461 1396 3512 consilium
1439 3461 1642 3513 cunctis
1688 3453 1832 3514 icltts

271 3525 444 3598 totius
475 3525 690 3598 Christi,
724 3542 878 3595 quam
913 3529 988 3579 ira
1026 3538 1350 3596 suggereret,
1395 3529 1547 3598 lupos
1583 3531 1832 3584 cornibus

271 3596 600 3667 impetendos
627 3605 982 3667 censuerunt;
1011 3598 1250 3665 quamvis
1278 3599 1376 3652 hoc
1400 3596 1540 3652 illius
1572 3600 1658 3667 qui
1686 3600 1832 3652 solus

269 3662 438 3720 bonus
459 3674 639 3733 pastor
660 3675 760 3729 est,
799 3677 926 3719 nutu
958 3662 1149 3719 factum
1179 3682 1299 3722 esse
1338 3669 1469 3722 nulli
1500 3662 1713 3722 dubium
1740 3670 1828 3720 sit.

277 3735 510 3802 Denique
532 3752 596 3789 ne
625 3747 895 3789 cruentam
931 3737 1074 3805 gregi
1105 3752 1202 3792 suo
1229 3739 1497 3792 videretur
1525 3740 1831 3806 praestitisse

267 3807 541 3858 victoriam
574 3847 588 3868 ,
635 3822 792 3859 nemo
841 3806 1143 3860 Judteorum
1194 3822 1254 3861 se
1300 3819 1601 3862 contactum
1645 3809 1830 3861 saltem

269 3874 449 3950 fuisse,
483 3891 548 3926 ne
571 3891 666 3950 pro
689 3876 880 3950 invidia
917 3877 1152 3950 quidem,
1173 3888 1238 3950 _ut
1266 3892 1381 3930 mos
1409 3886 1509 3950 est,
1538 3877 1827 3950 simulavit.

267 3945 406 3999 Sane
451 3947 694 4014 quoniam
744 3945 1069 3999 omnimodis“
1103 3948 1355 4000 debemus
1403 3947 1568 4001 vitare
1611 3947 1829 3999 menda-

266 4018 427 4076 einm,
463 4031 598 4068 unus
631 4032 693 4067 ex
722 4018 866 4068 omni
890 4019 1309 4070 Christianorum
1339 4031 1561 4070 numero
1587 4017 1832 4071 inventus

266 4093 369 4155 est,
400 4086 486 4155 qui
532 4101 650 4138 cum
683 4085 881 4139 Acham
912 4087 983 4140 illi
1027 4088 1213 4139 similis
1238 4101 1358 4140 esse
1397 4087 1579 4144 vellet,
1607 4087 1696 4155 qui
1732 4087 1832 4140 sub

265 4154 390 4227 .lgesu
409 4154 548 4207 Nave
574 4156 638 4208 de
663 4159 998 4227 anathemate
1024 4157 1187 4222 spolia
1209 4157 1507 4227 concupivit
1523 4154 1826 4227 (losuevn).

267 4225 396 4276 Nam
419 4239 603 4276 servus
631 4225 902 4291 cujusdam
933 4226 1214 4280 Christiani
1236 4227 1402 4289 solus,
1425 4226 1547 4281 dum
1579 4225 1828 4294 aliquid'a

266 4307 530 4362 synagoga
555 4294 786 4365 diripere
820 4297 1165 4364 concupiscit,
1193 4298 1244 4350 in
1277 4296 1502 4365 lapidem
1525 4295 1831 4350 offensionis

267 4365 506 4435 incurrit.
557 4363 782 4435 Quidam
831 4381 958 4419 vero
997 4363 1344 4430 nostrorum,
1389 4366 1536 4435 quasi
1577 4365 1832 4421 adversus

264 4432 793 4505 Judte_nm,_lapidem
824 4435 1034 4500 injecit;
1077 4437 1163 4503 qui
1203 4437 1361 4503 capiti
1385 4432 1500 4505 ejus
1541 4435 1732 4500 illisus,
1775 4443 1833 4489 ut

266 4503 454 4568 capitis
479 4503 582 4567 sui,
634 4504 684 4556 id
727 4514 808 4558 est
848 4505 1065 4571 Christi,
1110 4503 1459 4570 meminisset,
1507 4505 1824 4559 admonuit:

265 4573 406 4638 quod
437 4574 627 4626 vulnus
659 4574 777 4628 licet
799 4576 1153 4641 periculosum
1180 4577 1355 4638 fuerit,
1387 4583 1562 4629 tamen
1602 4584 1654 4628 et
1685 4576 1829 4629 illum

266 4642 466 4710 rapinae
507 4659 617 4695 suae
647 4646 886 4698 conﬁteri
923 4647 1402 4713 concupiscentiam
1449 4645 1723 4713 compulit,
1776 4653 1832 4699 et

265 4721 486 4764 cunctos
529 4727 594 4766 ne
621 4713 861 4766 similiter
888 4715 1208 4777 laberentur,
1243 4716 1492 4782 praisenti
1535 4716 1722 4769 terruit
1749 4715 1830 4767 ul-

268 4782 429 4854 tione.
479 4782 639 4851 lgitur
683 4797 957 4850 p05tquam
1000 4785 1196 4839 Judaeis
1224 4784 1532 4838 cedentibus
1570 4799 1830 4854 synagoga

267 4852 417 4920 potiti
444 4867 649 4914 sumus,
689 4854 864 4905 nullus
890 4869 953 4906 ex
999 4868 1060 4908 ea
1091 4855 1396 4922 quidquam,
1431 4869 1532 4906 non
1559 4852 1678 4908 dico
1705 4852 1830 4907 abs-

269 4924 405 4984 tulit,
437 4924 528 4976 sed
559 4937 658 4976 nec
705 4923 952 4990 cogitavit
996 4925 1243 4990 diripere.
1288 4923 1477 4976 Omnia
1519 4924 1634 4989 ejus
1668 4939 1828 4976 orna-

267 5002 466 5052 menta,
495 4993 727 5059 exceptis
748 4994 894 5045 libris
913 5003 1070 5061 atque
1091 5003 1309 5060 argento
1329 5009 1448 5046 cum
1473 4996 1586 5059 ipso
1610 4993 1827 5059 pariete,

268 5062 401 5130 ignis
423 5063 735 5129 absumpsit.
765 5063 953 5115 Libros
972 5074 1205 5128 sanctos,
1235 5078 1300 5115 ne
1323 5062 1459 5130 apud
1499 5061 1710 5116 .ludaeos
1751 5063 1834 5116 in.

262 5132 458 5198 jnriam
507 5142 830 5199 paterentur,
871 5134 1214 5196 sustulimus;
1259 5141 1532 5200 argentum
1564 5147 1711 5196 vero,
1763 5147 1830 5187 ne

267 5203 350 5254 vel
377 5202 443 5254 de
467 5204 640 5268 prteda
675 5212 872 5261 nostra,
917 5204 998 5255 vel
1025 5203 1090 5254 de
1113 5217 1210 5255 suo
1239 5201 1516 5269 dispendio
1545 5216 1829 5267 quereren-

269 5280 369 5331 tur,
414 5271 541 5336 ipsis
587 5272 926 5324 reddidiunis.
961 5273 1153 5324 Eversa
1183 5273 1356 5338 itaque
1382 5271 1588 5325 cunctis
1630 5270 1828 5324 .luda-is

266 5341 596 5406 stupentibus
617 5355 898 5410 synagoga,
929 5342 992 5393 ad
1021 5342 1296 5394 ecclesiam
1324 5357 1442 5395 cum
1477 5341 1684 5410 hymnis
1709 5357 1830 5406 per-

266 5411 520 5470 reximus,
547 5407 1084 5463 eta'uctorivictoritn
1128 5421 1321 5464 nostra:
1347 5407 1539 5478 gratias
1585 5407 1824 5463 referen-

267 5488 368 5542 trs,
418 5479 596 5532 effusis
645 5482 887 5547 precibus
931 5481 1298 5548 poscebamns,
1349 5491 1406 5533 ut
1432 5495 1551 5532 vera
1594 5479 1827 5546 pertidiie

265 5562 416 5602 antra
467 5550 716 5602 Dominus
744 5560 1091 5617 expugnaret,
1138 5560 1191 5602 et
1221 5551 1619 5603 tenebrosorum
1646 5558 1827 5618 pecto-

267 5633 381 5672 rum
408 5619 686 5672 inﬁdelitas
714 5630 1087 5688 coargueretur
1113 5635 1142 5672 a
1173 5620 1388 5673 lumine.

341 5691 422 5743 11.
463 5689 645 5742 ltuben
673 5687 882 5757 quidam
907 5688 1120 5741 Judaeus
1144 5704 1173 5740 a
1200 5690 1441 5752 Domino,
1471 5695 1528 5740 ut
1566 5687 1828 5753 primoge-

267 5760 405 5812 nitus
432 5762 666 5812 omnium
697 5761 1121 5820 constitueretur,
1164 5768 1246 5810 est
1273 5759 1492 5810 electus.
1541 5758 1670 5809 Nam
1713 5759 1820 5810 cla-

270 5843 416 5881 more
437 5831 768 5884 sanctissimo
795 5829 1065 5885 ltcttlicans
1091 5829 1250 5883 corda
1287 5828 1590 5893 multorum,
1623 5828 1822 5882 absolvi

1585 418 1910 475 EPISTOLA
1949 420 2213 478 SEVERI.

3379 423 3484 478 8'26

1922 549 1982 588 se
2020 549 2051 587 ιι
2081 535 2299 590 vinculis
2342 536 2574 590 Iudaica:
2621 535 3008 600 superstitionis
3054 534 3470 605 deprecabatur:

1921 605 2203 673 statimque
2234 607 2529 674 primitivus
2565 606 2729 659 Jaciib
2770 606 2962 669 factus,
3003 605 3207 673 signum
3250 607 3482 658 salutare

1920 677 2174 741 suscepit,
2205 685 2260 728 et
2303 676 2425 728 inde
2464 678 2658 728 nostris
2687 675 2934 729 lateribus
2959 684 3114 741 atque
3143 675 3376 727 consiliis
3405 675 3483 724 in-

1921 741 2153 809 bairens,
2182 745 2646 798 obstinatissimam
2675 754 2983 798 cunctorum
3023 743 3268 796 duritiem
3302 743 3480 796 nobis-

1920 827 2040 866 cum
2080 813 2339 882 increpat.
2378 815 2648 881 Triduum,
2677 816 2727 866 ni
2755 814 2925 877 fallor,
2961 828 3233 866 emensum
3267 822 3368 875 est,
3415 828 3478 864 ex

1920 897 2026 950 quo
2057 881 2302 936 nostriin
2351 886 2610 948 oratiune,
2657 892 2711 937 et
2738 883 2902 937 Judaei
2951 883 3001 935 in
3032 883 3246 951 perﬁdia
3291 881 3482 948 persti-

1922 959 2058 1006 tere.
2105 952 2230 1006 P0st
2277 953 2390 1007 haec
2418 953 2560 1006 venit
2600 953 2930 1014 Theodorus,
2983 952 3332 1005 multitudinis
3368 967 3480 1006 suae

1923 1023 2132 1088 agmine
2158 1027 2558 1090 circumseptus,
2587 1024 2650 1076 ad
2681 1024 2848 1076 locmu
2879 1021 2929 1074 in
2953 1036 3057 1090 quo
3077 1022 3176 1075 soli
3199 1035 3480 1090 synagoga:

1923 1090 2172 1159 parietes,
2203 1093 2288 1160 qui
2316 1103 2435 1159 post
2466 1092 2577 1145 hazc
2611 1091 2946 1146 credentibus
2969 1090 3166 1145 Judaeis
3191 1099 3316 1145 sunt
3341 1092 3481 1160 sub-

1923 1162 2084 1226 versi,
2126 1159 2404 1229 superesse
2443 1162 2755 1215 videbantur
2785 1179 2800 1215 :
2841 1160 2905 1213 ad
2935 1176 3089 1229 quem
3119 1160 3291 1213 locmn
3322 1159 3480 1214 Chri-

1922 1229 2214 1284 stianorum
2242 1233 2436 1298 pariter
2465 1231 2742 1285 multitudo
2781 1231 3046 1284 convenit.
3069 1230 3144 1284 lbi
3169 1229 3482 1284 Theodorus

1923 1314 2042 1369 cum
2067 1299 2317 1354 audacter
2341 1302 2406 1355 de
2437 1302 2550 1369 lege
2577 1300 2863 1362 disserens,
2895 1298 3068 1352 omnia
3112 1315 3228 1368 quae
3261 1301 3481 1364 objicie-

1924 1368 2118 1423 banlur
2144 1371 2388 1424 irriderct
2414 1368 2572 1440 atque
2601 1378 2957 1438 perverteret;
2995 1369 3484 1440 populuschristia-

1925 1454 2026 1492 nus
2059 1440 2239 1492 videns
2266 1441 2404 1508 quod
2426 1441 2598 1494 verbis
2619 1440 2854 1507 superari
2887 1455 2988 1492 non
3019 1450 3194 1506 posset
3217 1439 3483 1505 humanis,

1925 1509 2176 1562 auxilium
2214 1509 2280 1563 de
2308 1512 2444 1563 caelo
2488 1511 2806 1578 imploravit.
2845 1509 3042 1562 Omnes
3071 1509 3259 1578 itaque,
3283 1509 3482 1576 pariter

1925 1578 2232 1642 clamantes,
2260 1594 2377 1633 cum
2399 1595 2606 1633 summo
2634 1580 2792 1632 unita:
2819 1578 2963 1631 vocis
2987 1578 3194 1645 fragore
3212 1577 3481 1645 dixerunt:

1927 1645 2224 1716 Theodore.
2271 1650 2428 1703 crede
2465 1649 2520 1704 iti
2543 1649 2832 1702 Christum.
2868 1649 2996 1701 Mira
3048 1644 3488 1716 indulgentissimi

1931 1715 2136 1786 Domini
2168 1719 2528 1772 misericordia
2555 1718 2726 1772 adhuc
2753 1733 2911 1786 parva
2937 1715 3266 1784 petebantur,
3293 1725 3347 1769 et
3371 1730 3483 1768 ma-

1922 1785 2038 1854 jora
2068 1797 2404 1842 cancesserat
2431 1805 2445 1840 ε
2476 1789 2581 1841 imo
2608 1804 2712 1840 non
2757 1785 2946 1840 mirum
2995 1797 3075 1839 est
3116 1787 3182 1838 de
3228 1785 3484 1852 Omnipo-

1929 1864 2073 1926 tente
2094 1858 2422 1911 miraculum.
2444 1857 2558 1926 Ipse
2577 1858 2772 1912 etenim
2797 1858 3039 1909 virtutem
3061 1855 3305 1910 clamoris
3329 1854 3486 1926 hujus

1929 1925 1980 1978 in
2020 1927 2233 1981 auribus
2277 1924 2578 1981 Judaiorum
2606 1928 2964 1983 commutavit.
3007 1926 3095 1994 qui
3138 1926 3262 1978 olim
3291 1924 3484 1988 effecit,

1927 2005 1984 2067 ut
2012 2007 2237 2064 quatuor
2274 1997 2465 2065 leprosi
2509 1999 2646 2065 regis
2671 1997 2856 2067 Syria-,
2885 1997 2973 2066 qui
3005 1994 3485 2067 Samariamobse-

1927 2063 2097 2126 derat,
2127 2063 2666 2134 castrisipotirentur;
2712 2063 2766 2121 et
2791 2068 2877 2136 qui
2904 2063 3007 2132 per
3034 2065 3250 2120 Gedeon
3292 2064 3490 2136 Madia-

1928 2136 2152 2188 nitarum
2180 2133 2385 2205 agmina
2427 2138 2780 2199 conturbavit,
2808 2133 3060 2203 deditque
3095 2135 3346 2205 trecentis
3373 2133 3490 2201 ejus

1931 2205 2057 2258 viris
2100 2203 2364 2274 ingentem
2408 2208 2523 2260 sine
2561 2207 2740 2260 labore
2772 2203 3346 2274 victoriam,efﬁciens
3395 2218 3489 2270 per

1929 2273 2208 2342 terrorem,
2254 2285 2312 2330 ut
2352 2279 2548 2331 mutuis
2592 2277 2820 2330 hostium
2850 2273 3133 2329 multitudo
3178 2273 3489 2327 vulneribus

1931 2354 2370 2413 prosterneretur.
2405 2347 2476 2399 Ita
2519 2356 2572 2400 et
2611 2361 2750 2400 nunc
2793 2346 2891 2400 ista
2929 2360 3028 2398 vox
3075 2344 3228 2411 longe
3262 2343 3416 2397 aliter
3447 2357 3484 2413 ra

1928 2412 2388 2470 circumstantibus
2417 2416 2614 2472 Judzeis
2638 2424 2878 2483 suscepta
2909 2423 3008 2477 est,
3039 2428 3193 2482 quam
3223 2428 3253 2466 a
3290 2412 3487 2483 tiostris

1930 2484 2326 2556 immittebatur.
2355 2487 2551 2556 omnes
2570 2486 2710 2540 enim
2731 2481 3042 2556 putaverunt
3065 2481 3286 2556 dictum,
3313 2481 3489 2556 Theo-

1930 2554 2092 2625 dorus
2111 2556 2355 2609 credidit.
2407 2555 2584 2625 Itaque
2613 2551 2974 2625 exisiimantes
3001 2554 3288 2620 principem
3334 2551 3489 2625 perii:

1931 2623 2031 2677 dite
2060 2640 2167 2678 suae
2193 2625 2260 2678 ad
2305 2621 2688 2679 Christi—ﬁdem
2728 2623 2890 2678 fuisse
2931 2637 3266 2683 conversum,
3314 2621 3487 2674 cuncti

1931 2695 2127 2764 pariter
2170 2696 2394 2764 trepidi,
2443 2697 2529 2750 tibi
2578 2696 2734 2748 timor
2776 2710 2880 2748 non
2927 2700 3060 2754 erat,
3112 2691 3485 2764 terrebantur:

1931 2760 2180 2817 iuulieres
2206 2760 2390 2819 eorum
2417 2766 2613 2833 sparsis
2637 2764 2868 2818 crinibus
2892 2770 3228 2833 occurrentes
3261 2776 3381 2814 cum
3409 2760 3487 2814 fe-

1931 2833 2031 2907 rali
2071 2835 2268 2907 ululatu
2298 2832 2490 2889 nomen
2514 2835 2779 2907 Theodori
2807 2832 3485 2907 repetitisvocibusuaccu:

1931 2902 2138 2968 sabant,
2179 2905 2453 2958 dicentes:
2504 2904 2548 2958 0
2595 2899 2892 2968 Theodore,
2942 2901 3066 2971 quid
3117 2900 3324 2956 fecisti?
3381 2899 3490 2952 Viri

1931 2981 2127 3038 autem,
2155 2974 2243 3028 alii
2270 2974 2337 3028 ad
2361 2974 2544 3029 devios
2571 2974 2736 3028 saltus
2760 2984 2815 3028 et
2839 2971 3056 3026 ﬁxuras‘
3079 2972 3333 3025 montium
3361 2984 3491 3024 eoo-

1933 3041 2132 3113 fugere,
2152 3045 2236 3098 alii
2262 3062 2354 3113 per
2378 3045 2542 3111 ipsius
2565 3044 2744 3113 oppidi
2773 3044 3079 3111 angiportus
3097 3041 3487 3108 discurrebant,

1931 3113 2105 3168 locum
2135 3117 2185 3167 in
2211 3131 2314 3184 quo
2335 3116 2724 3175 delitescerent,
2751 3114 2986 3168 invenire
3019 3113 3311 3184 cupientes.

2005 3185 2090 3237 l2.
2146 3181 2262 3252 Ipse
2305 3185 2614 3240 Theodorus
2663 3196 2880 3254 stupore
2932 3181 3486 3254 perculsus_divinam

1933 3250 2246 3309 sententiam
2277 3256 2327 3308 iti
2362 3255 2511 3322 plebe
2537 3269 2628 3308 sua
2658 3250 2907 3308 cernebat
2937 3250 3177 3320 impleri,
3209 3250 3362 3322 Fugit
3389 3251 3487 3302 im-

1935 3324 2048 3391 pius
2077 3327 2272 3378 nemine
2297 3321 2614 3394 persequente
2645 3323 2823 3394 (Prov.
2852 3338 3036 3386 xxvtu,
3068 3323 3157 3394 l);
3191 3321 3284 3374 sed
3313 3330 3495 3374 tamen

1934 3409 2038 3446 non
2070 3393 2310 3457 nemine;
2363 3393 2773 3462 persequebatur
2815 3395 2955 3448 enim
2985 3408 3078 3462 eos
3105 3393 3192 3462 ille
3222 3394 3306 3445 leo
3329 3395 3487 3462 terri-

1936 3463 2077 3536 bilis,
2129 3467 2218 3533 qui
2259 3465 2326 3519 de
2351 3458 2630 3536 synagoga:
2671 3466 2821 3536 loco,
2852 3464 2988 3517 sicut
3010 3461 3294 3536 Theodoro
3323 3458 3496 3514 fuerat

1934 3535 2252 3597 revelatum,
2277 3551 2370 3602 per
2385 3535 2684 3588 monachos
2712 3535 2940 3603 rugitum
2975 3535 3377 3603 emiserat,_quo
3399 3545 3489 3603 re-

1933 3603 2181 3656 sistentes
2211 3600 2502 3657 tremefecit
2531 3600 2800 3657 inimicos:
2826 3603 3009 3656 Stabat
3056 3602 3212 3669 igitur
3251 3600 3494 3653 Theodo-

1933 3686 2024 3725 rus
2055 3673 2106 3725 in
2135 3673 2251 3724 loco
2280 3689 2494 3741 prorsus
2521 3673 2728 3738 eodem,
2762 3689 2866 3739 quo
2890 3672 2934 3724 ei
2971 3671 3170 3738 pridem
3213 3685 3306 3736 per
3350 3685 3492 3722 som—

1935 3742 2079 3794 nium
2112 3749 2283 3796 terror
2325 3743 2496 3796 fuerat
2523 3743 2690 3795 leonis
2736 3743 2994 3810 injectus:
3044 3748 3099 3792 et
3132 3756 3251 3810 cum
3278 3751 3492 3810 causam

1933 3817 2092 3864 tantae
2117 3812 2478 3879 trepidationis
2511 3809 2817 3880 inquireret.
2845 3822 2897 3864 et
2932 3825 3122 3862 nomen
3161 3809 3495 3880 solummodo

1933 3883 2099 3934 nostri
2132 3878 2296 3934 lcOIIlS
2323 3884 2550 3939 audiret.
2582 3878 2798 3934 'nullam
2847 3880 2972 3942 illic,
3023 3882 3157 3932 sient
3203 3878 3492 3941 ferebatur,

1933 3951 2190 4005 feritatem
2219 3953 2423 4016 videns,
2449 3961 2646 4004 tantum
2675 3953 2960 4019 psallentes
2990 3948 3274 4002 monachos
3311 3948 3492 4019 intue«

1935 4021 2108 4086 batur,
2151 4025 2318 4092 etab
2365 4024 2508 4076 omni
2562 4017 2776 4074 suorum
2825 4019 3162 4092 multitudine
3190 4017 3490 4092 destitutus,

1933 4100 2090 4158 atque
2114 4091 2247 4144 elabi
2285 4107 2497 4159 parans.
2527 4092 2686 4144 etiam
2731 4092 2844 4158 ipse
2872 4090 3061 4158 pedum
3111 4090 3255 4159 viam
3291 4090 3502 4154 prospi-

1933 4157 2108 4214 ciebat
2137 4179 2149 4211 :
2173 4157 2329 4229 quem
2351 4177 2469 4214 cum
2500 4157 3049 4215 horribiliformidine
3077 4157 3486 4229 apprehensum,

1934 4245 2038 4283 non
2070 4227 2240 4283 solum
2271 4232 2450 4285 Colore
2486 4232 2684 4293 vultus,
2726 4246 2908 4284 verum
2941 4229 3097 4282 etiam
3127 4227 3271 4280 vocis
3318 4227 3500 4280 ofﬁcio

1932 4299 2239 4354 destitutum
2285 4301 2470 4354 Ruben
2503 4301 2592 4354 ille
2639 4301 3002 4354 sanctissimus
3031 4298 3344 4366 aspexisset,
3374 4311 3500 4364 pro-

1933 4383 2060 4438 pere
2087 4369 2312 4434 accedit,
2352 4380 2405 4425 et
2434 4379 2744 4425 trementem
2773 4369 2966 4424 blando
2990 4383 3237 4422 sermone
3256 4366 3507 4438 Acoonpel-

1935 4436 2076 4505 laus,
2107 4441 2172 4495 ad
2200 4440 2396 4494 Christi
2438 4439 2595 4495 ﬁdem
2625 4439 3039 4502 cohortabatur;
3070 4447 3228 4506 atque
3255 4436 3509 4506 ingerens

1934 4511 2005 4580 ei.
2040 4525 2135 4580 pro
2155 4510 2404 4579 suffragio
2447 4521 2642 4573 metus,
2674 4525 2784 4562 suae
2822 4507 3146 4580 credulitatis
3166 4507 3467 4580 exemplum
3487 4548 3500 4568 ,

1935 4575 2124 4633 donius
2167 4575 2366 4648 figura},
2419 4580 2684 4648 adquam
2726 4593 2920 4646 pavore
2950 4578 3117 4648 leonis
3165 4575 3500 4644 confugeret.

1934 4646 2328 4718 quodammodo
2353 4646 2656 4702 satisfacere
2682 4648 2978 4701 videbatur.
3006 4646 3223 4718 Verum,
3247 4657 3303 4698 ut
3326 4655 3380 4718 et
3401 4661 3507 4718 nos;

1937 4714 2162 4773 fideliter
2188 4721 2430 4772 universa
2475 4732 2772 4780 narremus,
2802 4726 2855 4770 et
2900 4731 2994 4769 vos
3033 4715 3124 4783 qui
3168 4730 3271 4768 non
3303 4714 3502 4782 eloquii

1934 4799 2200 4853 ornatum,
2233 4789 2325 4842 sed
2371 4788 2645 4841 veritatem
2689 4785 2944 4856 quaeritis,
2974 4785 3221 4856 libentius
3250 4784 3503 4856 audiatis,

1935 4859 2098 4926 ipsius
2128 4858 2314 4912 Ruben
2363 4859 2524 4911 verba
2570 4853 2834 4917 inserens,
2868 4855 3108 4926 nihilex
3161 4853 3506 4926 simplicitate

1934 4923 2192 4981 dictorum
2215 4929 2330 4995 ejus
2361 4927 2688 4980 subtraham.
2717 4927 2906 4980 Aiebat
2944 4925 3083 4978 enim
3110 4941 3123 4976 :
3155 4923 3288 4995 Quid
3322 4925 3494 4984 times,

1933 4998 2149 5052 domine
2179 4992 2496 5052 Theodore?
2525 4996 2578 5051 Si
2612 4998 2690 5049 vis
2717 5005 2864 5049 certe
2887 5010 3102 5048 securus
3128 5006 3181 5046 et
3208 4992 3497 5046 honoratus

1933 5077 1984 5122 et
2008 5069 2154 5120 dives
2182 5083 2321 5131 esse,
2355 5068 2406 5121 in
2452 5067 2720 5120 Christum
2762 5064 2942 5128 crede,
2971 5065 3108 5117 sicut
3155 5073 3209 5115 et
3236 5077 3335 5130 ego
3380 5076 3502 5131 cref

1935 5139 2066 5192 didi.
2093 5138 2248 5191 Modo
2293 5149 2346 5190 ιιι
2393 5146 2524 5201 stas,
2562 5146 2617 5190 et
2640 5150 2740 5204 ego
2768 5150 2888 5188 cum
2914 5134 3176 5201 episcopis
3221 5133 3431 5204 sedeo_:_
3455 5130 3501 5184 si

1936 5221 1989 5263 ιιι
2018 5208 2329 5269 credideris,
2357 5218 2412 5262 et
2436 5216 2490 5260 tu
2513 5199 2750 5266 sedebis,
2776 5215 2829 5258 et
2852 5199 2960 5272 ego
2976 5212 3098 5256 ante
3121 5212 3172 5255 te
3199 5201 3369 5272 Slahtt.
3391 5199 3499 5252 Hos

1933 5294 2206 5333 sermones
2253 5277 2566 5330 Theodorus
2613 5276 2718 5327 alta
2751 5270 2925 5326 mente
2953 5272 3267 5338 suscipiens,
3295 5270 3359 5322 ad
3402 5283 3500 5322 nos

1933 5352 2006 5402 ait
2035 5367 2047 5402 :
2079 5348 2288 5400 Faciam
2333 5347 2470 5415 quod
2505 5346 2696 5407 vultis;
2726 5352 2921 5405 tenete,
2950 5341 3142 5415 inquit,
3187 5340 3499 5415 promissio-

1935 5435 2055 5473 nem
2101 5417 2267 5478 liauc;
2319 5410 2410 5468 sed
2444 5415 2730 5483 permittite
2775 5414 2923 5474 mihi,
2966 5420 3024 5483 ut
3067 5411 3212 5483 prius
3260 5410 3499 5483 alloquar

1935 5490 2138 5556 plebem
2169 5502 2362 5546 meam,
2395 5479 2455 5538 ut
2491 5486 2744 5556 majorem
2783 5479 3150 5556 Conversiouis
3178 5494 3311 5556 mea:
3339 5479 3501 5533 etiam

1933 5550 1996 5612 ex
2031 5559 2246 5625 reliquis
2268 5557 2464 5624 possim
2493 5550 2688 5607 habere
2710 5551 3029 5606 mercedem.
3053 5551 3177 5604 llaec
3201 5550 3315 5616 ejus
3340 5564 3502 5617 Spon-

1999 5653 2014 5683 ι
2050 5657 2284 5705 Fortasse,
2319 5646 2402 5695 alii
2425 5646 2490 5695 ad
2513 5643 2671 5696 detiios
2693 5641 2839 5705 saltus
2861 5639 3120 5705 etﬁssuras
3136 5639 3364 5705 montium
3385 5651 3503 5688 con-

1932 5714 2112 5776 fugere.
2141 5703 2278 5776 Infra,
2302 5724 2350 5757 η.
2381 5707 2452 5763 12,
2479 5708 2543 5776 qd
2567 5705 2708 5756 silvas
2730 5703 2826 5776 δέρε
2849 5703 3073 5776 αᾷαηιιη
3098 5704 3508 5776 εοηῙιιθειήᾳτιίςει

1933 5765 2007 5823 ἰιῖ
2024 5776 2094 5832 15,
2121 5773 2185 5820 ad
2226 5783 2369 5820 unum
2401 5769 2693 5830 speluncam,
2718 5765 2788 5816 vel
2808 5765 2964 5827 potius
2988 5776 3160 5829 rupem
3174 5766 3506 5872 commitam
