  <div class='ocr_page' id='page_1' title='image "/cluster/home/n/w/nwhite01/storage/ocr_20150623/40-41/uc1.31175026811482/1117.png"; bbox 0 0 4118 6542; ppageno 0'>
   <div class='ocr_carea' id='block_1_1' title="bbox 513 430 616 484">
    <p class='ocr_par' dir='ltr' id='par_1_1' title="bbox 513 430 616 484">
     <span class='ocr_line' id='line_1_1' title="bbox 513 430 616 484; baseline 0.01 -1"><span class='ocrx_word' id='word_1_1' title='bbox 513 430 616 484; x_wconf 71' lang='lat'><strong>8‘17</strong></span> 
     </span>
    </p>
   </div>
   <div class='ocr_carea' id='block_1_2' title="bbox 519 535 2060 593">
    <p class='ocr_par' dir='ltr' id='par_1_2' title="bbox 519 535 2060 593">
     <span class='ocr_line' id='line_1_2' title="bbox 519 535 2060 593; baseline -0.001 -3"><span class='ocrx_word' id='word_1_2' title='bbox 519 543 599 590; x_wconf 83' lang='lat' dir='ltr'><strong>sio</strong></span> <span class='ocrx_word' id='word_1_3' title='bbox 626 554 745 592; x_wconf 90' lang='lat' dir='ltr'><strong>cum</strong></span> <span class='ocrx_word' id='word_1_4' title='bbox 772 539 1155 593; x_wconf 82' lang='lat' dir='ltr'><strong>inexistimabili</strong></span> <span class='ocrx_word' id='word_1_5' title='bbox 1199 547 1506 592; x_wconf 91' lang='lat' dir='ltr'><strong>cunctorum</strong></span> <span class='ocrx_word' id='word_1_6' title='bbox 1528 535 1913 590; x_wconf 78' lang='lat' dir='ltr'><strong>existimatione</strong></span> <span class='ocrx_word' id='word_1_7' title='bbox 1939 551 2060 589; x_wconf 79' lang='lat' dir='ltr'><strong>sus-</strong></span> 
     </span>
    </p>
   </div>
   <div class='ocr_carea' id='block_1_3' title="bbox 520 607 2060 674">
    <p class='ocr_par' dir='ltr' id='par_1_3' title="bbox 520 607 2060 674">
     <span class='ocr_line' id='line_1_3' title="bbox 520 607 2060 674; baseline 0 -15"><span class='ocrx_word' id='word_1_8' title='bbox 520 618 672 674; x_wconf 81' lang='lat' dir='ltr'><strong>cepta</strong></span> <span class='ocrx_word' id='word_1_9' title='bbox 700 618 781 662; x_wconf 90' lang='lat' dir='ltr'><strong>est</strong></span> <span class='ocrx_word' id='word_1_10' title='bbox 806 627 818 661; x_wconf 90' lang='lat'>:</span> <span class='ocrx_word' id='word_1_11' title='bbox 846 608 932 661; x_wconf 93' lang='lat' dir='ltr'><strong>alii</strong></span> <span class='ocrx_word' id='word_1_12' title='bbox 959 611 1008 660; x_wconf 93' lang='lat' dir='ltr'><strong>in</strong></span> <span class='ocrx_word' id='word_1_13' title='bbox 1031 624 1146 661; x_wconf 89' lang='lat' dir='ltr'><strong>cum</strong></span> <span class='ocrx_word' id='word_1_14' title='bbox 1174 609 1463 661; x_wconf 87' lang='lat' dir='ltr'><strong>amabiliter</strong></span> <span class='ocrx_word' id='word_1_15' title='bbox 1491 607 1768 669; x_wconf 88' lang='lat' dir='ltr'><strong>irruentes,</strong></span> <span class='ocrx_word' id='word_1_16' title='bbox 1811 620 1869 658; x_wconf 92' lang='lat' dir='ltr'><strong>os</strong></span> <span class='ocrx_word' id='word_1_17' title='bbox 1899 608 2060 672; x_wconf 88' lang='lat' dir='ltr'><strong>ipsius</strong></span> 
     </span>
    </p>
   </div>
   <div class='ocr_carea' id='block_1_4' title="bbox 533 676 2061 743">
    <p class='ocr_par' dir='ltr' id='par_1_4' title="bbox 533 676 2061 743">
     <span class='ocr_line' id='line_1_4' title="bbox 533 676 2061 743; baseline 0.001 -18"><span class='ocrx_word' id='word_1_18' title='bbox 533 689 583 727; x_wconf 87' lang='lat' dir='ltr'><strong>et</strong></span> <span class='ocrx_word' id='word_1_19' title='bbox 610 678 744 728; x_wconf 87' lang='lat' dir='ltr'><strong>colla</strong></span> <span class='ocrx_word' id='word_1_20' title='bbox 787 679 1099 740; x_wconf 89' lang='lat' dir='ltr'><strong>mulcebant,</strong></span> <span class='ocrx_word' id='word_1_21' title='bbox 1127 677 1212 728; x_wconf 93' lang='lat' dir='ltr'><strong>alii</strong></span> <span class='ocrx_word' id='word_1_22' title='bbox 1242 692 1359 727; x_wconf 89' lang='lat' dir='ltr'><strong>eum</strong></span> <span class='ocrx_word' id='word_1_23' title='bbox 1389 676 1522 728; x_wconf 89' lang='lat' dir='ltr'><strong>ulnis</strong></span> <span class='ocrx_word' id='word_1_24' title='bbox 1571 676 1810 728; x_wconf 89' lang='lat' dir='ltr'><strong>mollibus</strong></span> <span class='ocrx_word' id='word_1_25' title='bbox 1863 678 2061 743; x_wconf 88' lang='lat' dir='ltr'><strong>ample-</strong></span> 
     </span>
    </p>
   </div>
   <div class='ocr_carea' id='block_1_5' title="bbox 524 744 2058 811">
    <p class='ocr_par' dir='ltr' id='par_1_5' title="bbox 524 744 2058 811">
     <span class='ocr_line' id='line_1_5' title="bbox 524 744 2058 811; baseline 0.002 -17"><span class='ocrx_word' id='word_1_26' title='bbox 524 747 816 809; x_wconf 79' lang='lat' dir='ltr'><strong>ctebantur,</strong></span> <span class='ocrx_word' id='word_1_27' title='bbox 861 747 945 798; x_wconf 85' lang='lat' dir='ltr'><strong>alii</strong></span> <span class='ocrx_word' id='word_1_28' title='bbox 975 756 1146 799; x_wconf 88' lang='lat' dir='ltr'><strong>autem</strong></span> <span class='ocrx_word' id='word_1_29' title='bbox 1173 745 1440 798; x_wconf 73' lang='lat' dir='ltr'><strong>dexteram</strong></span> <span class='ocrx_word' id='word_1_30' title='bbox 1487 745 1717 797; x_wconf 66' lang='lat' dir='ltr'><strong>dexterae</strong></span> <span class='ocrx_word' id='word_1_31' title='bbox 1757 744 2058 811; x_wconf 88' lang='lat' dir='ltr'><strong>adjungere.</strong></span> 
     </span>
    </p>
   </div>
   <div class='ocr_carea' id='block_1_6' title="bbox 481 815 2061 882">
    <p class='ocr_par' dir='ltr' id='par_1_6' title="bbox 481 815 2061 882">
     <span class='ocr_line' id='line_1_6' title="bbox 481 815 2061 882; baseline 0.001 -18"><span class='ocrx_word' id='word_1_32' title='bbox 481 873 492 882; x_wconf 41' lang='grc' dir='ltr'><strong><em>ο</em></strong></span> <span class='ocrx_word' id='word_1_33' title='bbox 525 826 571 864; x_wconf 87' lang='lat' dir='ltr'><strong>et</strong></span> <span class='ocrx_word' id='word_1_34' title='bbox 627 829 918 866; x_wconf 91' lang='lat' dir='ltr'><strong>sermonem</strong></span> <span class='ocrx_word' id='word_1_35' title='bbox 963 829 1238 867; x_wconf 88' lang='lat' dir='ltr'><strong>conserere</strong></span> <span class='ocrx_word' id='word_1_36' title='bbox 1275 815 1582 880; x_wconf 72' lang='lat' dir='ltr'><strong>gestiebant.</strong></span> <span class='ocrx_word' id='word_1_37' title='bbox 1632 815 1864 866; x_wconf 79' lang='lat' dir='ltr'><strong>Perrexit</strong></span> <span class='ocrx_word' id='word_1_38' title='bbox 1909 815 2061 878; x_wconf 89' lang='lat' dir='ltr'><strong>igitur</strong></span> 
     </span>
    </p>
   </div>
   <div class='ocr_carea' id='block_1_7' title="bbox 527 882 2063 949">
    <p class='ocr_par' dir='ltr' id='par_1_7' title="bbox 527 882 2063 949">
     <span class='ocr_line' id='line_1_7' title="bbox 527 882 2063 949; baseline -0.002 -14"><span class='ocrx_word' id='word_1_39' title='bbox 527 883 833 935; x_wconf 77' lang='lat' dir='ltr'><strong>Theodorus</strong></span> <span class='ocrx_word' id='word_1_40' title='bbox 884 883 946 936; x_wconf 91' lang='lat' dir='ltr'><strong>ad</strong></span> <span class='ocrx_word' id='word_1_41' title='bbox 994 884 1181 935; x_wconf 80' lang='lat' dir='ltr'><strong>atrium</strong></span> <span class='ocrx_word' id='word_1_42' title='bbox 1221 898 1368 934; x_wconf 90' lang='lat' dir='ltr'><strong>suum</strong></span> <span class='ocrx_word' id='word_1_43' title='bbox 1397 884 1626 949; x_wconf 90' lang='lat' dir='ltr'><strong>quolibet</strong></span> <span class='ocrx_word' id='word_1_44' title='bbox 1654 882 1827 935; x_wconf 87' lang='lat' dir='ltr'><strong>officio</strong></span> <span class='ocrx_word' id='word_1_45' title='bbox 1858 893 2063 934; x_wconf 90' lang='lat' dir='ltr'><strong>nostro-</strong></span> 
     </span>
    </p>
   </div>
   <div class='ocr_carea' id='block_1_8' title="bbox 527 951 2058 1018">
    <p class='ocr_par' dir='ltr' id='par_1_8' title="bbox 527 951 2058 1018">
     <span class='ocr_line' id='line_1_8' title="bbox 527 951 2058 1018; baseline 0 -15"><span class='ocrx_word' id='word_1_46' title='bbox 527 967 641 1004; x_wconf 86' lang='lat' dir='ltr'><strong>rum</strong></span> <span class='ocrx_word' id='word_1_47' title='bbox 671 952 839 1014; x_wconf 71' lang='lat' dir='ltr'><strong>lzetus,</strong></span> <span class='ocrx_word' id='word_1_48' title='bbox 865 962 1036 1004; x_wconf 91' lang='lat' dir='ltr'><strong>tamen</strong></span> <span class='ocrx_word' id='word_1_49' title='bbox 1055 953 1317 1004; x_wconf 79' lang='lat' dir='ltr'><strong>anxietate</strong></span> <span class='ocrx_word' id='word_1_50' title='bbox 1345 967 1446 1002; x_wconf 90' lang='lat' dir='ltr'><strong>non</strong></span> <span class='ocrx_word' id='word_1_51' title='bbox 1475 954 1679 1018; x_wconf 79' lang='lat' dir='ltr'><strong>penitus</strong></span> <span class='ocrx_word' id='word_1_52' title='bbox 1699 966 1901 1003; x_wconf 83' lang='lat' dir='ltr'><strong>carens.</strong></span> <span class='ocrx_word' id='word_1_53' title='bbox 1931 951 2058 1002; x_wconf 84' lang='lat' dir='ltr'><strong>Nam</strong></span> 
     </span>
    </p>
   </div>
   <div class='ocr_carea' id='block_1_9' title="bbox 532 1014 2059 1088">
    <p class='ocr_par' dir='ltr' id='par_1_9' title="bbox 532 1014 2059 1088">
     <span class='ocr_line' id='line_1_9' title="bbox 532 1014 2059 1088; baseline 0 -17"><span class='ocrx_word' id='word_1_54' title='bbox 532 1021 652 1073; x_wconf 89' lang='lat' dir='ltr'><strong>licet</strong></span> <span class='ocrx_word' id='word_1_55' title='bbox 678 1021 727 1071; x_wconf 90' lang='lat' dir='ltr'><strong>in</strong></span> <span class='ocrx_word' id='word_1_56' title='bbox 756 1021 964 1072; x_wconf 90' lang='lat' dir='ltr'><strong>domum</strong></span> <span class='ocrx_word' id='word_1_57' title='bbox 996 1021 1174 1073; x_wconf 79' lang='lat' dir='ltr'><strong>Ruben</strong></span> <span class='ocrx_word' id='word_1_58' title='bbox 1205 1036 1298 1088; x_wconf 86' lang='lat' dir='ltr'><strong>per</strong></span> <span class='ocrx_word' id='word_1_59' title='bbox 1336 1014 1730 1088; x_wconf 49' lang='lat' dir='ltr'><strong>promissionem</strong></span> <span class='ocrx_word' id='word_1_60' title='bbox 1769 1035 1914 1072; x_wconf 86' lang='lat' dir='ltr'><strong>suam</strong></span> <span class='ocrx_word' id='word_1_61' title='bbox 1951 1019 2059 1087; x_wconf 86' lang='lat' dir='ltr'><strong>jam</strong></span> 
     </span>
    </p>
   </div>
   <div class='ocr_carea' id='block_1_10' title="bbox 533 1090 2058 1157">
    <p class='ocr_par' dir='ltr' id='par_1_10' title="bbox 533 1090 2058 1157">
     <span class='ocr_line' id='line_1_10' title="bbox 533 1090 2058 1157; baseline -0.001 -17"><span class='ocrx_word' id='word_1_62' title='bbox 533 1091 814 1150; x_wconf 84' lang='lat' dir='ltr'><strong>veniretur,</strong></span> <span class='ocrx_word' id='word_1_63' title='bbox 857 1090 1120 1157; x_wconf 87' lang='lat' dir='ltr'><strong>ingressus</strong></span> <span class='ocrx_word' id='word_1_64' title='bbox 1170 1099 1341 1141; x_wconf 89' lang='lat' dir='ltr'><strong>tamen</strong></span> <span class='ocrx_word' id='word_1_65' title='bbox 1369 1097 1421 1142; x_wconf 89' lang='lat' dir='ltr'><strong>et</strong></span> <span class='ocrx_word' id='word_1_66' title='bbox 1467 1099 1589 1142; x_wconf 91' lang='lat' dir='ltr'><strong>tunc</strong></span> <span class='ocrx_word' id='word_1_67' title='bbox 1637 1090 1864 1155; x_wconf 90' lang='lat' dir='ltr'><strong>trepidus</strong></span> <span class='ocrx_word' id='word_1_68' title='bbox 1903 1098 2058 1150; x_wconf 91' lang='lat' dir='ltr'><strong>crat;</strong></span> 
     </span>
    </p>
   </div>
   <div class='ocr_carea' id='block_1_11' title="bbox 472 1159 2064 1226">
    <p class='ocr_par' dir='ltr' id='par_1_11' title="bbox 472 1159 2064 1226">
     <span class='ocr_line' id='line_1_11' title="bbox 472 1159 2064 1226; baseline 0.001 -18"><span class='ocrx_word' id='word_1_69' title='bbox 472 1187 476 1224; x_wconf 48' lang='grc' dir='ltr'>ι,</span> <span class='ocrx_word' id='word_1_70' title='bbox 531 1160 647 1222; x_wconf 88' lang='lat' dir='ltr'><strong>quia</strong></span> <span class='ocrx_word' id='word_1_71' title='bbox 681 1159 906 1210; x_wconf 89' lang='lat' dir='ltr'><strong>nondum</strong></span> <span class='ocrx_word' id='word_1_72' title='bbox 934 1160 994 1209; x_wconf 88' lang='lat' dir='ltr'><strong>ad</strong></span> <span class='ocrx_word' id='word_1_73' title='bbox 1035 1159 1373 1226; x_wconf 74' lang='lat' dir='ltr'><strong>propinquam</strong></span> <span class='ocrx_word' id='word_1_74' title='bbox 1401 1167 1774 1226; x_wconf 77' lang='lat' dir='ltr'><strong>venerat,.qute</strong></span> <span class='ocrx_word' id='word_1_75' title='bbox 1802 1173 1919 1210; x_wconf 91' lang='lat' dir='ltr'><strong>eum</strong></span> <span class='ocrx_word' id='word_1_76' title='bbox 1948 1167 2064 1224; x_wconf 86' lang='lat' dir='ltr'><strong>post</strong></span> 
     </span>
    </p>
   </div>
   <div class='ocr_carea' id='block_1_12' title="bbox 534 1226 2065 1294">
    <p class='ocr_par' dir='ltr' id='par_1_12' title="bbox 534 1226 2065 1294">
     <span class='ocr_line' id='line_1_12' title="bbox 534 1226 2065 1294; baseline 0 -16"><span class='ocrx_word' id='word_1_77' title='bbox 534 1227 755 1278; x_wconf 88' lang='lat' dir='ltr'><strong>triduum</strong></span> <span class='ocrx_word' id='word_1_78' title='bbox 785 1235 1019 1279; x_wconf 89' lang='lat' dir='ltr'><strong>materno</strong></span> <span class='ocrx_word' id='word_1_79' title='bbox 1067 1228 1294 1293; x_wconf 84' lang='lat' dir='ltr'><strong>suscepit</strong></span> <span class='ocrx_word' id='word_1_80' title='bbox 1335 1227 1471 1289; x_wconf 84' lang='lat' dir='ltr'><strong>sinu,</strong></span> <span class='ocrx_word' id='word_1_81' title='bbox 1504 1237 1554 1279; x_wconf 89' lang='lat' dir='ltr'><strong>et</strong></span> <span class='ocrx_word' id='word_1_82' title='bbox 1596 1226 1663 1280; x_wconf 73' lang='lat' dir='ltr'><strong>ab</strong></span> <span class='ocrx_word' id='word_1_83' title='bbox 1689 1228 1828 1278; x_wconf 90' lang='lat' dir='ltr'><strong>omni</strong></span> <span class='ocrx_word' id='word_1_84' title='bbox 1861 1237 2065 1294; x_wconf 87' lang='lat' dir='ltr'><strong>pertur-</strong></span> 
     </span>
    </p>
   </div>
   <div class='ocr_carea' id='block_1_13' title="bbox 534 1295 2063 1362">
    <p class='ocr_par' dir='ltr' id='par_1_13' title="bbox 534 1295 2063 1362">
     <span class='ocr_line' id='line_1_13' title="bbox 534 1295 2063 1362; baseline 0.001 -16"><span class='ocrx_word' id='word_1_85' title='bbox 534 1297 738 1348; x_wconf 89' lang='lat' dir='ltr'><strong>batione</strong></span> <span class='ocrx_word' id='word_1_86' title='bbox 766 1295 1122 1362; x_wconf 85' lang='lat' dir='ltr'><strong>trepidationis</strong></span> <span class='ocrx_word' id='word_1_87' title='bbox 1156 1296 1394 1348; x_wconf 82' lang='lat' dir='ltr'><strong>absolvit.</strong></span> <span class='ocrx_word' id='word_1_88' title='bbox 1440 1296 1542 1347; x_wconf 87' lang='lat' dir='ltr'><strong>Nos</strong></span> <span class='ocrx_word' id='word_1_89' title='bbox 1579 1307 1754 1348; x_wconf 91' lang='lat' dir='ltr'><strong>autem</strong></span> <span class='ocrx_word' id='word_1_90' title='bbox 1785 1296 1847 1347; x_wconf 91' lang='lat' dir='ltr'><strong>ad</strong></span> <span class='ocrx_word' id='word_1_91' title='bbox 1891 1297 2063 1348; x_wconf 89' lang='lat' dir='ltr'><strong>eccle-</strong></span> 
     </span>
    </p>
   </div>
   <div class='ocr_carea' id='block_1_14' title="bbox 532 1364 2065 1432">
    <p class='ocr_par' dir='ltr' id='par_1_14' title="bbox 532 1364 2065 1432">
     <span class='ocr_line' id='line_1_14' title="bbox 532 1364 2065 1432; baseline 0.003 -19"><span class='ocrx_word' id='word_1_92' title='bbox 532 1365 659 1415; x_wconf 67' lang='lat' dir='ltr'><strong>siam</strong></span> <span class='ocrx_word' id='word_1_93' title='bbox 691 1379 808 1416; x_wconf 92' lang='lat' dir='ltr'><strong>cum</strong></span> <span class='ocrx_word' id='word_1_94' title='bbox 855 1365 1061 1432; x_wconf 80' lang='lat' dir='ltr'><strong>hymnis</strong></span> <span class='ocrx_word' id='word_1_95' title='bbox 1098 1380 1161 1416; x_wconf 89' lang='lat' dir='ltr'><strong>ex</strong></span> <span class='ocrx_word' id='word_1_96' title='bbox 1192 1381 1334 1415; x_wconf 88' lang='lat' dir='ltr'><strong>more</strong></span> <span class='ocrx_word' id='word_1_97' title='bbox 1365 1364 1708 1430; x_wconf 77' lang='lat' dir='ltr'><strong>perreximus.</strong></span> <span class='ocrx_word' id='word_1_98' title='bbox 1758 1365 2065 1417; x_wconf 87' lang='lat' dir='ltr'><strong>Benedictus</strong></span> 
     </span>
    </p>
   </div>
   <div class='ocr_carea' id='block_1_15' title="bbox 537 1433 2067 1486">
    <p class='ocr_par' dir='ltr' id='par_1_15' title="bbox 537 1433 2067 1486">
     <span class='ocr_line' id='line_1_15' title="bbox 537 1433 2067 1486; baseline 0.003 -5"><span class='ocrx_word' id='word_1_99' title='bbox 537 1441 618 1484; x_wconf 87' lang='lat' dir='ltr'><strong>est</strong></span> <span class='ocrx_word' id='word_1_100' title='bbox 646 1433 798 1486; x_wconf 86' lang='lat' dir='ltr'><strong>Pater</strong></span> <span class='ocrx_word' id='word_1_101' title='bbox 823 1433 1294 1486; x_wconf 86' lang='lat' dir='ltr'><strong>misericordiarum</strong></span> <span class='ocrx_word' id='word_1_102' title='bbox 1326 1443 1378 1485; x_wconf 90' lang='lat' dir='ltr'><strong>et</strong></span> <span class='ocrx_word' id='word_1_103' title='bbox 1406 1435 1542 1486; x_wconf 85' lang='lat' dir='ltr'><strong>Deus</strong></span> <span class='ocrx_word' id='word_1_104' title='bbox 1569 1435 1722 1485; x_wconf 89' lang='lat' dir='ltr'><strong>tutius</strong></span> <span class='ocrx_word' id='word_1_105' title='bbox 1751 1434 2067 1486; x_wconf 78' lang='lat' dir='ltr'><strong>Consolatio-</strong></span> 
     </span>
    </p>
   </div>
   <div class='ocr_carea' id='block_1_16' title="bbox 536 1502 2065 1569">
    <p class='ocr_par' dir='ltr' id='par_1_16' title="bbox 536 1502 2065 1569">
     <span class='ocr_line' id='line_1_16' title="bbox 536 1502 2065 1569; baseline 0.003 -18"><span class='ocrx_word' id='word_1_106' title='bbox 536 1516 634 1564; x_wconf 82' lang='lat' dir='ltr'><strong>IIIS,</strong></span> <span class='ocrx_word' id='word_1_107' title='bbox 664 1503 750 1569; x_wconf 90' lang='lat' dir='ltr'><strong>qui</strong></span> <span class='ocrx_word' id='word_1_108' title='bbox 798 1502 941 1554; x_wconf 86' lang='lat' dir='ltr'><strong>dedit</strong></span> <span class='ocrx_word' id='word_1_109' title='bbox 981 1503 1136 1569; x_wconf 80' lang='lat' dir='ltr'><strong>capiti</strong></span> <span class='ocrx_word' id='word_1_110' title='bbox 1179 1510 1356 1554; x_wconf 88' lang='lat' dir='ltr'><strong>nostro</strong></span> <span class='ocrx_word' id='word_1_111' title='bbox 1381 1516 1566 1568; x_wconf 90' lang='lat' dir='ltr'><strong>aquam</strong></span> <span class='ocrx_word' id='word_1_112' title='bbox 1603 1511 1656 1555; x_wconf 92' lang='lat' dir='ltr'><strong>et</strong></span> <span class='ocrx_word' id='word_1_113' title='bbox 1682 1503 1846 1554; x_wconf 90' lang='lat' dir='ltr'><strong>oculis</strong></span> <span class='ocrx_word' id='word_1_114' title='bbox 1876 1504 2065 1555; x_wconf 88' lang='lat' dir='ltr'><strong>nostris</strong></span> 
     </span>
    </p>
   </div>
   <div class='ocr_carea' id='block_1_17' title="bbox 535 1571 2068 1640">
    <p class='ocr_par' dir='ltr' id='par_1_17' title="bbox 535 1571 2068 1640">
     <span class='ocr_line' id='line_1_17' title="bbox 535 1571 2068 1640; baseline -0.002 -19"><span class='ocrx_word' id='word_1_115' title='bbox 535 1572 730 1622; x_wconf 88' lang='lat' dir='ltr'><strong>fontem</strong></span> <span class='ocrx_word' id='word_1_116' title='bbox 777 1571 1144 1640; x_wconf 80' lang='lat' dir='ltr'><strong>lacrymarum,</strong></span> <span class='ocrx_word' id='word_1_117' title='bbox 1193 1579 1244 1622; x_wconf 91' lang='lat' dir='ltr'><strong>ut</strong></span> <span class='ocrx_word' id='word_1_118' title='bbox 1274 1572 1596 1640; x_wconf 86' lang='lat' dir='ltr'><strong>ploraremus</strong></span> <span class='ocrx_word' id='word_1_119' title='bbox 1639 1572 1935 1624; x_wconf 84' lang='lat' dir='ltr'><strong>vulneratos</strong></span> <span class='ocrx_word' id='word_1_120' title='bbox 1977 1587 2068 1637; x_wconf 80' lang='lat' dir='ltr'><strong>pu-</strong></span> 
     </span>
    </p>
   </div>
   <div class='ocr_carea' id='block_1_18' title="bbox 536 1639 2066 1709">
    <p class='ocr_par' dir='ltr' id='par_1_18' title="bbox 536 1639 2066 1709">
     <span class='ocr_line' id='line_1_18' title="bbox 536 1639 2066 1709; baseline 0.003 -23"><span class='ocrx_word' id='word_1_121' title='bbox 536 1641 636 1704; x_wconf 87' lang='lat' dir='ltr'><strong>pnli</strong></span> <span class='ocrx_word' id='word_1_122' title='bbox 691 1639 1151 1692; x_wconf 30' lang='lat' dir='ltr'><strong>nostri.’Peractis</strong></span> <span class='ocrx_word' id='word_1_123' title='bbox 1196 1639 1449 1706; x_wconf 91' lang='lat' dir='ltr'><strong>siquidem</strong></span> <span class='ocrx_word' id='word_1_124' title='bbox 1495 1643 1754 1709; x_wconf 84' lang='lat' dir='ltr'><strong>mysteriis</strong></span> <span class='ocrx_word' id='word_1_125' title='bbox 1794 1642 2066 1692; x_wconf 80' lang='lat' dir='ltr'><strong>ecclesiam</strong></span> 
     </span>
    </p>
   </div>
   <div class='ocr_carea' id='block_1_19' title="bbox 535 1709 2066 1773">
    <p class='ocr_par' dir='ltr' id='par_1_19' title="bbox 535 1709 2066 1773">
     <span class='ocr_line' id='line_1_19' title="bbox 535 1709 2066 1773; baseline 0.003 -16"><span class='ocrx_word' id='word_1_126' title='bbox 535 1709 750 1773; x_wconf 81' lang='lat' dir='ltr'><strong>egressi,</strong></span> <span class='ocrx_word' id='word_1_127' title='bbox 783 1723 886 1761; x_wconf 92' lang='lat' dir='ltr'><strong>non</strong></span> <span class='ocrx_word' id='word_1_128' title='bbox 916 1710 1177 1760; x_wconf 84' lang='lat' dir='ltr'><strong>minimam</strong></span> <span class='ocrx_word' id='word_1_129' title='bbox 1207 1709 1256 1760; x_wconf 90' lang='lat' dir='ltr'><strong>in</strong></span> <span class='ocrx_word' id='word_1_130' title='bbox 1297 1724 1570 1762; x_wconf 86' lang='lat' dir='ltr'><strong>occursum</strong></span> <span class='ocrx_word' id='word_1_131' title='bbox 1602 1719 1833 1762; x_wconf 89' lang='lat' dir='ltr'><strong>nostrum</strong></span> <span class='ocrx_word' id='word_1_132' title='bbox 1863 1709 2066 1762; x_wconf 62' lang='lat' dir='ltr'><strong>Jlldil30-</strong></span> 
     </span>
    </p>
   </div>
   <div class='ocr_carea' id='block_1_20' title="bbox 537 1778 2066 1842">
    <p class='ocr_par' dir='ltr' id='par_1_20' title="bbox 537 1778 2066 1842">
     <span class='ocr_line' id='line_1_20' title="bbox 537 1778 2066 1842; baseline 0.003 -16"><span class='ocrx_word' id='word_1_133' title='bbox 537 1793 651 1828; x_wconf 87' lang='lat' dir='ltr'><strong>rum</strong></span> <span class='ocrx_word' id='word_1_134' title='bbox 698 1778 1078 1830; x_wconf 90' lang='lat' dir='ltr'><strong>multitudinem</strong></span> <span class='ocrx_word' id='word_1_135' title='bbox 1132 1779 1438 1831; x_wconf 90' lang='lat' dir='ltr'><strong>convenisse</strong></span> <span class='ocrx_word' id='word_1_136' title='bbox 1483 1780 1819 1842; x_wconf 82' lang='lat' dir='ltr'><strong>inSpeximus.</strong></span> <span class='ocrx_word' id='word_1_137' title='bbox 1870 1779 2066 1831; x_wconf 84' lang='lat' dir='ltr'><strong>Omnes</strong></span> 
     </span>
    </p>
   </div>
   <div class='ocr_carea' id='block_1_21' title="bbox 536 1847 2066 1914">
    <p class='ocr_par' dir='ltr' id='par_1_21' title="bbox 536 1847 2066 1914">
     <span class='ocr_line' id='line_1_21' title="bbox 536 1847 2066 1914; baseline 0.003 -18"><span class='ocrx_word' id='word_1_138' title='bbox 536 1847 851 1900; x_wconf 90' lang='lat' dir='ltr'><strong>unanimiter</strong></span> <span class='ocrx_word' id='word_1_139' title='bbox 890 1847 1321 1914; x_wconf 86' lang='lat' dir='ltr'><strong>deprecabantur,</strong></span> <span class='ocrx_word' id='word_1_140' title='bbox 1352 1859 1406 1899; x_wconf 93' lang='lat' dir='ltr'><strong>ut</strong></span> <span class='ocrx_word' id='word_1_141' title='bbox 1431 1847 1622 1900; x_wconf 76' lang='lat' dir='ltr'><strong>Christi</strong></span> <span class='ocrx_word' id='word_1_142' title='bbox 1659 1848 2008 1902; x_wconf 79' lang='lat' dir='ltr'><strong>characterem</strong></span> <span class='ocrx_word' id='word_1_143' title='bbox 2037 1864 2066 1900; x_wconf 92' lang='lat' dir='ltr'><strong>a</strong></span> 
     </span>
    </p>
   </div>
   <div class='ocr_carea' id='block_1_22' title="bbox 537 1916 2068 1984">
    <p class='ocr_par' dir='ltr' id='par_1_22' title="bbox 537 1916 2068 1984">
     <span class='ocr_line' id='line_1_22' title="bbox 537 1916 2068 1984; baseline 0 -16"><span class='ocrx_word' id='word_1_144' title='bbox 537 1932 642 1977; x_wconf 86' lang='lat' dir='ltr'><strong>tne,</strong></span> <span class='ocrx_word' id='word_1_145' title='bbox 671 1917 792 1968; x_wconf 82' lang='lat' dir='ltr'><strong>licet</strong></span> <span class='ocrx_word' id='word_1_146' title='bbox 841 1916 1048 1983; x_wconf 84' lang='lat' dir='ltr'><strong>indigno</strong></span> <span class='ocrx_word' id='word_1_147' title='bbox 1078 1927 1303 1982; x_wconf 88' lang='lat' dir='ltr'><strong>pastore,</strong></span> <span class='ocrx_word' id='word_1_148' title='bbox 1345 1917 1687 1984; x_wconf 82' lang='lat' dir='ltr'><strong>susciperent.</strong></span> <span class='ocrx_word' id='word_1_149' title='bbox 1719 1917 1931 1970; x_wconf 75' lang='lat' dir='ltr'><strong>Reversi</strong></span> <span class='ocrx_word' id='word_1_150' title='bbox 1973 1917 2068 1968; x_wconf 82' lang='lat' dir='ltr'><strong>ita-</strong></span> 
     </span>
    </p>
   </div>
   <div class='ocr_carea' id='block_1_23' title="bbox 538 1985 2070 2054">
    <p class='ocr_par' dir='ltr' id='par_1_23' title="bbox 538 1985 2070 2054">
     <span class='ocr_line' id='line_1_23' title="bbox 538 1985 2070 2054; baseline 0.001 -19"><span class='ocrx_word' id='word_1_151' title='bbox 538 2001 640 2051; x_wconf 90' lang='lat' dir='ltr'><strong>que</strong></span> <span class='ocrx_word' id='word_1_152' title='bbox 666 1985 730 2037; x_wconf 91' lang='lat' dir='ltr'><strong>ad</strong></span> <span class='ocrx_word' id='word_1_153' title='bbox 771 1986 1066 2046; x_wconf 84' lang='lat' dir='ltr'><strong>ecclesiam,</strong></span> <span class='ocrx_word' id='word_1_154' title='bbox 1095 1995 1148 2036; x_wconf 88' lang='lat' dir='ltr'><strong>et</strong></span> <span class='ocrx_word' id='word_1_155' title='bbox 1188 1993 1294 2036; x_wconf 90' lang='lat' dir='ltr'><strong>toto</strong></span> <span class='ocrx_word' id='word_1_156' title='bbox 1332 1985 1488 2037; x_wconf 88' lang='lat' dir='ltr'><strong>corde</strong></span> <span class='ocrx_word' id='word_1_157' title='bbox 1528 1988 1742 2038; x_wconf 89' lang='lat' dir='ltr'><strong>Domino</strong></span> <span class='ocrx_word' id='word_1_158' title='bbox 1767 1988 1958 2054; x_wconf 76' lang='lat' dir='ltr'><strong>gratias</strong></span> <span class='ocrx_word' id='word_1_159' title='bbox 1988 2003 2070 2037; x_wconf 62' lang='lat' dir='ltr'><strong>reo</strong></span> 
     </span>
    </p>
   </div>
   <div class='ocr_carea' id='block_1_24' title="bbox 541 2054 2068 2121">
    <p class='ocr_par' dir='ltr' id='par_1_24' title="bbox 541 2054 2068 2121">
     <span class='ocr_line' id='line_1_24' title="bbox 541 2054 2068 2121; baseline 0.003 -16"><span class='ocrx_word' id='word_1_160' title='bbox 541 2056 782 2113; x_wconf 87' lang='lat' dir='ltr'><strong>ferentes,</strong></span> <span class='ocrx_word' id='word_1_161' title='bbox 835 2055 971 2106; x_wconf 90' lang='lat' dir='ltr'><strong>illico</strong></span> <span class='ocrx_word' id='word_1_162' title='bbox 1025 2056 1074 2106; x_wconf 90' lang='lat' dir='ltr'><strong>in</strong></span> <span class='ocrx_word' id='word_1_163' title='bbox 1123 2054 1376 2106; x_wconf 84' lang='lat' dir='ltr'><strong>frontibus</strong></span> <span class='ocrx_word' id='word_1_164' title='bbox 1423 2070 1605 2108; x_wconf 88' lang='lat' dir='ltr'><strong>eorum</strong></span> <span class='ocrx_word' id='word_1_165' title='bbox 1643 2058 1846 2121; x_wconf 82' lang='lat' dir='ltr'><strong>signum</strong></span> <span class='ocrx_word' id='word_1_166' title='bbox 1887 2056 2068 2109; x_wconf 89' lang='lat' dir='ltr'><strong>salutis</strong></span> 
     </span>
    </p>
   </div>
   <div class='ocr_carea' id='block_1_25' title="bbox 541 2125 2067 2192">
    <p class='ocr_par' dir='ltr' id='par_1_25' title="bbox 541 2125 2067 2192">
     <span class='ocr_line' id='line_1_25' title="bbox 541 2125 2067 2192; baseline 0.003 -20"><span class='ocrx_word' id='word_1_167' title='bbox 541 2125 890 2180; x_wconf 76' lang='lat' dir='ltr'><strong>inminximus.</strong></span> <span class='ocrx_word' id='word_1_168' title='bbox 923 2126 1046 2186; x_wconf 76' lang='lat' dir='ltr'><strong>Qua:</strong></span> <span class='ocrx_word' id='word_1_169' title='bbox 1082 2133 1252 2175; x_wconf 90' lang='lat' dir='ltr'><strong>autem</strong></span> <span class='ocrx_word' id='word_1_170' title='bbox 1281 2139 1397 2174; x_wconf 88' lang='lat' dir='ltr'><strong>cum</strong></span> <span class='ocrx_word' id='word_1_171' title='bbox 1427 2125 1506 2175; x_wconf 90' lang='lat' dir='ltr'><strong>his</strong></span> <span class='ocrx_word' id='word_1_172' title='bbox 1543 2126 1627 2192; x_wconf 87' lang='lat' dir='ltr'><strong>qui</strong></span> <span class='ocrx_word' id='word_1_173' title='bbox 1659 2127 1720 2176; x_wconf 90' lang='lat' dir='ltr'><strong>ad</strong></span> <span class='ocrx_word' id='word_1_174' title='bbox 1752 2128 1926 2187; x_wconf 86' lang='lat' dir='ltr'><strong>silvas,</strong></span> <span class='ocrx_word' id='word_1_175' title='bbox 1958 2126 2067 2177; x_wconf 78' lang='lat' dir='ltr'><strong>sive</strong></span> 
     </span>
    </p>
   </div>
   <div class='ocr_carea' id='block_1_26' title="bbox 534 2194 2086 2266">
    <p class='ocr_par' dir='ltr' id='par_1_26' title="bbox 534 2194 2086 2266">
     <span class='ocr_line' id='line_1_26' title="bbox 534 2194 2086 2266; baseline 0.003 -19"><span class='ocrx_word' id='word_1_176' title='bbox 534 2194 604 2266; x_wconf 73' lang='lat' dir='ltr'><strong>ad</strong></span> <span class='ocrx_word' id='word_1_177' title='bbox 626 2203 770 2248; x_wconf 91' lang='lat' dir='ltr'><strong>antra</strong></span> <span class='ocrx_word' id='word_1_178' title='bbox 784 2196 1156 2266; x_wconf 67' lang='lat' dir='ltr'><strong>confugerant,</strong></span> <span class='ocrx_word' id='word_1_179' title='bbox 1200 2194 1394 2248; x_wconf 89' lang='lat' dir='ltr'><strong>Christi</strong></span> <span class='ocrx_word' id='word_1_180' title='bbox 1432 2197 1622 2249; x_wconf 87' lang='lat' dir='ltr'><strong>virtute</strong></span> <span class='ocrx_word' id='word_1_181' title='bbox 1643 2206 1786 2265; x_wconf 86' lang='lat' dir='ltr'><strong>gesta</strong></span> <span class='ocrx_word' id='word_1_182' title='bbox 1816 2198 1938 2263; x_wconf 87' lang='lat' dir='ltr'><strong>sint,</strong></span> <span class='ocrx_word' id='word_1_183' title='bbox 1969 2215 2086 2266; x_wconf 79' lang='lat' dir='ltr'><strong>quze</strong></span> 
     </span>
    </p>
   </div>
   <div class='ocr_carea' id='block_1_27' title="bbox 535 2264 2082 2334">
    <p class='ocr_par' dir='ltr' id='par_1_27' title="bbox 535 2264 2082 2334">
     <span class='ocr_line' id='line_1_27' title="bbox 535 2264 2082 2334; baseline 0.003 -17"><span class='ocrx_word' id='word_1_184' title='bbox 535 2264 708 2333; x_wconf 78' lang='lat' dir='ltr'><strong>lingua</strong></span> <span class='ocrx_word' id='word_1_185' title='bbox 739 2264 1014 2316; x_wconf 76' lang='lat' dir='ltr'><strong>eﬂabitur?</strong></span> <span class='ocrx_word' id='word_1_186' title='bbox 1047 2266 1333 2329; x_wconf 76' lang='lat' dir='ltr'><strong>przrsertim</strong></span> <span class='ocrx_word' id='word_1_187' title='bbox 1375 2280 1492 2318; x_wconf 90' lang='lat' dir='ltr'><strong>cum</strong></span> <span class='ocrx_word' id='word_1_188' title='bbox 1524 2264 1876 2334; x_wconf 50' lang='lat' dir='ltr'><strong>unusquisque</strong></span> <span class='ocrx_word' id='word_1_189' title='bbox 1903 2264 2082 2321; x_wconf 82' lang='lat' dir='ltr'><strong>eorum</strong></span> 
     </span>
    </p>
   </div>
   <div class='ocr_carea' id='block_1_28' title="bbox 535 2334 2085 2401">
    <p class='ocr_par' dir='ltr' id='par_1_28' title="bbox 535 2334 2085 2401">
     <span class='ocr_line' id='line_1_28' title="bbox 535 2334 2085 2401; baseline 0.005 -17"><span class='ocrx_word' id='word_1_190' title='bbox 535 2334 798 2401; x_wconf 89' lang='lat' dir='ltr'><strong>propriam</strong></span> <span class='ocrx_word' id='word_1_191' title='bbox 823 2335 1180 2385; x_wconf 71' lang='lat' dir='ltr'><strong>conuersionis</strong></span> <span class='ocrx_word' id='word_1_192' title='bbox 1227 2350 1334 2386; x_wconf 72' lang='lat' dir='ltr'><strong>sua:</strong></span> <span class='ocrx_word' id='word_1_193' title='bbox 1377 2335 1562 2387; x_wconf 85' lang='lat' dir='ltr'><strong>habeat</strong></span> <span class='ocrx_word' id='word_1_194' title='bbox 1610 2335 1901 2389; x_wconf 82' lang='lat' dir='ltr'><strong>historiam.</strong></span> <span class='ocrx_word' id='word_1_195' title='bbox 1941 2339 2085 2392; x_wconf 85' lang='lat' dir='ltr'><strong>Sicut</strong></span> 
     </span>
    </p>
   </div>
   <div class='ocr_carea' id='block_1_29' title="bbox 533 2403 2086 2471">
    <p class='ocr_par' dir='ltr' id='par_1_29' title="bbox 533 2403 2086 2471">
     <span class='ocr_line' id='line_1_29' title="bbox 533 2403 2086 2471; baseline 0.003 -15"><span class='ocrx_word' id='word_1_196' title='bbox 533 2403 710 2471; x_wconf 87' lang='lat' dir='ltr'><strong>itaque</strong></span> <span class='ocrx_word' id='word_1_197' title='bbox 741 2404 1060 2469; x_wconf 66' lang='lat' dir='ltr'><strong>impossibile</strong></span> <span class='ocrx_word' id='word_1_198' title='bbox 1104 2404 1253 2455; x_wconf 90' lang='lat' dir='ltr'><strong>nobis</strong></span> <span class='ocrx_word' id='word_1_199' title='bbox 1297 2415 1377 2456; x_wconf 90' lang='lat' dir='ltr'><strong>est</strong></span> <span class='ocrx_word' id='word_1_200' title='bbox 1419 2411 1592 2457; x_wconf 88' lang='lat' dir='ltr'><strong>omnia</strong></span> <span class='ocrx_word' id='word_1_201' title='bbox 1640 2408 1846 2468; x_wconf 85' lang='lat' dir='ltr'><strong>dicere;</strong></span> <span class='ocrx_word' id='word_1_202' title='bbox 1892 2407 1968 2459; x_wconf 90' lang='lat' dir='ltr'><strong>sic</strong></span> <span class='ocrx_word' id='word_1_203' title='bbox 2007 2409 2086 2460; x_wconf 80' lang='lat' dir='ltr'><strong>in-</strong></span> 
     </span>
    </p>
   </div>
   <div class='ocr_carea' id='block_1_30' title="bbox 534 2473 2087 2546">
    <p class='ocr_par' dir='ltr' id='par_1_30' title="bbox 534 2473 2087 2546">
     <span class='ocr_line' id='line_1_30' title="bbox 534 2473 2087 2546; baseline 0.005 -23"><span class='ocrx_word' id='word_1_204' title='bbox 534 2483 951 2546; x_wconf 78' lang='lat' dir='ltr'><strong>gratumcuncta</strong></span> <span class='ocrx_word' id='word_1_205' title='bbox 986 2473 1272 2536; x_wconf 81' lang='lat' dir='ltr'><strong>pr:rterire.</strong></span> <span class='ocrx_word' id='word_1_206' title='bbox 1319 2476 1647 2546; x_wconf 72' lang='lat' dir='ltr'><strong>Quapropter</strong></span> <span class='ocrx_word' id='word_1_207' title='bbox 1696 2492 1850 2527; x_wconf 90' lang='lat' dir='ltr'><strong>unum</strong></span> <span class='ocrx_word' id='word_1_208' title='bbox 1897 2477 2087 2530; x_wconf 75' lang='lat' dir='ltr'><strong>Christi</strong></span> 
     </span>
    </p>
   </div>
   <div class='ocr_carea' id='block_1_31' title="bbox 541 2545 2071 2616">
    <p class='ocr_par' dir='ltr' id='par_1_31' title="bbox 541 2545 2071 2616">
     <span class='ocr_line' id='line_1_31' title="bbox 541 2545 2071 2616; baseline 0.006 -22"><span class='ocrx_word' id='word_1_209' title='bbox 541 2545 865 2616; x_wconf 82' lang='lat' dir='ltr'><strong>miraculum,</strong></span> <span class='ocrx_word' id='word_1_210' title='bbox 911 2547 1045 2614; x_wconf 91' lang='lat' dir='ltr'><strong>quod</strong></span> <span class='ocrx_word' id='word_1_211' title='bbox 1092 2557 1196 2599; x_wconf 93' lang='lat' dir='ltr'><strong>tum</strong></span> <span class='ocrx_word' id='word_1_212' title='bbox 1241 2563 1268 2598; x_wconf 91' lang='lat' dir='ltr'><strong>a</strong></span> <span class='ocrx_word' id='word_1_213' title='bbox 1310 2545 1546 2600; x_wconf 88' lang='lat' dir='ltr'><strong>fidelibus</strong></span> <span class='ocrx_word' id='word_1_214' title='bbox 1591 2551 2071 2616; x_wconf 81' lang='lat' dir='ltr'><strong>probatissimisque</strong></span> 
     </span>
    </p>
   </div>
   <div class='ocr_carea' id='block_1_32' title="bbox 540 2613 2068 2684">
    <p class='ocr_par' dir='ltr' id='par_1_32' title="bbox 540 2613 2068 2684">
     <span class='ocr_line' id='line_1_32' title="bbox 540 2613 2068 2684; baseline 0.004 -21"><span class='ocrx_word' id='word_1_215' title='bbox 540 2613 669 2684; x_wconf 77' lang='lat' dir='ltr'><strong>viris</strong></span> <span class='ocrx_word' id='word_1_216' title='bbox 691 2613 1060 2679; x_wconf 67' lang='lat' dir='ltr'><strong>con&#39;ipcrimus,</strong></span> <span class='ocrx_word' id='word_1_217' title='bbox 1095 2617 1331 2684; x_wconf 86' lang='lat' dir='ltr'><strong>precibus</strong></span> <span class='ocrx_word' id='word_1_218' title='bbox 1361 2619 1544 2669; x_wconf 87' lang='lat' dir='ltr'><strong>vestris</strong></span> <span class='ocrx_word' id='word_1_219' title='bbox 1573 2613 1778 2684; x_wconf 80' lang='lat' dir='ltr'><strong>adjutus</strong></span> <span class='ocrx_word' id='word_1_220' title='bbox 1808 2613 2068 2671; x_wconf 77' lang='lat' dir='ltr'><strong>evolvam.</strong></span> 
     </span>
    </p>
   </div>
   <div class='ocr_carea' id='block_1_33' title="bbox 608 2683 2069 2753">
    <p class='ocr_par' dir='ltr' id='par_1_33' title="bbox 608 2683 2069 2753">
     <span class='ocr_line' id='line_1_33' title="bbox 608 2683 2069 2753; baseline 0.003 -18"><span class='ocrx_word' id='word_1_221' title='bbox 608 2683 713 2753; x_wconf 20' lang='lat'><strong>15.4</strong></span> <span class='ocrx_word' id='word_1_222' title='bbox 743 2684 854 2737; x_wconf 91' lang='lat' dir='ltr'><strong>[)uo</strong></span> <span class='ocrx_word' id='word_1_223' title='bbox 902 2683 1106 2752; x_wconf 87' lang='lat' dir='ltr'><strong>quidam</strong></span> <span class='ocrx_word' id='word_1_224' title='bbox 1156 2686 1382 2753; x_wconf 87' lang='lat' dir='ltr'><strong>primarii</strong></span> <span class='ocrx_word' id='word_1_225' title='bbox 1422 2683 1716 2739; x_wconf 46' lang='lat' dir='ltr'><strong>Juda‘orum</strong></span> <span class='ocrx_word' id='word_1_226' title='bbox 1745 2729 1760 2749; x_wconf 90' lang='lat'><strong>,</strong></span> <span class='ocrx_word' id='word_1_227' title='bbox 1805 2689 2069 2750; x_wconf 85' lang='lat' dir='ltr'><strong>Melelitts,</strong></span> 
     </span>
    </p>
   </div>
   <div class='ocr_carea' id='block_1_34' title="bbox 538 2750 2074 2824">
    <p class='ocr_par' dir='ltr' id='par_1_34' title="bbox 538 2750 2074 2824">
     <span class='ocr_line' id='line_1_34' title="bbox 538 2750 2074 2824; baseline 0.005 -22"><span class='ocrx_word' id='word_1_228' title='bbox 538 2750 796 2824; x_wconf 70' lang='lat' dir='ltr'><strong>Theodori</strong></span> <span class='ocrx_word' id='word_1_229' title='bbox 824 2750 1000 2824; x_wconf 77' lang='lat' dir='ltr'><strong>frater,</strong></span> <span class='ocrx_word' id='word_1_230' title='bbox 1032 2766 1082 2808; x_wconf 94' lang='lat' dir='ltr'><strong>et</strong></span> <span class='ocrx_word' id='word_1_231' title='bbox 1107 2750 1453 2818; x_wconf 79' lang='lat' dir='ltr'><strong>Innocentius,</strong></span> <span class='ocrx_word' id='word_1_232' title='bbox 1477 2758 1562 2822; x_wconf 85' lang='lat' dir='ltr'><strong>qui</strong></span> <span class='ocrx_word' id='word_1_233' title='bbox 1590 2756 1946 2824; x_wconf 86' lang='lat' dir='ltr'><strong>HiSpaniarum</strong></span> <span class='ocrx_word' id='word_1_234' title='bbox 1975 2761 2074 2810; x_wconf 87' lang='lat' dir='ltr'><strong>cla-</strong></span> 
     </span>
    </p>
   </div>
   <div class='ocr_carea' id='block_1_35' title="bbox 538 2820 2072 2892">
    <p class='ocr_par' dir='ltr' id='par_1_35' title="bbox 538 2820 2072 2892">
     <span class='ocr_line' id='line_1_35' title="bbox 538 2820 2072 2892; baseline 0.005 -20"><span class='ocrx_word' id='word_1_235' title='bbox 538 2820 656 2892; x_wconf 79' lang='lat' dir='ltr'><strong>dem</strong></span> <span class='ocrx_word' id='word_1_236' title='bbox 679 2837 842 2889; x_wconf 85' lang='lat' dir='ltr'><strong>nuper</strong></span> <span class='ocrx_word' id='word_1_237' title='bbox 861 2823 1124 2892; x_wconf 80' lang='lat' dir='ltr'><strong>effugiens,</strong></span> <span class='ocrx_word' id='word_1_238' title='bbox 1156 2840 1272 2876; x_wconf 90' lang='lat' dir='ltr'><strong>cum</strong></span> <span class='ocrx_word' id='word_1_239' title='bbox 1304 2820 1509 2878; x_wconf 85' lang='lat' dir='ltr'><strong>famulis</strong></span> <span class='ocrx_word' id='word_1_240' title='bbox 1541 2829 1647 2878; x_wconf 86' lang='lat' dir='ltr'><strong>suis</strong></span> <span class='ocrx_word' id='word_1_241' title='bbox 1673 2820 1734 2879; x_wconf 87' lang='lat' dir='ltr'><strong>ad</strong></span> <span class='ocrx_word' id='word_1_242' title='bbox 1768 2832 1901 2880; x_wconf 86' lang='lat' dir='ltr'><strong>hanc</strong></span> <span class='ocrx_word' id='word_1_243' title='bbox 1933 2829 2072 2880; x_wconf 90' lang='lat' dir='ltr'><strong>insu-</strong></span> 
     </span>
    </p>
   </div>
   <div class='ocr_carea' id='block_1_36' title="bbox 539 2888 2112 2960">
    <p class='ocr_par' dir='ltr' id='par_1_36' title="bbox 539 2888 2112 2960">
     <span class='ocr_line' id='line_1_36' title="bbox 539 2888 2112 2960; baseline 0.007 -21"><span class='ocrx_word' id='word_1_244' title='bbox 539 2888 640 2940; x_wconf 85' lang='lat' dir='ltr'><strong>lam</strong></span> <span class='ocrx_word' id='word_1_245' title='bbox 672 2888 914 2945; x_wconf 87' lang='lat' dir='ltr'><strong>veuerat:</strong></span> <span class='ocrx_word' id='word_1_246' title='bbox 947 2888 1090 2946; x_wconf 78' lang='lat' dir='ltr'><strong>sicut&#39;</strong></span> <span class='ocrx_word' id='word_1_247' title='bbox 1106 2908 1241 2946; x_wconf 93' lang='lat' dir='ltr'><strong>nunc</strong></span> <span class='ocrx_word' id='word_1_248' title='bbox 1271 2895 1363 2960; x_wconf 88' lang='lat' dir='ltr'><strong>ipsi</strong></span> <span class='ocrx_word' id='word_1_249' title='bbox 1392 2897 1546 2946; x_wconf 87' lang='lat' dir='ltr'><strong>etiam</strong></span> <span class='ocrx_word' id='word_1_250' title='bbox 1576 2911 1691 2948; x_wconf 93' lang='lat' dir='ltr'><strong>cum</strong></span> <span class='ocrx_word' id='word_1_251' title='bbox 1717 2907 2112 2950; x_wconf 71' lang='lat' dir='ltr'><strong>sacr:nnento--&#39;</strong></span> 
     </span>
    </p>
   </div>
   <div class='ocr_carea' id='block_1_37' title="bbox 536 2961 2072 3033">
    <p class='ocr_par' dir='ltr' id='par_1_37' title="bbox 536 2961 2072 3033">
     <span class='ocr_line' id='line_1_37' title="bbox 536 2961 2072 3033; baseline 0.007 -25"><span class='ocrx_word' id='word_1_252' title='bbox 536 2973 650 3033; x_wconf 74' lang='lat' dir='ltr'><strong>rum</strong></span> <span class='ocrx_word' id='word_1_253' title='bbox 679 2961 896 3033; x_wconf 82' lang='lat' dir='ltr'><strong>terribili</strong></span> <span class='ocrx_word' id='word_1_254' title='bbox 923 2962 1312 3030; x_wconf 87' lang='lat' dir='ltr'><strong>interpositione</strong></span> <span class='ocrx_word' id='word_1_255' title='bbox 1341 2964 1668 3029; x_wconf 88' lang='lat' dir='ltr'><strong>confirmant,</strong></span> <span class='ocrx_word' id='word_1_256' title='bbox 1692 2967 1756 3018; x_wconf 91' lang='lat' dir='ltr'><strong>ad</strong></span> <span class='ocrx_word' id='word_1_257' title='bbox 1777 2983 1928 3018; x_wconf 90' lang='lat' dir='ltr'><strong>unam</strong></span> <span class='ocrx_word' id='word_1_258' title='bbox 1950 2981 2072 3033; x_wconf 81' lang='lat' dir='ltr'><strong>Spe-</strong></span> 
     </span>
    </p>
   </div>
   <div class='ocr_carea' id='block_1_38' title="bbox 537 3027 2073 3100">
    <p class='ocr_par' dir='ltr' id='par_1_38' title="bbox 537 3027 2073 3100">
     <span class='ocr_line' id='line_1_38' title="bbox 537 3027 2073 3100; baseline 0.007 -21"><span class='ocrx_word' id='word_1_259' title='bbox 537 3027 760 3100; x_wconf 78' lang='lat' dir='ltr'><strong>luncam,</strong></span> <span class='ocrx_word' id='word_1_260' title='bbox 788 3031 866 3083; x_wconf 89' lang='lat' dir='ltr'><strong>vel</strong></span> <span class='ocrx_word' id='word_1_261' title='bbox 894 3027 1073 3098; x_wconf 80' lang='lat' dir='ltr'><strong>potius</strong></span> <span class='ocrx_word' id='word_1_262' title='bbox 1090 3047 1268 3100; x_wconf 89' lang='lat' dir='ltr'><strong>rupem</strong></span> <span class='ocrx_word' id='word_1_263' title='bbox 1291 3027 1663 3096; x_wconf 81' lang='lat' dir='ltr'><strong>convenerunt,</strong></span> <span class='ocrx_word' id='word_1_264' title='bbox 1691 3027 1996 3088; x_wconf 79' lang='lat' dir='ltr'><strong>associando</strong></span> <span class='ocrx_word' id='word_1_265' title='bbox 2017 3052 2073 3090; x_wconf 88' lang='lat' dir='ltr'><strong>se</strong></span> 
     </span>
    </p>
   </div>
   <div class='ocr_carea' id='block_1_39' title="bbox 535 3096 2073 3179">
    <p class='ocr_par' dir='ltr' id='par_1_39' title="bbox 535 3096 2073 3179">
     <span class='ocr_line' id='line_1_39' title="bbox 535 3096 2073 3179; baseline 0.006 -30"><span class='ocrx_word' id='word_1_266' title='bbox 535 3096 740 3150; x_wconf 91' lang='lat' dir='ltr'><strong>duobus</strong></span> <span class='ocrx_word' id='word_1_267' title='bbox 763 3096 1484 3179; x_wconf 38' lang='lat' dir='ltr'><strong>quibusdam.Judaeisliumili</strong></span> <span class='ocrx_word' id='word_1_268' title='bbox 1515 3103 1632 3179; x_wconf 75' lang='lat' dir='ltr'><strong>loeo</strong></span> <span class='ocrx_word' id='word_1_269' title='bbox 1655 3106 1802 3166; x_wconf 87' lang='lat' dir='ltr'><strong>ortis,</strong></span> <span class='ocrx_word' id='word_1_270' title='bbox 1831 3107 1916 3179; x_wconf 88' lang='lat' dir='ltr'><strong>qui</strong></span> <span class='ocrx_word' id='word_1_271' title='bbox 1948 3107 2073 3179; x_wconf 83' lang='lat' dir='ltr'><strong>istos</strong></span> 
     </span>
    </p>
   </div>
   <div class='ocr_carea' id='block_1_40' title="bbox 535 3167 2074 3238">
    <p class='ocr_par' dir='ltr' id='par_1_40' title="bbox 535 3167 2074 3238">
     <span class='ocr_line' id='line_1_40' title="bbox 535 3167 2074 3238; baseline 0.006 -21"><span class='ocrx_word' id='word_1_272' title='bbox 535 3167 826 3222; x_wconf 88' lang='lat' dir='ltr'><strong>communis</strong></span> <span class='ocrx_word' id='word_1_273' title='bbox 855 3167 987 3238; x_wconf 74' lang='lat' dir='ltr'><strong>fuga:</strong></span> <span class='ocrx_word' id='word_1_274' title='bbox 1008 3172 1265 3238; x_wconf 89' lang='lat' dir='ltr'><strong>principes</strong></span> <span class='ocrx_word' id='word_1_275' title='bbox 1293 3171 1542 3238; x_wconf 81' lang='lat' dir='ltr'><strong>legerant.</strong></span> <span class='ocrx_word' id='word_1_276' title='bbox 1568 3172 1724 3238; x_wconf 85' lang='lat' dir='ltr'><strong>Igitur</strong></span> <span class='ocrx_word' id='word_1_277' title='bbox 1742 3167 1861 3226; x_wconf 86' lang='lat' dir='ltr'><strong>cuai</strong></span> <span class='ocrx_word' id='word_1_278' title='bbox 1883 3175 1931 3226; x_wconf 92' lang='lat' dir='ltr'><strong>iu</strong></span> <span class='ocrx_word' id='word_1_279' title='bbox 1962 3177 2074 3226; x_wconf 88' lang='lat' dir='ltr'><strong>loco</strong></span> 
     </span>
    </p>
   </div>
   <div class='ocr_carea' id='block_1_41' title="bbox 538 3237 2071 3307">
    <p class='ocr_par' dir='ltr' id='par_1_41' title="bbox 538 3237 2071 3307">
     <span class='ocr_line' id='line_1_41' title="bbox 538 3237 2071 3307; baseline 0.006 -21"><span class='ocrx_word' id='word_1_280' title='bbox 538 3237 936 3307; x_wconf 82' lang='lat' dir='ltr'><strong>eorumtrcpidi</strong></span> <span class='ocrx_word' id='word_1_281' title='bbox 968 3237 1370 3306; x_wconf 81' lang='lat' dir='ltr'><strong>anhelantesque</strong></span> <span class='ocrx_word' id='word_1_282' title='bbox 1418 3237 1679 3306; x_wconf 89' lang='lat' dir='ltr'><strong>paululum</strong></span> <span class='ocrx_word' id='word_1_283' title='bbox 1725 3243 2071 3307; x_wconf 76' lang='lat' dir='ltr'><strong>resedissent;</strong></span> 
     </span>
    </p>
   </div>
   <div class='ocr_carea' id='block_1_42' title="bbox 535 3303 2076 3379">
    <p class='ocr_par' dir='ltr' id='par_1_42' title="bbox 535 3303 2076 3379">
     <span class='ocr_line' id='line_1_42' title="bbox 535 3303 2076 3379; baseline 0.005 -24"><span class='ocrx_word' id='word_1_284' title='bbox 535 3303 942 3379; x_wconf 38' lang='lat' dir='ltr'><strong>duos__illos,&#39;_qui</strong></span> <span class='ocrx_word' id='word_1_285' title='bbox 971 3318 1124 3379; x_wconf 68' lang='lat' dir='ltr'><strong>aetate</strong></span> <span class='ocrx_word' id='word_1_286' title='bbox 1149 3303 1346 3379; x_wconf 84' lang='lat' dir='ltr'><strong>alacres</strong></span> <span class='ocrx_word' id='word_1_287' title='bbox 1375 3303 1429 3360; x_wconf 80' lang='lat' dir='ltr'><strong>et</strong></span> <span class='ocrx_word' id='word_1_288' title='bbox 1450 3309 1669 3361; x_wconf 84' lang='lat' dir='ltr'><strong>audaces</strong></span> <span class='ocrx_word' id='word_1_289' title='bbox 1696 3320 1862 3373; x_wconf 90' lang='lat' dir='ltr'><strong>erant,</strong></span> <span class='ocrx_word' id='word_1_290' title='bbox 1891 3303 2076 3379; x_wconf 53' lang='lat' dir='ltr'><strong>explo;</strong></span> 
     </span>
    </p>
   </div>
   <div class='ocr_carea' id='block_1_43' title="bbox 541 3374 2074 3444">
    <p class='ocr_par' dir='ltr' id='par_1_43' title="bbox 541 3374 2074 3444">
     <span class='ocr_line' id='line_1_43' title="bbox 541 3374 2074 3444; baseline 0.007 -20"><span class='ocrx_word' id='word_1_291' title='bbox 541 3374 689 3425; x_wconf 88' lang='lat' dir='ltr'><strong>randi</strong></span> <span class='ocrx_word' id='word_1_292' title='bbox 727 3377 890 3442; x_wconf 87' lang='lat' dir='ltr'><strong>gratia</strong></span> <span class='ocrx_word' id='word_1_293' title='bbox 927 3376 991 3428; x_wconf 85' lang='lat' dir='ltr'><strong>ad</strong></span> <span class='ocrx_word' id='word_1_294' title='bbox 1031 3378 1276 3444; x_wconf 84' lang='lat' dir='ltr'><strong>oppidum</strong></span> <span class='ocrx_word' id='word_1_295' title='bbox 1326 3379 1671 3440; x_wconf 88' lang='lat' dir='ltr'><strong>remittentes,</strong></span> <span class='ocrx_word' id='word_1_296' title='bbox 1711 3380 1805 3431; x_wconf 93' lang='lat' dir='ltr'><strong>soli</strong></span> <span class='ocrx_word' id='word_1_297' title='bbox 1843 3374 2074 3434; x_wconf 76' lang='lat' dir='ltr'><strong>derelicti</strong></span> 
     </span>
    </p>
   </div>
   <div class='ocr_carea' id='block_1_44' title="bbox 537 3444 2075 3515">
    <p class='ocr_par' dir='ltr' id='par_1_44' title="bbox 537 3444 2075 3515">
     <span class='ocr_line' id='line_1_44' title="bbox 537 3444 2075 3515; baseline 0.005 -22"><span class='ocrx_word' id='word_1_298' title='bbox 537 3452 660 3494; x_wconf 85' lang='lat' dir='ltr'><strong>sunt</strong></span> <span class='ocrx_word' id='word_1_299' title='bbox 684 3444 770 3495; x_wconf 91' lang='lat' dir='ltr'><strong>ibi.</strong></span> <span class='ocrx_word' id='word_1_300' title='bbox 795 3445 945 3515; x_wconf 89' lang='lat' dir='ltr'><strong>_Tunc</strong></span> <span class='ocrx_word' id='word_1_301' title='bbox 974 3448 1116 3512; x_wconf 90' lang='lat' dir='ltr'><strong>prior</strong></span> <span class='ocrx_word' id='word_1_302' title='bbox 1145 3447 1378 3498; x_wconf 85' lang='lat' dir='ltr'><strong>Meletius</strong></span> <span class='ocrx_word' id='word_1_303' title='bbox 1401 3462 1414 3498; x_wconf 91' lang='lat'><strong>:</strong></span> <span class='ocrx_word' id='word_1_304' title='bbox 1439 3447 1572 3511; x_wconf 88' lang='lat' dir='ltr'><strong>Quid</strong></span> <span class='ocrx_word' id='word_1_305' title='bbox 1612 3457 1712 3509; x_wconf 87' lang='lat' dir='ltr'><strong>est,</strong></span> <span class='ocrx_word' id='word_1_306' title='bbox 1758 3450 1936 3515; x_wconf 91' lang='lat' dir='ltr'><strong>inquit,</strong></span> <span class='ocrx_word' id='word_1_307' title='bbox 1972 3451 2075 3502; x_wconf 84' lang='lat' dir='ltr'><strong>fra-</strong></span> 
     </span>
    </p>
   </div>
   <div class='ocr_carea' id='block_1_45' title="bbox 539 3512 2074 3584">
    <p class='ocr_par' dir='ltr' id='par_1_45' title="bbox 539 3512 2074 3584">
     <span class='ocr_line' id='line_1_45' title="bbox 539 3512 2074 3584; baseline 0.006 -21"><span class='ocrx_word' id='word_1_308' title='bbox 539 3519 640 3577; x_wconf 91' lang='lat' dir='ltr'><strong>ter,</strong></span> <span class='ocrx_word' id='word_1_309' title='bbox 670 3512 807 3580; x_wconf 90' lang='lat' dir='ltr'><strong>quod</strong></span> <span class='ocrx_word' id='word_1_310' title='bbox 829 3514 1066 3584; x_wconf 80' lang='lat' dir='ltr'><strong>verbum,</strong></span> <span class='ocrx_word' id='word_1_311' title='bbox 1090 3515 1222 3568; x_wconf 85' lang='lat' dir='ltr'><strong>sicut</strong></span> <span class='ocrx_word' id='word_1_312' title='bbox 1245 3515 1397 3567; x_wconf 90' lang='lat' dir='ltr'><strong>docet</strong></span> <span class='ocrx_word' id='word_1_313' title='bbox 1417 3515 1594 3584; x_wconf 77' lang='lat' dir='ltr'><strong>religio</strong></span> <span class='ocrx_word' id='word_1_314' title='bbox 1619 3527 1812 3581; x_wconf 88' lang='lat' dir='ltr'><strong>nostra,</strong></span> <span class='ocrx_word' id='word_1_315' title='bbox 1830 3512 2074 3584; x_wconf 67' lang='lat' dir='ltr'><strong>bla~phc-</strong></span> 
     </span>
    </p>
   </div>
   <div class='ocr_carea' id='block_1_46' title="bbox 539 3583 2078 3655">
    <p class='ocr_par' dir='ltr' id='par_1_46' title="bbox 539 3583 2078 3655">
     <span class='ocr_line' id='line_1_46' title="bbox 539 3583 2078 3655; baseline 0.004 -23"><span class='ocrx_word' id='word_1_316' title='bbox 539 3595 680 3632; x_wconf 90' lang='lat' dir='ltr'><strong>tuum</strong></span> <span class='ocrx_word' id='word_1_317' title='bbox 707 3583 929 3635; x_wconf 83' lang='lat' dir='ltr'><strong>avellere</strong></span> <span class='ocrx_word' id='word_1_318' title='bbox 955 3599 981 3634; x_wconf 91' lang='lat' dir='ltr'><strong>a</strong></span> <span class='ocrx_word' id='word_1_319' title='bbox 1012 3585 1168 3636; x_wconf 90' lang='lat' dir='ltr'><strong>corde</strong></span> <span class='ocrx_word' id='word_1_320' title='bbox 1190 3599 1305 3636; x_wconf 92' lang='lat' dir='ltr'><strong>meo</strong></span> <span class='ocrx_word' id='word_1_321' title='bbox 1327 3583 1564 3655; x_wconf 69' lang='lat' dir='ltr'><strong>llCQllCO?</strong></span> <span class='ocrx_word' id='word_1_322' title='bbox 1591 3586 1661 3638; x_wconf 85' lang='lat' dir='ltr'><strong>Ex</strong></span> <span class='ocrx_word' id='word_1_323' title='bbox 1683 3603 1786 3655; x_wconf 91' lang='lat' dir='ltr'><strong>quo</strong></span> <span class='ocrx_word' id='word_1_324' title='bbox 1809 3583 1956 3640; x_wconf 84' lang='lat' dir='ltr'><strong>enim</strong></span> <span class='ocrx_word' id='word_1_325' title='bbox 1977 3590 2078 3640; x_wconf 87' lang='lat' dir='ltr'><strong>fra-</strong></span> 
     </span>
    </p>
   </div>
   <div class='ocr_carea' id='block_1_47' title="bbox 539 3653 2076 3725">
    <p class='ocr_par' dir='ltr' id='par_1_47' title="bbox 539 3653 2076 3725">
     <span class='ocr_line' id='line_1_47' title="bbox 539 3653 2076 3725; baseline 0.005 -22"><span class='ocrx_word' id='word_1_326' title='bbox 539 3660 668 3725; x_wconf 85' lang='lat' dir='ltr'><strong>trem</strong></span> <span class='ocrx_word' id='word_1_327' title='bbox 697 3668 866 3725; x_wconf 89' lang='lat' dir='ltr'><strong>meum</strong></span> <span class='ocrx_word' id='word_1_328' title='bbox 897 3668 1202 3725; x_wconf 78' lang='lat' dir='ltr'><strong>conversum</strong></span> <span class='ocrx_word' id='word_1_329' title='bbox 1235 3655 1389 3725; x_wconf 79' lang='lat' dir='ltr'><strong>fuisse</strong></span> <span class='ocrx_word' id='word_1_330' title='bbox 1415 3653 1825 3709; x_wconf 78' lang='lat' dir='ltr'><strong>Christianorum</strong></span> <span class='ocrx_word' id='word_1_331' title='bbox 1855 3659 2076 3725; x_wconf 88' lang='lat' dir='ltr'><strong>populus</strong></span> 
     </span>
    </p>
   </div>
   <div class='ocr_carea' id='block_1_48' title="bbox 535 3723 2087 3794">
    <p class='ocr_par' dir='ltr' id='par_1_48' title="bbox 535 3723 2087 3794">
     <span class='ocr_line' id='line_1_48' title="bbox 535 3723 2087 3794; baseline 0.003 -21"><span class='ocrx_word' id='word_1_332' title='bbox 535 3723 854 3794; x_wconf 77' lang='lat' dir='ltr'><strong>inclamavit,</strong></span> <span class='ocrx_word' id='word_1_333' title='bbox 889 3723 1178 3794; x_wconf 83' lang='lat' dir='ltr'><strong>nihilaliud</strong></span> <span class='ocrx_word' id='word_1_334' title='bbox 1210 3723 1346 3794; x_wconf 82' lang='lat' dir='ltr'><strong>mihi</strong></span> <span class='ocrx_word' id='word_1_335' title='bbox 1382 3725 1431 3794; x_wconf 79' lang='lat' dir='ltr'><strong>in</strong></span> <span class='ocrx_word' id='word_1_336' title='bbox 1461 3727 1620 3778; x_wconf 90' lang='lat' dir='ltr'><strong>corde</strong></span> <span class='ocrx_word' id='word_1_337' title='bbox 1647 3723 1956 3794; x_wconf 78' lang='lat' dir='ltr'><strong>suggeritur,</strong></span> <span class='ocrx_word' id='word_1_338' title='bbox 1986 3729 2087 3778; x_wconf 82' lang='lat' dir='ltr'><strong>nisi</strong></span> 
     </span>
    </p>
   </div>
   <div class='ocr_carea' id='block_1_49' title="bbox 536 3791 2091 3864">
    <p class='ocr_par' dir='ltr' id='par_1_49' title="bbox 536 3791 2091 3864">
     <span class='ocr_line' id='line_1_49' title="bbox 536 3791 2091 3864; baseline 0.003 -21"><span class='ocrx_word' id='word_1_339' title='bbox 536 3791 636 3845; x_wconf 83' lang='lat' dir='ltr'><strong>hoc</strong></span> <span class='ocrx_word' id='word_1_340' title='bbox 679 3793 893 3864; x_wconf 83' lang='lat' dir='ltr'><strong>verbum</strong></span> <span class='ocrx_word' id='word_1_341' title='bbox 944 3792 1068 3864; x_wconf 90' lang='lat' dir='ltr'><strong>mihi</strong></span> <span class='ocrx_word' id='word_1_342' title='bbox 1096 3807 1258 3864; x_wconf 88' lang='lat' dir='ltr'><strong>usque</strong></span> <span class='ocrx_word' id='word_1_343' title='bbox 1287 3793 1350 3846; x_wconf 92' lang='lat' dir='ltr'><strong>ad</strong></span> <span class='ocrx_word' id='word_1_344' title='bbox 1380 3791 1519 3864; x_wconf 87' lang='lat' dir='ltr'><strong>hunc</strong></span> <span class='ocrx_word' id='word_1_345' title='bbox 1544 3795 1681 3847; x_wconf 89' lang='lat' dir='ltr'><strong>diem</strong></span> <span class='ocrx_word' id='word_1_346' title='bbox 1711 3791 1913 3862; x_wconf 79' lang='lat' dir='ltr'><strong>petiitus</strong></span> <span class='ocrx_word' id='word_1_347' title='bbox 1943 3799 2091 3864; x_wconf 83' lang='lat' dir='ltr'><strong>igno-</strong></span> 
     </span>
    </p>
   </div>
   <div class='ocr_carea' id='block_1_50' title="bbox 535 3862 2093 3933">
    <p class='ocr_par' dir='ltr' id='par_1_50' title="bbox 535 3862 2093 3933">
     <span class='ocr_line' id='line_1_50' title="bbox 535 3862 2093 3933; baseline 0.004 -21"><span class='ocrx_word' id='word_1_348' title='bbox 535 3871 737 3933; x_wconf 77' lang='lat' dir='ltr'><strong>ratum:</strong></span> <span class='ocrx_word' id='word_1_349' title='bbox 767 3862 996 3933; x_wconf 82' lang='lat' dir='ltr'><strong>Christe,</strong></span> <span class='ocrx_word' id='word_1_350' title='bbox 1027 3862 1076 3912; x_wconf 92' lang='lat' dir='ltr'><strong>in</strong></span> <span class='ocrx_word' id='word_1_351' title='bbox 1109 3863 1317 3933; x_wconf 84' lang='lat' dir='ltr'><strong>nomine</strong></span> <span class='ocrx_word' id='word_1_352' title='bbox 1345 3872 1450 3916; x_wconf 90' lang='lat' dir='ltr'><strong>tuo.</strong></span> <span class='ocrx_word' id='word_1_353' title='bbox 1479 3863 1682 3928; x_wconf 87' lang='lat' dir='ltr'><strong>Quanto</strong></span> <span class='ocrx_word' id='word_1_354' title='bbox 1703 3869 1866 3930; x_wconf 85' lang='lat' dir='ltr'><strong>magis</strong></span> <span class='ocrx_word' id='word_1_355' title='bbox 1887 3862 2093 3933; x_wconf 85' lang='lat' dir='ltr'><strong>pulsare</strong></span> 
     </span>
    </p>
   </div>
   <div class='ocr_carea' id='block_1_51' title="bbox 533 3929 2075 3996">
    <p class='ocr_par' dir='ltr' id='par_1_51' title="bbox 533 3929 2075 3996">
     <span class='ocr_line' id='line_1_51' title="bbox 533 3929 2075 3996; baseline 0.005 -17"><span class='ocrx_word' id='word_1_356' title='bbox 533 3929 635 3979; x_wconf 90' lang='lat' dir='ltr'><strong>hoc</strong></span> <span class='ocrx_word' id='word_1_357' title='bbox 660 3929 725 3996; x_wconf 89' lang='lat' dir='ltr'><strong>ab</strong></span> <span class='ocrx_word' id='word_1_358' title='bbox 752 3930 925 3980; x_wconf 90' lang='lat' dir='ltr'><strong>animo</strong></span> <span class='ocrx_word' id='word_1_359' title='bbox 955 3946 1072 3983; x_wconf 90' lang='lat' dir='ltr'><strong>meo</strong></span> <span class='ocrx_word' id='word_1_360' title='bbox 1122 3929 1275 3996; x_wconf 81' lang='lat' dir='ltr'><strong>nitor,</strong></span> <span class='ocrx_word' id='word_1_361' title='bbox 1324 3944 1464 3986; x_wconf 89' lang='lat' dir='ltr'><strong>tanto</strong></span> <span class='ocrx_word' id='word_1_362' title='bbox 1511 3929 2075 3989; x_wconf 76' lang='lat' dir='ltr'><strong>violentiusteiiacius-</strong></span> 
     </span>
    </p>
   </div>
   <div class='ocr_carea' id='block_1_52' title="bbox 531 3995 2072 4118">
    <p class='ocr_par' dir='ltr' id='par_1_52' title="bbox 531 3995 2072 4118">
     <span class='ocr_line' id='line_1_52' title="bbox 531 3995 2072 4118; baseline 0.01 -73"><span class='ocrx_word' id='word_1_363' title='bbox 531 4012 632 4118; x_wconf 48' lang='grc' dir='ltr'><strong>μηδ</strong></span> <span class='ocrx_word' id='word_1_364' title='bbox 656 3995 969 4051; x_wconf 75' lang='lat' dir='ltr'><strong>inhaerescit.</strong></span> <span class='ocrx_word' id='word_1_365' title='bbox 1024 4000 1100 4052; x_wconf 79' lang='lat' dir='ltr'><strong>Ad</strong></span> <span class='ocrx_word' id='word_1_366' title='bbox 1153 3995 1269 4054; x_wconf 61' lang='lat' dir='ltr'><strong>haec</strong></span> <span class='ocrx_word' id='word_1_367' title='bbox 1308 4003 1675 4054; x_wconf 82' lang='lat' dir='ltr'><strong>lnnOCentius:</strong></span> <span class='ocrx_word' id='word_1_368' title='bbox 1713 4005 1845 4063; x_wconf 75' lang='lat' dir='ltr'><strong>Non.</strong></span> <span class='ocrx_word' id='word_1_369' title='bbox 1889 4008 2072 4074; x_wconf 86' lang='lat' dir='ltr'><strong>inquit,</strong></span> 
     </span>
     <span class='ocr_line' id='line_1_53' title="bbox 556 4067 2072 4118; baseline 0.001 -1"><span class='ocrx_word' id='word_1_370' title='bbox 556 4076 718 4118; x_wconf 88' lang='lat' dir='ltr'><strong>rustra</strong></span> <span class='ocrx_word' id='word_1_371' title='bbox 764 4067 846 4118; x_wconf 83' lang='lat' dir='ltr'><strong>llic</strong></span> <span class='ocrx_word' id='word_1_372' title='bbox 883 4084 1076 4118; x_wconf 84' lang='lat' dir='ltr'><strong>sermo.</strong></span> <span class='ocrx_word' id='word_1_373' title='bbox 1105 4086 1258 4118; x_wconf 78' lang='lat' dir='ltr'><strong>(mem</strong></span> <span class='ocrx_word' id='word_1_374' title='bbox 1289 4088 1379 4118; x_wconf 85' lang='lat' dir='ltr'><strong>cor</strong></span> <span class='ocrx_word' id='word_1_375' title='bbox 1410 4082 1571 4118; x_wconf 83' lang='lat' dir='ltr'><strong>tuum-</strong></span> <span class='ocrx_word' id='word_1_376' title='bbox 1617 4083 1670 4118; x_wconf 84' lang='lat' dir='ltr'><strong>Ill</strong></span> <span class='ocrx_word' id='word_1_377' title='bbox 1697 4076 1830 4118; x_wconf 82' lang='lat' dir='ltr'><strong>amnl</strong></span> <span class='ocrx_word' id='word_1_378' title='bbox 1859 4087 2072 4118; x_wconf 78' lang='lat' dir='ltr'><strong>enm-tm</strong></span> 
     </span>
    </p>
   </div>
   <div class='ocr_carea' id='block_1_53' title="bbox 556 4067 2076 4140">
    <p class='ocr_par' dir='ltr' id='par_1_53' title="bbox 556 4067 2076 4140">
     <span class='ocr_line' id='line_1_54' title="bbox 556 4067 2076 4140; baseline 0.008 -23"><span class='ocrx_word' id='word_1_379' title='bbox 556 4071 728 4140; x_wconf 80' lang='lat' dir='ltr'><strong>rustra</strong></span> <span class='ocrx_word' id='word_1_380' title='bbox 764 4067 846 4140; x_wconf 81' lang='lat' dir='ltr'><strong>llic</strong></span> <span class='ocrx_word' id='word_1_381' title='bbox 883 4084 1076 4132; x_wconf 84' lang='lat' dir='ltr'><strong>sermo,</strong></span> <span class='ocrx_word' id='word_1_382' title='bbox 1105 4086 1258 4138; x_wconf 88' lang='lat' dir='ltr'><strong>qttetn</strong></span> <span class='ocrx_word' id='word_1_383' title='bbox 1289 4088 1379 4122; x_wconf 82' lang='lat' dir='ltr'><strong>eor</strong></span> <span class='ocrx_word' id='word_1_384' title='bbox 1410 4082 1571 4135; x_wconf 86' lang='lat' dir='ltr'><strong>luunt,</strong></span> <span class='ocrx_word' id='word_1_385' title='bbox 1617 4083 1670 4124; x_wconf 88' lang='lat' dir='ltr'><strong>ut</strong></span> <span class='ocrx_word' id='word_1_386' title='bbox 1697 4076 1830 4140; x_wconf 89' lang='lat' dir='ltr'><strong>apud</strong></span> <span class='ocrx_word' id='word_1_387' title='bbox 1859 4067 2076 4129; x_wconf 67' lang='lat' dir='ltr'><strong>cunctos</strong></span> 
     </span>
    </p>
   </div>
   <div class='ocr_carea' id='block_1_54' title="bbox 533 4136 2074 4212">
    <p class='ocr_par' dir='ltr' id='par_1_54' title="bbox 533 4136 2074 4212">
     <span class='ocr_line' id='line_1_55' title="bbox 533 4136 2074 4212; baseline 0.01 -29"><span class='ocrx_word' id='word_1_388' title='bbox 533 4136 951 4212; x_wconf 69' lang='lat' dir='ltr'><strong>probatissimum</strong></span> <span class='ocrx_word' id='word_1_389' title='bbox 979 4148 1078 4200; x_wconf 88' lang='lat' dir='ltr'><strong>est,</strong></span> <span class='ocrx_word' id='word_1_390' title='bbox 1109 4136 1258 4212; x_wconf 82' lang='lat' dir='ltr'><strong>antea</strong></span> <span class='ocrx_word' id='word_1_391' title='bbox 1293 4158 1386 4193; x_wconf 88' lang='lat' dir='ltr'><strong>nec</strong></span> <span class='ocrx_word' id='word_1_392' title='bbox 1420 4144 1681 4209; x_wconf 72' lang='lat' dir='ltr'><strong>cogitavit,</strong></span> <span class='ocrx_word' id='word_1_393' title='bbox 1724 4136 1819 4196; x_wconf 83' lang='lat' dir='ltr'><strong>nec</strong></span> <span class='ocrx_word' id='word_1_394' title='bbox 1849 4161 2074 4212; x_wconf 88' lang='lat' dir='ltr'><strong>unquam</strong></span> 
     </span>
    </p>
   </div>
   <div class='ocr_carea' id='block_1_55' title="bbox 534 4207 2074 4281">
    <p class='ocr_par' dir='ltr' id='par_1_55' title="bbox 534 4207 2074 4281">
     <span class='ocr_line' id='line_1_56' title="bbox 534 4207 2074 4281; baseline 0.008 -27"><span class='ocrx_word' id='word_1_395' title='bbox 534 4207 762 4281; x_wconf 75' lang='lat' dir='ltr'><strong>protulit,</strong></span> <span class='ocrx_word' id='word_1_396' title='bbox 807 4207 888 4281; x_wconf 85' lang='lat' dir='ltr'><strong>hic</strong></span> <span class='ocrx_word' id='word_1_397' title='bbox 931 4211 1224 4281; x_wconf 66' lang='lat' dir='ltr'><strong>prtesertim</strong></span> <span class='ocrx_word' id='word_1_398' title='bbox 1276 4212 1432 4264; x_wconf 84' lang='lat' dir='ltr'><strong>tuenti</strong></span> <span class='ocrx_word' id='word_1_399' title='bbox 1479 4207 1598 4274; x_wconf 68' lang='lat' dir='ltr'><strong>tice,</strong></span> <span class='ocrx_word' id='word_1_400' title='bbox 1632 4220 1686 4263; x_wconf 92' lang='lat' dir='ltr'><strong>ut</strong></span> <span class='ocrx_word' id='word_1_401' title='bbox 1717 4207 2074 4277; x_wconf 40' lang='lat' dir='ltr'><strong>asserisftam</strong></span> 
     </span>
    </p>
   </div>
   <div class='ocr_carea' id='block_1_56' title="bbox 532 4273 2078 4339">
    <p class='ocr_par' dir='ltr' id='par_1_56' title="bbox 532 4273 2078 4339">
     <span class='ocr_line' id='line_1_57' title="bbox 532 4273 2078 4339; baseline 0.01 -16"><span class='ocrx_word' id='word_1_402' title='bbox 532 4273 784 4327; x_wconf 87' lang='lat' dir='ltr'><strong>violenter</strong></span> <span class='ocrx_word' id='word_1_403' title='bbox 809 4273 1031 4329; x_wconf 49' lang='lat' dir='ltr'><strong>ittsctitus</strong></span> <span class='ocrx_word' id='word_1_404' title='bbox 1052 4287 1131 4331; x_wconf 81' lang='lat' dir='ltr'><strong>est</strong></span> <span class='ocrx_word' id='word_1_405' title='bbox 1165 4297 1176 4331; x_wconf 90' lang='lat'><strong>:</strong></span> <span class='ocrx_word' id='word_1_406' title='bbox 1211 4280 1305 4332; x_wconf 89' lang='lat' dir='ltr'><strong>hoc</strong></span> <span class='ocrx_word' id='word_1_407' title='bbox 1332 4297 1394 4332; x_wconf 83' lang='lat' dir='ltr'><strong>ex</strong></span> <span class='ocrx_word' id='word_1_408' title='bbox 1425 4281 1530 4332; x_wconf 89' lang='lat' dir='ltr'><strong>Deo</strong></span> <span class='ocrx_word' id='word_1_409' title='bbox 1559 4296 1676 4333; x_wconf 85' lang='lat' dir='ltr'><strong>esse</strong></span> <span class='ocrx_word' id='word_1_410' title='bbox 1700 4273 1941 4336; x_wconf 81' lang='lat' dir='ltr'><strong>arbitror.</strong></span> <span class='ocrx_word' id='word_1_411' title='bbox 1977 4285 2078 4339; x_wconf 85' lang='lat' dir='ltr'><strong>Ve-</strong></span> 
     </span>
    </p>
   </div>
   <div class='ocr_carea' id='block_1_57' title="bbox 532 4347 2073 4420">
    <p class='ocr_par' dir='ltr' id='par_1_57' title="bbox 532 4347 2073 4420">
     <span class='ocr_line' id='line_1_58' title="bbox 532 4347 2073 4420; baseline 0.006 -28"><span class='ocrx_word' id='word_1_412' title='bbox 532 4347 1071 4420; x_wconf 77' lang='lat' dir='ltr'><strong>rumtamenelabora,</strong></span> <span class='ocrx_word' id='word_1_413' title='bbox 1095 4348 1335 4420; x_wconf 82' lang='lat' dir='ltr'><strong>obsecro,</strong></span> <span class='ocrx_word' id='word_1_414' title='bbox 1371 4358 1422 4420; x_wconf 90' lang='lat' dir='ltr'><strong>et</strong></span> <span class='ocrx_word' id='word_1_415' title='bbox 1457 4350 1642 4401; x_wconf 87' lang='lat' dir='ltr'><strong>fabulis</strong></span> <span class='ocrx_word' id='word_1_416' title='bbox 1673 4351 1753 4404; x_wconf 89' lang='lat' dir='ltr'><strong>bis</strong></span> <span class='ocrx_word' id='word_1_417' title='bbox 1779 4352 2073 4420; x_wconf 67' lang='lat' dir='ltr'><strong>declinatis,</strong></span> 
     </span>
    </p>
   </div>
   <div class='ocr_carea' id='block_1_58' title="bbox 534 4412 2075 4486">
    <p class='ocr_par' dir='ltr' id='par_1_58' title="bbox 534 4412 2075 4486">
     <span class='ocr_line' id='line_1_59' title="bbox 534 4412 2075 4486; baseline 0.01 -26"><span class='ocrx_word' id='word_1_418' title='bbox 534 4412 1002 4486; x_wconf 75' lang='lat' dir='ltr'><strong>interpellatimieni</strong></span> <span class='ocrx_word' id='word_1_419' title='bbox 1035 4417 1266 4469; x_wconf 69' lang='lat' dir='ltr'><strong>molesta:</strong></span> <span class='ocrx_word' id='word_1_420' title='bbox 1306 4419 1636 4482; x_wconf 66' lang='lat' dir='ltr'><strong>cogitationis</strong></span> <span class='ocrx_word' id='word_1_421' title='bbox 1677 4423 1898 4486; x_wconf 85' lang='lat' dir='ltr'><strong>expelle.</strong></span> <span class='ocrx_word' id='word_1_422' title='bbox 1929 4412 2075 4476; x_wconf 79' lang='lat' dir='ltr'><strong>&#39;l‘unc</strong></span> 
     </span>
    </p>
   </div>
   <div class='ocr_carea' id='block_1_59' title="bbox 530 4479 2076 4561">
    <p class='ocr_par' dir='ltr' id='par_1_59' title="bbox 530 4479 2076 4561">
     <span class='ocr_line' id='line_1_60' title="bbox 530 4479 2076 4561; baseline 0.009 -29"><span class='ocrx_word' id='word_1_423' title='bbox 530 4479 768 4534; x_wconf 72' lang='lat' dir='ltr'><strong>Meletius</strong></span> <span class='ocrx_word' id='word_1_424' title='bbox 793 4485 860 4561; x_wconf 75' lang='lat' dir='ltr'><strong>ita</strong></span> <span class='ocrx_word' id='word_1_425' title='bbox 887 4485 1189 4552; x_wconf 68' lang='lat' dir='ltr'><strong>obstrepere</strong></span> <span class='ocrx_word' id='word_1_426' title='bbox 1219 4499 1269 4540; x_wconf 91' lang='lat' dir='ltr'><strong>et</strong></span> <span class='ocrx_word' id='word_1_427' title='bbox 1300 4479 1528 4540; x_wconf 83' lang='lat' dir='ltr'><strong>confusis</strong></span> <span class='ocrx_word' id='word_1_428' title='bbox 1556 4479 1869 4561; x_wconf 84' lang='lat' dir='ltr'><strong>clamoribus</strong></span> <span class='ocrx_word' id='word_1_429' title='bbox 1897 4507 2076 4561; x_wconf 84' lang='lat' dir='ltr'><strong>perso-</strong></span> 
     </span>
    </p>
   </div>
   <div class='ocr_carea' id='block_1_60' title="bbox 532 4554 2076 4618">
    <p class='ocr_par' dir='ltr' id='par_1_60' title="bbox 532 4554 2076 4618">
     <span class='ocr_line' id='line_1_61' title="bbox 532 4554 2076 4618; baseline 0.008 -18"><span class='ocrx_word' id='word_1_430' title='bbox 532 4566 653 4603; x_wconf 82' lang='lat' dir='ltr'><strong>nare</strong></span> <span class='ocrx_word' id='word_1_431' title='bbox 681 4554 856 4618; x_wconf 69' lang='lat' dir='ltr'><strong>cuqiit,</strong></span> <span class='ocrx_word' id='word_1_432' title='bbox 885 4564 935 4606; x_wconf 90' lang='grc' dir='ltr'><strong>ιιι</strong></span> <span class='ocrx_word' id='word_1_433' title='bbox 965 4571 1081 4607; x_wconf 89' lang='lat' dir='ltr'><strong>eum</strong></span> <span class='ocrx_word' id='word_1_434' title='bbox 1124 4572 1243 4608; x_wconf 92' lang='lat' dir='ltr'><strong>cum</strong></span> <span class='ocrx_word' id='word_1_435' title='bbox 1274 4574 1364 4609; x_wconf 82' lang='lat' dir='ltr'><strong>sua</strong></span> <span class='ocrx_word' id='word_1_436' title='bbox 1409 4568 1584 4611; x_wconf 90' lang='lat' dir='ltr'><strong>mente</strong></span> <span class='ocrx_word' id='word_1_437' title='bbox 1629 4559 1830 4618; x_wconf 82' lang='lat' dir='ltr'><strong>luctari,</strong></span> <span class='ocrx_word' id='word_1_438' title='bbox 1861 4554 1960 4612; x_wconf 74' lang='lat' dir='ltr'><strong>non</strong></span> <span class='ocrx_word' id='word_1_439' title='bbox 1990 4578 2076 4614; x_wconf 82' lang='lat' dir='ltr'><strong>so-</strong></span> 
     </span>
    </p>
   </div>
   <div class='ocr_carea' id='block_1_61' title="bbox 531 4619 2074 4695">
    <p class='ocr_par' dir='ltr' id='par_1_61' title="bbox 531 4619 2074 4695">
     <span class='ocr_line' id='line_1_62' title="bbox 531 4619 2074 4695; baseline 0.009 -25"><span class='ocrx_word' id='word_1_440' title='bbox 531 4619 634 4695; x_wconf 78' lang='lat' dir='ltr'><strong>lum</strong></span> <span class='ocrx_word' id='word_1_441' title='bbox 666 4623 872 4695; x_wconf 85' lang='lat' dir='ltr'><strong>nutibus</strong></span> <span class='ocrx_word' id='word_1_442' title='bbox 901 4626 1092 4685; x_wconf 82' lang='lat' dir='ltr'><strong>vultus,</strong></span> <span class='ocrx_word' id='word_1_443' title='bbox 1124 4627 1213 4678; x_wconf 88' lang='lat' dir='ltr'><strong>sed</strong></span> <span class='ocrx_word' id='word_1_444' title='bbox 1241 4627 1394 4679; x_wconf 87' lang='lat' dir='ltr'><strong>etiam</strong></span> <span class='ocrx_word' id='word_1_445' title='bbox 1429 4630 1585 4679; x_wconf 85' lang='lat' dir='ltr'><strong>totius</strong></span> <span class='ocrx_word' id='word_1_446' title='bbox 1626 4630 1860 4695; x_wconf 89' lang='lat' dir='ltr'><strong>corporis</strong></span> <span class='ocrx_word' id='word_1_447' title='bbox 1884 4631 2074 4684; x_wconf 82' lang='lat' dir='ltr'><strong>indicio</strong></span> 
     </span>
    </p>
   </div>
   <div class='ocr_carea' id='block_1_62' title="bbox 531 4687 2074 4766">
    <p class='ocr_par' dir='ltr' id='par_1_62' title="bbox 531 4687 2074 4766">
     <span class='ocr_line' id='line_1_63' title="bbox 531 4687 2074 4766; baseline 0.009 -26"><span class='ocrx_word' id='word_1_448' title='bbox 531 4687 1156 4766; x_wconf 81' lang='lat' dir='ltr'><strong>Innocentiuscerneret.</strong></span> <span class='ocrx_word' id='word_1_449' title='bbox 1211 4695 1356 4760; x_wconf 83' lang='lat' dir='ltr'><strong>Quod</strong></span> <span class='ocrx_word' id='word_1_450' title='bbox 1404 4687 1738 4765; x_wconf 77' lang='lat' dir='ltr'><strong>posteaquam</strong></span> <span class='ocrx_word' id='word_1_451' title='bbox 1779 4715 1844 4752; x_wconf 91' lang='lat' dir='ltr'><strong>ne</strong></span> <span class='ocrx_word' id='word_1_452' title='bbox 1893 4715 2074 4766; x_wconf 89' lang='lat' dir='ltr'><strong>parum</strong></span> 
     </span>
    </p>
   </div>
   <div class='ocr_carea' id='block_1_63' title="bbox 528 4761 2076 4833">
    <p class='ocr_par' dir='ltr' id='par_1_63' title="bbox 528 4761 2076 4833">
     <span class='ocr_line' id='line_1_64' title="bbox 528 4761 2076 4833; baseline 0.01 -25"><span class='ocrx_word' id='word_1_453' title='bbox 528 4761 734 4833; x_wconf 84' lang='lat' dir='ltr'><strong>quidem</strong></span> <span class='ocrx_word' id='word_1_454' title='bbox 769 4765 1016 4833; x_wconf 83' lang='lat' dir='ltr'><strong>prolicere</strong></span> <span class='ocrx_word' id='word_1_455' title='bbox 1043 4765 1316 4825; x_wconf 83' lang='lat' dir='ltr'><strong>intellexit,</strong></span> <span class='ocrx_word' id='word_1_456' title='bbox 1343 4761 1616 4833; x_wconf 74' lang='lat' dir='ltr'><strong>etadjecit</strong></span> <span class='ocrx_word' id='word_1_457' title='bbox 1642 4769 1797 4819; x_wconf 88' lang='lat' dir='ltr'><strong>etiam</strong></span> <span class='ocrx_word' id='word_1_458' title='bbox 1843 4761 1990 4833; x_wconf 87' lang='lat' dir='ltr'><strong>illud,</strong></span> <span class='ocrx_word' id='word_1_459' title='bbox 2020 4779 2076 4823; x_wconf 91' lang='lat' dir='ltr'><strong>ut</strong></span> 
     </span>
    </p>
   </div>
   <div class='ocr_carea' id='block_1_64' title="bbox 532 4829 2075 4905">
    <p class='ocr_par' dir='ltr' id='par_1_64' title="bbox 532 4829 2075 4905">
     <span class='ocr_line' id='line_1_65' title="bbox 532 4829 2075 4905; baseline 0.011 -30"><span class='ocrx_word' id='word_1_460' title='bbox 532 4845 605 4876; x_wconf 69' lang='grc' dir='ltr'>ιρι</span> <span class='ocrx_word' id='word_1_461' title='bbox 624 4829 682 4905; x_wconf 61' lang='lat' dir='ltr'><strong>lia</strong></span> <span class='ocrx_word' id='word_1_462' title='bbox 705 4832 938 4896; x_wconf 70' lang='lat' dir='ltr'><strong>qumdam</strong></span> <span class='ocrx_word' id='word_1_463' title='bbox 969 4836 1181 4905; x_wconf 74' lang='lat' dir='ltr'><strong>profana</strong></span> <span class='ocrx_word' id='word_1_464' title='bbox 1211 4845 1258 4887; x_wconf 91' lang='lat' dir='ltr'><strong>et</strong></span> <span class='ocrx_word' id='word_1_465' title='bbox 1294 4837 1460 4902; x_wconf 92' lang='lat' dir='ltr'><strong>turpia</strong></span> <span class='ocrx_word' id='word_1_466' title='bbox 1486 4829 1826 4903; x_wconf 47' lang='lat' dir='ltr'><strong>&#39;loqueretur,</strong></span> <span class='ocrx_word' id='word_1_467' title='bbox 1855 4848 1908 4890; x_wconf 92' lang='lat' dir='ltr'><strong>et</strong></span> <span class='ocrx_word' id='word_1_468' title='bbox 1937 4829 2075 4892; x_wconf 87' lang='lat' dir='ltr'><strong>nunc</strong></span> 
     </span>
    </p>
   </div>
   <div class='ocr_carea' id='block_1_65' title="bbox 529 4898 2073 4973">
    <p class='ocr_par' dir='ltr' id='par_1_65' title="bbox 529 4898 2073 4973">
     <span class='ocr_line' id='line_1_66' title="bbox 529 4898 2073 4973; baseline 0.01 -26"><span class='ocrx_word' id='word_1_469' title='bbox 529 4898 737 4949; x_wconf 87' lang='lat' dir='ltr'><strong>naribus</strong></span> <span class='ocrx_word' id='word_1_470' title='bbox 762 4898 1048 4965; x_wconf 69' lang='lat' dir='ltr'><strong>corrugatis</strong></span> <span class='ocrx_word' id='word_1_471' title='bbox 1065 4919 1237 4955; x_wconf 90' lang='lat' dir='ltr'><strong>aerem</strong></span> <span class='ocrx_word' id='word_1_472' title='bbox 1261 4898 1479 4956; x_wconf 78' lang='lat' dir='ltr'><strong>sorbens</strong></span> <span class='ocrx_word' id='word_1_473' title='bbox 1502 4898 1805 4958; x_wconf 75' lang='lat' dir='ltr'><strong>inhonestos</strong></span> <span class='ocrx_word' id='word_1_474' title='bbox 1827 4909 2073 4973; x_wconf 88' lang='lat' dir='ltr'><strong>strepitus</strong></span> 
     </span>
    </p>
   </div>
   <div class='ocr_carea' id='block_1_66' title="bbox 529 4973 2076 5038">
    <p class='ocr_par' dir='ltr' id='par_1_66' title="bbox 529 4973 2076 5038">
     <span class='ocr_line' id='line_1_67' title="bbox 529 4973 2076 5038; baseline 0.01 -24"><span class='ocrx_word' id='word_1_475' title='bbox 529 4979 807 5038; x_wconf 77' lang='lat' dir='ltr'><strong>promeret,</strong></span> <span class='ocrx_word' id='word_1_476' title='bbox 836 4987 968 5023; x_wconf 89' lang='lat' dir='ltr'><strong>nunc</strong></span> <span class='ocrx_word' id='word_1_477' title='bbox 997 4973 1168 5024; x_wconf 87' lang='lat' dir='ltr'><strong>fetidis</strong></span> <span class='ocrx_word' id='word_1_478' title='bbox 1189 4975 1378 5025; x_wconf 86' lang='lat' dir='ltr'><strong>risibus</strong></span> <span class='ocrx_word' id='word_1_479' title='bbox 1398 4975 1825 5038; x_wconf 87' lang='lat' dir='ltr'><strong>cachinnaretur;</strong></span> <span class='ocrx_word' id='word_1_480' title='bbox 1848 4977 1938 5028; x_wconf 89' lang='lat' dir='ltr'><strong>sed</strong></span> <span class='ocrx_word' id='word_1_481' title='bbox 1965 4977 2076 5030; x_wconf 80' lang='lat' dir='ltr'><strong>ha-c</strong></span> 
     </span>
    </p>
   </div>
   <div class='ocr_carea' id='block_1_67' title="bbox 525 5037 2076 5112">
    <p class='ocr_par' dir='ltr' id='par_1_67' title="bbox 525 5037 2076 5112">
     <span class='ocr_line' id='line_1_68' title="bbox 525 5037 2076 5112; baseline 0.01 -29"><span class='ocrx_word' id='word_1_482' title='bbox 525 5037 589 5112; x_wconf 82' lang='lat' dir='ltr'><strong>ah</strong></span> <span class='ocrx_word' id='word_1_483' title='bbox 635 5039 810 5112; x_wconf 83' lang='lat' dir='ltr'><strong>animo</strong></span> <span class='ocrx_word' id='word_1_484' title='bbox 840 5039 966 5112; x_wconf 85' lang='lat' dir='ltr'><strong>_ejus</strong></span> <span class='ocrx_word' id='word_1_485' title='bbox 1006 5058 1193 5093; x_wconf 84' lang='lat' dir='ltr'><strong>notncn</strong></span> <span class='ocrx_word' id='word_1_486' title='bbox 1238 5044 1426 5112; x_wconf 83' lang='lat' dir='ltr'><strong>Christi</strong></span> <span class='ocrx_word' id='word_1_487' title='bbox 1474 5037 2076 5112; x_wconf 81' lang='lat' dir='ltr'><strong>exstinguerenequivit</strong></span> 
     </span>
    </p>
   </div>
   <div class='ocr_carea' id='block_1_68' title="bbox 527 5105 2076 5183">
    <p class='ocr_par' dir='ltr' id='par_1_68' title="bbox 527 5105 2076 5183">
     <span class='ocr_line' id='line_1_69' title="bbox 527 5105 2076 5183; baseline 0.008 -28"><span class='ocrx_word' id='word_1_488' title='bbox 527 5105 744 5168; x_wconf 83' lang='lat' dir='ltr'><strong>insania,</strong></span> <span class='ocrx_word' id='word_1_489' title='bbox 767 5105 889 5172; x_wconf 88' lang='lat' dir='ltr'><strong>quia</strong></span> <span class='ocrx_word' id='word_1_490' title='bbox 907 5109 1249 5183; x_wconf 79' lang='lat' dir='ltr'><strong>jamcunctas</strong></span> <span class='ocrx_word' id='word_1_491' title='bbox 1274 5111 1387 5183; x_wconf 86' lang='lat' dir='ltr'><strong>ejus</strong></span> <span class='ocrx_word' id='word_1_492' title='bbox 1408 5105 1671 5183; x_wconf 72' lang='lat' dir='ltr'><strong>medullas</strong></span> <span class='ocrx_word' id='word_1_493' title='bbox 1685 5105 2076 5183; x_wconf 53' lang='lat' dir='ltr'><strong>Sanitatis&#39;iguis</strong></span> 
     </span>
    </p>
   </div>
   <div class='ocr_carea' id='block_1_69' title="bbox 526 5179 2074 5247">
    <p class='ocr_par' dir='ltr' id='par_1_69' title="bbox 526 5179 2074 5247">
     <span class='ocr_line' id='line_1_70' title="bbox 526 5179 2074 5247; baseline 0.008 -25"><span class='ocrx_word' id='word_1_494' title='bbox 526 5184 828 5239; x_wconf 80' lang='lat' dir='ltr'><strong>pervaserat</strong></span> <span class='ocrx_word' id='word_1_495' title='bbox 860 5193 871 5226; x_wconf 84' lang='lat'><strong>:</strong></span> <span class='ocrx_word' id='word_1_496' title='bbox 900 5179 1030 5240; x_wconf 77' lang='lat' dir='ltr'><strong>Quid</strong></span> <span class='ocrx_word' id='word_1_497' title='bbox 1076 5196 1232 5246; x_wconf 80' lang='lat' dir='ltr'><strong>ergo,</strong></span> <span class='ocrx_word' id='word_1_498' title='bbox 1276 5182 1461 5247; x_wconf 84' lang='lat' dir='ltr'><strong>inquit,</strong></span> <span class='ocrx_word' id='word_1_499' title='bbox 1507 5181 1768 5232; x_wconf 83' lang='lat' dir='ltr'><strong>Innocenti</strong></span> <span class='ocrx_word' id='word_1_500' title='bbox 1811 5179 1987 5244; x_wconf 56' lang='lat' dir='ltr'><strong>frater,</strong></span> <span class='ocrx_word' id='word_1_501' title='bbox 2023 5185 2074 5234; x_wconf 87' lang='lat' dir='ltr'><strong>iu</strong></span> 
     </span>
    </p>
   </div>
   <div class='ocr_carea' id='block_1_70' title="bbox 524 5248 2072 5304">
    <p class='ocr_par' dir='ltr' id='par_1_70' title="bbox 524 5248 2072 5304">
     <span class='ocr_line' id='line_1_71' title="bbox 524 5248 2072 5304; baseline 0.006 -10"><span class='ocrx_word' id='word_1_502' title='bbox 524 5254 841 5297; x_wconf 82' lang='lat' dir='ltr'><strong>contrarium</strong></span> <span class='ocrx_word' id='word_1_503' title='bbox 872 5248 1023 5298; x_wconf 85' lang='lat' dir='ltr'><strong>verba</strong></span> <span class='ocrx_word' id='word_1_504' title='bbox 1067 5249 1158 5299; x_wconf 82' lang='lat' dir='ltr'><strong>ista</strong></span> <span class='ocrx_word' id='word_1_505' title='bbox 1197 5251 1507 5300; x_wconf 64' lang='lat' dir='ltr'><strong>avertuntur?</strong></span> <span class='ocrx_word' id='word_1_506' title='bbox 1553 5250 1904 5303; x_wconf 77' lang='lat' dir='ltr'><strong>Abolitioncm</strong></span> <span class='ocrx_word' id='word_1_507' title='bbox 1948 5254 2072 5304; x_wconf 89' lang='lat' dir='ltr'><strong>mihi</strong></span> 
     </span>
    </p>
   </div>
   <div class='ocr_carea' id='block_1_71' title="bbox 528 5315 2077 5386">
    <p class='ocr_par' dir='ltr' id='par_1_71' title="bbox 528 5315 2077 5386">
     <span class='ocr_line' id='line_1_72' title="bbox 528 5315 2077 5386; baseline 0.007 -24"><span class='ocrx_word' id='word_1_508' title='bbox 528 5315 750 5365; x_wconf 85' lang='lat' dir='ltr'><strong>nominis</strong></span> <span class='ocrx_word' id='word_1_509' title='bbox 784 5315 972 5366; x_wconf 69' lang='lat' dir='ltr'><strong>Chri~ti</strong></span> <span class='ocrx_word' id='word_1_510' title='bbox 1010 5334 1103 5368; x_wconf 84' lang='lat' dir='ltr'><strong>nec</strong></span> <span class='ocrx_word' id='word_1_511' title='bbox 1135 5319 1446 5369; x_wconf 80' lang='lat' dir='ltr'><strong>scurrilitate</strong></span> <span class='ocrx_word' id='word_1_512' title='bbox 1489 5321 1786 5380; x_wconf 85' lang='lat' dir='ltr'><strong>verborum,</strong></span> <span class='ocrx_word' id='word_1_513' title='bbox 1819 5336 1912 5371; x_wconf 84' lang='lat' dir='ltr'><strong>nec</strong></span> <span class='ocrx_word' id='word_1_514' title='bbox 1952 5322 2077 5386; x_wconf 83' lang='lat' dir='ltr'><strong>ipsis</strong></span> 
     </span>
    </p>
   </div>
   <div class='ocr_carea' id='block_1_72' title="bbox 527 5386 2072 5454">
    <p class='ocr_par' dir='ltr' id='par_1_72' title="bbox 527 5386 2072 5454">
     <span class='ocr_line' id='line_1_73' title="bbox 527 5386 2072 5454; baseline 0.008 -24"><span class='ocrx_word' id='word_1_515' title='bbox 527 5397 749 5454; x_wconf 60' lang='lat' dir='ltr'><strong>possum</strong></span> <span class='ocrx_word' id='word_1_516' title='bbox 783 5386 1012 5438; x_wconf 65' lang='lat' dir='ltr'><strong>obscoeni</strong></span> <span class='ocrx_word' id='word_1_517' title='bbox 1067 5388 1268 5438; x_wconf 85' lang='lat' dir='ltr'><strong>sonitus</strong></span> <span class='ocrx_word' id='word_1_518' title='bbox 1314 5397 1628 5451; x_wconf 85' lang='lat' dir='ltr'><strong>extorquere</strong></span> <span class='ocrx_word' id='word_1_519' title='bbox 1679 5388 2015 5454; x_wconf 81' lang='lat' dir='ltr'><strong>blasphemits</strong></span> <span class='ocrx_word' id='word_1_520' title='bbox 2060 5407 2072 5442; x_wconf 92' lang='lat'>:</span> 
     </span>
    </p>
   </div>
   <div class='ocr_carea' id='block_1_73' title="bbox 525 5451 2075 5522">
    <p class='ocr_par' dir='ltr' id='par_1_73' title="bbox 525 5451 2075 5522">
     <span class='ocr_line' id='line_1_74' title="bbox 525 5451 2075 5522; baseline 0.008 -24"><span class='ocrx_word' id='word_1_521' title='bbox 525 5451 659 5522; x_wconf 83' lang='lat' dir='ltr'><strong>aliud</strong></span> <span class='ocrx_word' id='word_1_522' title='bbox 711 5452 963 5517; x_wconf 82' lang='lat' dir='ltr'><strong>siquidem</strong></span> <span class='ocrx_word' id='word_1_523' title='bbox 1006 5455 1129 5506; x_wconf 87' lang='lat' dir='ltr'><strong>mihi</strong></span> <span class='ocrx_word' id='word_1_524' title='bbox 1173 5456 1316 5506; x_wconf 85' lang='lat' dir='ltr'><strong>reddi</strong></span> <span class='ocrx_word' id='word_1_525' title='bbox 1353 5458 1542 5516; x_wconf 81' lang='lat' dir='ltr'><strong>Sentio,</strong></span> <span class='ocrx_word' id='word_1_526' title='bbox 1588 5457 1724 5522; x_wconf 87' lang='lat' dir='ltr'><strong>quod</strong></span> <span class='ocrx_word' id='word_1_527' title='bbox 1753 5451 1926 5508; x_wconf 83' lang='lat' dir='ltr'><strong>cordis</strong></span> <span class='ocrx_word' id='word_1_528' title='bbox 1976 5459 2075 5510; x_wconf 82' lang='grc' dir='ltr'>ιιιυί</span> 
     </span>
    </p>
   </div>
   <div class='ocr_carea' id='block_1_74' title="bbox 525 5521 2074 5588">
    <p class='ocr_par' dir='ltr' id='par_1_74' title="bbox 525 5521 2074 5588">
     <span class='ocr_line' id='line_1_75' title="bbox 525 5521 2074 5588; baseline 0.006 -20"><span class='ocrx_word' id='word_1_529' title='bbox 525 5521 756 5578; x_wconf 81' lang='lat' dir='ltr'><strong>auribus,</strong></span> <span class='ocrx_word' id='word_1_530' title='bbox 790 5538 916 5588; x_wconf 79' lang='lat' dir='ltr'><strong>quas</strong></span> <span class='ocrx_word' id='word_1_531' title='bbox 949 5524 1136 5576; x_wconf 85' lang='lat' dir='ltr'><strong>frustra</strong></span> <span class='ocrx_word' id='word_1_532' title='bbox 1167 5525 1442 5575; x_wconf 75' lang='lat' dir='ltr'><strong>obstruere</strong></span> <span class='ocrx_word' id='word_1_533' title='bbox 1477 5521 1632 5584; x_wconf 71' lang='lat' dir='ltr'><strong>nitor,</strong></span> <span class='ocrx_word' id='word_1_534' title='bbox 1663 5525 1854 5577; x_wconf 82' lang='lat' dir='ltr'><strong>Christi</strong></span> <span class='ocrx_word' id='word_1_535' title='bbox 1884 5543 2074 5578; x_wconf 87' lang='lat' dir='ltr'><strong>nomen</strong></span> 
     </span>
    </p>
   </div>
   <div class='ocr_carea' id='block_1_75' title="bbox 526 5591 2076 5651">
    <p class='ocr_par' dir='ltr' id='par_1_75' title="bbox 526 5591 2076 5651">
     <span class='ocr_line' id='line_1_76' title="bbox 526 5591 2076 5651; baseline 0.006 -13"><span class='ocrx_word' id='word_1_536' title='bbox 526 5591 761 5651; x_wconf 77' lang='lat' dir='ltr'><strong>ingerere</strong></span> <span class='ocrx_word' id='word_1_537' title='bbox 787 5591 1074 5644; x_wconf 70' lang='lat' dir='ltr'><strong>incessabili</strong></span> <span class='ocrx_word' id='word_1_538' title='bbox 1112 5594 1339 5645; x_wconf 81' lang='lat' dir='ltr'><strong>clamore</strong></span> <span class='ocrx_word' id='word_1_539' title='bbox 1370 5609 1471 5644; x_wconf 89' lang='lat' dir='ltr'><strong>non</strong></span> <span class='ocrx_word' id='word_1_540' title='bbox 1499 5594 1706 5645; x_wconf 79' lang='lat' dir='ltr'><strong>desiuit.</strong></span> <span class='ocrx_word' id='word_1_541' title='bbox 1752 5595 1842 5646; x_wconf 88' lang='lat' dir='ltr'><strong>llis</strong></span> <span class='ocrx_word' id='word_1_542' title='bbox 1887 5596 2076 5648; x_wconf 86' lang='lat' dir='ltr'><strong>Meletii</strong></span> 
     </span>
    </p>
   </div>
   <div class='ocr_carea' id='block_1_76' title="bbox 524 5657 2078 5716">
    <p class='ocr_par' dir='ltr' id='par_1_76' title="bbox 524 5657 2078 5716">
     <span class='ocr_line' id='line_1_77' title="bbox 524 5657 2078 5716; baseline 0.004 -9"><span class='ocrx_word' id='word_1_543' title='bbox 524 5657 698 5708; x_wconf 86' lang='lat' dir='ltr'><strong>verbis</strong></span> <span class='ocrx_word' id='word_1_544' title='bbox 727 5658 843 5708; x_wconf 77' lang='lat' dir='ltr'><strong>talia</strong></span> <span class='ocrx_word' id='word_1_545' title='bbox 878 5661 1203 5714; x_wconf 82' lang='lat' dir='ltr'><strong>Innocentius</strong></span> <span class='ocrx_word' id='word_1_546' title='bbox 1226 5662 1433 5715; x_wconf 90' lang='lat' dir='ltr'><strong>retulit:</strong></span> <span class='ocrx_word' id='word_1_547' title='bbox 1457 5662 1686 5714; x_wconf 75' lang='lat' dir='ltr'><strong>Fratrem</strong></span> <span class='ocrx_word' id='word_1_548' title='bbox 1713 5679 1884 5716; x_wconf 89' lang='lat' dir='ltr'><strong>meum</strong></span> <span class='ocrx_word' id='word_1_549' title='bbox 1903 5665 2078 5716; x_wconf 86' lang='lat' dir='ltr'><strong>Theo-</strong></span> 
     </span>
    </p>
   </div>
   <div class='ocr_carea' id='block_1_77' title="bbox 521 5725 2078 5796">
    <p class='ocr_par' dir='ltr' id='par_1_77' title="bbox 521 5725 2078 5796">
     <span class='ocr_line' id='line_1_78' title="bbox 521 5725 2078 5796; baseline 0.006 -20"><span class='ocrx_word' id='word_1_550' title='bbox 521 5726 709 5776; x_wconf 83' lang='lat' dir='ltr'><strong>dorum</strong></span> <span class='ocrx_word' id='word_1_551' title='bbox 737 5725 990 5792; x_wconf 85' lang='lat' dir='ltr'><strong>doctrina,</strong></span> <span class='ocrx_word' id='word_1_552' title='bbox 1015 5731 1210 5784; x_wconf 89' lang='lat' dir='ltr'><strong>honore</strong></span> <span class='ocrx_word' id='word_1_553' title='bbox 1230 5744 1282 5783; x_wconf 88' lang='lat' dir='ltr'><strong>et</strong></span> <span class='ocrx_word' id='word_1_554' title='bbox 1321 5739 1471 5782; x_wconf 83' lang='lat' dir='ltr'><strong>:etate</strong></span> <span class='ocrx_word' id='word_1_555' title='bbox 1507 5730 1778 5796; x_wconf 86' lang='lat' dir='ltr'><strong>majorem,</strong></span> <span class='ocrx_word' id='word_1_556' title='bbox 1802 5733 1864 5782; x_wconf 88' lang='lat' dir='ltr'><strong>ad</strong></span> <span class='ocrx_word' id='word_1_557' title='bbox 1887 5733 2078 5785; x_wconf 76' lang='lat' dir='ltr'><strong>Christi</strong></span> 
     </span>
    </p>
   </div>
   <div class='ocr_carea' id='block_1_78' title="bbox 522 5796 2081 5870">
    <p class='ocr_par' dir='ltr' id='par_1_78' title="bbox 522 5796 2081 5870">
     <span class='ocr_line' id='line_1_79' title="bbox 522 5796 2081 5870; baseline 0.004 -21"><span class='ocrx_word' id='word_1_558' title='bbox 522 5796 679 5849; x_wconf 69' lang='lat' dir='ltr'><strong>fidem</strong></span> <span class='ocrx_word' id='word_1_559' title='bbox 705 5808 1013 5850; x_wconf 78' lang='lat' dir='ltr'><strong>conversum</strong></span> <span class='ocrx_word' id='word_1_560' title='bbox 1055 5799 1134 5854; x_wconf 84' lang='lat' dir='ltr'><strong>his</strong></span> <span class='ocrx_word' id='word_1_561' title='bbox 1159 5802 1369 5855; x_wconf 87' lang='lat' dir='ltr'><strong>auribus</strong></span> <span class='ocrx_word' id='word_1_562' title='bbox 1410 5799 1742 5854; x_wconf 85' lang='lat' dir='ltr'><strong>audientibus</strong></span> <span class='ocrx_word' id='word_1_563' title='bbox 1769 5801 1912 5870; x_wconf 85' lang='lat' dir='ltr'><strong>plebs</strong></span> <span class='ocrx_word' id='word_1_564' title='bbox 1941 5805 2081 5856; x_wconf 86' lang='lat' dir='ltr'><strong>chri-</strong></span> 
     </span>
    </p>
   </div>
   <div class='ocr_carea' id='block_1_79' title="bbox 1933 424 2293 479">
    <p class='ocr_par' dir='ltr' id='par_1_79' title="bbox 1933 424 2293 479">
     <span class='ocr_line' id='line_1_80' title="bbox 1933 424 2293 479; baseline -0.003 -1"><span class='ocrx_word' id='word_1_565' title='bbox 1933 424 2293 479; x_wconf 76' lang='lat' dir='ltr'><strong>APPENDIX.</strong></span> 
     </span>
    </p>
   </div>
   <div class='ocr_carea' id='block_1_80' title="bbox 3618 423 3727 476">
    <p class='ocr_par' dir='ltr' id='par_1_80' title="bbox 3618 423 3727 476">
     <span class='ocr_line' id='line_1_81' title="bbox 3618 423 3727 476; baseline 0 0"><span class='ocrx_word' id='word_1_566' title='bbox 3618 423 3727 476; x_wconf 72' lang='lat'><strong>8‘38</strong></span> 
     </span>
    </p>
   </div>
   <div class='ocr_carea' id='block_1_81' title="bbox 2161 532 3732 605">
    <p class='ocr_par' dir='ltr' id='par_1_81' title="bbox 2161 532 3732 605">
     <span class='ocr_line' id='line_1_82' title="bbox 2161 532 3732 605; baseline 0 -15"><span class='ocrx_word' id='word_1_567' title='bbox 2161 539 2328 590; x_wconf 88' lang='lat' dir='ltr'><strong>stiana</strong></span> <span class='ocrx_word' id='word_1_568' title='bbox 2355 543 2538 590; x_wconf 85' lang='lat' dir='ltr'><strong>testata</strong></span> <span class='ocrx_word' id='word_1_569' title='bbox 2569 543 2678 600; x_wconf 89' lang='lat' dir='ltr'><strong>est;</strong></span> <span class='ocrx_word' id='word_1_570' title='bbox 2727 535 2988 603; x_wconf 87' lang='lat' dir='ltr'><strong>poteritne</strong></span> <span class='ocrx_word' id='word_1_571' title='bbox 3037 533 3169 600; x_wconf 77' lang='lat' dir='ltr'><strong>fieri,</strong></span> <span class='ocrx_word' id='word_1_572' title='bbox 3209 532 3447 590; x_wconf 77' lang='lat' dir='ltr'><strong>utetiam</strong></span> <span class='ocrx_word' id='word_1_573' title='bbox 3487 541 3566 600; x_wconf 86' lang='lat' dir='ltr'><strong>tu,</strong></span> <span class='ocrx_word' id='word_1_574' title='bbox 3599 550 3732 605; x_wconf 69' lang='lat' dir='ltr'><strong>ger-</strong></span> 
     </span>
    </p>
   </div>
   <div class='ocr_carea' id='block_1_82' title="bbox 2159 605 3734 673">
    <p class='ocr_par' dir='ltr' id='par_1_82' title="bbox 2159 605 3734 673">
     <span class='ocr_line' id='line_1_83' title="bbox 2159 605 3734 673; baseline -0.001 -13"><span class='ocrx_word' id='word_1_575' title='bbox 2159 607 2297 660; x_wconf 91' lang='lat' dir='ltr'><strong>mani</strong></span> <span class='ocrx_word' id='word_1_576' title='bbox 2330 607 2636 658; x_wconf 80' lang='lat' dir='ltr'><strong>cmistrictus</strong></span> <span class='ocrx_word' id='word_1_577' title='bbox 2662 605 2923 671; x_wconf 90' lang='lat' dir='ltr'><strong>exemplo,</strong></span> <span class='ocrx_word' id='word_1_578' title='bbox 2959 605 3260 673; x_wconf 76' lang='lat' dir='ltr'><strong>religionem</strong></span> <span class='ocrx_word' id='word_1_579' title='bbox 3289 606 3553 670; x_wconf 84' lang='lat' dir='ltr'><strong>judaicam</strong></span> <span class='ocrx_word' id='word_1_580' title='bbox 3576 611 3734 658; x_wconf 79' lang='lat' dir='ltr'><strong>dese-</strong></span> 
     </span>
    </p>
   </div>
   <div class='ocr_carea' id='block_1_83' title="bbox 2162 674 3734 742">
    <p class='ocr_par' dir='ltr' id='par_1_83' title="bbox 2162 674 3734 742">
     <span class='ocr_line' id='line_1_84' title="bbox 2162 674 3734 742; baseline -0.001 -14"><span class='ocrx_word' id='word_1_581' title='bbox 2162 678 2282 728; x_wconf 86' lang='lat' dir='ltr'><strong>ras?</strong></span> <span class='ocrx_word' id='word_1_582' title='bbox 2311 674 2444 738; x_wconf 87' lang='lat' dir='ltr'><strong>Quid</strong></span> <span class='ocrx_word' id='word_1_583' title='bbox 2470 690 2593 742; x_wconf 91' lang='lat' dir='ltr'><strong>ergo</strong></span> <span class='ocrx_word' id='word_1_584' title='bbox 2621 675 2670 726; x_wconf 89' lang='lat' dir='ltr'><strong>in</strong></span> <span class='ocrx_word' id='word_1_585' title='bbox 2702 674 2797 726; x_wconf 90' lang='lat' dir='ltr'><strong>hac</strong></span> <span class='ocrx_word' id='word_1_586' title='bbox 2824 674 3038 726; x_wconf 78' lang='lat' dir='ltr'><strong>terribili</strong></span> <span class='ocrx_word' id='word_1_587' title='bbox 3067 674 3346 727; x_wconf 84' lang='lat' dir='ltr'><strong>solitudine</strong></span> <span class='ocrx_word' id='word_1_588' title='bbox 3367 675 3561 729; x_wconf 81' lang='lat' dir='ltr'><strong>diutius</strong></span> <span class='ocrx_word' id='word_1_589' title='bbox 3591 686 3734 728; x_wconf 83' lang='lat' dir='ltr'><strong>tem-</strong></span> 
     </span>
    </p>
   </div>
   <div class='ocr_carea' id='block_1_84' title="bbox 2162 743 3736 813">
    <p class='ocr_par' dir='ltr' id='par_1_84' title="bbox 2162 743 3736 813">
     <span class='ocr_line' id='line_1_85' title="bbox 2162 743 3736 813; baseline 0.001 -17"><span class='ocrx_word' id='word_1_590' title='bbox 2162 759 2258 813; x_wconf 92' lang='lat' dir='ltr'><strong>pus</strong></span> <span class='ocrx_word' id='word_1_591' title='bbox 2289 745 2548 813; x_wconf 53' lang='lat' dir='ltr'><strong>terimus&#39;f</strong></span> <span class='ocrx_word' id='word_1_592' title='bbox 2575 743 2829 813; x_wconf 84' lang='lat' dir='ltr'><strong>Quamdiu</strong></span> <span class='ocrx_word' id='word_1_593' title='bbox 2867 743 3025 796; x_wconf 87' lang='lat' dir='ltr'><strong>etiam</strong></span> <span class='ocrx_word' id='word_1_594' title='bbox 3071 744 3242 813; x_wconf 85' lang='lat' dir='ltr'><strong>inopia</strong></span> <span class='ocrx_word' id='word_1_595' title='bbox 3274 745 3439 797; x_wconf 89' lang='lat' dir='ltr'><strong>victus</strong></span> <span class='ocrx_word' id='word_1_596' title='bbox 3481 746 3736 798; x_wconf 82' lang='lat' dir='ltr'><strong>laborare</strong></span> 
     </span>
    </p>
   </div>
   <div class='ocr_carea' id='block_1_85' title="bbox 2162 812 3733 882">
    <p class='ocr_par' dir='ltr' id='par_1_85' title="bbox 2162 812 3733 882">
     <span class='ocr_line' id='line_1_86' title="bbox 2162 812 3733 882; baseline 0.001 -17"><span class='ocrx_word' id='word_1_597' title='bbox 2162 812 2480 882; x_wconf 84' lang='lat' dir='ltr'><strong>poterimus?</strong></span> <span class='ocrx_word' id='word_1_598' title='bbox 2522 812 2652 878; x_wconf 92' lang='lat' dir='ltr'><strong>Quid</strong></span> <span class='ocrx_word' id='word_1_599' title='bbox 2706 827 2876 865; x_wconf 62' lang='lat' dir='ltr'><strong>causa:</strong></span> <span class='ocrx_word' id='word_1_600' title='bbox 2917 821 3018 873; x_wconf 88' lang='lat' dir='ltr'><strong>est,</strong></span> <span class='ocrx_word' id='word_1_601' title='bbox 3069 822 3131 882; x_wconf 14' lang='lat' dir='ltr'><strong>rut</strong></span> <span class='ocrx_word' id='word_1_602' title='bbox 3182 812 3318 882; x_wconf 89' lang='lat' dir='ltr'><strong>fame</strong></span> <span class='ocrx_word' id='word_1_603' title='bbox 3365 813 3733 877; x_wconf 84' lang='lat' dir='ltr'><strong>tabescamns,</strong></span> 
     </span>
    </p>
   </div>
   <div class='ocr_carea' id='block_1_86' title="bbox 2161 881 3730 949">
    <p class='ocr_par' dir='ltr' id='par_1_86' title="bbox 2161 881 3730 949">
     <span class='ocr_line' id='line_1_87' title="bbox 2161 881 3730 949; baseline -0.001 -13"><span class='ocrx_word' id='word_1_604' title='bbox 2161 881 2460 936; x_wconf 85' lang='lat' dir='ltr'><strong>arescamus</strong></span> <span class='ocrx_word' id='word_1_605' title='bbox 2487 883 2592 945; x_wconf 90' lang='lat' dir='ltr'><strong>siti,</strong></span> <span class='ocrx_word' id='word_1_606' title='bbox 2615 881 3003 949; x_wconf 87' lang='lat' dir='ltr'><strong>obrigescamns</strong></span> <span class='ocrx_word' id='word_1_607' title='bbox 3032 881 3247 948; x_wconf 84' lang='lat' dir='ltr'><strong>algore?</strong></span> <span class='ocrx_word' id='word_1_608' title='bbox 3274 882 3339 932; x_wconf 90' lang='lat' dir='ltr'><strong>ad</strong></span> <span class='ocrx_word' id='word_1_609' title='bbox 3371 892 3730 949; x_wconf 85' lang='lat' dir='ltr'><strong>postremum,</strong></span> 
     </span>
    </p>
   </div>
   <div class='ocr_carea' id='block_1_87' title="bbox 2161 949 3736 1020">
    <p class='ocr_par' dir='ltr' id='par_1_87' title="bbox 2161 949 3736 1020">
     <span class='ocr_line' id='line_1_88' title="bbox 2161 949 3736 1020; baseline 0.001 -17"><span class='ocrx_word' id='word_1_610' title='bbox 2161 951 2296 1020; x_wconf 88' lang='lat' dir='ltr'><strong>quod</strong></span> <span class='ocrx_word' id='word_1_611' title='bbox 2318 952 2422 1015; x_wconf 90' lang='lat' dir='ltr'><strong>jam</strong></span> <span class='ocrx_word' id='word_1_612' title='bbox 2455 953 2696 1017; x_wconf 85' lang='lat' dir='ltr'><strong>patimur.</strong></span> <span class='ocrx_word' id='word_1_613' title='bbox 2729 961 2921 1020; x_wconf 66' lang='lat' dir='ltr'><strong>nostra:</strong></span> <span class='ocrx_word' id='word_1_614' title='bbox 2965 949 3119 1020; x_wconf 88' lang='lat' dir='ltr'><strong>hujus</strong></span> <span class='ocrx_word' id='word_1_615' title='bbox 3156 951 3450 1002; x_wconf 91' lang='lat' dir='ltr'><strong>solitudinis</strong></span> <span class='ocrx_word' id='word_1_616' title='bbox 3480 951 3736 1004; x_wconf 87' lang='lat' dir='ltr'><strong>horribili</strong></span> 
     </span>
    </p>
   </div>
   <div class='ocr_carea' id='block_1_88' title="bbox 2166 1019 3733 1088">
    <p class='ocr_par' dir='ltr' id='par_1_88' title="bbox 2166 1019 3733 1088">
     <span class='ocr_line' id='line_1_89' title="bbox 2166 1019 3733 1088; baseline -0.001 -14"><span class='ocrx_word' id='word_1_617' title='bbox 2166 1019 2434 1074; x_wconf 82' lang='lat' dir='ltr'><strong>teneamur</strong></span> <span class='ocrx_word' id='word_1_618' title='bbox 2457 1020 2699 1073; x_wconf 83' lang='lat' dir='ltr'><strong>silentio?</strong></span> <span class='ocrx_word' id='word_1_619' title='bbox 2730 1019 2988 1088; x_wconf 81' lang='lat' dir='ltr'><strong>Numquid</strong></span> <span class='ocrx_word' id='word_1_620' title='bbox 3017 1021 3275 1071; x_wconf 86' lang='lat' dir='ltr'><strong>latronqu</strong></span> <span class='ocrx_word' id='word_1_621' title='bbox 3302 1021 3527 1082; x_wconf 89' lang='lat' dir='ltr'><strong>vincula,</strong></span> <span class='ocrx_word' id='word_1_622' title='bbox 3564 1037 3733 1072; x_wconf 85' lang='lat' dir='ltr'><strong>nunt-</strong></span> 
     </span>
    </p>
   </div>
   <div class='ocr_carea' id='block_1_89' title="bbox 2162 1086 3739 1157">
    <p class='ocr_par' dir='ltr' id='par_1_89' title="bbox 2162 1086 3739 1157">
     <span class='ocr_line' id='line_1_90' title="bbox 2162 1086 3739 1157; baseline 0 -15"><span class='ocrx_word' id='word_1_623' title='bbox 2162 1090 2282 1157; x_wconf 92' lang='lat' dir='ltr'><strong>quid</strong></span> <span class='ocrx_word' id='word_1_624' title='bbox 2312 1089 2646 1142; x_wconf 89' lang='lat' dir='ltr'><strong>barbarorum</strong></span> <span class='ocrx_word' id='word_1_625' title='bbox 2675 1086 3171 1155; x_wconf 38' lang='lat' dir='ltr'><strong>gladios—fugimus;</strong></span> <span class='ocrx_word' id='word_1_626' title='bbox 3220 1089 3472 1156; x_wconf 90' lang='lat' dir='ltr'><strong>numquid</strong></span> <span class='ocrx_word' id='word_1_627' title='bbox 3510 1091 3739 1155; x_wconf 85' lang='lat' dir='ltr'><strong>sangui-</strong></span> 
     </span>
    </p>
   </div>
   <div class='ocr_carea' id='block_1_90' title="bbox 2164 1158 3736 1225">
    <p class='ocr_par' dir='ltr' id='par_1_90' title="bbox 2164 1158 3736 1225">
     <span class='ocr_line' id='line_1_91' title="bbox 2164 1158 3736 1225; baseline 0.001 -15"><span class='ocrx_word' id='word_1_628' title='bbox 2164 1174 2280 1212; x_wconf 88' lang='lat' dir='ltr'><strong>nem</strong></span> <span class='ocrx_word' id='word_1_629' title='bbox 2311 1167 2542 1210; x_wconf 91' lang='lat' dir='ltr'><strong>nostrum</strong></span> <span class='ocrx_word' id='word_1_630' title='bbox 2569 1158 2717 1224; x_wconf 87' lang='lat' dir='ltr'><strong>plehs</strong></span> <span class='ocrx_word' id='word_1_631' title='bbox 2739 1166 2879 1210; x_wconf 90' lang='lat' dir='ltr'><strong>tanta</strong></span> <span class='ocrx_word' id='word_1_632' title='bbox 2913 1158 3232 1218; x_wconf 61' lang='lat' dir='ltr'><strong>miserimus,</strong></span> <span class='ocrx_word' id='word_1_633' title='bbox 3258 1172 3414 1225; x_wconf 87' lang='lat' dir='ltr'><strong>quam</strong></span> <span class='ocrx_word' id='word_1_634' title='bbox 3445 1173 3541 1225; x_wconf 92' lang='lat' dir='ltr'><strong>pro</strong></span> <span class='ocrx_word' id='word_1_635' title='bbox 3571 1159 3736 1212; x_wconf 89' lang='lat' dir='ltr'><strong>nobis</strong></span> 
     </span>
    </p>
   </div>
   <div class='ocr_carea' id='block_1_91' title="bbox 2163 1225 3738 1293">
    <p class='ocr_par' dir='ltr' id='par_1_91' title="bbox 2163 1225 3738 1293">
     <span class='ocr_line' id='line_1_92' title="bbox 2163 1225 3738 1293; baseline 0 -13"><span class='ocrx_word' id='word_1_636' title='bbox 2163 1228 2288 1281; x_wconf 84' lang='lat' dir='ltr'><strong>ﬂere</strong></span> <span class='ocrx_word' id='word_1_637' title='bbox 2315 1227 2700 1293; x_wconf 87' lang='lat' dir='ltr'><strong>conspeximus,</strong></span> <span class='ocrx_word' id='word_1_638' title='bbox 2739 1227 3096 1293; x_wconf 81' lang='lat' dir='ltr'><strong>concupiscit?</strong></span> <span class='ocrx_word' id='word_1_639' title='bbox 3140 1225 3518 1292; x_wconf 80' lang='lat' dir='ltr'><strong>Recordemur,</strong></span> <span class='ocrx_word' id='word_1_640' title='bbox 3561 1228 3738 1280; x_wconf 84' lang='lat' dir='ltr'><strong>obse-</strong></span> 
     </span>
    </p>
   </div>
   <div class='ocr_carea' id='block_1_92' title="bbox 2163 1295 3740 1364">
    <p class='ocr_par' dir='ltr' id='par_1_92' title="bbox 2163 1295 3740 1364">
     <span class='ocr_line' id='line_1_93' title="bbox 2163 1295 3740 1364; baseline -0.002 -14"><span class='ocrx_word' id='word_1_641' title='bbox 2163 1312 2272 1359; x_wconf 87' lang='lat' dir='ltr'><strong>cro,</strong></span> <span class='ocrx_word' id='word_1_642' title='bbox 2302 1311 2454 1364; x_wconf 91' lang='lat' dir='ltr'><strong>quem</strong></span> <span class='ocrx_word' id='word_1_643' title='bbox 2480 1311 2704 1362; x_wconf 88' lang='lat' dir='ltr'><strong>unquam</strong></span> <span class='ocrx_word' id='word_1_644' title='bbox 2747 1297 2938 1348; x_wconf 68' lang='lat' dir='ltr'><strong>Iazserit</strong></span> <span class='ocrx_word' id='word_1_645' title='bbox 2961 1295 3011 1347; x_wconf 92' lang='lat' dir='ltr'><strong>vi</strong></span> <span class='ocrx_word' id='word_1_646' title='bbox 3041 1303 3362 1364; x_wconf 90' lang='lat' dir='ltr'><strong>nostrorum,</strong></span> <span class='ocrx_word' id='word_1_647' title='bbox 3401 1295 3487 1349; x_wconf 87' lang='lat' dir='ltr'><strong>vel</strong></span> <span class='ocrx_word' id='word_1_648' title='bbox 3531 1297 3740 1350; x_wconf 84' lang='lat' dir='ltr'><strong>saltem</strong></span> 
     </span>
    </p>
   </div>
   <div class='ocr_carea' id='block_1_93' title="bbox 2164 1363 3743 1434">
    <p class='ocr_par' dir='ltr' id='par_1_93' title="bbox 2164 1363 3743 1434">
     <span class='ocr_line' id='line_1_94' title="bbox 2164 1363 3743 1434; baseline 0 -16"><span class='ocrx_word' id='word_1_649' title='bbox 2164 1363 2465 1434; x_wconf 78' lang='lat' dir='ltr'><strong>irrogaverit</strong></span> <span class='ocrx_word' id='word_1_650' title='bbox 2510 1365 2789 1434; x_wconf 74' lang='lat' dir='ltr'><strong>injuriam.</strong></span> <span class='ocrx_word' id='word_1_651' title='bbox 2824 1363 3254 1434; x_wconf 17' lang='lat' dir='ltr'><strong>Revertamuriad</strong></span> <span class='ocrx_word' id='word_1_652' title='bbox 3295 1364 3562 1434; x_wconf 88' lang='lat' dir='ltr'><strong>innoxios,</strong></span> <span class='ocrx_word' id='word_1_653' title='bbox 3593 1380 3743 1428; x_wconf 86' lang='lat' dir='ltr'><strong>quos</strong></span> 
     </span>
    </p>
   </div>
   <div class='ocr_carea' id='block_1_94' title="bbox 2164 1433 3728 1500">
    <p class='ocr_par' dir='ltr' id='par_1_94' title="bbox 2164 1433 3728 1500">
     <span class='ocr_line' id='line_1_95' title="bbox 2164 1433 3728 1500; baseline 0.001 -14"><span class='ocrx_word' id='word_1_654' title='bbox 2164 1435 2213 1486; x_wconf 91' lang='lat' dir='ltr'><strong>in</strong></span> <span class='ocrx_word' id='word_1_655' title='bbox 2245 1433 2385 1487; x_wconf 91' lang='lat' dir='ltr'><strong>nullo</strong></span> <span class='ocrx_word' id='word_1_656' title='bbox 2413 1435 2636 1485; x_wconf 79' lang='lat' dir='ltr'><strong>hesimus</strong></span> <span class='ocrx_word' id='word_1_657' title='bbox 2655 1433 2921 1495; x_wconf 82' lang='lat' dir='ltr'><strong>inimicos;</strong></span> <span class='ocrx_word' id='word_1_658' title='bbox 2943 1434 3150 1500; x_wconf 90' lang='lat' dir='ltr'><strong>etquod</strong></span> <span class='ocrx_word' id='word_1_659' title='bbox 3175 1433 3281 1500; x_wconf 85' lang='lat' dir='ltr'><strong>Deo</strong></span> <span class='ocrx_word' id='word_1_660' title='bbox 3304 1433 3579 1499; x_wconf 83' lang='lat' dir='ltr'><strong>placuerit,</strong></span> <span class='ocrx_word' id='word_1_661' title='bbox 3609 1435 3728 1487; x_wconf 69' lang='lat' dir='ltr'><strong>fiat.</strong></span> 
     </span>
    </p>
   </div>
   <div class='ocr_carea' id='block_1_95' title="bbox 2163 1499 3740 1570">
    <p class='ocr_par' dir='ltr' id='par_1_95' title="bbox 2163 1499 3740 1570">
     <span class='ocr_line' id='line_1_96' title="bbox 2163 1499 3740 1570; baseline -0.001 -14"><span class='ocrx_word' id='word_1_662' title='bbox 2163 1504 2240 1556; x_wconf 86' lang='lat' dir='ltr'><strong>Ad</strong></span> <span class='ocrx_word' id='word_1_663' title='bbox 2273 1503 2382 1556; x_wconf 68' lang='lat' dir='ltr'><strong>lucc</strong></span> <span class='ocrx_word' id='word_1_664' title='bbox 2410 1503 2642 1555; x_wconf 84' lang='lat' dir='ltr'><strong>Meletins</strong></span> <span class='ocrx_word' id='word_1_665' title='bbox 2673 1519 2683 1552; x_wconf 91' lang='lat'>:</span> <span class='ocrx_word' id='word_1_666' title='bbox 2716 1503 2825 1569; x_wconf 77' lang='lat' dir='ltr'><strong>Ego</strong></span> <span class='ocrx_word' id='word_1_667' title='bbox 2865 1512 2938 1565; x_wconf 92' lang='lat' dir='ltr'><strong>te,</strong></span> <span class='ocrx_word' id='word_1_668' title='bbox 2985 1499 3172 1570; x_wconf 85' lang='lat' dir='ltr'><strong>inquit,</strong></span> <span class='ocrx_word' id='word_1_669' title='bbox 3222 1499 3493 1555; x_wconf 88' lang='lat' dir='ltr'><strong>Innocenti</strong></span> <span class='ocrx_word' id='word_1_670' title='bbox 3539 1503 3740 1567; x_wconf 84' lang='lat' dir='ltr'><strong>frater,</strong></span> 
     </span>
    </p>
   </div>
   <div class='ocr_carea' id='block_1_96' title="bbox 2164 1571 3740 1639">
    <p class='ocr_par' dir='ltr' id='par_1_96' title="bbox 2164 1571 3740 1639">
     <span class='ocr_line' id='line_1_97' title="bbox 2164 1571 3740 1639; baseline 0.001 -17"><span class='ocrx_word' id='word_1_671' title='bbox 2164 1588 2318 1639; x_wconf 90' lang='lat' dir='ltr'><strong>quem</strong></span> <span class='ocrx_word' id='word_1_672' title='bbox 2363 1588 2464 1624; x_wconf 92' lang='lat' dir='ltr'><strong>non</strong></span> <span class='ocrx_word' id='word_1_673' title='bbox 2510 1572 2675 1624; x_wconf 90' lang='lat' dir='ltr'><strong>solum</strong></span> <span class='ocrx_word' id='word_1_674' title='bbox 2719 1572 2912 1635; x_wconf 85' lang='lat' dir='ltr'><strong>latinis,</strong></span> <span class='ocrx_word' id='word_1_675' title='bbox 2958 1571 3048 1623; x_wconf 91' lang='lat' dir='ltr'><strong>sed</strong></span> <span class='ocrx_word' id='word_1_676' title='bbox 3096 1572 3252 1623; x_wconf 90' lang='lat' dir='ltr'><strong>etiam</strong></span> <span class='ocrx_word' id='word_1_677' title='bbox 3301 1573 3488 1637; x_wconf 70' lang='lat' dir='ltr'><strong>graccis</strong></span> <span class='ocrx_word' id='word_1_678' title='bbox 3536 1573 3740 1624; x_wconf 91' lang='lat' dir='ltr'><strong>litteris</strong></span> 
     </span>
    </p>
   </div>
   <div class='ocr_carea' id='block_1_97' title="bbox 2165 1639 3739 1707">
    <p class='ocr_par' dir='ltr' id='par_1_97' title="bbox 2165 1639 3739 1707">
     <span class='ocr_line' id='line_1_98' title="bbox 2165 1639 3739 1707; baseline -0.001 -13"><span class='ocrx_word' id='word_1_679' title='bbox 2165 1641 2421 1694; x_wconf 89' lang='lat' dir='ltr'><strong>eruditum</strong></span> <span class='ocrx_word' id='word_1_680' title='bbox 2466 1642 2591 1702; x_wconf 90' lang='lat' dir='ltr'><strong>scio,</strong></span> <span class='ocrx_word' id='word_1_681' title='bbox 2641 1649 2694 1692; x_wconf 91' lang='lat' dir='ltr'><strong>et</strong></span> <span class='ocrx_word' id='word_1_682' title='bbox 2738 1641 2904 1706; x_wconf 88' lang='lat' dir='ltr'><strong>legem</strong></span> <span class='ocrx_word' id='word_1_683' title='bbox 2949 1640 3144 1707; x_wconf 85' lang='lat' dir='ltr'><strong>jugiter</strong></span> <span class='ocrx_word' id='word_1_684' title='bbox 3190 1639 3452 1703; x_wconf 90' lang='lat' dir='ltr'><strong>meditari,</strong></span> <span class='ocrx_word' id='word_1_685' title='bbox 3500 1641 3739 1693; x_wconf 88' lang='lat' dir='ltr'><strong>oblitum</strong></span> 
     </span>
    </p>
   </div>
   <div class='ocr_carea' id='block_1_98' title="bbox 2165 1709 3737 1778">
    <p class='ocr_par' dir='ltr' id='par_1_98' title="bbox 2165 1709 3737 1778">
     <span class='ocr_line' id='line_1_99' title="bbox 2165 1709 3737 1778; baseline 0.001 -16"><span class='ocrx_word' id='word_1_686' title='bbox 2165 1725 2303 1769; x_wconf 83' lang='lat' dir='ltr'><strong>reor,</strong></span> <span class='ocrx_word' id='word_1_687' title='bbox 2334 1710 2469 1778; x_wconf 91' lang='lat' dir='ltr'><strong>quod</strong></span> <span class='ocrx_word' id='word_1_688' title='bbox 2503 1725 2595 1775; x_wconf 90' lang='lat' dir='ltr'><strong>per</strong></span> <span class='ocrx_word' id='word_1_689' title='bbox 2619 1709 2943 1762; x_wconf 85' lang='lat' dir='ltr'><strong>Ezechielem</strong></span> <span class='ocrx_word' id='word_1_690' title='bbox 2980 1710 3288 1778; x_wconf 75' lang='lat' dir='ltr'><strong>prophetam</strong></span> <span class='ocrx_word' id='word_1_691' title='bbox 3319 1709 3580 1762; x_wconf 90' lang='lat' dir='ltr'><strong>Dominus</strong></span> <span class='ocrx_word' id='word_1_692' title='bbox 3606 1712 3685 1762; x_wconf 89' lang='lat' dir='ltr'><strong>ait</strong></span> <span class='ocrx_word' id='word_1_693' title='bbox 3723 1728 3737 1763; x_wconf 94' lang='lat'>:</span> 
     </span>
    </p>
   </div>
   <div class='ocr_carea' id='block_1_99' title="bbox 2165 1776 3724 1848">
    <p class='ocr_par' dir='ltr' id='par_1_99' title="bbox 2165 1776 3724 1848">
     <span class='ocr_line' id='line_1_100' title="bbox 2165 1776 3724 1848; baseline 0.001 -18"><span class='ocrx_word' id='word_1_694' title='bbox 2165 1776 2474 1848; x_wconf 44' lang='lat' dir='ltr'><strong>Anima—qum</strong></span> <span class='ocrx_word' id='word_1_695' title='bbox 2497 1780 2779 1846; x_wconf 78' lang='lat' dir='ltr'><strong>peccaverit,</strong></span> <span class='ocrx_word' id='word_1_696' title='bbox 2805 1779 2912 1846; x_wconf 81' lang='lat' dir='ltr'><strong>ipsa</strong></span> <span class='ocrx_word' id='word_1_697' title='bbox 2933 1779 3165 1848; x_wconf 70' lang='lat' dir='ltr'><strong>morietur</strong></span> <span class='ocrx_word' id='word_1_698' title='bbox 3182 1776 3388 1846; x_wconf 81' lang='lat' dir='ltr'><strong>(Ezech.</strong></span> <span class='ocrx_word' id='word_1_699' title='bbox 3419 1794 3570 1839; x_wconf 79' lang='lat' dir='ltr'><strong>xvttt,</strong></span> <span class='ocrx_word' id='word_1_700' title='bbox 3600 1779 3724 1846; x_wconf 69' lang='grc' dir='ltr'><strong>ΞΟ).</strong></span> 
     </span>
    </p>
   </div>
   <div class='ocr_carea' id='block_1_100' title="bbox 2164 1846 3735 1914">
    <p class='ocr_par' dir='ltr' id='par_1_100' title="bbox 2164 1846 3735 1914">
     <span class='ocr_line' id='line_1_101' title="bbox 2164 1846 3735 1914; baseline -0.001 -12"><span class='ocrx_word' id='word_1_701' title='bbox 2164 1848 2220 1902; x_wconf 90' lang='lat' dir='ltr'><strong>Si</strong></span> <span class='ocrx_word' id='word_1_702' title='bbox 2265 1846 2402 1900; x_wconf 84' lang='lat' dir='ltr'><strong>enim</strong></span> <span class='ocrx_word' id='word_1_703' title='bbox 2453 1848 2616 1914; x_wconf 75' lang='lat' dir='ltr'><strong>legisti</strong></span> <span class='ocrx_word' id='word_1_704' title='bbox 2668 1848 2784 1911; x_wconf 92' lang='lat' dir='ltr'><strong>hoc,</strong></span> <span class='ocrx_word' id='word_1_705' title='bbox 2833 1863 2926 1900; x_wconf 90' lang='lat' dir='ltr'><strong>cur</strong></span> <span class='ocrx_word' id='word_1_706' title='bbox 2965 1863 3049 1900; x_wconf 88' lang='lat' dir='ltr'><strong>me</strong></span> <span class='ocrx_word' id='word_1_707' title='bbox 3092 1846 3265 1900; x_wconf 84' lang='lat' dir='ltr'><strong>fratris</strong></span> <span class='ocrx_word' id='word_1_708' title='bbox 3309 1849 3410 1900; x_wconf 90' lang='lat' dir='ltr'><strong>mei</strong></span> <span class='ocrx_word' id='word_1_709' title='bbox 3453 1848 3735 1902; x_wconf 88' lang='lat' dir='ltr'><strong>Theodori</strong></span> 
     </span>
    </p>
   </div>
   <div class='ocr_carea' id='block_1_101' title="bbox 2167 1915 3744 1985">
    <p class='ocr_par' dir='ltr' id='par_1_101' title="bbox 2167 1915 3744 1985">
     <span class='ocr_line' id='line_1_102' title="bbox 2167 1915 3744 1985; baseline 0.002 -16"><span class='ocrx_word' id='word_1_710' title='bbox 2167 1919 2404 1985; x_wconf 83' lang='lat' dir='ltr'><strong>exemplo</strong></span> <span class='ocrx_word' id='word_1_711' title='bbox 2452 1916 2639 1969; x_wconf 84' lang='lat' dir='ltr'><strong>attrahi</strong></span> <span class='ocrx_word' id='word_1_712' title='bbox 2695 1931 2846 1984; x_wconf 90' lang='lat' dir='ltr'><strong>posse</strong></span> <span class='ocrx_word' id='word_1_713' title='bbox 2887 1916 2950 1969; x_wconf 91' lang='lat' dir='ltr'><strong>ad</strong></span> <span class='ocrx_word' id='word_1_714' title='bbox 2993 1917 3146 1968; x_wconf 88' lang='lat' dir='ltr'><strong>fidem</strong></span> <span class='ocrx_word' id='word_1_715' title='bbox 3184 1915 3381 1968; x_wconf 85' lang='lat' dir='ltr'><strong>Christi</strong></span> <span class='ocrx_word' id='word_1_716' title='bbox 3407 1919 3744 1971; x_wconf 84' lang='lat' dir='ltr'><strong>existimas?</strong></span> 
     </span>
    </p>
   </div>
   <div class='ocr_carea' id='block_1_102' title="bbox 2169 1985 3741 2052">
    <p class='ocr_par' dir='ltr' id='par_1_102' title="bbox 2169 1985 3741 2052">
     <span class='ocr_line' id='line_1_103' title="bbox 2169 1985 3741 2052; baseline 0.001 -14"><span class='ocrx_word' id='word_1_717' title='bbox 2169 1985 2334 2039; x_wconf 87' lang='lat' dir='ltr'><strong>Ilabet</strong></span> <span class='ocrx_word' id='word_1_718' title='bbox 2385 1986 2470 2038; x_wconf 93' lang='lat' dir='ltr'><strong>ille</strong></span> <span class='ocrx_word' id='word_1_719' title='bbox 2516 1987 2742 2038; x_wconf 81' lang='lat' dir='ltr'><strong>animam</strong></span> <span class='ocrx_word' id='word_1_720' title='bbox 2787 1999 2954 2042; x_wconf 87' lang='lat' dir='ltr'><strong>suam.</strong></span> <span class='ocrx_word' id='word_1_721' title='bbox 3011 1987 3078 2038; x_wconf 88' lang='lat' dir='ltr'><strong>ita</strong></span> <span class='ocrx_word' id='word_1_722' title='bbox 3120 1994 3174 2038; x_wconf 92' lang='lat' dir='ltr'><strong>et</strong></span> <span class='ocrx_word' id='word_1_723' title='bbox 3217 1995 3489 2052; x_wconf 89' lang='lat' dir='ltr'><strong>peccatum</strong></span> <span class='ocrx_word' id='word_1_724' title='bbox 3521 2001 3686 2039; x_wconf 89' lang='lat' dir='ltr'><strong>suum</strong></span> <span class='ocrx_word' id='word_1_725' title='bbox 3725 2005 3741 2040; x_wconf 91' lang='lat'><strong>:</strong></span> 
     </span>
    </p>
   </div>
   <div class='ocr_carea' id='block_1_103' title="bbox 2168 2054 3744 2122">
    <p class='ocr_par' dir='ltr' id='par_1_103' title="bbox 2168 2054 3744 2122">
     <span class='ocr_line' id='line_1_104' title="bbox 2168 2054 3744 2122; baseline 0.003 -17"><span class='ocrx_word' id='word_1_726' title='bbox 2168 2056 2304 2121; x_wconf 89' lang='lat' dir='ltr'><strong>quod</strong></span> <span class='ocrx_word' id='word_1_727' title='bbox 2332 2056 2537 2122; x_wconf 83' lang='lat' dir='ltr'><strong>quidem</strong></span> <span class='ocrx_word' id='word_1_728' title='bbox 2567 2063 2833 2121; x_wconf 88' lang='lat' dir='ltr'><strong>peccatum</strong></span> <span class='ocrx_word' id='word_1_729' title='bbox 2863 2054 3010 2118; x_wconf 89' lang='lat' dir='ltr'><strong>mihi,</strong></span> <span class='ocrx_word' id='word_1_730' title='bbox 3036 2056 3078 2108; x_wconf 91' lang='lat' dir='ltr'><strong>si</strong></span> <span class='ocrx_word' id='word_1_731' title='bbox 3116 2055 3395 2107; x_wconf 86' lang='lat' dir='ltr'><strong>Dominum</strong></span> <span class='ocrx_word' id='word_1_732' title='bbox 3428 2056 3595 2108; x_wconf 88' lang='lat' dir='ltr'><strong>Deum</strong></span> <span class='ocrx_word' id='word_1_733' title='bbox 3628 2073 3744 2110; x_wconf 86' lang='lat' dir='ltr'><strong>non</strong></span> 
     </span>
    </p>
   </div>
   <div class='ocr_carea' id='block_1_104' title="bbox 2168 2123 3747 2192">
    <p class='ocr_par' dir='ltr' id='par_1_104' title="bbox 2168 2123 3747 2192">
     <span class='ocr_line' id='line_1_105' title="bbox 2168 2123 3747 2192; baseline 0.001 -15"><span class='ocrx_word' id='word_1_734' title='bbox 2168 2126 2429 2192; x_wconf 89' lang='lat' dir='ltr'><strong>relinquo,</strong></span> <span class='ocrx_word' id='word_1_735' title='bbox 2460 2140 2562 2176; x_wconf 90' lang='lat' dir='ltr'><strong>non</strong></span> <span class='ocrx_word' id='word_1_736' title='bbox 2593 2124 2814 2175; x_wconf 85' lang='lat' dir='ltr'><strong>nocebit.</strong></span> <span class='ocrx_word' id='word_1_737' title='bbox 2845 2123 3035 2176; x_wconf 86' lang='lat' dir='ltr'><strong>Testor</strong></span> <span class='ocrx_word' id='word_1_738' title='bbox 3060 2134 3234 2176; x_wconf 92' lang='lat' dir='ltr'><strong>autem</strong></span> <span class='ocrx_word' id='word_1_739' title='bbox 3265 2124 3410 2176; x_wconf 93' lang='lat' dir='ltr'><strong>illum</strong></span> <span class='ocrx_word' id='word_1_740' title='bbox 3436 2125 3747 2191; x_wconf 84' lang='lat' dir='ltr'><strong>quieduxit</strong></span> 
     </span>
    </p>
   </div>
   <div class='ocr_carea' id='block_1_105' title="bbox 2170 2193 3748 2262">
    <p class='ocr_par' dir='ltr' id='par_1_105' title="bbox 2170 2193 3748 2262">
     <span class='ocr_line' id='line_1_106' title="bbox 2170 2193 3748 2262; baseline 0.002 -18"><span class='ocrx_word' id='word_1_741' title='bbox 2170 2204 2343 2258; x_wconf 86' lang='lat' dir='ltr'><strong>patres</strong></span> <span class='ocrx_word' id='word_1_742' title='bbox 2369 2201 2574 2246; x_wconf 86' lang='lat' dir='ltr'><strong>nostros</strong></span> <span class='ocrx_word' id='word_1_743' title='bbox 2602 2193 2666 2246; x_wconf 91' lang='lat' dir='ltr'><strong>de</strong></span> <span class='ocrx_word' id='word_1_744' title='bbox 2695 2202 2830 2245; x_wconf 91' lang='lat' dir='ltr'><strong>terra</strong></span> <span class='ocrx_word' id='word_1_745' title='bbox 2873 2193 3103 2262; x_wconf 66' lang='lat' dir='ltr'><strong>Aigypti,</strong></span> <span class='ocrx_word' id='word_1_746' title='bbox 3149 2208 3254 2255; x_wconf 88' lang='lat' dir='ltr'><strong>me,</strong></span> <span class='ocrx_word' id='word_1_747' title='bbox 3299 2195 3342 2245; x_wconf 90' lang='lat' dir='ltr'><strong>si</strong></span> <span class='ocrx_word' id='word_1_748' title='bbox 3395 2195 3590 2246; x_wconf 88' lang='lat' dir='ltr'><strong>hiemis</strong></span> <span class='ocrx_word' id='word_1_749' title='bbox 3620 2199 3748 2247; x_wconf 82' lang='lat' dir='ltr'><strong>vio-</strong></span> 
     </span>
    </p>
   </div>
   <div class='ocr_carea' id='block_1_106' title="bbox 2167 2263 3747 2332">
    <p class='ocr_par' dir='ltr' id='par_1_106' title="bbox 2167 2263 3747 2332">
     <span class='ocr_line' id='line_1_107' title="bbox 2167 2263 3747 2332; baseline 0.001 -16"><span class='ocrx_word' id='word_1_750' title='bbox 2167 2263 2324 2316; x_wconf 87' lang='lat' dir='ltr'><strong>lentia</strong></span> <span class='ocrx_word' id='word_1_751' title='bbox 2373 2280 2472 2315; x_wconf 91' lang='lat' dir='ltr'><strong>nou</strong></span> <span class='ocrx_word' id='word_1_752' title='bbox 2518 2264 2742 2321; x_wconf 82' lang='lat' dir='ltr'><strong>obesset.</strong></span> <span class='ocrx_word' id='word_1_753' title='bbox 2774 2263 2992 2325; x_wconf 87' lang='lat' dir='ltr'><strong>abrepto</strong></span> <span class='ocrx_word' id='word_1_754' title='bbox 3039 2277 3369 2328; x_wconf 89' lang='lat' dir='ltr'><strong>quocumque</strong></span> <span class='ocrx_word' id='word_1_755' title='bbox 3412 2263 3630 2332; x_wconf 85' lang='lat' dir='ltr'><strong>navigio</strong></span> <span class='ocrx_word' id='word_1_756' title='bbox 3672 2265 3747 2318; x_wconf 89' lang='lat' dir='ltr'><strong>ad</strong></span> 
     </span>
    </p>
   </div>
   <div class='ocr_carea' id='block_1_107' title="bbox 2168 2331 3751 2400">
    <p class='ocr_par' dir='ltr' id='par_1_107' title="bbox 2168 2331 3751 2400">
     <span class='ocr_line' id='line_1_108' title="bbox 2168 2331 3751 2400; baseline 0.002 -18"><span class='ocrx_word' id='word_1_757' title='bbox 2168 2334 2427 2398; x_wconf 88' lang='lat' dir='ltr'><strong>quaslibet</strong></span> <span class='ocrx_word' id='word_1_758' title='bbox 2454 2342 2615 2384; x_wconf 88' lang='lat' dir='ltr'><strong>terras</strong></span> <span class='ocrx_word' id='word_1_759' title='bbox 2642 2331 2807 2383; x_wconf 91' lang='lat' dir='ltr'><strong>solum</strong></span> <span class='ocrx_word' id='word_1_760' title='bbox 2836 2333 2967 2383; x_wconf 88' lang='lat' dir='ltr'><strong>velle</strong></span> <span class='ocrx_word' id='word_1_761' title='bbox 2996 2335 3254 2397; x_wconf 86' lang='lat' dir='ltr'><strong>migrare:</strong></span> <span class='ocrx_word' id='word_1_762' title='bbox 3281 2347 3378 2383; x_wconf 91' lang='lat' dir='ltr'><strong>nec</strong></span> <span class='ocrx_word' id='word_1_763' title='bbox 3404 2347 3491 2384; x_wconf 90' lang='lat' dir='ltr'><strong>me</strong></span> <span class='ocrx_word' id='word_1_764' title='bbox 3516 2331 3751 2400; x_wconf 86' lang='lat' dir='ltr'><strong>posses-</strong></span> 
     </span>
    </p>
   </div>
   <div class='ocr_carea' id='block_1_108' title="bbox 2169 2400 3752 2470">
    <p class='ocr_par' dir='ltr' id='par_1_108' title="bbox 2169 2400 3752 2470">
     <span class='ocr_line' id='line_1_109' title="bbox 2169 2400 3752 2470; baseline 0 -16"><span class='ocrx_word' id='word_1_765' title='bbox 2169 2403 2373 2454; x_wconf 87' lang='lat' dir='ltr'><strong>sionum</strong></span> <span class='ocrx_word' id='word_1_766' title='bbox 2405 2418 2568 2462; x_wconf 82' lang='lat' dir='ltr'><strong>amor,</strong></span> <span class='ocrx_word' id='word_1_767' title='bbox 2600 2416 2693 2453; x_wconf 85' lang='lat' dir='ltr'><strong>nec</strong></span> <span class='ocrx_word' id='word_1_768' title='bbox 2716 2400 2990 2452; x_wconf 72' lang='lat' dir='ltr'><strong>affectuum</strong></span> <span class='ocrx_word' id='word_1_769' title='bbox 3021 2401 3252 2452; x_wconf 90' lang='lat' dir='ltr'><strong>charitas</strong></span> <span class='ocrx_word' id='word_1_770' title='bbox 3287 2400 3578 2465; x_wconf 87' lang='lat' dir='ltr'><strong>detineret,</strong></span> <span class='ocrx_word' id='word_1_771' title='bbox 3603 2418 3752 2470; x_wconf 90' lang='lat' dir='ltr'><strong>quo-</strong></span> 
     </span>
    </p>
   </div>
   <div class='ocr_carea' id='block_1_109' title="bbox 2167 2470 3747 2539">
    <p class='ocr_par' dir='ltr' id='par_1_109' title="bbox 2167 2470 3747 2539">
     <span class='ocr_line' id='line_1_110' title="bbox 2167 2470 3747 2539; baseline 0 -16"><span class='ocrx_word' id='word_1_772' title='bbox 2167 2486 2284 2523; x_wconf 90' lang='lat' dir='ltr'><strong>rum</strong></span> <span class='ocrx_word' id='word_1_773' title='bbox 2318 2470 2479 2523; x_wconf 86' lang='lat' dir='ltr'><strong>facilis</strong></span> <span class='ocrx_word' id='word_1_774' title='bbox 2507 2470 2842 2538; x_wconf 89' lang='lat' dir='ltr'><strong>mihijactura</strong></span> <span class='ocrx_word' id='word_1_775' title='bbox 2867 2477 2975 2528; x_wconf 87' lang='lat' dir='ltr'><strong>est;</strong></span> <span class='ocrx_word' id='word_1_776' title='bbox 3008 2478 3206 2522; x_wconf 91' lang='lat' dir='ltr'><strong>tantum</strong></span> <span class='ocrx_word' id='word_1_777' title='bbox 3232 2485 3295 2522; x_wconf 87' lang='lat' dir='ltr'><strong>ne</strong></span> <span class='ocrx_word' id='word_1_778' title='bbox 3325 2470 3487 2522; x_wconf 90' lang='lat' dir='ltr'><strong>Deum</strong></span> <span class='ocrx_word' id='word_1_779' title='bbox 3518 2481 3747 2539; x_wconf 87' lang='lat' dir='ltr'><strong>patrum</strong></span> 
     </span>
    </p>
   </div>
   <div class='ocr_carea' id='block_1_110' title="bbox 2156 2543 3747 2607">
    <p class='ocr_par' dir='ltr' id='par_1_110' title="bbox 2156 2543 3747 2607">
     <span class='ocr_line' id='line_1_111' title="bbox 2156 2543 3747 2607; baseline 0.009 -21"><span class='ocrx_word' id='word_1_780' title='bbox 2156 2548 2391 2607; x_wconf 75' lang='lat' dir='ltr'><strong>meorum</strong></span> <span class='ocrx_word' id='word_1_781' title='bbox 2411 2552 2612 2607; x_wconf 83' lang='lat' dir='ltr'><strong>negare</strong></span> <span class='ocrx_word' id='word_1_782' title='bbox 2640 2545 2941 2606; x_wconf 77' lang='lat' dir='ltr'><strong>cninpellar.</strong></span> <span class='ocrx_word' id='word_1_783' title='bbox 2975 2543 3122 2607; x_wconf 80' lang='lat' dir='ltr'><strong>Quod</strong></span> <span class='ocrx_word' id='word_1_784' title='bbox 3170 2553 3345 2594; x_wconf 89' lang='lat' dir='ltr'><strong>autem</strong></span> <span class='ocrx_word' id='word_1_785' title='bbox 3392 2547 3628 2597; x_wconf 67' lang='grc' dir='ltr'>«ταμιιιυ</span> <span class='ocrx_word' id='word_1_786' title='bbox 3669 2551 3747 2600; x_wconf 81' lang='lat' dir='ltr'><strong>itt-</strong></span> 
     </span>
    </p>
   </div>
   <div class='ocr_carea' id='block_1_111' title="bbox 2157 2601 3758 2684">
    <p class='ocr_par' dir='ltr' id='par_1_111' title="bbox 2157 2601 3758 2684">
     <span class='ocr_line' id='line_1_112' title="bbox 2157 2601 3758 2684; baseline 0.011 -31"><span class='ocrx_word' id='word_1_787' title='bbox 2157 2601 2634 2684; x_wconf 71' lang='lat' dir='ltr'><strong>utiliadcivitatein</strong></span> <span class='ocrx_word' id='word_1_788' title='bbox 2660 2601 3260 2684; x_wconf 35' lang='lat' dir='ltr'><strong>renieaudumidecernis</strong></span> <span class='ocrx_word' id='word_1_789' title='bbox 3281 2614 3487 2684; x_wconf 9' lang='lat' dir='ltr'><strong>;rmiror</strong></span> <span class='ocrx_word' id='word_1_790' title='bbox 3513 2625 3588 2676; x_wconf 86' lang='lat' dir='ltr'><strong>te,</strong></span> <span class='ocrx_word' id='word_1_791' title='bbox 3621 2633 3758 2684; x_wconf 86' lang='lat' dir='ltr'><strong>pru-</strong></span> 
     </span>
    </p>
   </div>
   <div class='ocr_carea' id='block_1_112' title="bbox 2157 2672 3754 2754">
    <p class='ocr_par' dir='ltr' id='par_1_112' title="bbox 2157 2672 3754 2754">
     <span class='ocr_line' id='line_1_113' title="bbox 2157 2672 3754 2754; baseline 0.011 -30"><span class='ocrx_word' id='word_1_792' title='bbox 2157 2672 2520 2754; x_wconf 69' lang='lat' dir='ltr'><strong>dentissimum</strong></span> <span class='ocrx_word' id='word_1_793' title='bbox 2561 2677 2746 2740; x_wconf 84' lang='lat' dir='ltr'><strong>virum,</strong></span> <span class='ocrx_word' id='word_1_794' title='bbox 2789 2694 2903 2754; x_wconf 80' lang='lat' dir='ltr'><strong>non_</strong></span> <span class='ocrx_word' id='word_1_795' title='bbox 2935 2680 3116 2754; x_wconf 67' lang='lat' dir='ltr'><strong>:_t_iiimo_</strong></span> <span class='ocrx_word' id='word_1_796' title='bbox 3158 2672 3450 2747; x_wconf 66' lang='lat' dir='ltr'><strong>praevidere</strong></span> <span class='ocrx_word' id='word_1_797' title='bbox 3483 2672 3633 2754; x_wconf 57' lang='lat' dir='ltr'><strong>&#39;quid&#39;</strong></span> <span class='ocrx_word' id='word_1_798' title='bbox 3677 2690 3754 2743; x_wconf 86' lang='lat' dir='ltr'><strong>de</strong></span> 
     </span>
    </p>
   </div>
   <div class='ocr_carea' id='block_1_113' title="bbox 2159 2741 3754 2826">
    <p class='ocr_par' dir='ltr' id='par_1_113' title="bbox 2159 2741 3754 2826">
     <span class='ocr_line' id='line_1_114' title="bbox 2159 2741 3754 2826; baseline 0.011 -34"><span class='ocrx_word' id='word_1_799' title='bbox 2159 2741 2310 2794; x_wconf 89' lang='lat' dir='ltr'><strong>nobis</strong></span> <span class='ocrx_word' id='word_1_800' title='bbox 2337 2742 2832 2826; x_wconf 68' lang='lat' dir='ltr'><strong>futurumccuseas,</strong></span> <span class='ocrx_word' id='word_1_801' title='bbox 2863 2748 2906 2799; x_wconf 92' lang='lat' dir='ltr'><strong>si</strong></span> <span class='ocrx_word' id='word_1_802' title='bbox 2936 2741 3271 2826; x_wconf 65' lang='lat' dir='ltr'><strong>Theodorus,</strong></span> <span class='ocrx_word' id='word_1_803' title='bbox 3294 2741 3544 2806; x_wconf 71' lang='lat' dir='ltr'><strong>columna</strong></span> <span class='ocrx_word' id='word_1_804' title='bbox 3573 2741 3754 2826; x_wconf 62' lang='lat' dir='ltr'><strong>syna;</strong></span> 
     </span>
    </p>
   </div>
   <div class='ocr_carea' id='block_1_114' title="bbox 2158 2816 3754 2890">
    <p class='ocr_par' dir='ltr' id='par_1_114' title="bbox 2158 2816 3754 2890">
     <span class='ocr_line' id='line_1_115' title="bbox 2158 2816 3754 2890; baseline 0.012 -30"><span class='ocrx_word' id='word_1_805' title='bbox 2158 2825 2303 2883; x_wconf 59' lang='grc' dir='ltr'><strong>εοεαε</strong></span> <span class='ocrx_word' id='word_1_806' title='bbox 2331 2823 2544 2880; x_wconf 57' lang='lat' dir='ltr'><strong>nostrai,</strong></span> <span class='ocrx_word' id='word_1_807' title='bbox 2585 2816 2636 2873; x_wconf 85' lang='lat' dir='ltr'><strong>in</strong></span> <span class='ocrx_word' id='word_1_808' title='bbox 2672 2832 2774 2879; x_wconf 84' lang='lat' dir='ltr'><strong>quo</strong></span> <span class='ocrx_word' id='word_1_809' title='bbox 2800 2833 3008 2869; x_wconf 89' lang='lat' dir='ltr'><strong>omnem</strong></span> <span class='ocrx_word' id='word_1_810' title='bbox 3039 2818 3284 2874; x_wconf 88' lang='lat' dir='ltr'><strong>fiduciam</strong></span> <span class='ocrx_word' id='word_1_811' title='bbox 3312 2816 3754 2890; x_wconf 73' lang='lat' dir='ltr'><strong>reuoneliaiuns,</strong></span> 
     </span>
    </p>
   </div>
   <div class='ocr_carea' id='block_1_115' title="bbox 2170 2893 3749 2962">
    <p class='ocr_par' dir='ltr' id='par_1_115' title="bbox 2170 2893 3749 2962">
     <span class='ocr_line' id='line_1_116' title="bbox 2170 2893 3749 2962; baseline -0.001 -16"><span class='ocrx_word' id='word_1_812' title='bbox 2170 2904 2462 2962; x_wconf 87' lang='lat' dir='ltr'><strong>apostatare</strong></span> <span class='ocrx_word' id='word_1_813' title='bbox 2487 2894 2782 2959; x_wconf 89' lang='lat' dir='ltr'><strong>compulsus</strong></span> <span class='ocrx_word' id='word_1_814' title='bbox 2809 2901 2906 2942; x_wconf 87' lang='lat' dir='ltr'><strong>est.</strong></span> <span class='ocrx_word' id='word_1_815' title='bbox 2940 2893 3046 2942; x_wconf 83' lang='lat' dir='ltr'><strong>lloc</strong></span> <span class='ocrx_word' id='word_1_816' title='bbox 3070 2907 3193 2958; x_wconf 81' lang='lat' dir='ltr'><strong>ergo</strong></span> <span class='ocrx_word' id='word_1_817' title='bbox 3221 2894 3400 2942; x_wconf 63' lang='lat' dir='ltr'><strong>sanius</strong></span> <span class='ocrx_word' id='word_1_818' title='bbox 3424 2909 3524 2952; x_wconf 81' lang='lat' dir='ltr'><strong>est,</strong></span> <span class='ocrx_word' id='word_1_819' title='bbox 3560 2909 3614 2943; x_wconf 94' lang='grc' dir='ltr'><strong>ιιι</strong></span> <span class='ocrx_word' id='word_1_820' title='bbox 3648 2915 3749 2944; x_wconf 63' lang='lat' dir='ltr'><strong>ea-</strong></span> 
     </span>
    </p>
   </div>
   <div class='ocr_carea' id='block_1_116' title="bbox 2170 2962 3750 3029">
    <p class='ocr_par' dir='ltr' id='par_1_116' title="bbox 2170 2962 3750 3029">
     <span class='ocr_line' id='line_1_117' title="bbox 2170 2962 3750 3029; baseline -0.001 -13"><span class='ocrx_word' id='word_1_821' title='bbox 2170 2979 2286 3016; x_wconf 87' lang='lat' dir='ltr'><strong>mus</strong></span> <span class='ocrx_word' id='word_1_822' title='bbox 2306 2963 2372 3016; x_wconf 92' lang='lat' dir='ltr'><strong>ad</strong></span> <span class='ocrx_word' id='word_1_823' title='bbox 2410 2977 2588 3029; x_wconf 84' lang='lat' dir='ltr'><strong>agrum</strong></span> <span class='ocrx_word' id='word_1_824' title='bbox 2627 2977 2818 3020; x_wconf 84' lang='lat' dir='ltr'><strong>meum,</strong></span> <span class='ocrx_word' id='word_1_825' title='bbox 2862 2975 2958 3013; x_wconf 90' lang='lat' dir='ltr'><strong>nec</strong></span> <span class='ocrx_word' id='word_1_826' title='bbox 3003 2975 3097 3012; x_wconf 84' lang='lat' dir='ltr'><strong>nos</strong></span> <span class='ocrx_word' id='word_1_827' title='bbox 3123 2962 3256 3012; x_wconf 90' lang='lat' dir='ltr'><strong>ultra</strong></span> <span class='ocrx_word' id='word_1_828' title='bbox 3305 2963 3750 3014; x_wconf 68' lang='lat' dir='ltr'><strong>(.‘hristianorum</strong></span> 
     </span>
    </p>
   </div>
   <div class='ocr_carea' id='block_1_117' title="bbox 2170 3030 3754 3100">
    <p class='ocr_par' dir='ltr' id='par_1_117' title="bbox 2170 3030 3754 3100">
     <span class='ocr_line' id='line_1_118' title="bbox 2170 3030 3754 3100; baseline 0 -15"><span class='ocrx_word' id='word_1_829' title='bbox 2170 3035 2332 3086; x_wconf 84' lang='lat' dir='ltr'><strong>oculis</strong></span> <span class='ocrx_word' id='word_1_830' title='bbox 2361 3034 2671 3100; x_wconf 83' lang='lat' dir='ltr'><strong>ingeramus.</strong></span> <span class='ocrx_word' id='word_1_831' title='bbox 2719 3031 2998 3083; x_wconf 85' lang='lat' dir='ltr'><strong>Possumus</strong></span> <span class='ocrx_word' id='word_1_832' title='bbox 3025 3031 3162 3082; x_wconf 90' lang='lat' dir='ltr'><strong>enim</strong></span> <span class='ocrx_word' id='word_1_833' title='bbox 3212 3030 3320 3100; x_wconf 88' lang='lat' dir='ltr'><strong>illic</strong></span> <span class='ocrx_word' id='word_1_834' title='bbox 3360 3032 3576 3084; x_wconf 90' lang='lat' dir='ltr'><strong>interim</strong></span> <span class='ocrx_word' id='word_1_835' title='bbox 3606 3031 3754 3085; x_wconf 83' lang='lat' dir='ltr'><strong>deli-</strong></span> 
     </span>
    </p>
   </div>
   <div class='ocr_carea' id='block_1_118' title="bbox 2174 3099 3756 3166">
    <p class='ocr_par' dir='ltr' id='par_1_118' title="bbox 2174 3099 3756 3166">
     <span class='ocr_line' id='line_1_119' title="bbox 2174 3099 3756 3166; baseline -0.001 -12"><span class='ocrx_word' id='word_1_836' title='bbox 2174 3113 2392 3164; x_wconf 89' lang='lat' dir='ltr'><strong>tescere,</strong></span> <span class='ocrx_word' id='word_1_837' title='bbox 2417 3099 2583 3153; x_wconf 86' lang='lat' dir='ltr'><strong>donec</strong></span> <span class='ocrx_word' id='word_1_838' title='bbox 2607 3109 2899 3166; x_wconf 90' lang='lat' dir='ltr'><strong>opportuno</strong></span> <span class='ocrx_word' id='word_1_839' title='bbox 2932 3106 3169 3164; x_wconf 88' lang='lat' dir='ltr'><strong>tempore</strong></span> <span class='ocrx_word' id='word_1_840' title='bbox 3199 3099 3262 3150; x_wconf 91' lang='lat' dir='ltr'><strong>ad</strong></span> <span class='ocrx_word' id='word_1_841' title='bbox 3293 3101 3575 3166; x_wconf 87' lang='lat' dir='ltr'><strong>peregrina</strong></span> <span class='ocrx_word' id='word_1_842' title='bbox 3606 3103 3756 3154; x_wconf 82' lang='lat' dir='ltr'><strong>etni-</strong></span> 
     </span>
    </p>
   </div>
   <div class='ocr_carea' id='block_1_119' title="bbox 2171 3167 3756 3239">
    <p class='ocr_par' dir='ltr' id='par_1_119' title="bbox 2171 3167 3756 3239">
     <span class='ocr_line' id='line_1_120' title="bbox 2171 3167 3756 3239; baseline -0.001 -17"><span class='ocrx_word' id='word_1_843' title='bbox 2171 3185 2397 3239; x_wconf 86' lang='lat' dir='ltr'><strong>gremus.</strong></span> <span class='ocrx_word' id='word_1_844' title='bbox 2425 3169 2852 3239; x_wconf 74' lang='lat' dir='ltr'><strong>Quandoquidem</strong></span> <span class='ocrx_word' id='word_1_845' title='bbox 2883 3169 2932 3218; x_wconf 92' lang='lat' dir='ltr'><strong>in</strong></span> <span class='ocrx_word' id='word_1_846' title='bbox 2962 3167 3057 3239; x_wconf 81' lang='lat' dir='ltr'><strong>hac</strong></span> <span class='ocrx_word' id='word_1_847' title='bbox 3099 3169 3267 3239; x_wconf 87' lang='lat' dir='ltr'><strong>insula</strong></span> <span class='ocrx_word' id='word_1_848' title='bbox 3301 3169 3369 3220; x_wconf 89' lang='lat' dir='ltr'><strong>ita</strong></span> <span class='ocrx_word' id='word_1_849' title='bbox 3420 3170 3563 3234; x_wconf 89' lang='lat' dir='ltr'><strong>apud</strong></span> <span class='ocrx_word' id='word_1_850' title='bbox 3609 3186 3756 3222; x_wconf 80' lang='lat' dir='ltr'><strong>cun-</strong></span> 
     </span>
    </p>
   </div>
   <div class='ocr_carea' id='block_1_120' title="bbox 2173 3237 3752 3306">
    <p class='ocr_par' dir='ltr' id='par_1_120' title="bbox 2173 3237 3752 3306">
     <span class='ocr_line' id='line_1_121' title="bbox 2173 3237 3752 3306; baseline 0.002 -16"><span class='ocrx_word' id='word_1_851' title='bbox 2173 3237 2286 3292; x_wconf 81' lang='lat' dir='ltr'><strong>ctos</strong></span> <span class='ocrx_word' id='word_1_852' title='bbox 2308 3239 2481 3292; x_wconf 91' lang='lat' dir='ltr'><strong>odium</strong></span> <span class='ocrx_word' id='word_1_853' title='bbox 2507 3247 2700 3290; x_wconf 70' lang='lat' dir='ltr'><strong>nostra:</strong></span> <span class='ocrx_word' id='word_1_854' title='bbox 2740 3237 3001 3302; x_wconf 78' lang='lat' dir='ltr'><strong>religionis</strong></span> <span class='ocrx_word' id='word_1_855' title='bbox 3031 3237 3275 3301; x_wconf 88' lang='lat' dir='ltr'><strong>increvit,</strong></span> <span class='ocrx_word' id='word_1_856' title='bbox 3308 3246 3363 3289; x_wconf 90' lang='grc' dir='ltr'><strong>ιιι</strong></span> <span class='ocrx_word' id='word_1_857' title='bbox 3389 3239 3478 3305; x_wconf 92' lang='lat' dir='ltr'><strong>qui</strong></span> <span class='ocrx_word' id='word_1_858' title='bbox 3507 3240 3752 3306; x_wconf 79' lang='lat' dir='ltr'><strong>patriam</strong></span> 
     </span>
    </p>
   </div>
   <div class='ocr_carea' id='block_1_121' title="bbox 2174 3306 3756 3375">
    <p class='ocr_par' dir='ltr' id='par_1_121' title="bbox 2174 3306 3756 3375">
     <span class='ocr_line' id='line_1_122' title="bbox 2174 3306 3756 3375; baseline 0.001 -14"><span class='ocrx_word' id='word_1_859' title='bbox 2174 3325 2278 3361; x_wconf 92' lang='lat' dir='ltr'><strong>non</strong></span> <span class='ocrx_word' id='word_1_860' title='bbox 2311 3307 2593 3375; x_wconf 85' lang='lat' dir='ltr'><strong>reliquerit,</strong></span> <span class='ocrx_word' id='word_1_861' title='bbox 2624 3306 2776 3358; x_wconf 88' lang='lat' dir='ltr'><strong>tidem</strong></span> <span class='ocrx_word' id='word_1_862' title='bbox 2815 3317 3018 3372; x_wconf 91' lang='lat' dir='ltr'><strong>patrum</strong></span> <span class='ocrx_word' id='word_1_863' title='bbox 3049 3315 3225 3359; x_wconf 90' lang='lat' dir='ltr'><strong>tenere</strong></span> <span class='ocrx_word' id='word_1_864' title='bbox 3263 3321 3365 3358; x_wconf 90' lang='lat' dir='ltr'><strong>non</strong></span> <span class='ocrx_word' id='word_1_865' title='bbox 3408 3308 3603 3373; x_wconf 85' lang='lat' dir='ltr'><strong>possit.</strong></span> <span class='ocrx_word' id='word_1_866' title='bbox 3633 3308 3756 3362; x_wconf 89' lang='lat' dir='ltr'><strong>Cur</strong></span> 
     </span>
    </p>
   </div>
   <div class='ocr_carea' id='block_1_122' title="bbox 2175 3376 3754 3443">
    <p class='ocr_par' dir='ltr' id='par_1_122' title="bbox 2175 3376 3754 3443">
     <span class='ocr_line' id='line_1_123' title="bbox 2175 3376 3754 3443; baseline 0 -13"><span class='ocrx_word' id='word_1_867' title='bbox 2175 3378 2346 3443; x_wconf 89' lang='lat' dir='ltr'><strong>itaque</strong></span> <span class='ocrx_word' id='word_1_868' title='bbox 2395 3392 2498 3430; x_wconf 92' lang='lat' dir='ltr'><strong>non</strong></span> <span class='ocrx_word' id='word_1_869' title='bbox 2550 3376 2898 3428; x_wconf 85' lang='lat' dir='ltr'><strong>voluntarium</strong></span> <span class='ocrx_word' id='word_1_870' title='bbox 2943 3376 3288 3442; x_wconf 83' lang='lat' dir='ltr'><strong>suscipiamus</strong></span> <span class='ocrx_word' id='word_1_871' title='bbox 3345 3378 3624 3439; x_wconf 84' lang='lat' dir='ltr'><strong>exsilium,</strong></span> <span class='ocrx_word' id='word_1_872' title='bbox 3678 3379 3754 3431; x_wconf 86' lang='lat' dir='ltr'><strong>ad</strong></span> 
     </span>
    </p>
   </div>
   <div class='ocr_carea' id='block_1_123' title="bbox 2173 3444 3754 3514">
    <p class='ocr_par' dir='ltr' id='par_1_123' title="bbox 2173 3444 3754 3514">
     <span class='ocr_line' id='line_1_124' title="bbox 2173 3444 3754 3514; baseline 0.001 -16"><span class='ocrx_word' id='word_1_873' title='bbox 2173 3447 2332 3514; x_wconf 92' lang='lat' dir='ltr'><strong>quod,</strong></span> <span class='ocrx_word' id='word_1_874' title='bbox 2359 3447 2494 3498; x_wconf 91' lang='lat' dir='ltr'><strong>sicut</strong></span> <span class='ocrx_word' id='word_1_875' title='bbox 2540 3461 2622 3498; x_wconf 86' lang='lat' dir='ltr'><strong>res</strong></span> <span class='ocrx_word' id='word_1_876' title='bbox 2654 3444 2862 3503; x_wconf 86' lang='lat' dir='ltr'><strong>indicat.</strong></span> <span class='ocrx_word' id='word_1_877' title='bbox 2901 3445 3039 3514; x_wconf 87' lang='lat' dir='ltr'><strong>odiis</strong></span> <span class='ocrx_word' id='word_1_878' title='bbox 3077 3445 3290 3509; x_wconf 90' lang='lat' dir='ltr'><strong>civium,</strong></span> <span class='ocrx_word' id='word_1_879' title='bbox 3322 3446 3536 3498; x_wconf 85' lang='lat' dir='ltr'><strong>etiamsi</strong></span> <span class='ocrx_word' id='word_1_880' title='bbox 3581 3447 3754 3500; x_wconf 88' lang='lat' dir='ltr'><strong>nolu-</strong></span> 
     </span>
    </p>
   </div>
   <div class='ocr_carea' id='block_1_124' title="bbox 2174 3513 3755 3584">
    <p class='ocr_par' dir='ltr' id='par_1_124' title="bbox 2174 3513 3755 3584">
     <span class='ocr_line' id='line_1_125' title="bbox 2174 3513 3755 3584; baseline 0.002 -16"><span class='ocrx_word' id='word_1_881' title='bbox 2174 3513 2309 3578; x_wconf 88' lang='lat' dir='ltr'><strong>mus,</strong></span> <span class='ocrx_word' id='word_1_882' title='bbox 2340 3515 2629 3568; x_wconf 89' lang='lat' dir='ltr'><strong>destinandi</strong></span> <span class='ocrx_word' id='word_1_883' title='bbox 2655 3515 2873 3584; x_wconf 64' lang='lat' dir='ltr'><strong>sumus?</strong></span> <span class='ocrx_word' id='word_1_884' title='bbox 2897 3513 3003 3566; x_wconf 84' lang='lat' dir='ltr'><strong>Hoc</strong></span> <span class='ocrx_word' id='word_1_885' title='bbox 3033 3514 3437 3584; x_wconf 84' lang='lat' dir='ltr'><strong>igiturconsilio</strong></span> <span class='ocrx_word' id='word_1_886' title='bbox 3455 3515 3755 3584; x_wconf 87' lang='lat' dir='ltr'><strong>utriusque</strong></span> 
     </span>
    </p>
   </div>
   <div class='ocr_carea' id='block_1_125' title="bbox 2173 3583 3753 3646">
    <p class='ocr_par' dir='ltr' id='par_1_125' title="bbox 2173 3583 3753 3646">
     <span class='ocr_line' id='line_1_126' title="bbox 2173 3583 3753 3646; baseline 0.001 -9"><span class='ocrx_word' id='word_1_887' title='bbox 2173 3584 2782 3646; x_wconf 79' lang='lat' dir='ltr'><strong>sententiaconfirmata,</strong></span> <span class='ocrx_word' id='word_1_888' title='bbox 2815 3583 3044 3636; x_wconf 86' lang='lat' dir='ltr'><strong>laborem</strong></span> <span class='ocrx_word' id='word_1_889' title='bbox 3070 3583 3314 3636; x_wconf 89' lang='lat' dir='ltr'><strong>destinati</strong></span> <span class='ocrx_word' id='word_1_890' title='bbox 3353 3585 3564 3638; x_wconf 88' lang='lat' dir='ltr'><strong>itineris</strong></span> <span class='ocrx_word' id='word_1_891' title='bbox 3598 3586 3753 3639; x_wconf 83' lang='lat' dir='ltr'><strong>arri-</strong></span> 
     </span>
    </p>
   </div>
   <div class='ocr_carea' id='block_1_126' title="bbox 2177 3652 3754 3721">
    <p class='ocr_par' dir='ltr' id='par_1_126' title="bbox 2177 3652 3754 3721">
     <span class='ocr_line' id='line_1_127' title="bbox 2177 3652 3754 3721; baseline 0.002 -16"><span class='ocrx_word' id='word_1_892' title='bbox 2177 3655 2340 3720; x_wconf 89' lang='lat' dir='ltr'><strong>piunt.</strong></span> <span class='ocrx_word' id='word_1_893' title='bbox 2373 3654 2474 3706; x_wconf 85' lang='lat' dir='ltr'><strong>Sed</strong></span> <span class='ocrx_word' id='word_1_894' title='bbox 2499 3654 2620 3705; x_wconf 87' lang='lat' dir='ltr'><strong>dmn</strong></span> <span class='ocrx_word' id='word_1_895' title='bbox 2653 3668 2743 3719; x_wconf 89' lang='lat' dir='ltr'><strong>per</strong></span> <span class='ocrx_word' id='word_1_896' title='bbox 2784 3652 3205 3716; x_wconf 75' lang='lat' dir='ltr'><strong>angustissimum</strong></span> <span class='ocrx_word' id='word_1_897' title='bbox 3238 3654 3613 3721; x_wconf 84' lang='lat' dir='ltr'><strong>ingrediuntur</strong></span> <span class='ocrx_word' id='word_1_898' title='bbox 3633 3657 3754 3708; x_wconf 79' lang='lat' dir='ltr'><strong>cal-</strong></span> 
     </span>
    </p>
   </div>
   <div class='ocr_carea' id='block_1_127' title="bbox 2176 3723 3756 3790">
    <p class='ocr_par' dir='ltr' id='par_1_127' title="bbox 2176 3723 3756 3790">
     <span class='ocr_line' id='line_1_128' title="bbox 2176 3723 3756 3790; baseline 0.001 -14"><span class='ocrx_word' id='word_1_899' title='bbox 2176 3724 2298 3787; x_wconf 92' lang='lat' dir='ltr'><strong>lem,</strong></span> <span class='ocrx_word' id='word_1_900' title='bbox 2329 3724 2694 3790; x_wconf 83' lang='lat' dir='ltr'><strong>cogitationum</strong></span> <span class='ocrx_word' id='word_1_901' title='bbox 2727 3723 2952 3774; x_wconf 90' lang='lat' dir='ltr'><strong>tenebris</strong></span> <span class='ocrx_word' id='word_1_902' title='bbox 2997 3723 3165 3774; x_wconf 91' lang='lat' dir='ltr'><strong>lucem</strong></span> <span class='ocrx_word' id='word_1_903' title='bbox 3200 3724 3597 3776; x_wconf 65' lang='lat' dir='ltr'><strong>occascantibus</strong></span> <span class='ocrx_word' id='word_1_904' title='bbox 3622 3739 3756 3777; x_wconf 89' lang='lat' dir='ltr'><strong>ocu-</strong></span> 
     </span>
    </p>
   </div>
   <div class='ocr_carea' id='block_1_128' title="bbox 2177 3791 3751 3858">
    <p class='ocr_par' dir='ltr' id='par_1_128' title="bbox 2177 3791 3751 3858">
     <span class='ocr_line' id='line_1_129' title="bbox 2177 3791 3751 3858; baseline 0.001 -13"><span class='ocrx_word' id='word_1_905' title='bbox 2177 3791 2382 3855; x_wconf 90' lang='lat' dir='ltr'><strong>lorum,</strong></span> <span class='ocrx_word' id='word_1_906' title='bbox 2421 3793 2589 3858; x_wconf 92' lang='lat' dir='ltr'><strong>ipsum</strong></span> <span class='ocrx_word' id='word_1_907' title='bbox 2635 3806 2786 3858; x_wconf 85' lang='lat' dir='ltr'><strong>quem</strong></span> <span class='ocrx_word' id='word_1_908' title='bbox 2835 3791 2981 3842; x_wconf 88' lang='lat' dir='ltr'><strong>inscii</strong></span> <span class='ocrx_word' id='word_1_909' title='bbox 3037 3791 3416 3858; x_wconf 86' lang='lat' dir='ltr'><strong>sequebantur,</strong></span> <span class='ocrx_word' id='word_1_910' title='bbox 3464 3796 3751 3846; x_wconf 82' lang='lat' dir='ltr'><strong>tramitem</strong></span> 
     </span>
    </p>
   </div>
   <div class='ocr_carea' id='block_1_129' title="bbox 2177 3859 3756 3928">
    <p class='ocr_par' dir='ltr' id='par_1_129' title="bbox 2177 3859 3756 3928">
     <span class='ocr_line' id='line_1_130' title="bbox 2177 3859 3756 3928; baseline 0.002 -15"><span class='ocrx_word' id='word_1_911' title='bbox 2177 3860 2534 3928; x_wconf 87' lang='lat' dir='ltr'><strong>perdiderunt,</strong></span> <span class='ocrx_word' id='word_1_912' title='bbox 2575 3869 2628 3912; x_wconf 91' lang='lat' dir='ltr'><strong>et</strong></span> <span class='ocrx_word' id='word_1_913' title='bbox 2668 3862 2718 3912; x_wconf 93' lang='lat' dir='ltr'><strong>in</strong></span> <span class='ocrx_word' id='word_1_914' title='bbox 2747 3859 2875 3912; x_wconf 90' lang='lat' dir='ltr'><strong>locis</strong></span> <span class='ocrx_word' id='word_1_915' title='bbox 2901 3859 3122 3913; x_wconf 88' lang='lat' dir='ltr'><strong>desertis</strong></span> <span class='ocrx_word' id='word_1_916' title='bbox 3150 3872 3306 3927; x_wconf 87' lang='lat' dir='ltr'><strong>atque</strong></span> <span class='ocrx_word' id='word_1_917' title='bbox 3346 3859 3506 3915; x_wconf 87' lang='lat' dir='ltr'><strong>inviis</strong></span> <span class='ocrx_word' id='word_1_918' title='bbox 3533 3877 3756 3916; x_wconf 87' lang='lat' dir='ltr'><strong>reman-</strong></span> 
     </span>
    </p>
   </div>
   <div class='ocr_carea' id='block_1_130' title="bbox 2162 3926 3758 3998">
    <p class='ocr_par' dir='ltr' id='par_1_130' title="bbox 2162 3926 3758 3998">
     <span class='ocr_line' id='line_1_131' title="bbox 2162 3926 3758 3998; baseline 0.008 -23"><span class='ocrx_word' id='word_1_919' title='bbox 2162 3926 2298 3998; x_wconf 65' lang='lat' dir='ltr'><strong>sere.</strong></span> <span class='ocrx_word' id='word_1_920' title='bbox 2331 3926 2461 3979; x_wconf 83' lang='lat' dir='ltr'><strong>Cum</strong></span> <span class='ocrx_word' id='word_1_921' title='bbox 2507 3936 2679 3979; x_wconf 89' lang='lat' dir='ltr'><strong>autem</strong></span> <span class='ocrx_word' id='word_1_922' title='bbox 2726 3928 3091 3980; x_wconf 87' lang='lat' dir='ltr'><strong>sciudcrentur</strong></span> <span class='ocrx_word' id='word_1_923' title='bbox 3119 3926 3360 3982; x_wconf 89' lang='lat' dir='ltr'><strong>sentibus</strong></span> <span class='ocrx_word' id='word_1_924' title='bbox 3391 3945 3455 3982; x_wconf 87' lang='lat' dir='ltr'><strong>ac</strong></span> <span class='ocrx_word' id='word_1_925' title='bbox 3487 3934 3758 3998; x_wconf 83' lang='lat' dir='ltr'><strong>vepribus</strong></span> 
     </span>
    </p>
   </div>
   <div class='ocr_carea' id='block_1_131' title="bbox 2163 3991 3765 4067">
    <p class='ocr_par' dir='ltr' id='par_1_131' title="bbox 2163 3991 3765 4067">
     <span class='ocr_line' id='line_1_132' title="bbox 2163 3991 3765 4067; baseline 0.009 -24"><span class='ocrx_word' id='word_1_926' title='bbox 2163 3991 2538 4067; x_wconf 81' lang='lat' dir='ltr'><strong>lacerarentur,</strong></span> <span class='ocrx_word' id='word_1_927' title='bbox 2571 4004 2846 4067; x_wconf 82' lang='lat' dir='ltr'><strong>postquam</strong></span> <span class='ocrx_word' id='word_1_928' title='bbox 2872 4010 3064 4063; x_wconf 91' lang='lat' dir='ltr'><strong>corpus</strong></span> <span class='ocrx_word' id='word_1_929' title='bbox 3091 4011 3244 4051; x_wconf 88' lang='lat' dir='ltr'><strong>suum</strong></span> <span class='ocrx_word' id='word_1_930' title='bbox 3275 3998 3448 4067; x_wconf 86' lang='lat' dir='ltr'><strong>longis</strong></span> <span class='ocrx_word' id='word_1_931' title='bbox 3473 3991 3765 4058; x_wconf 41' lang='lat' dir='ltr'><strong>fiet-lavere</strong></span> 
     </span>
    </p>
   </div>
   <div class='ocr_carea' id='block_1_132' title="bbox 2165 4061 3765 4136">
    <p class='ocr_par' dir='ltr' id='par_1_132' title="bbox 2165 4061 3765 4136">
     <span class='ocr_line' id='line_1_133' title="bbox 2165 4061 3765 4136; baseline 0.009 -25"><span class='ocrx_word' id='word_1_932' title='bbox 2165 4061 2500 4136; x_wconf 74' lang='lat' dir='ltr'><strong>vulneribus,</strong></span> <span class='ocrx_word' id='word_1_933' title='bbox 2551 4061 2619 4136; x_wconf 89' lang='lat' dir='ltr'><strong>ad</strong></span> <span class='ocrx_word' id='word_1_934' title='bbox 2667 4072 2859 4136; x_wconf 81' lang='lat' dir='ltr'><strong>tantam</strong></span> <span class='ocrx_word' id='word_1_935' title='bbox 2911 4061 3082 4134; x_wconf 86' lang='lat' dir='ltr'><strong>primo</strong></span> <span class='ocrx_word' id='word_1_936' title='bbox 3125 4067 3342 4135; x_wconf 89' lang='lat' dir='ltr'><strong>quidem</strong></span> <span class='ocrx_word' id='word_1_937' title='bbox 3369 4061 3765 4136; x_wconf 50' lang='lat' dir='ltr'><strong>&#39;anxietatem.</strong></span> 
     </span>
    </p>
   </div>
   <div class='ocr_carea' id='block_1_133' title="bbox 2164 4130 3768 4206">
    <p class='ocr_par' dir='ltr' id='par_1_133' title="bbox 2164 4130 3768 4206">
     <span class='ocr_line' id='line_1_134' title="bbox 2164 4130 3768 4206; baseline 0.009 -24"><span class='ocrx_word' id='word_1_938' title='bbox 2164 4130 2354 4184; x_wconf 86' lang='lat' dir='ltr'><strong>deinde</strong></span> <span class='ocrx_word' id='word_1_939' title='bbox 2381 4132 2536 4185; x_wconf 88' lang='lat' dir='ltr'><strong>etiam</strong></span> <span class='ocrx_word' id='word_1_940' title='bbox 2558 4134 2622 4185; x_wconf 90' lang='lat' dir='ltr'><strong>ad</strong></span> <span class='ocrx_word' id='word_1_941' title='bbox 2650 4130 3071 4200; x_wconf 80' lang='lat' dir='ltr'><strong>desperationem</strong></span> <span class='ocrx_word' id='word_1_942' title='bbox 3098 4130 3259 4206; x_wconf 80' lang='lat' dir='ltr'><strong>atque</strong></span> <span class='ocrx_word' id='word_1_943' title='bbox 3281 4135 3632 4194; x_wconf 89' lang='lat' dir='ltr'><strong>formidinem</strong></span> <span class='ocrx_word' id='word_1_944' title='bbox 3662 4130 3768 4197; x_wconf 57' lang='lat' dir='ltr'><strong>ve;</strong></span> 
     </span>
    </p>
   </div>
   <div class='ocr_carea' id='block_1_134' title="bbox 2174 4212 3750 4280">
    <p class='ocr_par' dir='ltr' id='par_1_134' title="bbox 2174 4212 3750 4280">
     <span class='ocr_line' id='line_1_135' title="bbox 2174 4212 3750 4280; baseline 0 -14"><span class='ocrx_word' id='word_1_945' title='bbox 2174 4227 2319 4275; x_wconf 87' lang='lat' dir='ltr'><strong>nere,</strong></span> <span class='ocrx_word' id='word_1_946' title='bbox 2369 4220 2426 4264; x_wconf 92' lang='lat' dir='ltr'><strong>ut</strong></span> <span class='ocrx_word' id='word_1_947' title='bbox 2467 4213 2901 4279; x_wconf 87' lang='lat' dir='ltr'><strong>compellerentur</strong></span> <span class='ocrx_word' id='word_1_948' title='bbox 2951 4212 3118 4272; x_wconf 87' lang='lat' dir='ltr'><strong>fateri,</strong></span> <span class='ocrx_word' id='word_1_949' title='bbox 3171 4227 3228 4264; x_wconf 86' lang='lat' dir='ltr'><strong>se</strong></span> <span class='ocrx_word' id='word_1_950' title='bbox 3272 4228 3333 4265; x_wconf 90' lang='lat' dir='ltr'><strong>ea</strong></span> <span class='ocrx_word' id='word_1_951' title='bbox 3389 4213 3598 4280; x_wconf 88' lang='lat' dir='ltr'><strong>judicio</strong></span> <span class='ocrx_word' id='word_1_952' title='bbox 3649 4217 3750 4266; x_wconf 77' lang='lat' dir='ltr'><strong>Dei</strong></span> 
     </span>
    </p>
   </div>
   <div class='ocr_carea' id='block_1_135' title="bbox 2170 4280 3747 4351">
    <p class='ocr_par' dir='ltr' id='par_1_135' title="bbox 2170 4280 3747 4351">
     <span class='ocr_line' id='line_1_136' title="bbox 2170 4280 3747 4351; baseline 0.002 -18"><span class='ocrx_word' id='word_1_953' title='bbox 2170 4281 2312 4351; x_wconf 89' lang='lat' dir='ltr'><strong>justo</strong></span> <span class='ocrx_word' id='word_1_954' title='bbox 2332 4282 2399 4335; x_wconf 91' lang='lat' dir='ltr'><strong>ob</strong></span> <span class='ocrx_word' id='word_1_955' title='bbox 2422 4283 2830 4335; x_wconf 88' lang='lat' dir='ltr'><strong>incredulitatem</strong></span> <span class='ocrx_word' id='word_1_956' title='bbox 2861 4282 3081 4350; x_wconf 88' lang='lat' dir='ltr'><strong>perpeti.</strong></span> <span class='ocrx_word' id='word_1_957' title='bbox 3112 4280 3274 4351; x_wconf 84' lang='lat' dir='ltr'><strong>Igitur</strong></span> <span class='ocrx_word' id='word_1_958' title='bbox 3296 4297 3492 4334; x_wconf 90' lang='lat' dir='ltr'><strong>nomen</strong></span> <span class='ocrx_word' id='word_1_959' title='bbox 3511 4284 3747 4345; x_wconf 85' lang='lat' dir='ltr'><strong>Christi,</strong></span> 
     </span>
    </p>
   </div>
   <div class='ocr_carea' id='block_1_136' title="bbox 2173 4350 3753 4421">
    <p class='ocr_par' dir='ltr' id='par_1_136' title="bbox 2173 4350 3753 4421">
     <span class='ocr_line' id='line_1_137' title="bbox 2173 4350 3753 4421; baseline 0.001 -17"><span class='ocrx_word' id='word_1_960' title='bbox 2173 4350 2311 4421; x_wconf 83' lang='lat' dir='ltr'><strong>quod</strong></span> <span class='ocrx_word' id='word_1_961' title='bbox 2339 4362 2460 4404; x_wconf 88' lang='lat' dir='ltr'><strong>ante</strong></span> <span class='ocrx_word' id='word_1_962' title='bbox 2489 4366 2545 4403; x_wconf 91' lang='lat' dir='ltr'><strong>se</strong></span> <span class='ocrx_word' id='word_1_963' title='bbox 2570 4354 2704 4403; x_wconf 91' lang='lat' dir='ltr'><strong>ultro</strong></span> <span class='ocrx_word' id='word_1_964' title='bbox 2734 4351 2973 4417; x_wconf 87' lang='lat' dir='ltr'><strong>ingerens</strong></span> <span class='ocrx_word' id='word_1_965' title='bbox 2995 4350 3337 4418; x_wconf 84' lang='lat' dir='ltr'><strong>repellebant,</strong></span> <span class='ocrx_word' id='word_1_966' title='bbox 3358 4353 3614 4404; x_wconf 88' lang='lat' dir='ltr'><strong>laceratis</strong></span> <span class='ocrx_word' id='word_1_967' title='bbox 3632 4352 3753 4418; x_wconf 89' lang='lat' dir='ltr'><strong>jam</strong></span> 
     </span>
    </p>
   </div>
   <div class='ocr_carea' id='block_1_137' title="bbox 2173 4421 3756 4486">
    <p class='ocr_par' dir='ltr' id='par_1_137' title="bbox 2173 4421 3756 4486">
     <span class='ocr_line' id='line_1_138' title="bbox 2173 4421 3756 4486; baseline -0.001 -11"><span class='ocrx_word' id='word_1_968' title='bbox 2173 4423 2432 4482; x_wconf 89' lang='lat' dir='ltr'><strong>cruribus,</strong></span> <span class='ocrx_word' id='word_1_969' title='bbox 2456 4421 2770 4481; x_wconf 85' lang='lat' dir='ltr'><strong>invocantes,</strong></span> <span class='ocrx_word' id='word_1_970' title='bbox 2800 4423 3035 4472; x_wconf 90' lang='lat' dir='ltr'><strong>semitam</strong></span> <span class='ocrx_word' id='word_1_971' title='bbox 3057 4435 3172 4486; x_wconf 72' lang='lat' dir='ltr'><strong>qum</strong></span> <span class='ocrx_word' id='word_1_972' title='bbox 3199 4433 3295 4472; x_wconf 88' lang='lat' dir='ltr'><strong>eos</strong></span> <span class='ocrx_word' id='word_1_973' title='bbox 3327 4430 3514 4473; x_wconf 91' lang='lat' dir='ltr'><strong>contra</strong></span> <span class='ocrx_word' id='word_1_974' title='bbox 3555 4424 3756 4474; x_wconf 85' lang='lat' dir='ltr'><strong>volun-</strong></span> 
     </span>
    </p>
   </div>
   <div class='ocr_carea' id='block_1_138' title="bbox 2176 4489 3754 4558">
    <p class='ocr_par' dir='ltr' id='par_1_138' title="bbox 2176 4489 3754 4558">
     <span class='ocr_line' id='line_1_139' title="bbox 2176 4489 3754 4558; baseline 0.001 -15"><span class='ocrx_word' id='word_1_975' title='bbox 2176 4501 2334 4544; x_wconf 80' lang='lat' dir='ltr'><strong>tatem</strong></span> <span class='ocrx_word' id='word_1_976' title='bbox 2358 4505 2420 4543; x_wconf 89' lang='lat' dir='ltr'><strong>ac</strong></span> <span class='ocrx_word' id='word_1_977' title='bbox 2446 4492 2766 4558; x_wconf 88' lang='lat' dir='ltr'><strong>propositum</strong></span> <span class='ocrx_word' id='word_1_978' title='bbox 2793 4503 2944 4541; x_wconf 91' lang='lat' dir='ltr'><strong>suum</strong></span> <span class='ocrx_word' id='word_1_979' title='bbox 2973 4489 3036 4540; x_wconf 91' lang='lat' dir='ltr'><strong>ad</strong></span> <span class='ocrx_word' id='word_1_980' title='bbox 3064 4489 3311 4556; x_wconf 89' lang='lat' dir='ltr'><strong>oppidum</strong></span> <span class='ocrx_word' id='word_1_981' title='bbox 3339 4491 3587 4551; x_wconf 77' lang='lat' dir='ltr'><strong>retraxit.</strong></span> <span class='ocrx_word' id='word_1_982' title='bbox 3620 4507 3754 4544; x_wconf 90' lang='lat' dir='ltr'><strong>cor-</strong></span> 
     </span>
    </p>
   </div>
   <div class='ocr_carea' id='block_1_139' title="bbox 2175 4558 3756 4626">
    <p class='ocr_par' dir='ltr' id='par_1_139' title="bbox 2175 4558 3756 4626">
     <span class='ocr_line' id='line_1_140' title="bbox 2175 4558 3756 4626; baseline 0 -13"><span class='ocrx_word' id='word_1_983' title='bbox 2175 4561 2465 4626; x_wconf 86' lang='lat' dir='ltr'><strong>ripuerunt.</strong></span> <span class='ocrx_word' id='word_1_984' title='bbox 2495 4559 2594 4612; x_wconf 87' lang='lat' dir='ltr'><strong>Sed</strong></span> <span class='ocrx_word' id='word_1_985' title='bbox 2617 4573 2734 4611; x_wconf 90' lang='lat' dir='ltr'><strong>cum</strong></span> <span class='ocrx_word' id='word_1_986' title='bbox 2760 4558 2822 4610; x_wconf 86' lang='lat' dir='ltr'><strong>ad</strong></span> <span class='ocrx_word' id='word_1_987' title='bbox 2845 4559 3105 4611; x_wconf 81' lang='lat' dir='ltr'><strong>civitatem</strong></span> <span class='ocrx_word' id='word_1_988' title='bbox 3137 4559 3282 4610; x_wconf 90' lang='lat' dir='ltr'><strong>inviti</strong></span> <span class='ocrx_word' id='word_1_989' title='bbox 3309 4574 3373 4611; x_wconf 91' lang='lat' dir='ltr'><strong>ac</strong></span> <span class='ocrx_word' id='word_1_990' title='bbox 3395 4561 3594 4626; x_wconf 87' lang='lat' dir='ltr'><strong>trepidi</strong></span> <span class='ocrx_word' id='word_1_991' title='bbox 3623 4578 3756 4625; x_wconf 88' lang='lat' dir='ltr'><strong>per-</strong></span> 
     </span>
    </p>
   </div>
   <div class='ocr_carea' id='block_1_140' title="bbox 2175 4628 3762 4694">
    <p class='ocr_par' dir='ltr' id='par_1_140' title="bbox 2175 4628 3762 4694">
     <span class='ocr_line' id='line_1_141' title="bbox 2175 4628 3762 4694; baseline 0 -12"><span class='ocrx_word' id='word_1_992' title='bbox 2175 4631 2480 4689; x_wconf 89' lang='lat' dir='ltr'><strong>venissent,</strong></span> <span class='ocrx_word' id='word_1_993' title='bbox 2510 4629 2767 4680; x_wconf 74' lang='lat' dir='ltr'><strong>curi0sius</strong></span> <span class='ocrx_word' id='word_1_994' title='bbox 2791 4628 2963 4678; x_wconf 81' lang='lat' dir='ltr'><strong>omnia</strong></span> <span class='ocrx_word' id='word_1_995' title='bbox 2997 4636 3422 4694; x_wconf 85' lang='lat' dir='ltr'><strong>percunctantes,</strong></span> <span class='ocrx_word' id='word_1_996' title='bbox 3458 4631 3762 4682; x_wconf 84' lang='lat' dir='ltr'><strong>audierunt.</strong></span> 
     </span>
    </p>
   </div>
   <div class='ocr_carea' id='block_1_141' title="bbox 2176 4695 3758 4762">
    <p class='ocr_par' dir='ltr' id='par_1_141' title="bbox 2176 4695 3758 4762">
     <span class='ocr_line' id='line_1_142' title="bbox 2176 4695 3758 4762; baseline 0.001 -12"><span class='ocrx_word' id='word_1_997' title='bbox 2176 4699 2508 4750; x_wconf 83' lang='lat' dir='ltr'><strong>&#39;l&#39;heodorum</strong></span> <span class='ocrx_word' id='word_1_998' title='bbox 2529 4699 2684 4749; x_wconf 83' lang='lat' dir='ltr'><strong>etiam</strong></span> <span class='ocrx_word' id='word_1_999' title='bbox 2712 4711 2847 4748; x_wconf 92' lang='lat' dir='ltr'><strong>nunc</strong></span> <span class='ocrx_word' id='word_1_1000' title='bbox 2873 4695 3112 4748; x_wconf 68' lang='lat' dir='ltr'><strong>Judteum</strong></span> <span class='ocrx_word' id='word_1_1001' title='bbox 3129 4710 3267 4756; x_wconf 85' lang='lat' dir='ltr'><strong>esse.</strong></span> <span class='ocrx_word' id='word_1_1002' title='bbox 3293 4712 3391 4749; x_wconf 90' lang='lat' dir='ltr'><strong>nec</strong></span> <span class='ocrx_word' id='word_1_1003' title='bbox 3414 4698 3608 4762; x_wconf 89' lang='lat' dir='ltr'><strong>ullam,</strong></span> <span class='ocrx_word' id='word_1_1004' title='bbox 3642 4701 3758 4752; x_wconf 87' lang='lat' dir='ltr'><strong>sic-</strong></span> 
     </span>
    </p>
   </div>
   <div class='ocr_carea' id='block_1_142' title="bbox 2177 4765 3766 4833">
    <p class='ocr_par' dir='ltr' id='par_1_142' title="bbox 2177 4765 3766 4833">
     <span class='ocr_line' id='line_1_143' title="bbox 2177 4765 3766 4833; baseline -0.001 -13"><span class='ocrx_word' id='word_1_1005' title='bbox 2177 4777 2236 4820; x_wconf 91' lang='lat' dir='ltr'><strong>ut</strong></span> <span class='ocrx_word' id='word_1_1006' title='bbox 2273 4768 2728 4826; x_wconf 87' lang='lat' dir='ltr'><strong>existimaverant,</strong></span> <span class='ocrx_word' id='word_1_1007' title='bbox 2770 4765 2943 4832; x_wconf 87' lang='lat' dir='ltr'><strong>populi</strong></span> <span class='ocrx_word' id='word_1_1008' title='bbox 2987 4765 3270 4817; x_wconf 75' lang='lat' dir='ltr'><strong>Christiani</strong></span> <span class='ocrx_word' id='word_1_1009' title='bbox 3314 4769 3609 4833; x_wconf 88' lang='lat' dir='ltr'><strong>pertulisse</strong></span> <span class='ocrx_word' id='word_1_1010' title='bbox 3640 4770 3766 4820; x_wconf 84' lang='lat' dir='ltr'><strong>vio—</strong></span> 
     </span>
    </p>
   </div>
   <div class='ocr_carea' id='block_1_143' title="bbox 2175 4834 3767 4902">
    <p class='ocr_par' dir='ltr' id='par_1_143' title="bbox 2175 4834 3767 4902">
     <span class='ocr_line' id='line_1_144' title="bbox 2175 4834 3767 4902; baseline 0.001 -12"><span class='ocrx_word' id='word_1_1011' title='bbox 2175 4837 2407 4890; x_wconf 88' lang='lat' dir='ltr'><strong>lentiam.</strong></span> <span class='ocrx_word' id='word_1_1012' title='bbox 2450 4838 2729 4902; x_wconf 90' lang='lat' dir='ltr'><strong>Stupentes</strong></span> <span class='ocrx_word' id='word_1_1013' title='bbox 2767 4845 2962 4897; x_wconf 88' lang='lat' dir='ltr'><strong>autem,</strong></span> <span class='ocrx_word' id='word_1_1014' title='bbox 3008 4844 3060 4886; x_wconf 89' lang='lat' dir='ltr'><strong>et</strong></span> <span class='ocrx_word' id='word_1_1015' title='bbox 3108 4834 3248 4902; x_wconf 91' lang='lat' dir='ltr'><strong>quod</strong></span> <span class='ocrx_word' id='word_1_1016' title='bbox 3303 4837 3434 4899; x_wconf 89' lang='lat' dir='ltr'><strong>ipsis</strong></span> <span class='ocrx_word' id='word_1_1017' title='bbox 3476 4839 3767 4892; x_wconf 74' lang='lat' dir='ltr'><strong>acciderat</strong></span> 
     </span>
    </p>
   </div>
   <div class='ocr_carea' id='block_1_144' title="bbox 2175 4903 3764 4972">
    <p class='ocr_par' dir='ltr' id='par_1_144' title="bbox 2175 4903 3764 4972">
     <span class='ocr_line' id='line_1_145' title="bbox 2175 4903 3764 4972; baseline 0.002 -13"><span class='ocrx_word' id='word_1_1018' title='bbox 2175 4923 2276 4959; x_wconf 90' lang='lat' dir='ltr'><strong>non</strong></span> <span class='ocrx_word' id='word_1_1019' title='bbox 2304 4905 2601 4965; x_wconf 84' lang='lat' dir='ltr'><strong>credentes,</strong></span> <span class='ocrx_word' id='word_1_1020' title='bbox 2652 4905 2715 4955; x_wconf 92' lang='lat' dir='ltr'><strong>ad</strong></span> <span class='ocrx_word' id='word_1_1021' title='bbox 2759 4903 2971 4955; x_wconf 92' lang='lat' dir='ltr'><strong>domum</strong></span> <span class='ocrx_word' id='word_1_1022' title='bbox 3009 4903 3273 4955; x_wconf 85' lang='lat' dir='ltr'><strong>Theodori</strong></span> <span class='ocrx_word' id='word_1_1023' title='bbox 3319 4905 3420 4958; x_wconf 91' lang='lat' dir='ltr'><strong>iter</strong></span> <span class='ocrx_word' id='word_1_1024' title='bbox 3465 4905 3718 4972; x_wconf 79' lang='lat' dir='ltr'><strong>dirigunt</strong></span> <span class='ocrx_word' id='word_1_1025' title='bbox 3745 4925 3764 4962; x_wconf 84' lang='lat'><strong>:</strong></span> 
     </span>
    </p>
   </div>
   <div class='ocr_carea' id='block_1_145' title="bbox 2177 4973 3761 5042">
    <p class='ocr_par' dir='ltr' id='par_1_145' title="bbox 2177 4973 3761 5042">
     <span class='ocr_line' id='line_1_146' title="bbox 2177 4973 3761 5042; baseline 0.003 -17"><span class='ocrx_word' id='word_1_1026' title='bbox 2177 4976 2260 5027; x_wconf 92' lang='lat' dir='ltr'><strong>ubi</strong></span> <span class='ocrx_word' id='word_1_1027' title='bbox 2285 4990 2400 5027; x_wconf 92' lang='lat' dir='ltr'><strong>cum</strong></span> <span class='ocrx_word' id='word_1_1028' title='bbox 2431 4989 2521 5026; x_wconf 91' lang='lat' dir='ltr'><strong>eos</strong></span> <span class='ocrx_word' id='word_1_1029' title='bbox 2541 4974 2647 5040; x_wconf 88' lang='lat' dir='ltr'><strong>jam</strong></span> <span class='ocrx_word' id='word_1_1030' title='bbox 2679 4987 2812 5040; x_wconf 88' lang='lat' dir='ltr'><strong>pene</strong></span> <span class='ocrx_word' id='word_1_1031' title='bbox 2840 4981 3024 5025; x_wconf 87' lang='lat' dir='ltr'><strong>exacto</strong></span> <span class='ocrx_word' id='word_1_1032' title='bbox 3047 4973 3265 5039; x_wconf 90' lang='lat' dir='ltr'><strong>prandio</strong></span> <span class='ocrx_word' id='word_1_1033' title='bbox 3293 4973 3384 5026; x_wconf 91' lang='lat' dir='ltr'><strong>ille</strong></span> <span class='ocrx_word' id='word_1_1034' title='bbox 3413 4979 3761 5042; x_wconf 81' lang='lat' dir='ltr'><strong>excepisset,</strong></span> 
     </span>
    </p>
   </div>
   <div class='ocr_carea' id='block_1_146' title="bbox 2177 5042 3768 5112">
    <p class='ocr_par' dir='ltr' id='par_1_146' title="bbox 2177 5042 3768 5112">
     <span class='ocr_line' id='line_1_147' title="bbox 2177 5042 3768 5112; baseline 0.001 -16"><span class='ocrx_word' id='word_1_1035' title='bbox 2177 5045 2316 5097; x_wconf 88' lang='lat' dir='ltr'><strong>illico</strong></span> <span class='ocrx_word' id='word_1_1036' title='bbox 2338 5044 2551 5112; x_wconf 89' lang='lat' dir='ltr'><strong>inquirit</strong></span> <span class='ocrx_word' id='word_1_1037' title='bbox 2575 5057 2806 5104; x_wconf 73' lang='lat' dir='ltr'><strong>causam,</strong></span> <span class='ocrx_word' id='word_1_1038' title='bbox 2836 5056 2928 5112; x_wconf 86' lang='lat' dir='ltr'><strong>cur</strong></span> <span class='ocrx_word' id='word_1_1039' title='bbox 2952 5057 2978 5091; x_wconf 91' lang='lat' dir='ltr'><strong>a</strong></span> <span class='ocrx_word' id='word_1_1040' title='bbox 3003 5058 3059 5093; x_wconf 88' lang='lat' dir='ltr'><strong>se</strong></span> <span class='ocrx_word' id='word_1_1041' title='bbox 3082 5049 3136 5093; x_wconf 91' lang='lat' dir='ltr'><strong>et</strong></span> <span class='ocrx_word' id='word_1_1042' title='bbox 3159 5058 3187 5093; x_wconf 89' lang='lat' dir='ltr'><strong>a</strong></span> <span class='ocrx_word' id='word_1_1043' title='bbox 3208 5042 3423 5096; x_wconf 86' lang='lat' dir='ltr'><strong>civitate</strong></span> <span class='ocrx_word' id='word_1_1044' title='bbox 3448 5044 3768 5098; x_wconf 83' lang='lat' dir='ltr'><strong>abscessis-</strong></span> 
     </span>
    </p>
   </div>
   <div class='ocr_carea' id='block_1_147' title="bbox 2175 5111 3770 5181">
    <p class='ocr_par' dir='ltr' id='par_1_147' title="bbox 2175 5111 3770 5181">
     <span class='ocr_line' id='line_1_148' title="bbox 2175 5111 3770 5181; baseline 0.003 -16"><span class='ocrx_word' id='word_1_1045' title='bbox 2175 5123 2329 5177; x_wconf 89' lang='lat' dir='ltr'><strong>sent;</strong></span> <span class='ocrx_word' id='word_1_1046' title='bbox 2369 5111 2769 5181; x_wconf 85' lang='lat' dir='ltr'><strong>universumque</strong></span> <span class='ocrx_word' id='word_1_1047' title='bbox 2791 5111 3032 5181; x_wconf 85' lang='lat' dir='ltr'><strong>ordinem</strong></span> <span class='ocrx_word' id='word_1_1048' title='bbox 3079 5121 3241 5177; x_wconf 66' lang='lat' dir='ltr'><strong>gesta:</strong></span> <span class='ocrx_word' id='word_1_1049' title='bbox 3289 5112 3390 5172; x_wconf 87' lang='lat' dir='ltr'><strong>rei,</strong></span> <span class='ocrx_word' id='word_1_1050' title='bbox 3425 5115 3603 5181; x_wconf 79' lang='lat' dir='ltr'><strong>magis</strong></span> <span class='ocrx_word' id='word_1_1051' title='bbox 3635 5130 3770 5170; x_wconf 86' lang='lat' dir='ltr'><strong>cum</strong></span> 
     </span>
    </p>
   </div>
   <div class='ocr_carea' id='block_1_148' title="bbox 2178 5179 3327 5250">
    <p class='ocr_par' dir='ltr' id='par_1_148' title="bbox 2178 5179 3327 5250">
     <span class='ocr_line' id='line_1_149' title="bbox 2178 5179 3327 5250; baseline -0.003 -14"><span class='ocrx_word' id='word_1_1052' title='bbox 2178 5185 2306 5243; x_wconf 88' lang='lat' dir='ltr'><strong>risu,</strong></span> <span class='ocrx_word' id='word_1_1053' title='bbox 2335 5197 2488 5250; x_wconf 89' lang='lat' dir='ltr'><strong>quam</strong></span> <span class='ocrx_word' id='word_1_1054' title='bbox 2519 5196 2634 5250; x_wconf 86' lang='lat' dir='ltr'><strong>cum</strong></span> <span class='ocrx_word' id='word_1_1055' title='bbox 2664 5179 3006 5250; x_wconf 80' lang='lat' dir='ltr'><strong>admiratione</strong></span> <span class='ocrx_word' id='word_1_1056' title='bbox 3035 5181 3327 5242; x_wconf 85' lang='lat' dir='ltr'><strong>cognoscit.</strong></span> 
     </span>
    </p>
   </div>
   <div class='ocr_carea' id='block_1_149' title="bbox 2247 5248 3771 5312">
    <p class='ocr_par' dir='ltr' id='par_1_149' title="bbox 2247 5248 3771 5312">
     <span class='ocr_line' id='line_1_150' title="bbox 2247 5248 3771 5312; baseline 0.002 -8"><span class='ocrx_word' id='word_1_1057' title='bbox 2247 5252 2331 5304; x_wconf 73' lang='lat' dir='ltr'><strong>l-l.</strong></span> <span class='ocrx_word' id='word_1_1058' title='bbox 2356 5248 2498 5303; x_wconf 41' lang='lat' dir='ltr'><strong>&#39;Post</strong></span> <span class='ocrx_word' id='word_1_1059' title='bbox 2539 5249 2763 5302; x_wconf 89' lang='lat' dir='ltr'><strong>triduum</strong></span> <span class='ocrx_word' id='word_1_1060' title='bbox 2797 5248 3126 5312; x_wconf 85' lang='lat' dir='ltr'><strong>Theodorus,</strong></span> <span class='ocrx_word' id='word_1_1061' title='bbox 3167 5264 3286 5300; x_wconf 88' lang='lat' dir='ltr'><strong>cum</strong></span> <span class='ocrx_word' id='word_1_1062' title='bbox 3333 5250 3652 5304; x_wconf 90' lang='lat' dir='ltr'><strong>concionari</strong></span> <span class='ocrx_word' id='word_1_1063' title='bbox 3699 5253 3771 5307; x_wconf 86' lang='lat' dir='ltr'><strong>ad</strong></span> 
     </span>
    </p>
   </div>
   <div class='ocr_carea' id='block_1_150' title="bbox 2177 5317 3772 5389">
    <p class='ocr_par' dir='ltr' id='par_1_150' title="bbox 2177 5317 3772 5389">
     <span class='ocr_line' id='line_1_151' title="bbox 2177 5317 3772 5389; baseline 0.001 -18"><span class='ocrx_word' id='word_1_1064' title='bbox 2177 5321 2383 5389; x_wconf 86' lang='lat' dir='ltr'><strong>plebem</strong></span> <span class='ocrx_word' id='word_1_1065' title='bbox 2406 5335 2574 5380; x_wconf 90' lang='lat' dir='ltr'><strong>suam,</strong></span> <span class='ocrx_word' id='word_1_1066' title='bbox 2603 5317 2877 5389; x_wconf 69' lang='lat' dir='ltr'><strong>eosquead</strong></span> <span class='ocrx_word' id='word_1_1067' title='bbox 2907 5318 3057 5389; x_wconf 84' lang='lat' dir='ltr'><strong>fidem</strong></span> <span class='ocrx_word' id='word_1_1068' title='bbox 3082 5317 3278 5389; x_wconf 77' lang='lat' dir='ltr'><strong>Christi</strong></span> <span class='ocrx_word' id='word_1_1069' title='bbox 3313 5333 3616 5384; x_wconf 87' lang='lat' dir='ltr'><strong>provocare</strong></span> <span class='ocrx_word' id='word_1_1070' title='bbox 3648 5322 3772 5373; x_wconf 84' lang='lat' dir='ltr'><strong>dis-</strong></span> 
     </span>
    </p>
   </div>
   <div class='ocr_carea' id='block_1_151' title="bbox 2181 5386 3771 5456">
    <p class='ocr_par' dir='ltr' id='par_1_151' title="bbox 2181 5386 3771 5456">
     <span class='ocr_line' id='line_1_152' title="bbox 2181 5386 3771 5456; baseline 0.001 -19"><span class='ocrx_word' id='word_1_1071' title='bbox 2181 5386 2424 5456; x_wconf 74' lang='lat' dir='ltr'><strong>poneret,</strong></span> <span class='ocrx_word' id='word_1_1072' title='bbox 2469 5389 2605 5440; x_wconf 89' lang='lat' dir='ltr'><strong>ultro</strong></span> <span class='ocrx_word' id='word_1_1073' title='bbox 2648 5402 2704 5438; x_wconf 90' lang='lat' dir='ltr'><strong>se</strong></span> <span class='ocrx_word' id='word_1_1074' title='bbox 2756 5386 3086 5439; x_wconf 76' lang='lat' dir='ltr'><strong>offerentium</strong></span> <span class='ocrx_word' id='word_1_1075' title='bbox 3126 5387 3634 5456; x_wconf 10' lang='lat' dir='ltr'><strong>adriconfessionem</strong></span> <span class='ocrx_word' id='word_1_1076' title='bbox 3669 5391 3771 5442; x_wconf 82' lang='lat' dir='ltr'><strong>.ln-</strong></span> 
     </span>
    </p>
   </div>
   <div class='ocr_carea' id='block_1_152' title="bbox 2177 5455 3771 5521">
    <p class='ocr_par' dir='ltr' id='par_1_152' title="bbox 2177 5455 3771 5521">
     <span class='ocr_line' id='line_1_153' title="bbox 2177 5455 3771 5521; baseline 0.002 -11"><span class='ocrx_word' id='word_1_1077' title='bbox 2177 5460 2406 5510; x_wconf 74' lang='lat' dir='ltr'><strong>da-orum</strong></span> <span class='ocrx_word' id='word_1_1078' title='bbox 2424 5459 2576 5509; x_wconf 92' lang='lat' dir='ltr'><strong>etiam</strong></span> <span class='ocrx_word' id='word_1_1079' title='bbox 2605 5455 2913 5507; x_wconf 89' lang='lat' dir='ltr'><strong>seditionem</strong></span> <span class='ocrx_word' id='word_1_1080' title='bbox 2936 5456 3165 5521; x_wconf 87' lang='lat' dir='ltr'><strong>pertulit.</strong></span> <span class='ocrx_word' id='word_1_1081' title='bbox 3193 5455 3359 5508; x_wconf 86' lang='lat' dir='ltr'><strong>Nemo</strong></span> <span class='ocrx_word' id='word_1_1082' title='bbox 3391 5459 3539 5509; x_wconf 84' lang='lat' dir='ltr'><strong>enim</strong></span> <span class='ocrx_word' id='word_1_1083' title='bbox 3570 5475 3771 5513; x_wconf 87' lang='lat' dir='ltr'><strong>eorum</strong></span> 
     </span>
    </p>
   </div>
   <div class='ocr_carea' id='block_1_153' title="bbox 2179 5525 3774 5594">
    <p class='ocr_par' dir='ltr' id='par_1_153' title="bbox 2179 5525 3774 5594">
     <span class='ocr_line' id='line_1_154' title="bbox 2179 5525 3774 5594; baseline 0 -14"><span class='ocrx_word' id='word_1_1084' title='bbox 2179 5531 2341 5580; x_wconf 89' lang='lat' dir='ltr'><strong>ferme</strong></span> <span class='ocrx_word' id='word_1_1085' title='bbox 2367 5535 2496 5586; x_wconf 90' lang='lat' dir='ltr'><strong>erat,</strong></span> <span class='ocrx_word' id='word_1_1086' title='bbox 2526 5526 2612 5591; x_wconf 88' lang='lat' dir='ltr'><strong>qui</strong></span> <span class='ocrx_word' id='word_1_1087' title='bbox 2643 5542 2744 5576; x_wconf 92' lang='lat' dir='ltr'><strong>non</strong></span> <span class='ocrx_word' id='word_1_1088' title='bbox 2773 5539 2828 5594; x_wconf 84' lang='lat' dir='ltr'><strong>se</strong></span> <span class='ocrx_word' id='word_1_1089' title='bbox 2858 5526 3024 5591; x_wconf 89' lang='lat' dir='ltr'><strong>palam</strong></span> <span class='ocrx_word' id='word_1_1090' title='bbox 3071 5528 3302 5578; x_wconf 85' lang='lat' dir='ltr'><strong>sensisse</strong></span> <span class='ocrx_word' id='word_1_1091' title='bbox 3331 5525 3534 5578; x_wconf 87' lang='lat' dir='ltr'><strong>Christi</strong></span> <span class='ocrx_word' id='word_1_1092' title='bbox 3573 5538 3774 5594; x_wconf 75' lang='lat' dir='ltr'><strong>poten~</strong></span> 
     </span>
    </p>
   </div>
   <div class='ocr_carea' id='block_1_154' title="bbox 2182 5593 3773 5660">
    <p class='ocr_par' dir='ltr' id='par_1_154' title="bbox 2182 5593 3773 5660">
     <span class='ocr_line' id='line_1_155' title="bbox 2182 5593 3773 5660; baseline 0.001 -12"><span class='ocrx_word' id='word_1_1093' title='bbox 2182 5599 2302 5648; x_wconf 87' lang='lat' dir='ltr'><strong>tiam</strong></span> <span class='ocrx_word' id='word_1_1094' title='bbox 2335 5602 2734 5648; x_wconf 81' lang='lat' dir='ltr'><strong>contestaretur.</strong></span> <span class='ocrx_word' id='word_1_1095' title='bbox 2783 5593 2911 5645; x_wconf 85' lang='lat' dir='ltr'><strong>Nam</strong></span> <span class='ocrx_word' id='word_1_1096' title='bbox 2959 5594 3128 5660; x_wconf 90' lang='lat' dir='ltr'><strong>primo</strong></span> <span class='ocrx_word' id='word_1_1097' title='bbox 3177 5595 3227 5645; x_wconf 90' lang='lat' dir='ltr'><strong>in</strong></span> <span class='ocrx_word' id='word_1_1098' title='bbox 3289 5596 3525 5647; x_wconf 86' lang='lat' dir='ltr'><strong>concilio</strong></span> <span class='ocrx_word' id='word_1_1099' title='bbox 3570 5593 3773 5650; x_wconf 86' lang='lat' dir='ltr'><strong>eorum</strong></span> 
     </span>
    </p>
   </div>
   <div class='ocr_carea' id='block_1_155' title="bbox 2179 5662 3774 5732">
    <p class='ocr_par' dir='ltr' id='par_1_155' title="bbox 2179 5662 3774 5732">
     <span class='ocr_line' id='line_1_156' title="bbox 2179 5662 3774 5732; baseline 0 -14"><span class='ocrx_word' id='word_1_1100' title='bbox 2179 5667 2482 5718; x_wconf 86' lang='lat' dir='ltr'><strong>adolescens</strong></span> <span class='ocrx_word' id='word_1_1101' title='bbox 2537 5663 2780 5728; x_wconf 87' lang='lat' dir='ltr'><strong>quidam,</strong></span> <span class='ocrx_word' id='word_1_1102' title='bbox 2840 5663 3000 5729; x_wconf 88' lang='lat' dir='ltr'><strong>ipsius</strong></span> <span class='ocrx_word' id='word_1_1103' title='bbox 3047 5662 3313 5715; x_wconf 84' lang='lat' dir='ltr'><strong>Theodori</strong></span> <span class='ocrx_word' id='word_1_1104' title='bbox 3359 5667 3774 5732; x_wconf 88' lang='lat' dir='ltr'><strong>consobrinus,</strong></span> 
     </span>
    </p>
   </div>
   <div class='ocr_carea' id='block_1_156' title="bbox 2183 5733 3775 5802">
    <p class='ocr_par' dir='ltr' id='par_1_156' title="bbox 2183 5733 3775 5802">
     <span class='ocr_line' id='line_1_157' title="bbox 2183 5733 3775 5802; baseline 0 -16"><span class='ocrx_word' id='word_1_1105' title='bbox 2183 5735 2392 5786; x_wconf 81' lang='lat' dir='ltr'><strong>nomine.</strong></span> <span class='ocrx_word' id='word_1_1106' title='bbox 2443 5733 2687 5786; x_wconf 62' lang='lat' dir='ltr'><strong>Galil-aius</strong></span> <span class='ocrx_word' id='word_1_1107' title='bbox 2729 5733 2808 5797; x_wconf 83' lang='lat' dir='ltr'><strong>(ut</strong></span> <span class='ocrx_word' id='word_1_1108' title='bbox 2855 5747 3166 5798; x_wconf 85' lang='lat' dir='ltr'><strong>congruum,</strong></span> <span class='ocrx_word' id='word_1_1109' title='bbox 3219 5733 3358 5786; x_wconf 87' lang='lat' dir='ltr'><strong>sicut</strong></span> <span class='ocrx_word' id='word_1_1110' title='bbox 3408 5733 3618 5786; x_wconf 87' lang='lat' dir='ltr'><strong>dictum</strong></span> <span class='ocrx_word' id='word_1_1111' title='bbox 3660 5749 3775 5802; x_wconf 74' lang='grc' dir='ltr'><strong>εει,</strong></span> 
     </span>
    </p>
   </div>
   <div class='ocr_carea' id='block_1_157' title="bbox 2189 5802 3771 5871">
    <p class='ocr_par' dir='ltr' id='par_1_157' title="bbox 2189 5802 3771 5871">
     <span class='ocr_line' id='line_1_158' title="bbox 2189 5802 3771 5871; baseline 0.004 -17"><span class='ocrx_word' id='word_1_1112' title='bbox 2189 5802 2484 5856; x_wconf 86' lang='lat' dir='ltr'><strong>nominibus</strong></span> <span class='ocrx_word' id='word_1_1113' title='bbox 2511 5803 2815 5870; x_wconf 71' lang='lat' dir='ltr'><strong>mysterium</strong></span> <span class='ocrx_word' id='word_1_1114' title='bbox 2852 5813 3013 5869; x_wconf 61' lang='lat' dir='ltr'><strong>gestm</strong></span> <span class='ocrx_word' id='word_1_1115' title='bbox 3043 5805 3116 5856; x_wconf 85' lang='lat' dir='ltr'><strong>rei</strong></span> <span class='ocrx_word' id='word_1_1116' title='bbox 3160 5817 3325 5871; x_wconf 86' lang='lat' dir='ltr'><strong>usque</strong></span> <span class='ocrx_word' id='word_1_1117' title='bbox 3350 5803 3418 5856; x_wconf 89' lang='lat' dir='ltr'><strong>ad</strong></span> <span class='ocrx_word' id='word_1_1118' title='bbox 3467 5803 3638 5860; x_wconf 81' lang='lat' dir='ltr'><strong>ﬁnem</strong></span> <span class='ocrx_word' id='word_1_1119' title='bbox 3669 5805 3771 5861; x_wconf 67' lang='lat' dir='ltr'><strong>deo</strong></span> 
     </span>
    </p>
   </div>
  </div>
