3996 6554
635 414 735 473 831

638 536 802 585 mota,
830 540 949 579 cum
980 539 1082 578 una
1110 523 1275 579 ferme
1294 526 1462 578 amica
1500 532 1554 580 et
1593 524 1799 579 nutrice
1827 532 1881 579 et
1910 525 2090 594 paucis
2119 542 2214 581 an-

638 597 775 651 cillis
804 596 1018 649 domum
1044 595 1138 647 viri
1169 596 1250 648 sui
1275 595 1564 657 deserens,
1593 595 1658 649 ad
1684 596 1966 666 quamdam
1997 597 2213 666 spelun-

641 682 780 730 cam,
814 666 935 718 licet
974 666 1026 717 in
1054 666 1227 730 vinea,
1252 672 1430 718 tamen
1471 666 1756 719 remotiore
1795 665 2063 733 paululum
2098 666 2216 721 loco

643 737 766 794 sita.
789 736 947 788 oblita
972 735 1213 788 feminea:
1234 735 1553 787 inﬁrmitatis
1573 736 1759 789 evasit.
1788 737 1913 789 Erat
1935 737 1984 790 in
2009 751 2070 790 ea
2096 751 2219 805 par-

643 820 766 859 vum
795 820 1093 876 novumque
1115 805 1346 876 torcular
1368 844 1383 868 ,
1420 805 1671 876 lacusque
1696 819 1869 876 novus
1893 806 2060 860 factus
2085 811 2216 876 tign-

643 891 760 929 ram
783 873 1174 944 quodammodo
1209 890 1396 944 gerere
1420 873 1685 929 credentis
1716 874 1892 944 populi
1923 873 2216 931 videbatur.

643 946 762 1000 Non
788 944 928 998 enim
958 944 1088 998 istos
1129 945 1262 998 sicut
1304 954 1448 999 utres
1473 954 1700 1009 veteres,
1742 945 1836 999 sed
1880 946 2017 999 sicut
2056 961 2221 1001 novos

648 1016 796 1070 lacus
824 1024 1053 1085 mustum
1082 1014 1203 1068 novi
1229 1014 1551 1085 Testamenti
1574 1015 1868 1085 recepisse,
1881 1026 1937 1085 et
1952 1015 2221 1071 credimus

648 1095 702 1141 ct
726 1085 986 1138 videmus.
1033 1083 1088 1137 In
1128 1099 1192 1138 eo
1232 1084 1387 1154 igitur
1427 1084 1543 1138 loco
1570 1083 1826 1154 cum'per
1859 1084 2076 1139 biduum
2116 1101 2224 1139 ma-

651 1166 805 1210 trona
826 1169 855 1206 a
878 1154 991 1208 viro
1013 1169 1109 1207 suo
1128 1154 1331 1208 offensa
1355 1155 1692 1208 inexorabilis
1722 1156 2133 1222 permansisset;
2167 1164 2225 1211 ut

653 1229 880 1296 primum
906 1225 1055 1278 tertia
1078 1224 1191 1278 dies
1212 1224 1404 1296 illusit,
1434 1224 1643 1278 famula:
1668 1224 2101 1296 aquamihaurirc
2128 1222 2225 1296 im-

652 1294 857 1366 peravit
885 1310 903 1366 :_
923 1309 1080 1362 quam
1122 1309 1240 1366 eum
1272 1294 1449 1366 odore,
1469 1302 1522 1347 et
1558 1308 1748 1366 sapore
1776 1294 1949 1366 mellis
1985 1294 2225 1349 dulcedi-

656 1363 775 1419 nem
820 1363 1022 1418 referre
1061 1365 1335 1427 sensisset,
1375 1365 1544 1431 primo
1569 1363 1782 1432 quidem
1818 1364 2071 1417 ministrae
2102 1380 2225 1419 suc-

655 1449 875 1491 censere
908 1434 1089 1502 cuepit,
1118 1443 1172 1488 et
1205 1449 1301 1487 cur
1325 1436 1377 1489 in
1403 1433 1591 1488 eodem
1618 1448 1780 1487 urceo
1808 1436 1912 1487 mel
1936 1434 2223 1502 injecisset,

657 1505 940 1573 indignans
1005 1503 1319 1572 inquirebat.
1386 1504 1667 1571 Postquam
1706 1512 1923 1573 autem,
1975 1513 2035 1558 ut
2078 1505 2229 1573 quasi

659 1572 938 1645 negantem
962 1576 1319 1635 convinceret,
1352 1572 1417 1626 ad
1433 1573 1614 1645 lacum
1645 1574 1840 1642 pergit;
1866 1572 1933 1628 de
1961 1590 2067 1644 quo
2097 1572 2228 1643 pau-

658 1642 821 1703 lulum
862 1645 1106 1697 concavis
1147 1644 1387 1696 manibus
1432 1642 1727 1713 hauriens,
1762 1645 1961 1711 reperit
1980 1642 2228 1713 'aquam,

664 1733 764 1788 qua
796 1729 901 1788 per_
926 1713 1140 1788 biduum
1177 1714 1486 1788 us_a_fucrat,
1514 1715 1562 1788 in
1592 1712 1763 1767 mellis
1784 1712 2081 1768 suavissimi
2108 1731 2231 1788 ver-

661 1782 774 1843 s'am
802 1782 1172 1837 dulcedinem.
1217 1782 1500 1836 Advocans
1544 1784 1717 1851 itaque
1748 1794 1964 1838 cunctas
1989 1801 2106 1853 qua:
2136 1785 2232 1837 atl-

663 1864 835 1917 erant,
879 1864 936 1905 ut
973 1862 1253 1923 gustarent
1282 1864 1450 1922 rogat,
1498 1869 1564 1907 ne
1607 1854 1741 1907 forte
1782 1852 1941 1908 fallax
1978 1852 2137 1923 sapor
2181 1856 2235 1909 in

663 1925 903 1983 faucibus
931 1931 1131 1976 tantum
1160 1922 1323 1991 ipsius
1349 1924 1657 1978 suavitatem
1683 1925 2009 1978 mentiretur.
2039 1922 2235 1979 Omnes

664 2004 936 2069 gustantes
984 1994 1115 2069 mira
1160 1994 1514 2069 oblectatione
1560 1994 1761 2069 affecta;
1808 2005 1981 2069 sunt,_
2024 2004 2081 2049 ut
2117 2011 2235 2069 non

663 2062 853 2139 aquam
897 2062 1067 2139 mellis
1102 2078 1299 2139 sapore
1328 2064 1637 2139 delibutam,
1669 2063 1763 2117 sed
1804 2066 1905 2119 mel
1939 2064 2235 2139 sincerissi-

666 2133 810 2193 m'um
832 2176 846 2197 ,
876 2133 1045 2187 solum
1081 2148 1230 2203 aqua:
1260 2135 1655 2189 similitudinem
1686 2143 1982 2189 censerent.
2011 2134 2240 2204 Stupore

667 2210 825 2278 igitur
863 2204 1109 2272 percitze,
1141 2203 1267 2278 dum
1296 2204 1361 2257 ad
1389 2206 1654 2278 civitatem
1690 2203 2237 2278 reverti_parant,cu-

665 2274 858 2334 riosins
883 2283 1122 2343 agentes,
1152 2276 1308 2345 etiam
1352 2290 1526 2329 rorem
1569 2276 1656 2344 qui
1696 2274 1747 2327 in
1787 2276 1964 2345 herbis
2002 2277 2240 2345 plurimis

666 2362 801 2410 erat,
831 2346 1160 2414 degustatum
1185 2344 1412 2399 similem
1441 2352 1769 2413 repererunt.
1810 2344 2041 2416 Pergens
2067 2348 2241 2415 itaque

665 2419 732 2472 ad
763 2419 1026 2473 civitatem
1054 2424 1293 2469 matrona
1324 2424 1611 2469 memorata
1630 2455 1644 2480 ,
1677 2417 1789 2469 hare
1817 2418 2007 2470 marito
2033 2416 2239 2482 detulit,

666 2498 723 2543 et
750 2506 846 2559 per
870 2501 991 2559 eum
1020 2487 1264 2559 omnibus
1304 2485 1589 2548 indicavit,
1630 2486 1913 2559 statimque
1954 2486 2018 2540 ad
2035 2486 2241 2559 Christi

670 2555 827 2613 ﬁdem
872 2556 987 2609 sine
1024 2555 1370 2610 reluctatione
1412 2556 1696 2610 consensit.
1726 2555 1920 2610 Verum
1950 2557 2135 2611 eadem
2156 2558 2244 2613 die

668 2646 771 2699 qua
799 2626 989 2683 Meletii
1014 2626 1574 2699 uxorgamaritudinem
1606 2627 1988 2699 incredulitatis
2012 2628 2243 2697 abjicere

669 2696 735 2767 ex
768 2701 924 2754 melle
946 2696 1221 2767 compulsa
1246 2708 1346 2760 est,
1375 2698 1582 2758 eadem,
1615 2697 1849 2765 inquam,
1874 2698 1961 2752 die
1990 2696 2094 2767 qua
2126 2714 2242 2753 me-

669 2764 871 2824 morata
907 2766 1009 2819 ﬁlia
1040 2767 1200 2821 Israel
1226 2768 1373 2837 quasi
1406 2767 1458 2821 in
1490 2764 1700 2821 deserto
1728 2768 1897 2836 posita
1934 2764 2077 2821 illum
2102 2770 2243 2823 anti-

670 2856 832 2911 quum
876 2839 1043 2911 Mara_
1067 2838 1237 2911 lacum
1280 2838 1470 2911 injecto
1499 2842 1670 2911 crucis
1695 2838 1837 2907 ligno
1865 2838 2245 2911 obdulcescere

672 2907 937 2981 persensit
975 2907 1169 2981 (Emori.
1192 2908 1356 2981 Axv),
1386 2908 1457 2961 ita
1501 2908 1725 2981 miriﬁco
1768 2922 2000 2981 vereque
2040 2910 2244 2981 caelesti

671 2977 847 3036 omnis
887 2977 1106 3035 ecclesia
1141 2978 1305 3034 odore
1336 2979 1601 3046 fragravit,
1632 2986 1689 3032 ut
1717 2980 2049 3047 przesentiam
2077 2979 2246 3048 Spiri-

671 3060 759 3109 tus
789 3051 1143 3118 sancti,quam
1167 3058 1221 3103 et
1240 3060 1360 3104 ante
1376 3050 1483 3116 jam
1505 3050 1802 3118 aliquoties,
1821 3050 1913 3103 sed
1946 3051 2246 3118 paucissimi

673 3132 1047 3182 scnseramus,
1096 3120 1395 3174 fraternitas
1439 3134 1570 3187 pene
1616 3120 1858 3173 universa
1900 3121 2160 3175 sentiret:
2192 3131 2248 3176 et

672 3193 867 3247 mirum
897 3188 1102 3245 eunetis
1129 3190 1257 3243 illud
1289 3192 1415 3254 fuit,
1448 3189 1588 3258 quod
1618 3204 1711 3258 per
1737 3190 1949 3243 eosdem
1980 3189 2095 3245 dies
2115 3233 2128 3255 ,
2159 3206 2248 3246 se-

672 3259 1227 3337 rena\propet_nod_um
1275 3263 1473 3330 jugitcr
1513 3270 1885 3337 permanente,
1938 3262 2247 3337 creberrimi

673 3330 874 3386 imbres
902 3330 1331 3395 demittebantur,
1362 3340 1414 3386 et
1442 3331 1688 3397 paulatim
1712 3331 1982 3385 venientes
2002 3331 2067 3383 ad
2092 3332 2247 3385 ﬁdem

670 3401 869 3456 Christi
908 3402 1121 3455 Judwos
1162 3401 1330 3468 pluvia
1372 3400 1699 3468 priBCCdCliill.
1726 3418 1739 3453 :
1769 3402 1835 3453 ita
1866 3410 1921 3453 ut
1949 3400 2047 3455 hoc
2075 3402 2248 3455 anim-

675 3472 1033 3535 advertentes,
1061 3470 1220 3538 vulgo
1242 3472 1378 3525 inter
1404 3485 1501 3523 nos
1530 3480 1582 3523 et
1609 3471 1754 3539 quasi
1773 3470 2081 3539 joculariter
2106 3472 2249 3527 dice-

676 3556 856 3595 remus
884 3560 895 3595 :
926 3543 1063 3595 Ecce
1083 3542 1190 3610 jam
1224 3543 1383 3609 pluit,
1418 3541 1604 3593 scitote
1642 3555 1999 3610 quoscumque
2037 3541 2249 3596 Juda-os

679 3611 746 3665 ad
774 3610 971 3666 Christi
1000 3612 1155 3666 ﬁdem
1187 3626 1514 3666 accessuros.
1547 3611 1733 3664 Mirum
1768 3611 2251 3680 dictu,frequentcr

673 3682 802 3735 dum
829 3684 1001 3737 adhuc
1032 3684 1149 3736 talia
1179 3681 1538 3751 loqueremur,
1572 3697 1601 3733 a
1627 3683 1937 3749 quibusdam
1966 3681 2163 3736 Judmis
2190 3684 2250 3736 li-

674 3752 762 3805 dei
786 3753 945 3822 janua
980 3753 1325 3822 pulsabatur:
1360 3769 1456 3806 nec
1488 3753 1783 3819 immerito,
1821 3753 1957 3805 sicut
1997 3754 2250 3821 scriptum

672 3832 774 3885 est,
807 3822 1038 3877 Pluviam
1060 3824 1391 3877 voluntariam
1417 3822 1693 3893 segregabit
1717 3822 1998 3893 Itwreditati
2020 3839 2125 3876 sum
2150 3823 2251 3877 Do-

673 3894 841 3963 minus
867 3893 1036 3962 (Ρεαι.
1065 3910 1223 3959 van,
1259 3894 1367 3963 10).
1417 3892 1654 3955 Desuper
1682 3902 1832 3945 erant
1856 3892 2066 3946 femina:
2085 3935 2100 3959 ,
2132 3910 2250 3962 quae

675 3962 727 4016 in
769 3963 988 4019 odorem
1030 3972 1415 4033 unguentorum
1447 3964 1642 4018 Christi
1672 3978 1887 4018 currere
1914 3966 2245 4017 recusabant.

749 4034 834 4088 18.
879 4034 1165 4089 Innocentii
1210 4034 1346 4088 illius
1366 4074 1380 4097 ,
1409 4036 1560 4104 cujus
1587 4048 1745 4102 supra
1777 4033 1995 4088 fecimus
2022 4036 2250 4087 mentio-

674 4117 817 4167 nem,
843 4114 1080 4159 matrona
1109 4121 1227 4159 cum
1258 4106 1404 4173 prole
1429 4120 1546 4171 sua,
1579 4104 1916 4165 venerabilis,
1948 4105 2083 4158 sicut
2115 4106 2249 4157 fama

673 4182 789 4239 est,
821 4175 975 4229 vidua
996 4217 1010 4240 ,
1039 4176 1180 4229 illico
1206 4186 1262 4229 ut
1305 4175 1691 4237 Innocentium,
1723 4175 1922 4227 sororis
1947 4175 2246 4243 conjugem,

672 4258 988 4315 conversum
1013 4261 1130 4299 esse
1150 4247 1443 4315 conspexit,
1473 4246 1648 4300 navim
1673 4244 2001 4315 conscendit,
2032 4260 2136 4298 non
2160 4261 2250 4298 so-

675 4312 783 4366 lum
836 4312 1295 4383 permittentibus,
1330 4316 1425 4371 sed
1470 4319 1629 4371 etiam
1673 4314 2016 4369 suadentibus
2066 4315 2249 4382 nobis;

674 4384 796 4451 quia
827 4385 892 4438 ad
920 4385 1075 4439 fidem
1101 4385 1294 4440 Christi
1318 4400 1417 4440 nec
1435 4388 1629 4447 verbis,
1653 4395 1750 4440 nec
1780 4386 2047 4438 miraculis
2073 4384 2253 4440 ﬂecte-

675 4464 879 4527 rentur.
916 4452 1073 4527 Uxor
1094 4465 1270 4510 autem
1304 4456 1589 4527 Innocentii
1618 4472 1714 4527 per
1736 4454 2100 4527 quatuorAfere
2137 4456 2253 4527 dies

674 4524 893 4598 verbum
921 4525 1127 4598 salutis,
1156 4527 1295 4596 quod
1318 4523 1709 4598 ingereham'us,
1735 4523 2008 4598 obduratis
2035 4525 2252 4598 auribus

673 4594 982 4667 recipiebat.
1014 4597 1138 4653 Haec
1157 4594 1278 4651 cum
1300 4594 1512 4653 omnem
1539 4611 1797 4667 respuens
1818 4595 2155 4667 medicinam,
2179 4597 2253 4651 in-

675 4666 899 4737 sanabili
938 4667 1320 4722 incredulitatis
1345 4666 1647 4722 valetudine
1675 4666 2096 4737 opprimeretur,
2130 4667 2252 4737 nul:

674 4734 847 4808 lisque
879 4736 1165 4792 Innocentii
1190 4738 1428 4808 conjugis
1452 4740 1534 4792 vel
1561 4734 1844 4806 minis',’vel
1876 4736 2143 4807 precibus,
2169 4736 2252 4793 vel

674 4804 923 4876 lacrymis
975 4809 1175 4863 moveri
1220 4804 1428 4876 posset;
1483 4804 1763 4873 universal,
1810 4804 2114 4862 Innocentio
2161 4822 2252 4861 ro-

673 4889 854 4949 gante.
879 4876 943 4930 ad
971 4877 1183 4949 domum
1217 4880 1267 4932 in
1296 4894 1397 4949 qua
1428 4879 1718 4944 habitabat,
1746 4878 2088 4949 fraternitatis
2116 4879 2253 4949 mult

674 4945 845 4998 titudo
861 4945 1355 5019 convenit,haberis
1380 4964 1624 5019 magnum
1647 4950 1882 5003 dolorem
1903 4948 2086 5014 animi,
2110 4947 2251 5018 quod

675 5023 832 5088 tantm
874 5018 1069 5088 ltetitia:
1105 5018 1411 5088 plenitudini
1438 5018 1542 5073 una
1574 5020 1768 5073 mulier
1797 5019 2095 5083 obsisteret,
2129 5020 2251 5088 quia

672 5083 777 5153 jam
808 5101 963 5159 soror
986 5083 1121 5156 ejus'
1139 5090 1418 5145 manifeste
1447 5090 1746 5159 putabatur.
1792 5090 1925 5143 Cum
1966 5089 2123 5159 igitur
2147 5083 2253 5143 'diu

672 5169 819 5210 cassa
849 5158 1005 5212 verba
1025 5160 1200 5213 surdis
1219 5160 1435 5216 auribus
1448 5158 1756 5230 ingerentes
1777 5159 1905 5213 nihil
1934 5158 2248 5228 prefecisse-

2099 416 2453 473 APPENDIX.
3730 432 3792 487 εδδ

2320 541 2460 592 mus,
2481 524 2547 579 ad
2570 526 2838 607 cognitum
2866 526 3119 581 orationis
3140 526 3447 607 praesidium
3467 532 3790 607 ponvolavimm,

2321 611 2611 666 precesque
2632 612 2762 664 quas
2785 595 3010 649 humana
3035 597 3332 664 repellebat
3359 598 3601 666 impietas,
3620 607 3671 657 ad
3693 595 3792 665 cmth

2321 677 2457 722 stem
2503 666 2932 738 misericordiam
2954 668 3209 721 vertimus
3242 684 3255 721 :
3285 668 3459 735 itaque
3498 685 3641 738 usque
3674 677 3709 728 iu
3737 686 3792 727 ho.

2320 752 2433 811 ram
2473 737 2680 811 tertiam
2720 736 2885 811 ferme
2920 734 3239 811 hymnorum
3281 745 3338 811 et
3374 734 3644 811 orationum
3671 751 3793 811 pra-lia

2322 806 2577 860 adversus
2602 806 2840 875 Amalec,
2872 805 3077 875 hostem
3104 806 3255 870 Jesu,
3284 806 3440 860 ducis
3464 814 3631 875 nostri,
3655 805 3795 870 stulam

2322 876 2595 949 exercitus
2625 874 2816 949 (Exod.
2849 874 3000 943 xvn).
3032 873 3303 949 lndecum
3326 880 3435 949 jam
3464 894 3602 945 pene.
3620 873 3731 949 quod
3749 889 3792 939 [ι.

2322 944 2540 1001 tendum
2566 944 2690 1017 eat,
2741 945 3080 1017 desperantes
3125 944 3517 1001 abscessionem
3559 944 3794 1017 mol'irenmr,

2325 1014 2608 1083 resumptis
2648 1030 2853 1068 rursum
2882 1014 3079 1069 viribus
3122 1017 3422 1070 orationem
3460 1024 3641 1074 cunctis
3672 1014 3795 1076 intimi

2325 1099 2465 1151 mus,
2495 1086 2711 1153 soloque
2738 1085 2885 1138 strati
2916 1086 3003 1137 diu
3033 1084 3314 1149 ﬁevimus;
3344 1099 3532 1139 etcum
3557 1089 3599 1141 in
3625 1106 3796 1145 consum-

2328 1155 2559 1210 matione
2596 1155 2850 1208 orationis
2886 1157 3051 1209 Amen
3093 1156 3320 1223 pepulns
3347 1156 3795 1222 acclamasset,ctii‘a

2327 1224 2546 1295 credere
2570 1237 2644 1295 _se
2684 1224 3127 1295 etrChristianam
3156 1225 3273 1277 fieri
3303 1226 3438 1279 velle
3466 1228 3705 1295 subjunxit.
3736 1233 3797 1286 Χ.τά

2330 1294 2539 1365 itaque,
2570 1292 2670 1348 hac
2692 1294 2851 1347 etiam
2882 1308 2911 1347 a
2940 1294 3135 1348 diaboli
3168 1296 3374 1365 laqueis
3399 1292 3564 1361 eruta,
3578 1299 3662 1354 lati
3678 1302 3724 1355 ad
3742 1303 3797 1355 lu-

2329 1364 2554 1433 bitacula
2581 1372 2761 1418 nostra
2789 1366 3136 1433 perreximus.

2400 1432 2489 1490 l9.
2519 1432 2801 1506 sequenti,
2824 1433 2875 1488 id
2909 1443 2991 1488 est
3014 1444 3197 1489 octava
3230 1433 3446 1506 demum
3478 1434 3575 1496 die.
3599 1452 3678 1506 qua
3699 1456 3798 1495 ree-

2329 1518 2511 1579 ramus
2549 1502 2855 1579 Jammona,
2896 1519 3134 1579 remeare
3173 1502 3685 1579 statuimu_s,_optima
3716 1527 3796 1579 pre-

2331 1573 2488 1645 clara;
2515 1572 2750 1645 victorias
2787 1573 2975 1643 gaudia
3011 1582 3375 1645 reportantes.
3419 1575 3516 1630 Sed
3550 1572 3650 1630 cum
3677 1572 3747 1645 jam
3768 1584 3796 1634 in

2371 1644 2606 1698 roeinctu
2649 1643 2853 1715 itineris
2897 1645 3190 1709 constituti,
3235 1644 3451 1698 civitate
3485 1643 3794 1715 digredereuur,

2380 1715 2585 1768 ominus
2611 1714 2801 1782 pepulo
2825 1729 2942 1779 suo,
2970 1714 3118 1783 quasi
3142 1730 3241 1783 pro
3267 1715 3479 1780 viatico,

2334 1785 2505 1837 solum
2536 1784 2722 1838 deesse
2741 1784 3042 1854 videbatur,
3068 1785 3285 1853 adjecit.
3321 1784 3505 1838 Afﬁnis
3534 1784 3730 1854 siquidem
3747 1790 3798 1841 ln-

2335 1856 2563 1925 nocenytii
2591 1852 2867 1925 illagvidua
2897 1854 2963 1909 de
3006 1852 3194 1925 pelago
3227 1854 3446 1909 reducta
3470 1864 3561 1921 est,
3585 1852 3677 1925 qua
3693 1861 3797 1911 subito

2336 1940 2395 1994 se
2415 1924 2545 1978 meis
2565 1922 2785 1994 genibus
2805 1922 3112 1986 advolvens,
3132 1922 3276 1979 'ﬁdei
3306 1934 3498 1979 nostra:
3515 1922 3713 1979 auxilium
3727 1946 3796 1981 eun

2337 1993 2582 2065 lacrymis
2621 1994 3024 2065 deprecabatur.
3062 1995 3164 2065 Cui
3201 2009 3304 2064 ego
3336 1994 3499 2059 :Cur,
3522 1996 3707 2063 inquam,
3727 2015 3795 2049 mu-

2339 2046 2603 2118 mea.
2630 2046 3027 2119 ssulatim.
3050 2046 3797 2120 re.ire:.*u..s*aegae}m'usqiy
3890 2046 3891 2065 ‘

2339 2134 2417 2188 Ad
2445 2134 2557 2189 haec
2585 2135 2673 2189 illa
2702 2152 2715 2188 :
2740 2133 2981 2205 EtJona,
3016 2135 3223 2205 inquit,
3271 2134 3519 2201 prOpheta
3553 2150 3579 2187 a
3616 2135 3711 2189 facie
3736 2138 3796 2188 De

2340 2205 2467 2257 mini
2496 2205 2674 2274 fugere
2694 2204 2878 2274 voluit,
2910 2215 2961 2259 et
2988 2204 3163 2259 tamen
3198 2205 3517 2259 voluntatem
3544 2205 3637 2269 Dei,
3660 2207 3798 2260 lierlm-

2340 2274 2499 2342 vitus,
2540 2273 2778 2344 implevit
2813 2273 2983 2345 (J0me
3004 2274 3066 2345 ι).
3111 2275 3341 2343 Suscipe
3369 2290 3491 2343 ergo
3518 2285 3565 2327 tu
3593 2291 3674 2328 non
3696 2278 3797 2329 solum

2341 2358 2446 2407 me,
2489 2344 2584 2399 sed
2632 2354 2687 2399 et
2728 2344 2856 2399 istas
2900 2344 3184 2415 orphanas,
3221 2355 3277 2399 et
3304 2345 3509 2415 Christo
3535 2360 3612 2398 eas
3637 2348 3748 2397 nutri.
3766 2346 3798 2395 Et

2345 2417 2443 2468 hoc
2463 2416 2831 2470 miserabiliter
2859 2414 3180 2480 accl’amans,
3212 2416 3349 2469 duas
3371 2414 3500 2468 ﬁlias
3524 2430 3628 2469 suas
3647 2420 3798 2483 parvulas

2344 2484 2475 2555 mihi
2509 2499 2628 2539 cum
2659 2484 2871 2541 ﬂetibus
2908 2486 3200 2555 ingerebat.
3251 2486 3382 2553 Quis
3428 2501 3525 2538 non
3562 2501 3650 2554 pne
3685 2490 3797 2553 gauli».

2344 2553 2526 2629 flevit?
2550 2557 2770 2629 cuinon
2806 2553 3027 2610 extorsit
3054 2557 3322 2629 lacrymas
3353 2555 3536 2629 lzetitia:
3564 2556 3797 2629 magnitutu'

2344 2625 2560 2695 Suscepi
2603 2626 2758 2696 plane
2794 2642 2968 2693 ovem,
3000 2625 3274 2695 quam'ex
3312 2627 3453 2679 omni
3493 2640 3680 2696 numero
3705 2626 3797 2675 Solatia

2345 2694 2552 2768 errasse
2604 2694 2971 2768 putabamus,
3003 2694 3232 2768 eamque
3278 2712 3398 2750 cum
3440 2696 3625 2766 gemino
3661 2694 3736 2748 fetu
3766 2696 3798 2744 al

2345 2762 2537 2820 Christi
2558 2762 2712 2820 ovilia
2734 2766 2995 2822 revocavi.

2416 2836 2506 2891 20.
2528 2838 2666 2892 Sane
2689 2852 2784 2907 per
2805 2838 2901 2891 hos
2920 2846 3062 2900 octo,
3091 2836 3288 2906 quibus
3318 2836 3430 2907 haec
3449 2844 3579 2904 gesta
3596 2842 3703 2907 sunt,
3722 2834 3799 2907 die.

2347 2914 2472 2977 ante
2500 2904 2705 2962 initium
2734 2904 3160 2977 Quadragesimae
3180 2948 3197 2973 ,
3248 2906 3479 2977 Pascha}
3503 2920 3528 2958 a
3568 2905 3687 2957 nobis
3718 2904 3800 2977 ρςομ

2347 2976 2497 3032 brata
2521 2987 2602 3032 est
2630 2978 2888 3033 festivitas
2922 2974 3286 3048 {quingentas
3314 2974 3561 3048 siquidem
3591 2984 3635 3028 et
3662 2974 3802 3048 quada-

2347 3048 2491 3117 ginta
2535 3049 2737 3103 animas
2778 3048 2843 3103 ad
2886 3044 3175 3102 Ecclesium
3220 3044 3429 3102 constat
3464 3045 3674 3112 adjectas.
3710 3044 3801 3093 Imm

2348 3116 2526 3173 autem
2565 3128 2621 3174 et
2658 3132 3102 3188 supervacaneum
3135 3134 3246 3173 non
3294 3134 3431 3181 reor,
3475 3124 3551 3188 ut,
3582 3128 3675 3188 cum
3706 3116 3801 3165 muiu

2350 3199 2565 3258 propter
2587 3183 2843 3244 inﬁnitam
2872 3190 3075 3257 cepiam
3104 3188 3513 3257 praetermisero,
3539 3185 3585 3239 in
3617 3183 3693 3258 line
3716 3197 3801 3257 om

2350 3256 2674 3326 memorem,
2716 3256 2979 3314 neminem
3019 3256 3277 3312 extanta
3319 3256 3667 3311 Jammonensis
3696 3256 3799 3319 pnpdi

2350 3329 2715 3394 multitudine,
2745 3330 2832 3399 qui
2864 3344 2957 3397 per
2991 3329 3207 3396 triginta
3237 3329 3399 3382 millia
3428 3340 3642 3396 passuum
3664 3330 3799 3399 animi

2351 3399 2464 3473 dies
2491 3410 2724 3473 venerat,
2748 3396 2844 3473 aut
2864 3400 3268 3473 curam_domus
3290 3414 3416 3473 suae,
3449 3405 3533 3473 alii
3558 3396 3797 3473 PinS"’“i"“

2351 3470 2677 3532 Substantize,
2702 3479 2792 3524 aut
2816 3469 3064 3525 desiderii
3101 3470 3357 3524 affectum
3399 3470 3509 3520 huic
3537 3469 3655 3528 Operi
3686 3472 3797 3528 pnitu-

2351 3541 2495 3594 lisse.
2544 3540 2673 3595 Illud
2716 3541 2883 3609 magis
2925 3541 3115 3593 mirum
3156 3540 3431 3609 magisque
3465 3532 3728 3609 gaudendum
3744 3540 3795 3583 et.

2354 3611 2492 3680 quod
2521 3606 2947 3687 ipsamJudaicze
2982 3610 3147 3687 plebis
3178 3606 3373 3687 terram
3403 3606 3485 3662 diu
3505 3606 3797 3687 inertemque

2352 3670 2524 3735 autem
2544 3670 2737 3735 'recisis
2768 3670 3146 3735 incredulitatis
3170 3681 3421 3749 vepribus
3446 3688 3496 3733 et
3521 3684 3692 3749 recepto
3707 3670 3797 3722 Verbi

2353 3753 2556 3805 semine
2588 3752 2931 3820 multiplicem
2966 3751 3190 3804 fructum
3219 3744 3435 3820 Iustitia:
3472 3744 3709 3822 germinare
3728 3753 3797 3791 om-

2354 3823 2635 3888 Spicimus;
2665 3814 2819 3876 ita'ut
2848 3822 2998 3876 nobis
3028 3823 3077 3876 in
3108 3814 3495 3893 speftantorum‘
3511 3814 3797 3893 ιιογῇὶίιηηξῗῖῗ

2354 3878 2593 3956 deamus,
2618 3878 2757 3947 unde
2786 3895 3039 3961 insignem
3065 3878 3306 3960 perﬁdize
3336 3891 3555 3945 eruimus
3577 3878 3797 3961 silvamillt:

2355 3962 2674 4018 fertilissima
2712 3963 2833 4017 ﬁdei
2861 3959 3020 4033 opera
3057 3959 3347 4033 pullulare.
3378 3960 3587 4033 Primum
3610 3959 3712 4006 enim
3736 3959 3796 4033 Ipsi

2354 4046 2633 4104 synagoga:
2663 4018 3001 4087 fundamenta
3023 4018 3289 4104 ei‘crtere,
3318 4025 3576 4104 deinde
3600 4018 3798 4104 not'fﬂtlf'

2354 4088 2990 4159 silica‘invconstrucndam
3016 4117 3118 4155 non
3141 4088 3317 4155 solum
3342 4098 3582 4170 impendia
3599 4088 3793 4147 conferunt.

2354 4173 2448 4229 sed
2478 4176 2635 4228 etiam
2663 4174 2895 4228 humeris
2925 4185 3048 4226 saxa
3076 4181 3433 4241 comportant.

2424 4221 3522 4315 é(fugassetadsita};sistam.
3546 4221 3798 4315 ηοῃπξξιξζῖῗ·

2356 4313 2613 4369 brualium
2644 4317 2835 4369 virtute
2860 4314 3066 4368 Domini
3095 4314 3266 4366 nostri
3305 4302 3430 4365 Je'su
3466 4303 3628 4362 Christi
3652 4302 3796 4360 anei)“.

2354 4392 2477 4439 octo
2503 4385 2690 4440 diebus
2733 4386 2799 4440 ab
2837 4384 3026 4440 eodem
3054 4390 3421 4439 consummata
3459 4390 3563 4433 esse
3595 4373 3796 4440 εοειιίιὶαητ

2356 4463 2476 4524 post
2497 4452 3302 4530 consulatumdominiAHonorii
3326 4431 3798 4530 undecimtttltnefigﬂf“

2354 4513 2552 4581 stantio
2577 4526 2768 4580 iterum
2798 4526 3018 4580 victore.
3043 4523 3399 4591 Quamobrem
3425 4513 3656 4591 siindigtti
3671 4513 3797 4591 ςξῗῐξξς

2354 4567 2551 4651 Ξὲιὸἐὶέ
2568 4567 2790 4651 tam};
2804 4567 3088 4665 Ηίῖςῖὰιῖἰεῗ
3094 4567 3399 4657 tam
3418 4567 3572 4665 z'L-iiiiq
3586 4567 3798 4665 Christi

2356 4649 2568 4754 ἑςΐὲειιὶι
2583 4649 3168 4754 ιῆίέπρεέδέρῐριξεςτ
3190 4649 3799 4754 '23.".‘31.é2"1'1‘.‘?f“?32°lf§i

2583 4709 3157 4801 Tulliam,"
3190 4709 3441 4788 Forsitan
3473 4709 3778 4806 enim

2357 4779 3229 4877 ἱῖἕεῖῐὸὶιιῖἶίΞῐᾟὶιόξιῶῖἶγέἓιῑῐ
3248 4779 3455 4877 eam
3473 4779 3569 4877 λιιι,
3583 4779 3798 4877 regione

2390 4857 2869 4948 etatisfﬁgiasg;
2884 4857 3058 4948 omnis
3092 4857 3261 4931 seu
3288 4857 3794 4948 ’saivus'nat'tﬁgg-jrf;

2390 4891 2590 4932 enttum
2622 4892 2857 4948 Ingressa
2884 4891 3058 4932 omnis
3100 4891 3261 4931 Israel
3301 4891 3470 4927 salvus
3499 4891 3579 4943 nat
3606 4891 3739 4938 γυνη..

2355 4891 2470 5031 .55).-
2493 4949 2558 5031 ιρι
2577 4946 2805 5031 fortasse
2830 4949 2965 5031 hanc
2992 4947 3059 5029 ab
3086 4928 3797 5031 ςιιτεετιοεςενίιξξεξξτίεεέἓξτῑιῖι]

2357 5002 2455 5072 1ηἱί
2499 5002 2761 5073 Dominus
2784 5002 3030 5084 excitari,
3064 5027 3123 5071 ut
3164 5017 3441 5070 universus
3478 5004 3602 5061 orbis
3632 5002 3769 5052 ιεππυ

2356 5088 2631 5145 charitatis
2655 5090 2845 5159 flagret
2871 5088 3136 5143 incendio.

1554 5221 3794 5285 .______'___.___________——————————--/

1545 5345 1993 5407 ADMONITIO
2024 5346 2101 5405 IN
2140 5342 2742 5418 SUBSEQUENTES
2767 5339 3069 5401 LIBROS.

742 5608 934 5666 Incerti
961 5614 1200 5671 auctoris
1224 5626 1348 5671 sunt
1373 5615 1441 5672 de
1467 5615 1731 5672 Miraculis
1754 5618 1922 5672 sancti
1947 5616 2199 5687 Stephani
2226 5617 2474 5687 martyris
2500 5616 2617 5670 libri
2648 5616 2755 5669 duo
2778 5656 2792 5678 ,
2821 5628 2992 5683 neque
3030 5609 3213 5665 Evodii
3247 5603 3467 5678 episcopi
3496 5590 3792 5687 Uzalensis

674 5714 820 5763 men,
850 5704 933 5756 cui
960 5706 1194 5775 inscripti
1221 5723 1251 5761 a
1277 5706 1700 5763 Lovaniensibus
1726 5707 1973 5773 fuerunt,
2004 5707 2355 5777 praaferebant
2380 5710 2431 5761 in
2460 5715 2583 5760 ante
2610 5706 2754 5761 edito
2780 5702 2998 5759 Joannis
3027 5698 3320 5756 Ulimmerii
3343 5693 3531 5753 codice.
3549 5688 3703 5777 ξιοψνξ]

675 5799 789 5845 tere
816 5790 947 5849 libro
968 5761 1307 5855 Floriacensi.
1348 5797 1533 5857 Evodii
1558 5797 1711 5868 jussu
1742 5761 2064 5873 compositos
2089 5806 2311 5855 testatur
2347 5806 2534 5854 auctor
2562 5796 2613 5853 in
2656 5797 2893 5867 prologo,
2923 5806 3083 5865 seque
3106 5790 3261 5845 etiam
3280 5789 3386 5857 ipse
3406 5786 3465 5839 ab
3484 5774 3637 5836 eodem
3670 5761 3715 5815 Et

3708 5672 3791 5717 ntt°

3720 5752 3789 5808 odio

3495 1718 3696 1784 gaudium
3712 1724 3795 1786 quo!
3890 1724 3891 1741 ‘
