4072 6514
173 471 260 529 που
1569 452 1749 513 LIBEI

1857 451 2013 512 NUS.

231 577 443 640 CAPUT
472 576 588 634 XII.
621 605 692 623 σ-
715 576 800 633 18.
845 574 1231 631 Incommodum
1253 588 1405 648 grave
1427 573 1483 628 in
1529 573 1742 628 adversa

174 674 409 733 sententia.
441 670 501 727 Si
527 684 660 741 ergo
681 669 752 724 ita
781 668 1008 740 quisque
1034 667 1216 724 veniat
1239 667 1308 723 ad
1345 666 1515 723 sancti
1545 663 1741 722 lavacri

175 765 462 840 petitionem
483 802 498 828 ,
528 769 590 816 ut
616 761 932 832 proﬁteatur
975 774 1038 816 se
1076 759 1146 816 ab
1173 758 1438 816 idolorum
1467 757 1744 816 sacriﬁciis

181 873 271 912 non
293 867 661 917 recessurum,
693 850 796 906 nisi
836 850 972 906 forte
1011 859 1195 921 postea
1221 848 1435 921 quando
1462 849 1740 920 placuerit,

176 947 480 1018 Baptismum
508 951 686 997 tamen
705 942 816 1012 jam
836 941 1054 1012 jamque
1073 940 1348 1010 deposcat,
1379 940 1745 1011 templumque

177 1040 258 1095 Dei
282 1037 378 1092 vivi
404 1051 464 1091 se
491 1034 606 1091 ﬁeri
633 1033 837 1105 flagitet
859 1074 876 1100 ,
910 1049 1014 1087 non
1044 1033 1221 1088 solum
1253 1034 1426 1089 cultor
1451 1031 1741 1095 idolorum,

175 1145 337 1188 verum
367 1129 529 1184 etiam
551 1127 604 1182 in
625 1127 804 1196 aliquo
828 1134 936 1182 tam
958 1124 1166 1182 nefario
1193 1124 1496 1180 sacerdotio
1517 1125 1534 1156 ¹
1564 1138 1746 1194 perse-

176 1237 378 1286 verans;
400 1236 582 1291 quaero
603 1218 672 1274 ab
692 1219 808 1273 istis
833 1226 1010 1273 utrum
1031 1232 1152 1272 eum
1182 1216 1483 1272 faciendum
1525 1215 1609 1270 vel
1652 1229 1744 1270 ca-

176 1315 532 1371 tcchumenum
559 1319 820 1367 censeant
844 1328 858 1366 :
885 1309 1027 1381 quod
1079 1311 1261 1380 procul
1302 1309 1464 1366 dubio
1499 1309 1610 1364 ﬁeri
1637 1323 1746 1363 non

176 1405 353 1460 debere
377 1401 704 1458 clamabunt.
726 1399 910 1471 Neque
930 1401 1072 1455 enim
1090 1399 1233 1455 aliud
1249 1399 1317 1455 de
1343 1398 1557 1454 illorum
1584 1396 1746 1454 corde

173 1494 492 1550 sentiendum
524 1501 627 1548 est.
658 1492 903 1549 Reddam
941 1493 1122 1563 itaque
1159 1493 1424 1548 rationem
1451 1490 1746 1548 secundum

176 1584 459 1642 testimonia
483 1583 901 1654 Scripturarum,
930 1598 1048 1654 qua:
1073 1583 1153 1638 sic
1179 1583 1520 1655 intelligenda
1540 1590 1744 1654 putant,

172 1695 270 1748 quo
292 1676 447 1730 modo
469 1675 593 1730 huic
620 1674 856 1730 audeant
879 1673 1252 1729 contradicere
1272 1716 1287 1741 ,
1334 1689 1434 1729 nec
1461 1673 1748 1728 admitten-

172 1772 284 1822 dum
312 1782 430 1838 esse
482 1765 807 1821 conﬁrment
847 1764 1225 1821 reclamantem
1251 1775 1411 1836 atque
1433 1765 1703 1821 dicentem
1729 1781 1744 1819 :

177 1857 323 1912 [)itiiCi
345 1866 397 1912 et
425 1871 655 1911 veneror
673 1855 944 1911 Christum
969 1856 1283 1912 cruciﬁxum
1304 1899 1319 1924 ,
1365 1855 1528 1913 credo
1555 1855 1748 1910 Filium

175 1947 261 2002 Dei
287 1963 398 2002 esse
446 1947 718 2002 Christum
765 1947 983 2014 Jesum;
1016 1964 1123 2003 non
1171 1964 1258 2004 me
1303 1950 1439 2004 ultra
1485 1948 1702 2004 differas
1729 1989 1746 2016 ,

178 2039 290 2092 nihil
316 2039 547 2108 amplius
562 2039 676 2108 jam
704 2039 964 2110 requiras.
993 2039 1140 2106 Quos
1165 2055 1258 2110 per
1283 2029 1632 2110 Evangelium
1655 2055 1749 2111 ge-

176 2131 377 2184 nrrabat
429 2130 760 2202 Apostolus,
816 2132 947 2185 nihil
996 2145 1091 2187 eos
1140 2146 1302 2187 nosse
1348 2141 1474 2187 tunc
1519 2133 1750 2202 amplius

171 2237 314 2291 quam
339 2219 612 2277 Christum
633 2221 946 2277 cruciﬁxum
978 2223 1224 2289 volebat;
1258 2232 1378 2293 post
1406 2239 1593 2278 vocem
1616 2224 1751 2292 Spa-

172 2311 471 2381 donis,qua
502 2326 564 2366 se
612 2311 831 2366 credere
860 2311 1044 2367 Jesum
1089 2310 1361 2368 Christum
1408 2313 1602 2368 Filium
1653 2313 1749 2369 Dei

173 2416 282 2456 esse
303 2401 596 2471 reSpondit,
621 2403 877 2457 continuo
899 2403 1173 2474 Philippus
1194 2419 1318 2459 eum
1347 2404 1618 2474 baptizare
1643 2419 1749 2460 non

172 2492 396 2547 distulit:
423 2493 553 2562 quid
585 2509 674 2549 me
702 2495 770 2549 ab
799 2494 1060 2550 idolorum
1102 2496 1250 2550 cultu
1304 2496 1556 2566 prohibes
1578 2538 1596 2566 ,
1651 2512 1752 2554 nec

173 2586 234 2639 ad
275 2597 666 2642 sacramentum
719 2587 919 2642 Christi
959 2588 1228 2655 admittis,
1270 2589 1578 2660 priUSqnam
1627 2590 1751 2647 inde
1787 2569 1796 2588 ’

170 2679 493 2734 discessero?
518 2678 654 2734 Illud
681 2694 711 2732 a
739 2680 966 2749 pueritia
994 2681 1190 2748 didici,
1241 2683 1634 2739 consuetudine
1675 2683 1749 2739 ibi

170 2771 462 2839 gravissima
492 2787 712 2841 premor
737 2788 751 2825 :
773 2772 964 2827 faciam
994 2788 1116 2828 cum
1145 2782 1369 2845 potuero
1394 2815 1410 2840 ,
1442 2790 1563 2830 cum
1591 2789 1749 2831 com-

171 2861 374 2916 modum
399 2861 590 2927 fuerit;
615 2860 760 2933 quod
788 2863 890 2917 etsi
913 2879 1019 2919 non
1040 2863 1231 2919 faciam
1257 2906 1272 2930 ,
1302 2879 1408 2920 non
1427 2873 1605 2922 tamen
1633 2866 1752 2924 sine

167 2951 354 3006 Christi
375 2965 718 3008 sacratuento
745 2953 884 3009 hanc
915 2954 1075 3010 vitam
1108 2955 1323 3022 ﬁniam,
1356 2971 1424 3010 ne
1449 2956 1588 3012 Deus
1635 2957 1751 3014 exi-

165 3054 247 3113 gat
273 3046 502 3101 animam
553 3063 728 3101 meam
758 3046 826 3102 de
869 3048 1116 3104 manibus
1155 3049 1278 3104 tuis.
1308 3047 1448 3118 Quid
1487 3049 1613 3106 huic
1664 3066 1753 3108 re-

165 3136 525 3205 spondendum
576 3138 928 3194 existimant?
967 3140 1048 3194 An
1082 3140 1255 3210 placet
1293 3149 1354 3197 ut
1393 3141 1752 3200 admittatur?

162 3227 340 3283 Absit:
364 3229 519 3284 nullo
544 3229 704 3284 modo
720 3231 1038 3286 crediderim
1059 3233 1112 3288 in
1139 3241 1342 3288 tantum
1364 3249 1457 3290 eos
1480 3236 1750 3308 progredi.

160 3317 288 3384 Quid
314 3335 441 3390 ergo
463 3319 871 3390 respondebunt
894 3321 1008 3378 haec
1029 3322 1264 3389 dicenti,
1297 3333 1352 3380 et
1377 3325 1594 3380 addenti
1610 3327 1752 3397 quod

159 3408 282 3464 nihil
309 3410 407 3465 sibi
435 3411 508 3467 de
537 3410 836 3468 idololatria
851 3413 1195 3484 relinquenda
1221 3415 1410 3470 saltem
1438 3416 1542 3472 dici
1570 3416 1752 3474 debuit

158 3506 276 3555 ante
305 3500 644 3572 Baptismum
665 3544 682 3568 ,
705 3502 842 3557 sicut
862 3503 992 3558 nihil
1025 3504 1148 3558 inde
1177 3514 1302 3561 ante
1332 3521 1480 3562 mare
1509 3507 1748 3564 Rubrum

157 3591 374 3660 populus
399 3593 494 3648 ille
521 3594 729 3665 primus
747 3595 987 3664 audivit,
1018 3598 1270 3668 quoniam
1296 3599 1378 3655 lex
1409 3600 1513 3656 hoc
1543 3601 1748 3672 habet,

156 3697 305 3751 quam
334 3700 400 3738 ex
425 3685 673 3758 Egypto
688 3686 798 3758 jam
838 3686 1096 3743 liberatus
1135 3691 1360 3760 accepit.
1395 3691 1643 3748 Profecto
1663 3694 1752 3748 di-

155 3772 284 3827 cturi
321 3783 448 3830 sunt
498 3776 709 3831 homini
741 3777 1061 3848 :Templum
1110 3780 1202 3834 Dei
1244 3781 1456 3837 futurus
1485 3798 1578 3850 es,
1627 3800 1750 3841 cum

158 3861 479 3933 Baptismum
511 3883 825 3938 acceperis;
865 3869 996 3924 dicit
1039 3880 1216 3926 autem
1260 3873 1583 3942 Apostolus,
1620 3876 1746 3940 Qua:

153 3959 442 4026 compositio
471 3959 668 4030 templo
699 3957 794 4014 Dei
820 3977 936 4014 cum
978 3961 1130 4016 idolis
1182 3960 1248 4037 (11
1299 3962 1418 4018 Cor.
1469 3981 1555 4032 vt,
1613 3966 1746 4038 ‘16)?

150 4043 318 4112 Quare
338 4063 470 4117 ergo
492 4066 607 4105 non
625 4050 807 4106 vident
827 4053 1074 4108 similiter
1092 4069 1214 4110 esse
1235 4055 1520 4112 dicendum
1549 4075 1562 4112 :
1588 4059 1750 4116 Mem-

151 4137 295 4192 brum
322 4139 527 4197 Christi
562 4143 774 4197 futurus
803 4160 860 4199 es
881 4186 896 4211 ,
925 4161 1048 4200 cum
1082 4148 1355 4216 acceperis
1373 4148 1752 4220 Raptismum;

149 4247 248 4285 non
277 4247 505 4302 possunt
523 4235 775 4290 membra
791 4235 988 4294 Christi
1010 4253 1129 4295 esse
1147 4241 1387 4296 membra
1414 4244 1751 4300 meretricis?

149 4322 271 4388 Quia
298 4325 482 4381 ethoc
506 4327 805 4397 Apostolus
833 4326 1002 4384 dicit:
1027 4329 1116 4400 qui
1138 4331 1316 4387 etalio
1348 4331 1467 4388 loco
1489 4375 1506 4401 ,
1537 4333 1714 4390 Nolite
1731 4376 1752 4404 ,

148 4411 347 4483 inquit,
375 4433 605 4481 errare;
649 4434 809 4487 neque
847 4419 1215 4488 fornicatores,
1243 4438 1404 4494 neque
1447 4424 1600 4480 idolis
1644 4443 1754 4482 ser-

147 4505 356 4571 rientes,
405 4518 463 4563 et
493 4516 700 4564 extera
746 4526 867 4580 qua:
907 4509 1017 4567 illic
1044 4521 1366 4580 enumerat,
1420 4532 1631 4587 regnum
1656 4516 1754 4574 Dei

146 4601 488 4665 possidebunt.
522 4601 643 4656 Cur
663 4617 793 4672 ergo
817 4602 883 4657 ad
907 4602 1235 4671 Baptismum
1263 4604 1420 4661 idolis
1455 4609 1752 4665 servientes

145 4705 244 4746 non
284 4693 674 4758 admittimus,
722 4702 777 4750 et
806 4694 1156 4752 fornicatores
1205 4697 1567 4754 admittendos
1594 4711 1752 4771 puta-

144 4800 256 4840 mus
275 4829 291 4850 ,
319 4802 446 4842 cum
470 4797 532 4844 et
575 4786 662 4842 his
690 4796 746 4842 et
765 4787 977 4844 caeteris
1022 4789 1176 4846 malis
1205 4790 1381 4857 dicat,
1412 4789 1478 4846 Et
1507 4793 1615 4848 hcce
1639 4797 1753 4866 qui-

142 4876 253 4932 dam
282 4881 491 4950 fuistis,
521 4881 619 4936 sed
639 4880 800 4936 abluti
826 4883 974 4951 estis,
1019 4883 1109 4938 sed
1134 4886 1437 4954 sanctiﬁcati
1488 4887 1604 4942 estis
1623 4931 1638 4954 ,
1661 4887 1753 4943 sed

133 4974 402 5042 justi/irati
422 4976 554 5030 estis
585 4976 640 5029 in
666 4975 868 5029 nomine
896 4975 1104 5031 Domini
1123 4975 1252 5032 Iesu
1276 4978 1466 5034 Christi
1493 4987 1540 5034 et
1562 4981 1615 5034 in
1636 4982 1751 5051 spi-

138 5067 232 5120 ritu
262 5066 363 5123 Dei
386 5070 564 5124 nostri
595 5068 639 5140 (Ι
673 5067 790 5123 Cor.
819 5085 908 5136 vr,
945 5070 1010 5126 15
1033 5112 1048 5137 ,
1073 5069 1106 5126 9
1129 5070 1240 5138 ,10
1263 5112 1278 5139 ,
1311 5072 1448 5142 il)?
1476 5072 1614 5140 Quid
1654 5073 1751 5146 igi-

138 5169 219 5212 tur
241 5176 423 5216 030512
455 5170 551 5217 est
588 5169 647 5215 Ill
673 5175 794 5215 cum
825 5171 1062 5230 potestas
1088 5171 1270 5234 pateat
1308 5174 1592 5236 utrumque
1619 5182 1751 5237 pro-

134 5248 380 5320 hibendi,
416 5254 740 5309 venientem
763 5251 830 5307 ad
865 5252 1200 5324 Baptismum
1232 5256 1538 5325 permittam
1587 5258 1752 5314 forni-

133 5344 330 5398 carinm
358 5359 730 5414 permanere,
754 5353 809 5399 et
845 5360 952 5400 non
991 5346 1295 5415 permittam
1323 5347 1480 5402 idolis
1514 5351 1753 5405 servien-

133 5443 232 5489 tem
259 5452 273 5500 ;
307 5453 436 5493 cum
469 5445 532 5493 et
566 5436 678 5490 illis
702 5446 758 5490 et
785 5437 890 5492 illis
911 5435 1015 5492 dici
1036 5438 1249 5493 audiam
1276 5479 1292 5505 ,
1323 5438 1388 5492 Et
1409 5440 1517 5493 lucc
1541 5443 1748 5512 quidam

131 5527 325 5594 fuistis,
360 5529 459 5583 sed
486 5526 665 5581 abluti
709 5527 871 5582 estis?
905 5527 1014 5583 Sed
1044 5545 1110 5585 eo
1138 5539 1422 5586 moventur
1475 5531 1595 5598 isti,
1627 5535 1749 5602 quia

131 5629 310 5689 putant
354 5635 491 5677 esse
541 5619 605 5673 in
655 5627 768 5674 tuto
809 5619 1038 5676 salutem
1087 5636 1312 5689 eorum,
1362 5622 1606 5693 quamvis
1655 5639 1753 5694 per

184 5776 200 5808 ⁸
233 5777 309 5826 sic
341 5774 584 5825 melioris
611 5785 745 5840 non:
758 5779 863 5840 Mss.
893 5773 1090 5840 Quidam
1115 5775 1326 5840 addunt,
1359 5775 1599 5840 sacrilego
1626 5789 1644 5826 :
1668 5777 1750 5826 alii

128 5845 281 5902 alitem
310 5853 436 5902 pro,
483 5834 804 5897 sacerdotio,
850 5837 1060 5898 habent,
1097 5838 1293 5890 scelere.
1314 5834 1320 5836 ’
1341 5847 1393 5888 Al.
1420 5834 1570 5899 editi",
1595 5840 1751 5890 sarti-

126 5897 252 5954 latio.

3337 461 3458 518 9101

1850 567 2049 640 ignem,
2067 569 2158 640 qui
2183 569 2239 628 in
2265 569 2539 628 Christum
2565 572 2910 644 crediderint,
2928 574 3440 650 Sacramentumqne

1848 659 1968 732 ejus
1993 662 2338 733 acceperint,
2366 662 2422 720 id
2447 673 2532 720 est
2554 664 2805 736 baptizati
2835 666 3061 736 fuerint,
3083 668 3295 726 etiamsi
3319 685 3440 726 mo-
3499 653 3506 724 i

1849 767 1969 808 rum
1999 753 2439 825 corrigendorum
2465 755 2537 810 ita
2565 756 2898 828 negligentes
2919 758 3065 824 sint,
3095 768 3154 815 ut
3195 761 3443 831 nequiter

1848 842 2050 898 vivant.
2077 842 2232 900 Unde
2264 860 2390 900 mox
2419 845 2650 913 videbo,
2681 847 2726 902 si
2754 847 2894 903 Deus
2911 847 3145 918 juverit,
3185 851 3314 922 quid
3334 844 3446 908 isc-

1849 932 2085 988 cundum
2114 933 2421 1006 Scripturas
2449 936 2790 992 sentiendum
2812 938 2904 993 sit.

1921 1023 2146 1082 CAPUT
2187 1025 2324 1082 Xlll.
2347 1058 2420 1069 —
2445 1029 2528 1084 19.
2551 1029 2884 1098 Baptizandis
2911 1042 3164 1103 prteccpta
3187 1050 3385 1088 morum
3410 1051 3442 1088 α

1847 1113 2049 1172 Joanne
2079 1118 2286 1172 tradita.
2316 1119 2396 1172 Ad
2423 1121 2826 1192 consequendam
2854 1123 3007 1177 vitam
3034 1133 3274 1179 atterntnn
3304 1141 3444 1196 pra:-

1850 1216 1996 1276 cepta
2038 1209 2227 1263 servari
2261 1210 2419 1280 jussit
2455 1209 2876 1269 Christus.Nunc
2918 1214 2972 1269 in
3014 1215 3115 1270 hac
3147 1216 3444 1286 quaestione

1849 1297 2024 1354 adhuc
2048 1315 2256 1370 versor,
2282 1302 2334 1356 in
2362 1319 2464 1374 qua
2490 1303 2568 1358 eis
2594 1304 2806 1361 videtur
2827 1306 3124 1378 baptizatos
3142 1308 3442 1364 admonen-

1850 1388 1948 1445 dos
1975 1405 2097 1446 esse
2124 1391 2191 1448 de
2221 1394 2460 1450 moribus
2487 1394 2554 1450 ad
2587 1396 2933 1452 christianam
2961 1398 3126 1454 vitam
3166 1400 3444 1471 pertinen-

1851 1482 2013 1548 tibus,
2056 1482 2391 1554 baptizandis
2427 1495 2605 1542 autem
2649 1488 2816 1543 solam
2860 1488 3232 1545 insinuandam
3259 1488 3441 1547 ﬁdem.

1851 1573 2002 1642 Quod
2045 1575 2088 1628 si
2134 1575 2205 1630 ita
2250 1587 2412 1640 esset,
2446 1587 2640 1647 prmtcr
2674 1587 2782 1634 tam
2823 1580 2988 1635 multa
3031 1597 3152 1651 qua:
3189 1580 3442 1648 diximus,

1853 1680 1961 1720 non
2016 1664 2252 1722 Joannes
2310 1667 2544 1739 Baptista
2607 1671 2944 1726 venientibus
2995 1671 3064 1727 ad
3119 1672 3444 1743 baptismum

1852 1769 2008 1810 suum
2039 1755 2258 1824 diceret,
2290 1756 2557 1813 Generatio
2585 1760 2894 1830 viperarum,
2925 1763 3036 1834 quis
3065 1763 3280 1818 ostendit
3308 1764 3461 1819 vobis-

1853 1850 2028 1921 [ngere
2053 1849 2116 1903 ab
2142 1847 2219 1903 ira
2246 1853 2494 1910 ventura?
2521 1851 2697 1908 Facite
2720 1870 2837 1926 ergo
2863 1855 3086 1925 fructum
3111 1856 3321 1927 dignum
3351 1874 3450 1928 pws

1853 1943 2077 1998 nitentia:
2099 1941 2314 2014 (Matth.
2340 1962 2417 2014 ιιι,
2442 1947 2496 2012 7,
2521 1945 2606 2018 8);
2637 1957 2692 2002 et
2718 1957 2912 2004 caetera
2933 1991 2947 2014 ,
2979 1965 3098 2018 qna:
3130 1952 3314 2021 utique
3340 1966 3448 2006 non

1853 2033 1922 2088 de
1955 2033 2078 2102 lide,
2109 2034 2204 2089 sed
2230 2035 2296 2090 de
2322 2037 2477 2092 bonis
2505 2039 2757 2108 operibus
2785 2040 3058 2095 admonet.
3089 2042 3242 2098 Unde
3269 2053 3328 2100 et
3348 2044 3450 2098 mi-

1854 2123 2038 2180 litibus
2071 2125 2390 2195 dicentibus,
2423 2128 2558 2196 Quid
2587 2131 2872 2201 faciemus?
2900 2147 3004 2187 non
3036 2132 3198 2194 dixit,
3229 2132 3448 2189 Interim

1854 2215 2058 2272 credite
2085 2227 2140 2271 et
2167 2217 2529 2288 baptizamini,
2556 2228 2677 2291 post
2706 2221 2934 2278 audietis
2971 2223 3097 2294 quid
3135 2223 3312 2281 facere
3349 2223 3448 2280 dc-

1853 2305 2061 2370 beatis;
2093 2306 2186 2362 sed
2229 2317 2354 2364 ante
2391 2308 2546 2376 dixit,
2589 2320 2715 2366 ante
2756 2314 3096 2381 prmmonuit,
3126 2323 3190 2368 ut
3223 2321 3451 2369 venturo

1855 2395 2083 2452 Domino
2115 2397 2165 2452 in
2196 2413 2291 2453 cor
2315 2413 2502 2454 eorum
2546 2410 2795 2471 tauquam
2837 2419 3135 2473 pt'mcursor
3167 2405 3450 2461 mundaret

1854 2486 1994 2542 viam
2025 2505 2038 2542 :
2074 2487 2345 2543 Neminem
2372 2493 2746 2558 concusseritis,
2773 2494 2903 2547 nulli
2930 2495 3239 2550 calumniam
3265 2496 3448 2567 fateri-

1855 2579 1940 2646 tis,
1967 2578 2179 2650 sufﬁciat
2209 2580 2346 2635 vobis
2374 2581 2682 2650 stipendium
2712 2593 2952 2639 vestrum.
2985 2585 3241 2641 Similiter
3271 2587 3447 2656 publi-

1854 2671 2002 2728 canis
2018 2673 2378 2744 qumrentibus
2391 2674 2517 2746 quid
2536 2673 2712 2731 facere
2733 2675 3011 2742 deberent,
3033 2677 3183 2733 Nihil
3202 2681 3426 2750 amplius

1856 2761 2046 2833 inquit,
2064 2764 2277 2834 exigatis
2304 2775 2486 2835 praeter
2512 2783 2664 2836 quant
2689 2769 3014 2822 constitutum
3042 2779 3113 2824 cst
3139 2770 3274 2826 vobis
3294 2771 3445 2843 (Luc.

1856 2869 1932 2919 ιιι,
1965 2853 2129 2910 12-14
2149 2853 2190 2927 ).
2223 2853 2318 2911 llis
2348 2855 2581 2912 breviter
2619 2861 3074 2928 commemoratis,
3109 2863 3448 2933 Evangelista

1861 2944 1880 3018 (
1906 2961 2010 3000 non
2040 2947 2183 3001 enim
2229 2955 2369 3003 totos
2411 2951 2768 3007 catechismos
2799 2953 3037 3011 inserere
3064 2956 3289 3030 debuit)
3319 2959 3452 3016 satis

1856 3036 2177 3108 signiﬁcavit
2209 3040 2475 3110 pertinere
2503 3040 2570 3096 ad
2598 3057 2718 3098 eum
2738 3059 2768 3098 a
2797 3059 2904 3116 quo
2933 3044 3282 3117 baptizandus
3301 3058 3450 3107 cate-

1855 3127 2116 3197 chlzatur,
2145 3129 2341 3186 docere
2370 3140 2425 3187 et
2453 3149 2672 3190 monere
2711 3134 2779 3190 de
2821 3137 3078 3194 moribus.
3104 3138 3257 3206 Quod
3287 3141 3334 3196 si
3363 3157 3453 3198 re-

1856 3218 2199 3289 spondissent
2224 3219 2438 3285 Joanni.
2463 3223 2690 3280 Prorsus
2721 3242 2828 3281 non
2857 3225 3116 3286 faciemus
3138 3229 3343 3287 fructus
3373 3234 3454 3287 tli-

1854 3323 1991 3380 gnos
2043 3311 2394 3381 pmnitentim,
2445 3315 2822 3373 calumniaturi
2869 3335 3087 3386 sumus,
3140 3325 3459 3378 concussuri

1855 3413 2065 3469 sumus,
2096 3417 2158 3458 ea
2189 3419 2310 3474 quae
2343 3405 2499 3460 nobis
2537 3421 2643 3462 non
2675 3407 2937 3465 debentur
2965 3414 3201 3468 exacturi
3241 3430 3452 3482 smnus,

1856 3505 1913 3549 et
1942 3492 2290 3551 nihilominus
2325 3512 2420 3552 eos
2458 3508 2580 3570 post
2609 3499 2746 3556 hanc
2787 3502 3173 3572 professionem
3212 3507 3451 3577 baptiza-

1857 3592 1972 3651 ret;
2004 3601 2103 3642 nec
2145 3589 2222 3642 sic
2265 3597 2444 3645 tamen
2484 3591 2586 3646 dici
2630 3602 2832 3664 posset,
2862 3595 3000 3652 unde
3039 3599 3198 3654 modo
3227 3603 3459 3671 (ιιιιιιδιίο.

1856 3685 1958 3738 est,
1989 3691 2096 3732 non
2123 3693 2243 3734 esse
2272 3681 2528 3749 temporis
2553 3699 2673 3737 cum
2701 3685 2926 3756 quisque
2967 3687 3314 3758 baptizandus
3343 3704 3454 3757 est,

1858 3776 1914 3820 ut
1945 3765 2089 3835 prius
2130 3767 2207 3822 illi
2248 3785 2427 3826 sermo
2457 3770 2549 3827 ﬁat
2577 3775 3027 3844 quemadmodum
3061 3779 3221 3836 vitam
3252 3781 3448 3839 bonum

1855 3870 2013 3927 agere
2041 3856 2251 3913 debeat.

1925 3957 2015 4013 20.
2045 3958 2181 4025 Quid
2213 3961 2324 4029 ipse
2351 3961 2626 4030 Dominus,
2653 3976 2709 4020 ut
2735 3967 2836 4022 alia
2861 3969 3127 4034 omittam,
3156 3987 3277 4029 cum
3298 3975 3366 4030 ab
3385 3991 3460 4032 co-

1854 4048 2006 4106 dives
2037 4051 2126 4107 ille
2154 4066 2420 4123 quaereret
2459 4056 2584 4128 quid
2623 4057 2749 4112 boni
2791 4056 2992 4116 faceret
3019 4073 3075 4116 ut
3103 4064 3262 4120 vitam
3289 4077 3451 4122 aeter-

1856 4157 1978 4196 nam
2011 4153 2457 4215 consequeretur;
2481 4149 2719 4205 recolant
2743 4150 2868 4221 quid
2895 4154 3270 4224 responderit:
3295 4157 3356 4212 Si
3382 4159 3454 4214 vis

1854 4236 2043 4302 venire,
2077 4237 2267 4308 inquit,
2293 4239 2361 4292 ad
2392 4240 2565 4309 vitam,
2589 4259 2732 4296 serva
2756 4243 3016 4299 mandata.
3044 4245 3114 4301 At
3142 4246 3259 4316 ille,
3290 4247 3453 4315 Quw?

1857 4325 2006 4382 Tunc
2045 4328 2303 4386 Dominus
2343 4335 2781 4389 commemoravit
2821 4346 3085 4407 prmcepta
3117 4339 3300 4411 Legis,
3329 4340 3453 4394 Non

1856 4418 2054 4473 occides
2073 4461 2088 4485 ,
2124 4419 2242 4475 Non
2269 4421 2613 4488 mazchaberis,
2641 4436 2694 4480 et
2724 4437 2934 4482 ca‘tcra.
2963 4428 3058 4485 Ubi
3087 4446 3210 4485 cum
3240 4432 3333 4487 ille
3362 4449 3452 4488 re-

1857 4512 2161 4581 spondisset
2207 4513 2323 4570 hare
2365 4531 2424 4572 se
2472 4515 2666 4572 fecisse
2709 4534 2738 4572 a
2779 4519 3067 4589 juventule-
3101 4539 3215 4587 sua,
3249 4522 3456 4579 addidit

1857 4603 2016 4656 etiam
2046 4603 2390 4674 perfectionis
2417 4615 2767 4676 praeceptum,
2798 4619 2853 4664 nt
2883 4612 3109 4667 venditis
3138 4615 3248 4668 suis
3279 4616 3453 4668 omni-

1858 4692 1959 4748 bus
2002 4703 2056 4749 et
2106 4695 2156 4749 in
2201 4711 2498 4766 pauperum
2542 4698 2913 4773 elecmosynas
2957 4706 3188 4775 crOgatis
3232 4704 3456 4761 haberet

1860 4785 2169 4842 thesaurum
2201 4787 2252 4842 in
2283 4790 2442 4857 caelo,
2473 4800 2526 4845 et
2554 4793 2800 4847 eumdem
2829 4795 3110 4850 Domimnn
3141 4808 3455 4867 sequeretur

1859 4879 2073 4952 (Matth.
2101 4898 2209 4944 xix,
2236 4880 2440 4955 l7-2l).
2465 4882 2696 4940 Videant
2727 4886 2886 4956 igitur
2906 4903 3010 4941 non
3037 4889 3085 4942 ei
3108 4889 3309 4942 dictum
3332 4903 3454 4942 esse

1857 4981 1914 5025 ut
1941 4971 2186 5027 crederet
2213 4982 2266 5027 ct
2297 4972 2673 5044 baptizaretur,
2702 4993 2805 5047 quo
2831 4978 2946 5033 seio
2971 4977 3238 5046 adiutorio
3266 4987 3454 5047 putant

1858 5061 1944 5116 isti
1977 5064 2157 5118 venire
2187 5064 2457 5119 hominem
2488 5065 2555 5120 ad
2588 5067 2786 5133 vitam;
2815 5067 2908 5123 sed
2936 5083 3146 5122 morum
3185 5080 3452 5141 praecepta

1859 5153 2059 5208 homini
2098 5153 2239 5220 data,
2270 5170 2388 5225 qua:
2416 5155 2596 5227 utique
2625 5158 2741 5212 sine
2767 5157 2874 5212 ﬁde
2902 5159 3159 5215 custodiri
3195 5161 3455 5218 observa-

1857 5245 2006 5316 rique
2029 5258 2132 5300 n0n
2165 5254 2404 5315 possunt.
2431 5247 2540 5301 Nec
2569 5258 2744 5302 tamen
2774 5250 2895 5319 quia
2925 5250 3009 5304 hic
3038 5250 3107 5306 de
3134 5252 3452 5309 insinuanda

1859 5334 1964 5392 ﬁde
1991 5335 2248 5390 Dominus
2279 5336 2489 5392 videtur
2523 5341 2749 5393 tacuisse
2767 5379 2783 5406 ,
2814 5342 3214 5412 prmscribimus
3242 5359 3342 5400 nos
3370 5355 3455 5399 at-

1855 5441 1958 5498 que
1996 5425 2386 5489 contendimus,
2419 5443 2628 5483 morum
2671 5431 3036 5488 tantummodo
3067 5444 3331 5505 praecepta
3370 5435 3455 5492 di-

1855 5522 2023 5577 cenda
2045 5536 2164 5577 esse
2183 5521 2490 5577 hominibus
2509 5521 2574 5576 ad
2598 5524 2759 5580 vitam
2783 5527 3062 5595 pervenire
3086 5527 3448 5600 cupientibus.

1857 5613 2092 5684 Utraque
2118 5613 2260 5668 enim
2289 5624 2474 5667 mutuo
2501 5630 2742 5670 connexa
2774 5627 2897 5672 sunt
2917 5660 2931 5684 ,
2963 5618 3103 5674 sicut
3141 5629 3265 5674 ante
3301 5619 3450 5687 dixi;

1855 5707 1978 5776 quia
2007 5720 2178 5775 neque
2204 5704 2417 5760 dilectio
2440 5705 2533 5760 Dei
2564 5716 2737 5777 potest
2764 5723 2884 5763 esse
2907 5709 2956 5763 in
2987 5709 3202 5766 homine
3223 5709 3311 5781 qui
3340 5725 3450 5766 non

1856 5799 2028 5869 diligit
2061 5799 2387 5866 proximum,
2421 5815 2521 5855 nec
2550 5799 2763 5856 dilectio
2791 5802 3016 5870 proximi
3048 5803 3097 5855 in
3126 5818 3192 5858 eo
3221 5803 3309 5872 qui
3343 5819 3450 5857 non

1801 5919 1805 5921 >
1861 5889 2029 5960 diligit
2055 5891 2238 5946 lleutn.
2266 5890 2387 5945 Ideo
2416 5891 2700 5962 aliquando
2727 5893 2947 5948 alterum
2977 5894 3092 5949 sine
3119 5895 3305 5954 altero.
3337 5895 3450 5949 sive
