3996 6518
171 374 277 427 855
969 373 1059 430 DE
1097 373 1464 431 MlRACULlS
1502 375 1746 434 SANCTI
1782 379 2122 437 STEPHANI
2161 379 2366 438 LIBER
2405 381 2677 441 PRIMUS.
3331 399 3433 455 854

168 501 421 556 «ινεδοοῃο
441 485 710 567 diversum
739 486 940 556 indicat
964 487 1017 542 in
1038 498 1191 543 sexto
1214 503 1276 542 ac
1295 488 1505 544 decimo
1525 489 1688 547 tertio
1714 493 1887 562 capite
1915 492 2036 548 libri
2062 495 2215 562 primi
2238 505 2291 550 et
2316 498 2366 550 in
2401 498 2504 553 fine
2529 499 2646 554 libri
2673 503 2909 558 secundi.
2940 505 3167 565 Proinde
3197 513 3246 566 in
3273 529 3433 587 θεῖα-

167 589 349 632 ιιιριιιο
371 579 510 648 quod
533 579 670 633 libro
693 579 864 649 primo
893 594 921 632 a
944 583 1203 649 scriptore
1221 580 1528 651 praefigitur,
1570 584 1781 652 quando
1815 585 2068 639 miracula
2094 586 2207 641 haec
2235 588 2481 644 dicuntur
2506 593 2746 648 mandata
2784 613 2978 668 quoque
2997 604 3188 660 notitia:
3207 579 3436 676 ﬁdelium

164 669 227 721 ab
262 669 452 773 Ettodio
480 671 534 723 in
562 667 794 774 Ecclesia
820 668 969 774 [ξωιυὶ
1032 672 1115 725 his
1148 672 1456 774 verbis-non
1487 685 1672 728 auctor
1691 676 2024 774 scriptorque
2049 679 2245 774 operis,
2271 680 2364 737 sed
2383 697 2572 737 suasor
2599 697 2652 739 et
2676 667 2995 756 approbatur
3017 697 3108 765 qui
3127 667 3283 754 scribi
3309 706 3440 774 legi-

164 778 269 831 que
295 762 533 830 jusserit,
563 762 794 817 Evodius
823 763 1167 833 significatur.
1193 764 1467 819 Nescimus
1501 776 1676 820 autem
1703 780 1770 821 an
1809 783 1942 838 Opus
1972 769 2111 823 istud
2151 769 2389 826 habuerit
2414 790 2520 842 pra:
2550 778 2717 833 oculis
2740 762 3081 853 Augustinus,
3108 794 3316 859 quando
3342 762 3437 852 tie-

164 857 418 924 st'riptum
469 855 554 909 hic
588 855 639 908 itt
671 855 785 909 libri
823 856 976 925 primi
1010 854 1115 910 fine
1143 856 1454 910 miraculum
1485 868 1788 914 narraturus
1826 859 1880 914 in
1922 859 2180 916 Sermone
2207 861 2330 927 5:23,
2355 879 2410 917 n.
2435 867 2487 928 5,
2511 867 2755 924 dicebat:
2781 875 2931 944 Apud
2963 854 3163 936 Uzaliin
3191 926 3205 946 ,
3238 886 3321 939 ubi
3363 898 3437 943 est

164 947 428 1016 episcopus
449 951 606 1017 frater
634 963 774 1000 meus
794 945 1040 1012 Evodius,
1058 959 1245 1017 quanta
1275 946 1522 1001 miracula
1549 949 1620 1001 ibi
1644 950 1770 1017 ﬁunt
1793 956 2017 1020 quaerite,
2043 962 2087 1006 et
2110 951 2388 1009 invenietis.
2433 955 2794 1016 Prtetermissis
2813 979 2976 1022 autem
3003 975 3137 1036 aliis,
3163 945 3328 1032 indico
3351 999 3436 1032 υς,-

165 1040 242 1091 bis
271 1055 428 1090 unum
455 1040 590 1108 quod
607 1039 678 1091 ibi
707 1043 894 1108 factum
919 1050 1010 1102 est,
1033 1051 1086 1092 ut
1113 1041 1322 1092 videatis
1343 1050 1530 1108 quanta
1556 1045 1617 1091 sit
1647 1044 1712 1092 ibi
1736 1044 2004 1110 praesentia
2029 1045 2330 1114 majestatis.

1076 1243 1346 1382 DE
1421 1242 2538 1397 MIRACULIS

166 1476 831 1592 SANCTI
857 1476 1789 1593 STEPHANI
1821 1483 3427 1630 PROTOMABTYRIS

1550 1687 1822 1783 ausim
1891 1691 2078 1788 bno.

1220 1960 1688 2070 LIBER
1726 1963 2362 2076 PRIMUS.

167 1148 3436 1201 __._.__________________________________

1469 1859 2146 1903 “000——

167 2139 628 2212 1'eitttts‘diviuorum
645 2152 866 2212 operum,
890 2154 1008 2212 quin
1030 2149 1237 2212 ostensa
1245 2150 1369 2212 sunt
1381 2157 1470 2205 per
1491 2145 1622 2212 beati
1645 2134 2000 2212 protomartyris
2022 2149 2242 2210 Stephani
2263 2152 2546 2202 venerabile
2568 2159 2811 2212 meritum.
2836 2165 2978 2212 mand

229 2205 311 2273 tia
333 2202 544 2272 ﬁdelium
567 2203 628 2251 ab
652 2202 822 2286 livet-iit)
844 2204 891 2250 in
910 2202 1114 2286 Ecclesia
1137 2204 1274 2274 Dzali,
1295 2202 1432 2286 cujus
1454 2207 1588 2286 urbis
1607 2202 1926 2286 pbuliiicatuni
1940 2202 2299 2282 administrabat
2315 2215 2543 2266 sacerdos

226 2267 294 2314 ris
318 2268 578 2326 augustino
601 2265 725 2326 apud
751 2267 1014 2326 Hipponem
1032 2266 1281 2314 dominicae
1302 2267 1502 2317 sationis
1517 2265 1853 2330 dispensatore
1875 2274 2149 2323 constituto.

2797 2173 3062 2239 ἶηιρτψσειῑξξ
3080 2182 3276 2236 quoque
3299 2179 3427 2228 noti-

1607 2403 1972 2458 εθξθωθὶϐε

803 2517 1095 2573 Pnomcus.

239 2609 497 2674 Quoniam
527 2618 743 2664 sanctus
797 2610 1030 2678 Raphael
1073 2609 1292 2679 angelus
1339 2625 1434 2665 nos
1477 2610 1749 2670 adhortari

167 2681 432 2748 dignatur,
469 2688 523 2732 ut
550 2697 710 2747 opera
742 2681 829 2734 Dei
862 2699 962 2733 non
993 2692 1096 2734 tant
1129 2681 1180 2733 in
1220 2680 1533 2736 abscondito
1578 2687 1749 2740 collo-

166 2765 545 2818 contus,quam
574 2753 748 2823 potius
773 2768 865 2819 pro
895 2753 981 2823 Dei
1012 2751 1174 2820 gloria
1219 2752 1272 2805 in
1319 2762 1503 2821 aperto
1543 2756 1746 2823 panda-

167 2837 308 2893 mus,
340 2835 560 2893 mouens
587 2829 639 2873 et
665 2821 866 2884 dicens,
902 2821 1282 2893 sacramentum
1308 2823 1439 2893 regis
1466 2821 1648 2878 bonum
1676 2835 1749 2880 est

165 2890 492 2954 abscondere,
521 2906 675 2958 Opera
697 2903 863 2944 autem
894 2891 987 2945 Dei
1010 2893 1230 2946 revelare
1258 2902 1304 2946 et
1328 2890 1555 2958 conﬁteri
1589 2895 1749 2949 hono-

169 2962 366 3032 riﬁcum
397 2971 464 3032 est
485 2959 629 3032 (Tob.
653 2978 744 3023 xu,
770 2962 859 3032 7);
890 2965 1009 3032 quia
1036 2963 1172 3016 sicut
1199 2963 1422 3032 cognitis
1457 2963 1612 3020 fidem
1640 2983 1747 3022 non

166 3030 761 3088 adhibereinfidelitatis
782 3030 864 3086 est
881 3030 992 3094 ,ita
1011 3030 1312 3088 invidentia:
1329 3044 1409 3088 est
1433 3034 1484 3088 in
1514 3036 1746 3090 aidifica-

168 3101 614 3174 tiouemaliorum
645 3102 1362 3174 millehcoguitapraedicare
1394 3119 1408 3156 :
1443 3117 1743 3174 propterea,

164 3170 471 3226 beatissime
501 3186 633 3238 papa
655 3171 843 3233 Evodi,
863 3170 1025 3239 jussis
1041 3170 1491 3229 Patertiitatistute
1512 3170 1747 3233 studiose

165 3245 535 3316 obtemperare
556 3242 756 3316 cugavi,
781 3252 1012 3316 nontam
1042 3243 1387 3316 lisusiviribus
1409 3250 1560 3309 meis,
1587 3263 1747 3316 quam

163 3313 380 3380 adjutus
401 3311 570 3380 gratia
621 3313 711 3366 Dei
742 3323 796 3367 et
829 3315 1028 3368 sanctis
1056 3315 1384 3370 orationibus
1426 3316 1557 3381 tuis;
1582 3311 1639 3372 tit
1682 3334 1747 3374 ea

164 3400 285 3451 qua!
317 3399 408 3450 per
439 3390 718 3450 patronum
749 3394 988 3436 nostrum
1013 3385 1334 3451 Stephanum
1352 3388 1578 3454 primum
1603 3405 1746 3442 mar-

164 3462 336 3523 tyrem
365 3466 520 3523 suum
549 3463 797 3520 operatus
812 3461 890 3506 est
921 3455 1060 3521 apud
1089 3470 1183 3508 nos
1211 3455 1472 3521 Christus,
1501 3468 1555 3512 et
1574 3459 1747 3515 adhuc

163 3522 371 3591 Operari
385 3522 758 3598 dignatur,r_iou
773 3524 1014 3578 malivola
1031 3525 1385 3598 taciturnitate
1393 3542 1452 3579 su
1460 3529 1744 3598 pprimere,

166 3609 275 3663 quo
305 3593 483 3647 czeteri
535 3591 933 3665 fraudarentur;
978 3595 1070 3648 sed
1099 3595 1285 3665 magis
1337 3596 1421 3665 pia
1460 3591 1746 3653 devotione

163 3679 406 3728 narrare,
433 3678 538 3732 quo
575 3664 743 3717 Amici
777 3664 871 3719 Dei
901 3665 1064 3733 gloria
1091 3663 1585 3722 lratéruisiaut'ibus
1623 3669 1746 3722 inti-

163 3746 379 3807 inetur:
416 3748 513 3787 nec
546 3733 756 3807 ingenia
785 3745 837 3789 et
865 3734 1038 3804 lingua
1060 3735 1231 3804 aliqua
1249 3737 1400 3804 quasi
1417 3751 1739 3807 exaggerare

206 3805 521 3877 raevaleutes
542 3819 556 3867 ;
578 3875 586 3877 _
604 3805 698 3877 sed
721 3805 965 3877 ipsarum
1017 3821 1193 3877 rerum
1241 3805 1538 3874 veritatem,
1556 3805 1573 3807 ⁷
1591 3817 1746 3877 prout

193 3880 309 3930 )eus
341 3875 635 3947 donaverit,
667 3874 894 3929 fideliter
919 3876 1184 3944 explicare
1211 3878 1485 3946 cupientes
1504 3919 1520 3945 ,
1547 3874 1604 3932 ut
1630 3879 1742 3947 ipsa

161 3955 350 4001 nostra
377 3946 610 4000 narratio
637 3960 743 3998 non
785 3957 888 3998 tam
933 3947 1213 4000 verborum
1259 3962 1503 4016 pompam
1551 3946 1744 4003 audeat

162 4032 404 4082 quaerere
437 4056 452 4079 ,
493 4016 588 4070 sed
643 4017 819 4086 potius
862 4017 1256 4071 mendaciorum
1305 4016 1480 4073 fucum
1533 4020 1743 4074 studeat

162 4087 437 4159 declinare
459 4103 473 4150 ;
493 4087 562 4159 ita
591 4095 650 4140 ut
681 4086 996 4159 ubicumque
1021 4089 1488 4159 respostulaverit,
1511 4089 1742 4159 ipsorum

162 4173 376 4226 quoque
402 4156 674 4211 hominum
699 4157 880 4220 verba,
919 4160 1053 4211 sicut
1075 4158 1142 4213 ab
1169 4159 1247 4212 eis
1271 4158 1412 4213 dicta
1438 4156 1588 4225 sunt,
1611 4161 1742 4214 sim-

165 4227 376 4300 pliciter
398 4241 597 4300 ponere
621 4243 735 4300 non
753 4228 1042 4300 debeamus
1069 4228 1405 4284 erubescere.
1426 4230 1586 4300 Magis
1601 4231 1744 4285 enim

166 4241 376 4296 pticuer
398 4241 597 4351 Bonere
621 4243 726 4281 non
753 4241 1042 4283 debeamus
1069 4241 1405 4284 erubescere.
1426 4241 1586 4300 magis
1601 4247 1738 4285 enim

166 4298 399 4368 placent
433 4300 554 4352 onis
575 4313 638 4352 ac
663 4298 923 4366 religiosis
953 4312 1301 4368 qumcumque
1325 4299 1574 4356 dicuntur
1594 4317 1738 4366 vera,

165 4368 328 4421 etiam
355 4367 559 4427 vitiosis
585 4368 792 4433 verbis,
821 4367 981 4438 quam
1037 4369 1161 4422 falsa
1208 4367 1383 4437 politis
1432 4379 1486 4426 et
1539 4374 1742 4426 ornatis

165 4438 367 4509 verbis.
400 4439 544 4492 Sane
569 4454 673 4491 non
695 4439 762 4493 ob
791 4441 888 4492 hoc
917 4454 1012 4494 nos
1035 4439 1298 4509 quispiam
1323 4441 1610 4495 arbitretur
1647 4457 1742 4495 v0-

165 4508 330 4581 iuisse
368 4510 734 4581 ista_narrare,
780 4511 928 4578 quasi
976 4508 1170 4580 aliQuid
1217 4525 1315 4564 nos
1360 4512 1541 4581 gloria;
1590 4513 1745 4566 beato

165 4579 380 4650 Martyri
413 4578 688 4634 videamur
734 4592 986 4649 priestare
1019 4599 1032 4633 :
1061 4578 1484 4650 quandoquidem
1520 4582 1593 4636 illi
1647 4599 1746 4636 nec

167 4649 390 4704 tacendo
410 4650 646 4720 demere,
681 4666 776 4703 nec
816 4649 1090 4717 loquendo
1129 4649 1414 4720 quidquam
1459 4668 1743 4720 possumus

165 4721 432 4774 conferre.
464 4718 577 4788 Ipsa
606 4721 800 4788 quippe
821 4721 1069 4774 virtutum
1099 4718 1354 4774 miracula
1383 4718 1526 4776 nullo
1558 4726 1743 4777 huma-

166 4806 250 4845 na:
281 4791 470 4858 linguae
501 4791 766 4857 przecouio
796 4791 1063 4859 indigent;
1085 4790 1194 4859 jam
1226 4792 1419 4860 ubique
1447 4807 1740 4860 personan-

166 4869 272 4914 tem
330 4869 580 4930 esset-unt
625 4861 800 4930 tubam
845 4877 858 4913 :
907 4861 1000 4913 sed
1051 4871 1255 4914 tantum
1309 4873 1541 4915 nostram
1583 4865 1746 4918 devo-

169 4934 363 4984 tionem
419 4931 486 4984 ad
553 4929 774 4983 fratrum
834 4931 1234 4984 aedificationem
1293 4946 1389 5000 pro
1442 4933 1743 5000 recipienda

164 5001 482 5054 ubedientia:
511 5000 756 5054 meraede
783 5015 901 5054 cum
935 5001 1229 5055 humilitate
1250 5002 1494 5056 volumus
1518 5002 1744 5056 demou-

166 5081 358 5135 strare,
391 5081 687 5142 metuentes
713 5088 920 5140 quoque
950 5071 1088 5142 quod
1120 5071 1185 5124 ab
1211 5071 1327 5139 ipso
1356 5073 1576 5142 Domino
1611 5074 1741 5142 legio

166 5158 284 5194 nius
315 5141 620 5213 terribiliter
641 5141 1022 5213 dictumeesse.
1055 5141 1115 5195 Si
1154 5157 1240 5194 vos
1267 5141 1487 5196 tacebitis
1507 5183 1520 5205 ,
1550 5141 1744 5213 lapides

167 5211 468 5282 clamabunt
499 5209 646 5282 (Luc.
675 5226 789 5282 xix,
811 5211 936 5282 40).,
982 5212 1174 5276 Quaeso
1203 5223 1378 5265 autem
1401 5228 1496 5266 vos
1517 5209 1702 5268 omnes
1723 5253 1740 5280 ,

167 5291 427 5349 quotquot
455 5280 585 5352 h-{ec
606 5281 789 5334 audire
812 5280 895 5335 vel
925 5281 1104 5352 legere
1134 5282 1219 5350 pie
1260 5297 1323 5336 ac
1361 5282 1609 5352 religiose
1647 5299 1741 5338 vo-

168 5352 390 5415 lueritis,
421 5360 478 5404 ut
502 5351 658 5417 hujus
683 5353 975 5419 peccatoris
1004 5351 1193 5415 ultitui,
1220 5351 1308 5420 qui
1331 5353 1431 5406 hoc
1455 5355 1506 5406 in
1528 5354 1743 5409 nomine

169 5422 376 5474 Domini
411 5421 622 5490 scripsi,
650 5436 862 5487 semper
894 5421 946 5474 iu
970 5423 1168 5475 sanctis
1192 5423 1520 5476 orationibus
1555 5425 1745 5477 vestris

168 5493 474 5545 itit-ininisse
521 5491 808 5560 dignemini
844 5509 857 5544 :
888 5500 942 5543 et
979 5493 1022 5545 si
1066 5491 1192 5560 quid
1225 5507 1251 5543 a
1284 5494 1437 5547 nobis
1476 5493 1746 5548 rusticiter

168 5564 455 5630 profertur.
489 5577 598 5632 non,
622 5560 963 5632 indiguetttiui
991 5577 1006 5625 ;
1034 5562 1127 5616 sed
1151 5571 1374 5627 tantum,
1398 5563 1520 5632 quia
1551 5564 1746 5618 veraci-

170 5642 250 5684 ter
273 5633 486 5695 dicitur,
521 5631 875 5684 delectemini.

169 5701 393 5758 CAPUT
432 5701 715 5774 PRlMle.
754 5729 827 5741 —-
863 5699 939 5754 De
966 5701 1194 5774 ampulla
1239 5703 1502 5774 sanguinis
1538 5702 1746 5772 famula

599 5771 693 5824 Dei
719 5787 805 5841 per
824 5773 1070 5841 somnium
1106 5781 1320 5825 ostensa.

241 5841 369 5896 Cum
404 5843 561 5912 igitur
587 5840 762 5897 adhuc
785 5840 958 5896 nullus
985 5842 1168 5896 saltem
1195 5858 1378 5898 rumor
1400 5857 1518 5898 esse
1538 5842 1742 5913 potuis-

1860 2533 1960 2592 set,
1976 2541 2089 2616 Aquo
2115 2525 2180 2581 ad
2204 2542 2305 2608 _no_s
2337 2528 2578 2616 indignos
2603 2531 2814 2616 Domini
2860 2541 3024 2616 sancti
3067 2543 3340 2616 Stephani,
3372 2554 3425 2609 in

1854 2601 2109 2682 tnartyrip
2141 2601 2642 2682 primi'conl’esstnit'is.
2678 2604 2894 2672 Christi,
2930 2601 3427 2682 reliquim'veu—turte

1854 2680 2034 2757 essent
2076 2670 2202 2738 (non
2230 2671 2371 2723 enim
2405 2671 2504 2752 hoc
2533 2673 2642 2754 ficri
2689 2690 2842 2742 posse
2868 2670 2959 2733 aut
3005 2670 3057 2736 iii
3111 2670 3429 2757 cogitatio-tie

1854 2738 2200 2818 habebamus,
2223 2751 2314 2792 aut
2340 2743 2596 2818 suSpicari
2628 2738 2953 2818 peieramus)
2983 2768 2996 2803 :
3025 2738 3425 2818 ecce'SﬁiiiéI

1850 2809 1977 2864 riori
2005 2819 2242 2900 tem-pore
2271 2809 2446 2893 coepit
2471 2813 2608 2894 idem
2629 2809 2898 2900 gloriosus
2928 2809 3240 2900 quibusdam
3271 2809 3425 2900 Siin

1853 2896 1950 2969 llos
1973 2884 2168 2969 sanctis
2197 2883 2387 2969 animis
2412 2897 2470 2936 se
2491 2884 2660 2950 ipsum
2686 2883 2956 2969 revelare:
2983 2891 3114 2948 Nam
3141 2912 3261 2953 cum
3293 2883 3426 2969 quo:

1851 2950 1970 3036 dam
1997 2952 2114 3034 loco
2139 2952 2218 3036 vf]
2348 2969 2524 3006 sermo
2555 2956 2974 3036 supradictarum
2996 2950 3428 3036 reliquiarum-‘51)

1853 3020 1934 3075 his
1959 3024 2125 3098 servis
2155 3023 2247 3098 Dei
2281 3023 2472 3098 fieret,
2499 3026 2586 3093 qui
2614 3020 2826 3098 easdem
2857 3031 3067 3087 sibimet
3095 3020 3162 3090 de
3190 3020 3428 3098 uitabit}

1851 3093 2086 3160 partibus
2110 3095 2300 3171 missas
2323 3093 2476 3171 nobis
2502 3097 2859 3171 nescientibus
2881 3101 3160 3171 habebant,
3182 3093 3348 3166 adfuit
3364 3093 3429 3168 viri

1850 3178 2101 3247 εθηηοπεεῖ
2138 3163 2566 3247 summatem
2596 3167 2816 3247 mulier.
2850 3163 3240 3247 Sacradaniula
3282 3163 3424 3247 b'ei'a

1849 3249 1993 3308 qua!“
2015 3235 2103 3308 ubi
2153 3235 2253 3288 hoc
2301 3234 2517 3308 audivit,
2549 3244 2610 3308 rut
2635 3239 2852 3293 evenire
2889 3243 3107 3308 assolet.
3140 3263 3244 3303 non
3271 3234 3432 3308 facile

1851 3303 2095 3388 credidit,
2124 3313 2179 3386 et
2204 3304 2342 3374 apud
2373 3307 2712 3374 semetipsam
2739 3311 2907 3388 tacite
2925 3303 3106 3388 dicere
3126 3303 3430 3388 camini-[473i

1851 3375 1965 3443 quis
1991 3377 2091 3429 scit
2114 3376 2157 3428 si
2188 3391 2313 3451 vere
2339 3389 2628 3447 martyrum
2663 3387 2785 3451 sunt
2813 3382 3091 3451 reliquiae?
3115 3375 3301 3443 Staiim
3323 3375 3422 3445 an:

1852 3455 1956 3528 tem
2010 3447 2250 3528 sequenti
2283 3457 2438 3500 nocte
2460 3462 2571 3527 .per
2609 3449 2871 3528 somnium
2916 3447 3142 3521 ampulla
3185 3461 3429 3528 quaedam

1849 3514 2020 3598 eidem
2041 3516 2437 3598 demonstratur
2459 3514 2593 3598 intra
2623 3533 2680 3572 se
2710 3519 2912 3598 habens
2936 3514 3420 3598 sanguinis-quaﬁi;

1848 3585 1970 3666 dam
1994 3589 2354 3654 aspersionem
2382 3589 2738 3668 et_aristaru_m
2764 3593 2912 3658 quasi
2942 3585 3138 3650 ossium
3161 3585 3431 3668 significa-

1849 3655 2046 3708 tionem
2068 3673 2094 3737 _:
2125 3671 2282 3724 quam
2313 3657 2588 3739 presbiter
2614 3655 2827 3727 quidam
2869 3677 3029 3739 inanti
3079 3655 3266 3722 teneiis
3303 3655 3427 3739 ger-

1847 3740 2006 3795 mano
2033 3725 2146 3794 ejus
2169 3726 2427 3780 monacho
2455 3725 2539 3780 illa
2571 3725 2829 3795 priesente
2868 3729 3075 3789 locutus
3096 3725 3380 3794 estdiceiis
3406 3757 3422 3794 :

1849 3793 1942 3878 Eis
1981 3793 2118 3878 seire
2152 3797 2417 3878 quomodo
2457 3793 2756 3878 martyrum
2802 3802 3095 3878 probentur
3143 3793 3424 3878 reliquiae?

1847 3864 1964 3938 Quo
1991 3866 2133 3920 dicto
2169 3864 2455 3938 ampullam
2480 3864 2700 3936 ejusori
2742 3864 2938 3938 injecit,
2971 3883 3024 3926 et
3049 3891 3170 3929 mox
3213 3864 3425 3938 flamma

1849 3936 1984 4006 ignis
2016 3937 2032 3968 ί
2063 3953 2159 4015 per
2183 3953 2343 4015 aures
2368 3937 2483 4006 ejus
2511 3947 2668 4015 atque
2694 3936 3078 4015 oculos‘evomi
3101 3949 3279 4015 coepit.
3311 3936 3423 4007 Hoc

1849 4008 2112 4088 quomodo
2140 4022 2228 4088 res
2253 4008 2363 4088 ipsa
2395 4008 2823 4088 inartifesmta__sit
2863 4011 3154 4088 dignanter
3179 4008 3424 4088 accipite.

1846 4077 2148 4144 Ampullam
2175 4079 2311 4133 sicut
2333 4078 2499 4132 oculis
2519 4079 2627 4133 suis
2653 4079 2780 4133 vidit
2807 4077 2996 4136 ancilla
3026 4085 3117 4139 Dei
3146 4087 3197 4140 in
3226 4077 3420 4146 soinnii

1847 4147 2204 4224 revelatione,
2221 4150 2298 4224 sie
2313 4149 2451 4203 inter
2465 4164 2664 4224 manus
2677 4164 2810 4224 suas
2834 4154 3039 4224 accepit
3050 4165 3232 4224 postea
3254 4173 3426 4214 sacer-

1850 4218 1947 4272 dos
1979 4219 2071 4297 Dei
2101 4220 2154 4272 in
2184 4218 2478 4297 _ip_sius_rei
2524 4218 2981 4297 manifestatiouei
3015 4218 3098 4297 Aet
3138 4229 3277 4297 quod
3335 4231 3423 4287 illa

1851 4288 2134 4358 quamdam
2165 4288 2548 4344 dubitationem
2595 4290 2738 4358 prius
2766 4291 2817 4344 in
2847 4307 2906 4347 se
2942 4288 3422 4360 habuitfeamdem

1847 4374 1988 4434 nunc
2015 4361 2067 4414 in
2097 4360 2408 4434 quibusdam
2437 4376 2524 4415 res
2571 4361 2681 4430 ipsa
2717 4361 3023 4418 declaravit.
3059 4366 3208 4434 Quod
3234 4370 3428 4426 deinde

1848 4429 1984 4507 ignis
2002 4445 2095 4507 per
2123 4431 2408 4507 ampullam
2435 4429 2788 4507 aureslatque
2800 4433 2983 4507 oculos
2997 4429 3422 4507 comprehendit,

1847 4500 1973 4569 quid
2003 4499 2293 4576 aliud__tune
2311 4500 2675 4576 praesignavit,
2691 4499 2792 4556 nisi
2809 4503 2949 4576 quod
2974 4499 3278 4576 praidicatio
3297 4499 3422 4564 san;

1847 4580 2052 4625 clarum
2085 4571 2778 4648 reliquiarumperveniens
2805 4573 2874 4626 ad
2909 4571 2992 4628 os'
3019 4579 3422 4648 monachorum,

1848 4657 2009 4713 unum
2038 4657 2231 4713 corpus
2252 4641 2503 4696 Ecclesia:
2538 4657 2632 4710 per
2655 4641 2895 4697 auditum
2919 4653 3080 4713 atque
3106 4648 3276 4702 visum
3298 4641 3415 4703 cla-'

1848 4712 2023 4784 [italis
2057 4713 2143 4784 Dei
2174 4711 2294 4784 igne
2318 4713 2609 4784 succendit,
2639 4722 2698 4767 ut
2722 4728 2906 4784 om_nes
2936 4711 3128 4770 merito
3153 4718 3417 4784 dicerent,

1849 4782 1992 4860 Sicut
2014 4783 2314 4860 audivimus,
2348 4781 2482 4835 itaet
2511 4784 2722 4860 vidimus
2764 4782 2932 4860 (Parii.
2979 4801 3144 4850 nvn,
3178 4786 3276 4860 9)?
3309 4781 3424 4847 Nec

1847 4853 1986 4923 quod
2015 4853 2100 4905 ille
2131 4852 2410 4922 presbyter
2428 4854 2690 4921 apparuit,
2723 4852 2898 4923 qniad
2934 4869 2996 4910 os
3027 4852 3271 4913 monachi
3302 4875 3421 4915 am-

1848 4922 2042 4990 pullam
2071 4923 2344 4990 applicuit,
2373 4937 2491 4991 quae
2535 4923 2709 4992 ignem
2739 4922 2944 4987 emisit,
3001 4925 3158 4982 inane
3205 4929 3323 4983 fuit.
3376 4930 3426 4986 ls

1847 4993 1986 5044 enim
2016 5001 2128 5045 erat
2159 4993 2246 5060 qui
2276 5007 2443 5060 nuper
2463 5009 2528 5046 ex
2557 4995 2774 5048 Oriente
2800 4995 3035 5062 rediens,
3069 4997 3207 5053 etde
3229 5002 3428 5056 sanctis

1846 5063 2082 5131 reliquiis
2111 5078 2240 5132 quas
2270 5063 2378 5117 illic
2405 5063 2629 5127 viderat,
2662 5066 2714 5118 in
2741 5080 2834 5119 ore
2863 5080 3136 5121 servorum
3169 5069 3261 5124 Dei
3295 5085 3418 5126 ver-

1847 5133 1971 5187 bum
2003 5148 2222 5208 ponens.
2250 5135 2399 5208 quasi
2425 5135 2707 5208 ampullam
2726 5135 2985 5208 admevit,
3018 5147 3072 5192 et
3091 5149 3275 5193 sancto
3305 5142 3427 5208 igne

1848 5205 2141 5258 succendit.
2177 5203 2280 5257 Sed
2311 5205 2418 5273 jam
2445 5205 2634 5258 vellem
2674 5205 2740 5258 ad
2766 5205 3090 5260 evidentiora
3122 5217 3176 5262 et
3205 5203 3427 5263 manife-

1847 5276 2011 5328 5tiora
2060 5273 2263 5341 patroni
2319 5274 2571 5342 Stephani
2623 5275 2847 5330 transire
2891 5279 3164 5339 miracula,
3213 5282 3314 5332 nisi
3353 5282 3417 5333 ad

1847 5359 1959 5397 rem
1988 5345 2252 5411 pertinere
2272 5345 2650 5402 existimarem.
2673 5346 2892 5399 alteram
2933 5347 3106 5400 adhuc
3146 5349 3425 5404 Sanctitati

1847 5425 2038 5467 vestra:
2064 5415 2301 5482 proferre
2329 5414 2607 5484 visionem.
2631 5415 2796 5482 Quam
2824 5427 2946 5484 peto
2974 5426 3027 5468 ut
3056 5418 3339 5484 patienter,
3373 5430 3428 5475 et

1849 5487 1983 5538 sicut
2012 5486 2259 5555 arbitror,
2283 5500 2386 5555 non
2415 5483 2764 5555 infructuose,
2792 5483 2976 5540 audire
3002 5483 3308 5555 dignemini.

1847 5553 2073 5608 CAPUT
2114 5554 2174 5607 ll.
2213 5585 2286 5594 —
2326 5554 2426 5610 Ubi
2459 5555 2888 5636 t'irgiiiihsanctus
2931 5553 3220 5627 Stephanus
3264 5576 3430 5630 appa-

2576 5634 2697 5678 ruit.

1917 5695 2033 5748 Alia
2062 5703 2235 5749 autem
2263 5695 2409 5765 virgo
2431 5709 2579 5750 sacra
2601 5693 2668 5748 ad
2698 5696 2870 5748 locum
2903 5697 3237 5766 antiquorum
3283 5716 3428 5754 mar-

1912 5853 1929 5883 ι
1963 5852 2036 5900 Sic
2057 5848 2378 5902 Floriaccnsis
2393 5857 2473 5901 Ms.
2506 5857 2560 5901 At
2587 5850 2722 5914 editi,
2748 5855 2792 5902 et
2814 5864 2925 5903 mox
2948 5850 3142 5917 (lamna
3160 5853 3424 5920 sanguinis.
