  <div class='ocr_page' id='page_1' title='image "/cluster/home/n/w/nwhite01/storage/ocr_20150623/40-41/uc1.31175026811482/1125.png"; bbox 0 0 3996 6522; ppageno 0'>
   <div class='ocr_carea' id='block_1_1' title="bbox 649 367 753 420">
    <p class='ocr_par' dir='ltr' id='par_1_1' title="bbox 649 367 753 420">
     <span class='ocr_line' id='line_1_1' title="bbox 649 367 753 420; baseline -0.019 0"><span class='ocrx_word' id='word_1_1' title='bbox 649 367 753 420; x_wconf 66' lang='lat'><strong>853</strong></span> 
     </span>
    </p>
   </div>
   <div class='ocr_carea' id='block_1_2' title="bbox 655 479 2231 560">
    <p class='ocr_par' dir='ltr' id='par_1_2' title="bbox 655 479 2231 560">
     <span class='ocr_line' id='line_1_2' title="bbox 655 479 2231 560; baseline -0.01 -14"><span class='ocrx_word' id='word_1_2' title='bbox 655 509 717 546; x_wconf 90' lang='lat' dir='ltr'><strong>re</strong></span> <span class='ocrx_word' id='word_1_3' title='bbox 745 487 962 560; x_wconf 83' lang='lat' dir='ltr'><strong>singulis</strong></span> <span class='ocrx_word' id='word_1_4' title='bbox 989 499 1196 560; x_wconf 80' lang='lat' dir='ltr'><strong>quoque</strong></span> <span class='ocrx_word' id='word_1_5' title='bbox 1222 483 1536 560; x_wconf 79' lang='lat' dir='ltr'><strong>conscriptis</strong></span> <span class='ocrx_word' id='word_1_6' title='bbox 1563 483 1724 560; x_wconf 74' lang='lat' dir='ltr'><strong>etiam</strong></span> <span class='ocrx_word' id='word_1_7' title='bbox 1755 483 1880 551; x_wconf 62' lang='lat' dir='ltr'><strong>ipsa:</strong></span> <span class='ocrx_word' id='word_1_8' title='bbox 1905 495 1993 534; x_wconf 84' lang='lat' dir='ltr'><strong>res</strong></span> <span class='ocrx_word' id='word_1_9' title='bbox 2018 479 2231 532; x_wconf 90' lang='lat' dir='ltr'><strong>mirabi-</strong></span> 
     </span>
    </p>
   </div>
   <div class='ocr_carea' id='block_1_3' title="bbox 661 552 2232 621">
    <p class='ocr_par' dir='ltr' id='par_1_3' title="bbox 661 552 2232 621">
     <span class='ocr_line' id='line_1_3' title="bbox 661 552 2232 621; baseline -0.008 -6"><span class='ocrx_word' id='word_1_10' title='bbox 661 566 779 614; x_wconf 74' lang='lat' dir='ltr'><strong>liter</strong></span> <span class='ocrx_word' id='word_1_11' title='bbox 803 552 1050 614; x_wconf 72' lang='lat' dir='ltr'><strong>concordi</strong></span> <span class='ocrx_word' id='word_1_12' title='bbox 1103 552 1302 610; x_wconf 86' lang='lat' dir='ltr'><strong>unitate</strong></span> <span class='ocrx_word' id='word_1_13' title='bbox 1331 552 1568 615; x_wconf 81' lang='lat' dir='ltr'><strong>coirent;</strong></span> <span class='ocrx_word' id='word_1_14' title='bbox 1600 552 1837 621; x_wconf 86' lang='lat' dir='ltr'><strong>profecto</strong></span> <span class='ocrx_word' id='word_1_15' title='bbox 1883 560 2099 618; x_wconf 83' lang='lat' dir='ltr'><strong>putares</strong></span> <span class='ocrx_word' id='word_1_16' title='bbox 2125 566 2232 602; x_wconf 91' lang='lat' dir='ltr'><strong>non</strong></span> 
     </span>
    </p>
   </div>
   <div class='ocr_carea' id='block_1_4' title="bbox 659 621 2234 697">
    <p class='ocr_par' dir='ltr' id='par_1_4' title="bbox 659 621 2234 697">
     <span class='ocr_line' id='line_1_4' title="bbox 659 621 2234 697; baseline -0.006 -14"><span class='ocrx_word' id='word_1_17' title='bbox 659 642 767 684; x_wconf 89' lang='lat' dir='ltr'><strong>tam</strong></span> <span class='ocrx_word' id='word_1_18' title='bbox 815 628 1079 697; x_wconf 66' lang='lat' dir='ltr'><strong>praeterita</strong></span> <span class='ocrx_word' id='word_1_19' title='bbox 1119 624 1362 688; x_wconf 87' lang='lat' dir='ltr'><strong>narrari,</strong></span> <span class='ocrx_word' id='word_1_20' title='bbox 1406 639 1563 697; x_wconf 84' lang='lat' dir='ltr'><strong>quam</strong></span> <span class='ocrx_word' id='word_1_21' title='bbox 1609 623 1781 691; x_wconf 77' lang='lat' dir='ltr'><strong>potius</strong></span> <span class='ocrx_word' id='word_1_22' title='bbox 1822 621 2108 697; x_wconf 76' lang='lat' dir='ltr'><strong>praesentia</strong></span> <span class='ocrx_word' id='word_1_23' title='bbox 2137 622 2234 673; x_wconf 86' lang='lat' dir='ltr'><strong>de-</strong></span> 
     </span>
    </p>
   </div>
   <div class='ocr_carea' id='block_1_5' title="bbox 658 690 2238 763">
    <p class='ocr_par' dir='ltr' id='par_1_5' title="bbox 658 690 2238 763">
     <span class='ocr_line' id='line_1_5' title="bbox 658 690 2238 763; baseline -0.008 -9"><span class='ocrx_word' id='word_1_24' title='bbox 658 690 960 754; x_wconf 76' lang='lat' dir='ltr'><strong>monsirari.</strong></span> <span class='ocrx_word' id='word_1_25' title='bbox 985 699 1057 750; x_wconf 92' lang='lat' dir='ltr'><strong>Ita</strong></span> <span class='ocrx_word' id='word_1_26' title='bbox 1093 697 1257 755; x_wconf 89' lang='lat' dir='ltr'><strong>enim,</strong></span> <span class='ocrx_word' id='word_1_27' title='bbox 1283 690 1693 763; x_wconf 86' lang='lat' dir='ltr'><strong>quodsermone</strong></span> <span class='ocrx_word' id='word_1_28' title='bbox 1722 690 2102 763; x_wconf 85' lang='lat' dir='ltr'><strong>proferebatur,</strong></span> <span class='ocrx_word' id='word_1_29' title='bbox 2135 699 2238 763; x_wconf 80' lang='lat' dir='ltr'><strong>sta-</strong></span> 
     </span>
    </p>
   </div>
   <div class='ocr_carea' id='block_1_6' title="bbox 661 759 2234 834">
    <p class='ocr_par' dir='ltr' id='par_1_6' title="bbox 661 759 2234 834">
     <span class='ocr_line' id='line_1_6' title="bbox 661 759 2234 834; baseline -0.005 -12"><span class='ocrx_word' id='word_1_30' title='bbox 661 775 753 822; x_wconf 91' lang='lat' dir='ltr'><strong>tim</strong></span> <span class='ocrx_word' id='word_1_31' title='bbox 794 771 955 822; x_wconf 84' lang='lat' dir='ltr'><strong>etiam</strong></span> <span class='ocrx_word' id='word_1_32' title='bbox 1005 767 1121 834; x_wconf 87' lang='lat' dir='ltr'><strong>ipso</strong></span> <span class='ocrx_word' id='word_1_33' title='bbox 1171 759 1418 834; x_wconf 65' lang='lat' dir='ltr'><strong>praesenti</strong></span> <span class='ocrx_word' id='word_1_34' title='bbox 1458 777 1624 834; x_wconf 82' lang='lat' dir='ltr'><strong>opere</strong></span> <span class='ocrx_word' id='word_1_35' title='bbox 1658 759 2006 834; x_wconf 84' lang='lat' dir='ltr'><strong>cernebatur,</strong></span> <span class='ocrx_word' id='word_1_36' title='bbox 2037 768 2095 834; x_wconf 84' lang='lat' dir='ltr'><strong>ut</strong></span> <span class='ocrx_word' id='word_1_37' title='bbox 2128 759 2234 834; x_wconf 83' lang='lat' dir='ltr'><strong>alio</strong></span> 
     </span>
    </p>
   </div>
   <div class='ocr_carea' id='block_1_7' title="bbox 659 831 2232 910">
    <p class='ocr_par' dir='ltr' id='par_1_7' title="bbox 659 831 2232 910">
     <span class='ocr_line' id='line_1_7' title="bbox 659 831 2232 910; baseline -0.005 -18"><span class='ocrx_word' id='word_1_38' title='bbox 659 839 886 910; x_wconf 86' lang='lat' dir='ltr'><strong>quodam</strong></span> <span class='ocrx_word' id='word_1_39' title='bbox 913 831 1100 910; x_wconf 75' lang='lat' dir='ltr'><strong>majori</strong></span> <span class='ocrx_word' id='word_1_40' title='bbox 1138 831 1399 910; x_wconf 78' lang='lat' dir='ltr'><strong>miraculo</strong></span> <span class='ocrx_word' id='word_1_41' title='bbox 1442 831 1764 910; x_wconf 71' lang='lat' dir='ltr'><strong>mirabiliora</strong></span> <span class='ocrx_word' id='word_1_42' title='bbox 1815 833 1928 899; x_wconf 88' lang='lat' dir='ltr'><strong>ipsa</strong></span> <span class='ocrx_word' id='word_1_43' title='bbox 1975 831 2232 910; x_wconf 74' lang='lat' dir='ltr'><strong>miracula</strong></span> 
     </span>
    </p>
   </div>
   <div class='ocr_carea' id='block_1_8' title="bbox 657 899 2234 972">
    <p class='ocr_par' dir='ltr' id='par_1_8' title="bbox 657 899 2234 972">
     <span class='ocr_line' id='line_1_8' title="bbox 657 899 2234 972; baseline -0.007 -8"><span class='ocrx_word' id='word_1_44' title='bbox 657 899 1023 964; x_wconf 57' lang='lat' dir='ltr'><strong>r&#39;edderentur&#39;.</strong></span> <span class='ocrx_word' id='word_1_45' title='bbox 1050 907 1180 972; x_wconf 78' lang='lat' dir='ltr'><strong>Quis</strong></span> <span class='ocrx_word' id='word_1_46' title='bbox 1198 914 1301 957; x_wconf 91' lang='lat' dir='ltr'><strong>tam</strong></span> <span class='ocrx_word' id='word_1_47' title='bbox 1329 903 1492 958; x_wconf 92' lang='lat' dir='ltr'><strong>durus</strong></span> <span class='ocrx_word' id='word_1_48' title='bbox 1521 919 1582 957; x_wconf 84' lang='lat' dir='ltr'><strong>ac</strong></span> <span class='ocrx_word' id='word_1_49' title='bbox 1605 903 1806 956; x_wconf 89' lang='lat' dir='ltr'><strong>ferreus</strong></span> <span class='ocrx_word' id='word_1_50' title='bbox 1834 917 1938 955; x_wconf 93' lang='lat' dir='ltr'><strong>non</strong></span> <span class='ocrx_word' id='word_1_51' title='bbox 1975 901 2029 954; x_wconf 89' lang='lat' dir='ltr'><strong>in</strong></span> <span class='ocrx_word' id='word_1_52' title='bbox 2064 899 2234 972; x_wconf 76' lang='lat' dir='ltr'><strong>lacry-</strong></span> 
     </span>
    </p>
   </div>
   <div class='ocr_carea' id='block_1_9' title="bbox 658 969 2233 1046">
    <p class='ocr_par' dir='ltr' id='par_1_9' title="bbox 658 969 2233 1046">
     <span class='ocr_line' id='line_1_9' title="bbox 658 969 2233 1046; baseline -0.006 -14"><span class='ocrx_word' id='word_1_53' title='bbox 658 994 770 1032; x_wconf 86' lang='lat' dir='ltr'><strong>mas</strong></span> <span class='ocrx_word' id='word_1_54' title='bbox 791 978 1008 1046; x_wconf 79' lang='lat' dir='ltr'><strong>erupit?</strong></span> <span class='ocrx_word' id='word_1_55' title='bbox 1051 969 1157 1030; x_wconf 80' lang='lat' dir='ltr'><strong>non</strong></span> <span class='ocrx_word' id='word_1_56' title='bbox 1195 975 1260 1046; x_wconf 91' lang='lat' dir='ltr'><strong>ad</strong></span> <span class='ocrx_word' id='word_1_57' title='bbox 1303 975 1546 1042; x_wconf 76' lang='lat' dir='ltr'><strong>pietatem</strong></span> <span class='ocrx_word' id='word_1_58' title='bbox 1585 972 2042 1046; x_wconf 83' lang='lat' dir='ltr'><strong>humilitatemque</strong></span> <span class='ocrx_word' id='word_1_59' title='bbox 2060 969 2233 1046; x_wconf 69' lang='lat' dir='ltr'><strong>deliu-</strong></span> 
     </span>
    </p>
   </div>
   <div class='ocr_carea' id='block_1_10' title="bbox 661 1039 2230 1116">
    <p class='ocr_par' dir='ltr' id='par_1_10' title="bbox 661 1039 2230 1116">
     <span class='ocr_line' id='line_1_10' title="bbox 661 1039 2230 1116; baseline -0.006 -13"><span class='ocrx_word' id='word_1_60' title='bbox 661 1050 780 1103; x_wconf 85' lang='lat' dir='ltr'><strong>xit?</strong></span> <span class='ocrx_word' id='word_1_61' title='bbox 804 1039 932 1115; x_wconf 75' lang='lat' dir='ltr'><strong>Quis</strong></span> <span class='ocrx_word' id='word_1_62' title='bbox 955 1063 1183 1116; x_wconf 86' lang='lat' dir='ltr'><strong>unquam</strong></span> <span class='ocrx_word' id='word_1_63' title='bbox 1210 1039 1369 1114; x_wconf 85' lang='lat' dir='ltr'><strong>digno</strong></span> <span class='ocrx_word' id='word_1_64' title='bbox 1390 1043 1654 1116; x_wconf 66' lang='lat' dir='ltr'><strong>prtecottio</strong></span> <span class='ocrx_word' id='word_1_65' title='bbox 1699 1043 1840 1116; x_wconf 79' lang='lat' dir='ltr'><strong>loqui</strong></span> <span class='ocrx_word' id='word_1_66' title='bbox 1867 1039 2034 1116; x_wconf 25' lang='lat' dir='ltr'><strong>pos’sit</strong></span> <span class='ocrx_word' id='word_1_67' title='bbox 2058 1041 2081 1093; x_wconf 73' lang='lat' dir='ltr'><strong>‘i</strong></span> <span class='ocrx_word' id='word_1_68' title='bbox 2108 1039 2230 1094; x_wconf 82' lang='lat' dir='ltr'><strong>Fie-</strong></span> 
     </span>
    </p>
   </div>
   <div class='ocr_carea' id='block_1_11' title="bbox 660 1111 2232 1185">
    <p class='ocr_par' dir='ltr' id='par_1_11' title="bbox 660 1111 2232 1185">
     <span class='ocr_line' id='line_1_11' title="bbox 660 1111 2232 1185; baseline -0.005 -12"><span class='ocrx_word' id='word_1_69' title='bbox 660 1121 748 1174; x_wconf 84' lang='lat' dir='ltr'><strong>bat</strong></span> <span class='ocrx_word' id='word_1_70' title='bbox 773 1111 972 1171; x_wconf 65' lang='lat' dir='ltr'><strong>clamor</strong></span> <span class='ocrx_word' id='word_1_71' title='bbox 998 1111 1360 1185; x_wconf 73' lang='lat' dir='ltr'><strong>gratulationis</strong></span> <span class='ocrx_word' id='word_1_72' title='bbox 1386 1115 1437 1168; x_wconf 89' lang='lat' dir='ltr'><strong>iti</strong></span> <span class='ocrx_word' id='word_1_73' title='bbox 1483 1113 1662 1185; x_wconf 82' lang='lat' dir='ltr'><strong>auditu</strong></span> <span class='ocrx_word' id='word_1_74' title='bbox 1715 1111 1958 1185; x_wconf 84' lang='lat' dir='ltr'><strong>lectionis</strong></span> <span class='ocrx_word' id='word_1_75' title='bbox 1983 1128 1998 1165; x_wconf 88' lang='lat'><strong>:</strong></span> <span class='ocrx_word' id='word_1_76' title='bbox 2021 1127 2232 1185; x_wconf 69' lang='lat' dir='ltr'><strong>rursum</strong></span> 
     </span>
    </p>
   </div>
   <div class='ocr_carea' id='block_1_12' title="bbox 656 1181 2236 1260">
    <p class='ocr_par' dir='ltr' id='par_1_12' title="bbox 656 1181 2236 1260">
     <span class='ocr_line' id='line_1_12' title="bbox 656 1181 2236 1260; baseline -0.004 -20"><span class='ocrx_word' id='word_1_77' title='bbox 656 1203 865 1260; x_wconf 89' lang='lat' dir='ltr'><strong>quoque</strong></span> <span class='ocrx_word' id='word_1_78' title='bbox 893 1181 1060 1260; x_wconf 74' lang='lat' dir='ltr'><strong>major</strong></span> <span class='ocrx_word' id='word_1_79' title='bbox 1100 1185 1382 1260; x_wconf 81' lang='lat' dir='ltr'><strong>exsultatio</strong></span> <span class='ocrx_word' id='word_1_80' title='bbox 1407 1183 1734 1260; x_wconf 70' lang='lat' dir='ltr'><strong>excitabatur</strong></span> <span class='ocrx_word' id='word_1_81' title='bbox 1761 1183 1812 1234; x_wconf 91' lang='lat' dir='ltr'><strong>in</strong></span> <span class='ocrx_word' id='word_1_82' title='bbox 1839 1191 2059 1260; x_wconf 65' lang='lat' dir='ltr'><strong>aspectu</strong></span> <span class='ocrx_word' id='word_1_83' title='bbox 2074 1181 2236 1234; x_wconf 86' lang='lat' dir='ltr'><strong>visio-</strong></span> 
     </span>
    </p>
   </div>
   <div class='ocr_carea' id='block_1_13' title="bbox 660 1252 2228 1324">
    <p class='ocr_par' dir='ltr' id='par_1_13' title="bbox 660 1252 2228 1324">
     <span class='ocr_line' id='line_1_13' title="bbox 660 1252 2228 1324; baseline -0.006 -12"><span class='ocrx_word' id='word_1_84' title='bbox 660 1252 743 1312; x_wconf 78' lang='lat' dir='ltr'><strong>nis</strong></span> <span class='ocrx_word' id='word_1_85' title='bbox 772 1252 794 1321; x_wconf 77' lang='grc' dir='ltr'><strong>ς’</strong></span> <span class='ocrx_word' id='word_1_86' title='bbox 828 1274 890 1311; x_wconf 89' lang='lat' dir='ltr'><strong>ac</strong></span> <span class='ocrx_word' id='word_1_87' title='bbox 905 1252 988 1310; x_wconf 77' lang='lat' dir='ltr'><strong>sic</strong></span> <span class='ocrx_word' id='word_1_88' title='bbox 1007 1273 1099 1324; x_wconf 90' lang='lat' dir='ltr'><strong>per</strong></span> <span class='ocrx_word' id='word_1_89' title='bbox 1123 1255 1359 1307; x_wconf 89' lang='lat' dir='ltr'><strong>auditum</strong></span> <span class='ocrx_word' id='word_1_90' title='bbox 1391 1263 1444 1307; x_wconf 94' lang='lat' dir='ltr'><strong>et</strong></span> <span class='ocrx_word' id='word_1_91' title='bbox 1480 1252 1649 1324; x_wconf 69' lang='lat' dir='ltr'><strong>visum</strong></span> <span class='ocrx_word' id='word_1_92' title='bbox 1689 1253 1999 1324; x_wconf 70' lang='lat' dir='ltr'><strong>penetrabat</strong></span> <span class='ocrx_word' id='word_1_93' title='bbox 2021 1252 2228 1304; x_wconf 85' lang='lat' dir='ltr'><strong>flamma</strong></span> 
     </span>
    </p>
   </div>
   <div class='ocr_carea' id='block_1_14' title="bbox 655 1321 2230 1382">
    <p class='ocr_par' dir='ltr' id='par_1_14' title="bbox 655 1321 2230 1382">
     <span class='ocr_line' id='line_1_14' title="bbox 655 1321 2230 1382; baseline -0.004 0"><span class='ocrx_word' id='word_1_94' title='bbox 655 1329 818 1382; x_wconf 77' lang='lat' dir='ltr'><strong>divini</strong></span> <span class='ocrx_word' id='word_1_95' title='bbox 857 1321 1055 1380; x_wconf 86' lang='lat' dir='ltr'><strong>amoris</strong></span> <span class='ocrx_word' id='word_1_96' title='bbox 1101 1325 1273 1378; x_wconf 87' lang='lat' dir='ltr'><strong>omnis</strong></span> <span class='ocrx_word' id='word_1_97' title='bbox 1324 1336 1446 1377; x_wconf 88' lang='lat' dir='ltr'><strong>tunc</strong></span> <span class='ocrx_word' id='word_1_98' title='bbox 1495 1337 1590 1377; x_wconf 91' lang='lat' dir='ltr'><strong>cor</strong></span> <span class='ocrx_word' id='word_1_99' title='bbox 1633 1323 1881 1375; x_wconf 90' lang='lat' dir='ltr'><strong>hominis.</strong></span> <span class='ocrx_word' id='word_1_100' title='bbox 1906 1321 2027 1374; x_wconf 82' lang='lat' dir='ltr'><strong>ll:cc</strong></span> <span class='ocrx_word' id='word_1_101' title='bbox 2052 1329 2230 1376; x_wconf 87' lang='lat' dir='ltr'><strong>autem</strong></span> 
     </span>
    </p>
   </div>
   <div class='ocr_carea' id='block_1_15' title="bbox 657 1394 2228 1468">
    <p class='ocr_par' dir='ltr' id='par_1_15' title="bbox 657 1394 2228 1468">
     <span class='ocr_line' id='line_1_15' title="bbox 657 1394 2228 1468; baseline -0.004 -18"><span class='ocrx_word' id='word_1_102' title='bbox 657 1401 778 1468; x_wconf 90' lang='lat' dir='ltr'><strong>quia</strong></span> <span class='ocrx_word' id='word_1_103' title='bbox 805 1399 923 1452; x_wconf 89' lang='lat' dir='ltr'><strong>sine</strong></span> <span class='ocrx_word' id='word_1_104' title='bbox 949 1395 1159 1450; x_wconf 90' lang='lat' dir='ltr'><strong>silentio</strong></span> <span class='ocrx_word' id='word_1_105' title='bbox 1185 1395 1454 1468; x_wconf 45' lang='lat' dir='ltr'><strong>prieterire</strong></span> <span class='ocrx_word' id='word_1_106' title='bbox 1481 1409 1582 1445; x_wconf 93' lang='lat' dir='ltr'><strong>non</strong></span> <span class='ocrx_word' id='word_1_107' title='bbox 1609 1394 1772 1468; x_wconf 85' lang='lat' dir='ltr'><strong>potui,</strong></span> <span class='ocrx_word' id='word_1_108' title='bbox 1801 1399 2018 1461; x_wconf 90' lang='lat' dir='ltr'><strong>pr0pter</strong></span> <span class='ocrx_word' id='word_1_109' title='bbox 2042 1406 2228 1468; x_wconf 73' lang='lat' dir='ltr'><strong>eorum</strong></span> 
     </span>
    </p>
   </div>
   <div class='ocr_carea' id='block_1_16' title="bbox 658 1462 2227 1538">
    <p class='ocr_par' dir='ltr' id='par_1_16' title="bbox 658 1462 2227 1538">
     <span class='ocr_line' id='line_1_16' title="bbox 658 1462 2227 1538; baseline -0.004 -17"><span class='ocrx_word' id='word_1_110' title='bbox 658 1462 746 1538; x_wconf 82' lang='lat' dir='ltr'><strong>qui</strong></span> <span class='ocrx_word' id='word_1_111' title='bbox 771 1469 860 1522; x_wconf 91' lang='lat' dir='ltr'><strong>illo</strong></span> <span class='ocrx_word' id='word_1_112' title='bbox 885 1479 1118 1534; x_wconf 87' lang='lat' dir='ltr'><strong>tempore</strong></span> <span class='ocrx_word' id='word_1_113' title='bbox 1160 1464 1452 1538; x_wconf 70' lang='lat' dir='ltr'><strong>adfuerant</strong></span> <span class='ocrx_word' id='word_1_114' title='bbox 1487 1463 1794 1515; x_wconf 91' lang='lat' dir='ltr'><strong>memoriam</strong></span> <span class='ocrx_word' id='word_1_115' title='bbox 1848 1462 2227 1538; x_wconf 75' lang='lat' dir='ltr'><strong>renovandam,</strong></span> 
     </span>
    </p>
   </div>
   <div class='ocr_carea' id='block_1_17' title="bbox 657 1532 2230 1605">
    <p class='ocr_par' dir='ltr' id='par_1_17' title="bbox 657 1532 2230 1605">
     <span class='ocr_line' id='line_1_17' title="bbox 657 1532 2230 1605; baseline -0.003 -14"><span class='ocrx_word' id='word_1_116' title='bbox 657 1532 768 1591; x_wconf 76' lang='lat' dir='ltr'><strong>sive</strong></span> <span class='ocrx_word' id='word_1_117' title='bbox 809 1532 1155 1605; x_wconf 73' lang='lat' dir='ltr'><strong>eoruniquos</strong></span> <span class='ocrx_word' id='word_1_118' title='bbox 1195 1535 1290 1587; x_wconf 87' lang='lat' dir='ltr'><strong>ista</strong></span> <span class='ocrx_word' id='word_1_119' title='bbox 1332 1533 1565 1605; x_wconf 79' lang='lat' dir='ltr'><strong>latebant</strong></span> <span class='ocrx_word' id='word_1_120' title='bbox 1603 1547 1930 1605; x_wconf 85' lang='lat' dir='ltr'><strong>nequaquan&#39;i</strong></span> <span class='ocrx_word' id='word_1_121' title='bbox 1956 1532 2230 1586; x_wconf 88' lang='lat' dir='ltr'><strong>scientiam</strong></span> 
     </span>
    </p>
   </div>
   <div class='ocr_carea' id='block_1_18' title="bbox 655 1603 2229 1674">
    <p class='ocr_par' dir='ltr' id='par_1_18' title="bbox 655 1603 2229 1674">
     <span class='ocr_line' id='line_1_18' title="bbox 655 1603 2229 1674; baseline -0.004 -11"><span class='ocrx_word' id='word_1_122' title='bbox 655 1603 1067 1664; x_wconf 84' lang='lat' dir='ltr'><strong>defraudandam</strong></span> <span class='ocrx_word' id='word_1_123' title='bbox 1089 1622 1102 1667; x_wconf 86' lang='lat'><strong>;</strong></span> <span class='ocrx_word' id='word_1_124' title='bbox 1126 1614 1178 1659; x_wconf 90' lang='lat' dir='ltr'><strong>et</strong></span> <span class='ocrx_word' id='word_1_125' title='bbox 1197 1605 1316 1674; x_wconf 89' lang='lat' dir='ltr'><strong>quia</strong></span> <span class='ocrx_word' id='word_1_126' title='bbox 1341 1603 1430 1674; x_wconf 86' lang='lat' dir='ltr'><strong>illa</strong></span> <span class='ocrx_word' id='word_1_127' title='bbox 1466 1604 1576 1670; x_wconf 91' lang='lat' dir='ltr'><strong>ipsa</strong></span> <span class='ocrx_word' id='word_1_128' title='bbox 1603 1603 1854 1674; x_wconf 87' lang='lat' dir='ltr'><strong>continuo</strong></span> <span class='ocrx_word' id='word_1_129' title='bbox 1875 1617 1992 1670; x_wconf 74' lang='lat' dir='ltr'><strong>qua:</strong></span> <span class='ocrx_word' id='word_1_130' title='bbox 2014 1606 2229 1674; x_wconf 84' lang='lat' dir='ltr'><strong>recitata</strong></span> 
     </span>
    </p>
   </div>
   <div class='ocr_carea' id='block_1_19' title="bbox 655 1672 2229 1741">
    <p class='ocr_par' dir='ltr' id='par_1_19' title="bbox 655 1672 2229 1741">
     <span class='ocr_line' id='line_1_19' title="bbox 655 1672 2229 1741; baseline -0.003 -10"><span class='ocrx_word' id='word_1_131' title='bbox 655 1687 800 1741; x_wconf 65' lang='lat' dir='ltr'><strong>sunt,</strong></span> <span class='ocrx_word' id='word_1_132' title='bbox 823 1678 998 1731; x_wconf 88' lang='lat' dir='ltr'><strong>statim</strong></span> <span class='ocrx_word' id='word_1_133' title='bbox 1037 1675 1194 1729; x_wconf 89' lang='lat' dir='ltr'><strong>etiam</strong></span> <span class='ocrx_word' id='word_1_134' title='bbox 1217 1672 1248 1726; x_wconf 80' lang='lat' dir='ltr'><strong>a</strong></span> <span class='ocrx_word' id='word_1_135' title='bbox 1290 1673 1545 1741; x_wconf 72' lang='lat' dir='ltr'><strong>religiosis</strong></span> <span class='ocrx_word' id='word_1_136' title='bbox 1573 1672 1808 1740; x_wconf 83' lang='lat' dir='ltr'><strong>plurimis</strong></span> <span class='ocrx_word' id='word_1_137' title='bbox 1837 1687 1955 1726; x_wconf 90' lang='lat' dir='ltr'><strong>cum</strong></span> <span class='ocrx_word' id='word_1_138' title='bbox 1997 1673 2229 1726; x_wconf 88' lang='lat' dir='ltr'><strong>clausula</strong></span> 
     </span>
    </p>
   </div>
   <div class='ocr_carea' id='block_1_20' title="bbox 656 1741 2231 1817">
    <p class='ocr_par' dir='ltr' id='par_1_20' title="bbox 656 1741 2231 1817">
     <span class='ocr_line' id='line_1_20' title="bbox 656 1741 2231 1817; baseline -0.003 -14"><span class='ocrx_word' id='word_1_139' title='bbox 656 1765 748 1803; x_wconf 85' lang='lat' dir='ltr'><strong>sua</strong></span> <span class='ocrx_word' id='word_1_140' title='bbox 775 1758 926 1817; x_wconf 88' lang='lat' dir='ltr'><strong>capta</strong></span> <span class='ocrx_word' id='word_1_141' title='bbox 958 1748 976 1778; x_wconf 76' lang='grc' dir='ltr'>ί</span> <span class='ocrx_word' id='word_1_142' title='bbox 1003 1754 1128 1800; x_wconf 89' lang='lat' dir='ltr'><strong>sunt</strong></span> <span class='ocrx_word' id='word_1_143' title='bbox 1155 1756 1312 1814; x_wconf 88' lang='lat' dir='ltr'><strong>atque</strong></span> <span class='ocrx_word' id='word_1_144' title='bbox 1327 1743 1590 1817; x_wconf 75' lang='lat' dir='ltr'><strong>descripta</strong></span> <span class='ocrx_word' id='word_1_145' title='bbox 1623 1761 1634 1794; x_wconf 90' lang='lat'>:</span> <span class='ocrx_word' id='word_1_146' title='bbox 1665 1741 1859 1817; x_wconf 83' lang='lat' dir='ltr'><strong>idcirco</strong></span> <span class='ocrx_word' id='word_1_147' title='bbox 1897 1741 1960 1796; x_wconf 90' lang='lat' dir='ltr'><strong>ad</strong></span> <span class='ocrx_word' id='word_1_148' title='bbox 1979 1743 2082 1817; x_wconf 81' lang='lat' dir='ltr'><strong>alia</strong></span> <span class='ocrx_word' id='word_1_149' title='bbox 2113 1759 2231 1811; x_wconf 77' lang='lat' dir='ltr'><strong>qua:</strong></span> 
     </span>
    </p>
   </div>
   <div class='ocr_carea' id='block_1_21' title="bbox 654 1813 2221 1880">
    <p class='ocr_par' dir='ltr' id='par_1_21' title="bbox 654 1813 2221 1880">
     <span class='ocr_line' id='line_1_21' title="bbox 654 1813 2221 1880; baseline -0.004 -8"><span class='ocrx_word' id='word_1_150' title='bbox 654 1813 936 1873; x_wconf 75' lang='lat' dir='ltr'><strong>consecuta</strong></span> <span class='ocrx_word' id='word_1_151' title='bbox 978 1824 1101 1870; x_wconf 93' lang='lat' dir='ltr'><strong>sunt</strong></span> <span class='ocrx_word' id='word_1_152' title='bbox 1150 1814 1430 1872; x_wconf 87' lang='lat' dir='ltr'><strong>narranda.</strong></span> <span class='ocrx_word' id='word_1_153' title='bbox 1490 1813 1608 1865; x_wconf 93' lang='lat' dir='ltr'><strong>hinc</strong></span> <span class='ocrx_word' id='word_1_154' title='bbox 1642 1813 1924 1880; x_wconf 89' lang='lat' dir='ltr'><strong>adjuvante</strong></span> <span class='ocrx_word' id='word_1_155' title='bbox 1979 1813 2221 1875; x_wconf 91' lang='lat' dir='ltr'><strong>Domino,</strong></span> 
     </span>
    </p>
   </div>
   <div class='ocr_carea' id='block_1_22' title="bbox 654 1883 2227 1958">
    <p class='ocr_par' dir='ltr' id='par_1_22' title="bbox 654 1883 2227 1958">
     <span class='ocr_line' id='line_1_22' title="bbox 654 1883 2227 1958; baseline -0.003 -18"><span class='ocrx_word' id='word_1_156' title='bbox 654 1891 802 1958; x_wconf 87' lang='lat' dir='ltr'><strong>quasi</strong></span> <span class='ocrx_word' id='word_1_157' title='bbox 834 1887 992 1941; x_wconf 90' lang='lat' dir='ltr'><strong>libelli</strong></span> <span class='ocrx_word' id='word_1_158' title='bbox 1010 1885 1242 1958; x_wconf 80' lang='lat' dir='ltr'><strong>secundi</strong></span> <span class='ocrx_word' id='word_1_159' title='bbox 1271 1883 1544 1958; x_wconf 61' lang='lat' dir='ltr'><strong>esui-diuiti</strong></span> <span class='ocrx_word' id='word_1_160' title='bbox 1595 1884 1933 1958; x_wconf 73' lang='lat' dir='ltr'><strong>sumpsimus.</strong></span> <span class='ocrx_word' id='word_1_161' title='bbox 1983 1883 2227 1958; x_wconf 76' lang='lat' dir='ltr'><strong>Referam</strong></span> 
     </span>
    </p>
   </div>
   <div class='ocr_carea' id='block_1_23' title="bbox 657 1952 2229 2022">
    <p class='ocr_par' dir='ltr' id='par_1_23' title="bbox 657 1952 2229 2022">
     <span class='ocr_line' id='line_1_23' title="bbox 657 1952 2229 2022; baseline -0.003 -12"><span class='ocrx_word' id='word_1_162' title='bbox 657 1952 814 2022; x_wconf 71' lang='lat' dir='ltr'><strong>igitur</strong></span> <span class='ocrx_word' id='word_1_163' title='bbox 830 1958 996 2019; x_wconf 89' lang='lat' dir='ltr'><strong>vobis,</strong></span> <span class='ocrx_word' id='word_1_164' title='bbox 1025 1955 1340 2018; x_wconf 84' lang='lat' dir='ltr'><strong>charissimi,</strong></span> <span class='ocrx_word' id='word_1_165' title='bbox 1391 1954 1650 2022; x_wconf 86' lang='lat' dir='ltr'><strong>adjutorio</strong></span> <span class='ocrx_word' id='word_1_166' title='bbox 1681 1953 1883 2006; x_wconf 87' lang='lat' dir='ltr'><strong>Domini</strong></span> <span class='ocrx_word' id='word_1_167' title='bbox 1912 1954 2074 2008; x_wconf 82' lang='lat' dir='ltr'><strong>neStri</strong></span> <span class='ocrx_word' id='word_1_168' title='bbox 2101 1952 2229 2007; x_wconf 82' lang='lat' dir='ltr'><strong>Jesu</strong></span> 
     </span>
    </p>
   </div>
   <div class='ocr_carea' id='block_1_24' title="bbox 653 2023 2225 2093">
    <p class='ocr_par' dir='ltr' id='par_1_24' title="bbox 653 2023 2225 2093">
     <span class='ocr_line' id='line_1_24' title="bbox 653 2023 2225 2093; baseline -0.004 -11"><span class='ocrx_word' id='word_1_169' title='bbox 653 2027 884 2088; x_wconf 91' lang='lat' dir='ltr'><strong>Christi.</strong></span> <span class='ocrx_word' id='word_1_170' title='bbox 907 2027 1078 2080; x_wconf 91' lang='lat' dir='ltr'><strong>adhuc</strong></span> <span class='ocrx_word' id='word_1_171' title='bbox 1101 2025 1352 2093; x_wconf 86' lang='lat' dir='ltr'><strong>Stephani</strong></span> <span class='ocrx_word' id='word_1_172' title='bbox 1407 2023 1612 2092; x_wconf 86' lang='lat' dir='ltr'><strong>patroni</strong></span> <span class='ocrx_word' id='word_1_173' title='bbox 1641 2024 1939 2076; x_wconf 91' lang='lat' dir='ltr'><strong>communis</strong></span> <span class='ocrx_word' id='word_1_174' title='bbox 1967 2023 2225 2076; x_wconf 85' lang='lat' dir='ltr'><strong>mirabilia</strong></span> 
     </span>
    </p>
   </div>
   <div class='ocr_carea' id='block_1_25' title="bbox 655 2093 2228 2165">
    <p class='ocr_par' dir='ltr' id='par_1_25' title="bbox 655 2093 2228 2165">
     <span class='ocr_line' id='line_1_25' title="bbox 655 2093 2228 2165; baseline -0.003 -13"><span class='ocrx_word' id='word_1_175' title='bbox 655 2110 815 2165; x_wconf 65' lang='lat' dir='ltr'><strong>gestia</strong></span> <span class='ocrx_word' id='word_1_176' title='bbox 844 2098 920 2152; x_wconf 88' lang='lat' dir='ltr'><strong>rei</strong></span> <span class='ocrx_word' id='word_1_177' title='bbox 968 2097 1249 2163; x_wconf 88' lang='lat' dir='ltr'><strong>multisque</strong></span> <span class='ocrx_word' id='word_1_178' title='bbox 1297 2095 1452 2165; x_wconf 76' lang='lat' dir='ltr'><strong>bene</strong></span> <span class='ocrx_word' id='word_1_179' title='bbox 1480 2094 1818 2165; x_wconf 83' lang='lat' dir='ltr'><strong>notissimam</strong></span> <span class='ocrx_word' id='word_1_180' title='bbox 1860 2094 1912 2146; x_wconf 92' lang='lat' dir='ltr'><strong>in</strong></span> <span class='ocrx_word' id='word_1_181' title='bbox 1935 2093 2144 2148; x_wconf 87' lang='lat' dir='ltr'><strong>laudem</strong></span> <span class='ocrx_word' id='word_1_182' title='bbox 2173 2102 2228 2148; x_wconf 85' lang='lat' dir='ltr'><strong>et</strong></span> 
     </span>
    </p>
   </div>
   <div class='ocr_carea' id='block_1_26' title="bbox 652 2163 1729 2238">
    <p class='ocr_par' dir='ltr' id='par_1_26' title="bbox 652 2163 1729 2238">
     <span class='ocr_line' id='line_1_26' title="bbox 652 2163 1729 2238; baseline -0.008 -14"><span class='ocrx_word' id='word_1_183' title='bbox 652 2163 872 2238; x_wconf 76' lang='lat' dir='ltr'><strong>gloriam</strong></span> <span class='ocrx_word' id='word_1_184' title='bbox 903 2167 995 2222; x_wconf 89' lang='lat' dir='ltr'><strong>Dei</strong></span> <span class='ocrx_word' id='word_1_185' title='bbox 1020 2165 1413 2221; x_wconf 89' lang='lat' dir='ltr'><strong>memorabilem</strong></span> <span class='ocrx_word' id='word_1_186' title='bbox 1439 2163 1729 2218; x_wconf 87' lang='lat' dir='ltr'><strong>bistoriatn.</strong></span> 
     </span>
    </p>
   </div>
   <div class='ocr_carea' id='block_1_27' title="bbox 651 2273 2222 2346">
    <p class='ocr_par' dir='ltr' id='par_1_27' title="bbox 651 2273 2222 2346">
     <span class='ocr_line' id='line_1_27' title="bbox 651 2273 2222 2346; baseline -0.006 -9"><span class='ocrx_word' id='word_1_187' title='bbox 651 2280 874 2336; x_wconf 72' lang='lat' dir='ltr'><strong>CAPUT</strong></span> <span class='ocrx_word' id='word_1_188' title='bbox 903 2275 1147 2334; x_wconf 89' lang='lat' dir='ltr'><strong>ll.—De</strong></span> <span class='ocrx_word' id='word_1_189' title='bbox 1163 2275 1377 2346; x_wconf 76' lang='lat' dir='ltr'><strong>Megetia</strong></span> <span class='ocrx_word' id='word_1_190' title='bbox 1400 2291 1512 2345; x_wconf 72' lang='lat' dir='ltr'><strong>qua!</strong></span> <span class='ocrx_word' id='word_1_191' title='bbox 1535 2275 1760 2346; x_wconf 73' lang='lat' dir='ltr'><strong>paralysi</strong></span> <span class='ocrx_word' id='word_1_192' title='bbox 1783 2273 1925 2342; x_wconf 78' lang='lat' dir='ltr'><strong>[uera</strong></span> <span class='ocrx_word' id='word_1_193' title='bbox 1967 2289 2222 2342; x_wconf 72' lang='lat' dir='ltr'><strong>percussa,</strong></span> 
     </span>
    </p>
   </div>
   <div class='ocr_carea' id='block_1_28' title="bbox 719 2290 2226 2422">
    <p class='ocr_par' dir='ltr' id='par_1_28' title="bbox 719 2290 2226 2422">
     <span class='ocr_line' id='line_1_28' title="bbox 719 2290 2222 2346; baseline -0.005 -10"><span class='ocrx_word' id='word_1_194' title='bbox 719 2290 873 2336; x_wconf 84' lang='lat' dir='ltr'><strong>tPU&#39;l‘</strong></span> <span class='ocrx_word' id='word_1_195' title='bbox 905 2290 1377 2346; x_wconf 69' lang='lat' dir='ltr'><strong>l|.—uealegetia</strong></span> <span class='ocrx_word' id='word_1_196' title='bbox 1400 2291 1512 2345; x_wconf 70' lang='lat' dir='ltr'><strong>qua:</strong></span> <span class='ocrx_word' id='word_1_197' title='bbox 1535 2290 1678 2344; x_wconf 86' lang='lat' dir='ltr'><strong>parat</strong></span> <span class='ocrx_word' id='word_1_198' title='bbox 1722 2290 1758 2327; x_wconf 83' lang='lat' dir='ltr'><strong>n</strong></span> <span class='ocrx_word' id='word_1_199' title='bbox 1783 2290 1925 2342; x_wconf 68' lang='lat' dir='ltr'><strong>[uera</strong></span> <span class='ocrx_word' id='word_1_200' title='bbox 1967 2290 2222 2342; x_wconf 71' lang='lat' dir='ltr'><strong>percussa,</strong></span> 
     </span>
     <span class='ocr_line' id='line_1_29' title="bbox 719 2290 2226 2422; baseline -0.004 -18"><span class='ocrx_word' id='word_1_201' title='bbox 719 2367 834 2422; x_wconf 75' lang='lat' dir='ltr'><strong>qua:</strong></span> <span class='ocrx_word' id='word_1_202' title='bbox 874 2353 1002 2404; x_wconf 85' lang='lat' dir='ltr'><strong>inter</strong></span> <span class='ocrx_word' id='word_1_203' title='bbox 1043 2348 1352 2422; x_wconf 54' lang='lat' dir='ltr'><strong>medicorum</strong></span> <span class='ocrx_word' id='word_1_204' title='bbox 1392 2363 1574 2422; x_wconf 56' lang='lat' dir='ltr'><strong>manus</strong></span> <span class='ocrx_word' id='word_1_205' title='bbox 1608 2290 1854 2422; x_wconf 52' lang='lat' dir='ltr'><strong>deﬁceret</strong></span> <span class='ocrx_word' id='word_1_206' title='bbox 1877 2385 1893 2410; x_wconf 94' lang='lat'><strong>,</strong></span> <span class='ocrx_word' id='word_1_207' title='bbox 1934 2353 1981 2398; x_wconf 85' lang='lat' dir='ltr'><strong>et</strong></span> <span class='ocrx_word' id='word_1_208' title='bbox 2021 2360 2226 2398; x_wconf 76' lang='lat' dir='ltr'><strong>currens</strong></span> 
     </span>
    </p>
   </div>
   <div class='ocr_carea' id='block_1_29' title="bbox 713 2415 2245 2490">
    <p class='ocr_par' dir='ltr' id='par_1_29' title="bbox 713 2415 2245 2490">
     <span class='ocr_line' id='line_1_30' title="bbox 713 2415 2245 2490; baseline -0.005 -14"><span class='ocrx_word' id='word_1_209' title='bbox 713 2415 788 2476; x_wconf 68' lang='lat' dir='ltr'><strong>ad</strong></span> <span class='ocrx_word' id='word_1_210' title='bbox 813 2430 1038 2476; x_wconf 74' lang='lat' dir='ltr'><strong>sanctum</strong></span> <span class='ocrx_word' id='word_1_211' title='bbox 1062 2417 1374 2490; x_wconf 79' lang='lat' dir='ltr'><strong>Stephanum</strong></span> <span class='ocrx_word' id='word_1_212' title='bbox 1387 2433 1419 2468; x_wconf 89' lang='lat' dir='ltr'><strong>a</strong></span> <span class='ocrx_word' id='word_1_213' title='bbox 1433 2415 1623 2486; x_wconf 79' lang='lat' dir='ltr'><strong>duplici</strong></span> <span class='ocrx_word' id='word_1_214' title='bbox 1646 2415 1936 2482; x_wconf 78' lang='lat' dir='ltr'><strong>inﬁrmitate</strong></span> <span class='ocrx_word' id='word_1_215' title='bbox 1953 2424 2128 2469; x_wconf 86' lang='lat' dir='ltr'><strong>curata</strong></span> <span class='ocrx_word' id='word_1_216' title='bbox 2145 2425 2245 2476; x_wconf 73' lang='lat' dir='ltr'><strong>ut.</strong></span> 
     </span>
    </p>
   </div>
   <div class='ocr_carea' id='block_1_30' title="bbox 720 2507 2225 2584">
    <p class='ocr_par' dir='ltr' id='par_1_30' title="bbox 720 2507 2225 2584">
     <span class='ocr_line' id='line_1_31' title="bbox 720 2507 2225 2584; baseline -0.003 -14"><span class='ocrx_word' id='word_1_217' title='bbox 720 2517 774 2570; x_wconf 79' lang='lat' dir='ltr'><strong>l.</strong></span> <span class='ocrx_word' id='word_1_218' title='bbox 821 2511 1254 2584; x_wconf 71' lang='lat' dir='ltr'><strong>Carthaginensis</strong></span> <span class='ocrx_word' id='word_1_219' title='bbox 1295 2508 1522 2584; x_wconf 73' lang='lat' dir='ltr'><strong>civitatis</strong></span> <span class='ocrx_word' id='word_1_220' title='bbox 1564 2507 1804 2584; x_wconf 67' lang='lat' dir='ltr'><strong>qtnndam</strong></span> <span class='ocrx_word' id='word_1_221' title='bbox 1847 2507 2225 2584; x_wconf 78' lang='lat' dir='ltr'><strong>luit,_nobilis</strong></span> 
     </span>
    </p>
   </div>
   <div class='ocr_carea' id='block_1_31' title="bbox 644 2579 2226 2657">
    <p class='ocr_par' dir='ltr' id='par_1_31' title="bbox 644 2579 2226 2657">
     <span class='ocr_line' id='line_1_32' title="bbox 644 2579 2226 2657; baseline -0.006 -16"><span class='ocrx_word' id='word_1_222' title='bbox 644 2601 846 2657; x_wconf 82' lang='lat' dir='ltr'><strong>genere</strong></span> <span class='ocrx_word' id='word_1_223' title='bbox 867 2628 882 2649; x_wconf 90' lang='lat'><strong>,</strong></span> <span class='ocrx_word' id='word_1_224' title='bbox 926 2579 1387 2657; x_wconf 41' lang='lat' dir='ltr'><strong>llOD‘lllOI&#39;uCltl&#39;lbili</strong></span> <span class='ocrx_word' id='word_1_225' title='bbox 1416 2580 1534 2657; x_wconf 34' lang='lat' dir='ltr'><strong>.lide</strong></span> <span class='ocrx_word' id='word_1_226' title='bbox 1561 2623 1574 2645; x_wconf 91' lang='lat'><strong>,</strong></span> <span class='ocrx_word' id='word_1_227' title='bbox 1603 2579 1838 2657; x_wconf 70' lang='lat' dir='ltr'><strong>Megetia</strong></span> <span class='ocrx_word' id='word_1_228' title='bbox 1867 2579 2080 2657; x_wconf 78' lang='lat' dir='ltr'><strong>nomine</strong></span> <span class='ocrx_word' id='word_1_229' title='bbox 2102 2621 2116 2642; x_wconf 92' lang='lat'><strong>,</strong></span> <span class='ocrx_word' id='word_1_230' title='bbox 2143 2579 2226 2633; x_wconf 85' lang='lat' dir='ltr'><strong>di-</strong></span> 
     </span>
    </p>
   </div>
   <div class='ocr_carea' id='block_1_32' title="bbox 645 2649 2225 2718">
    <p class='ocr_par' dir='ltr' id='par_1_32' title="bbox 645 2649 2225 2718">
     <span class='ocr_line' id='line_1_33' title="bbox 645 2649 2225 2718; baseline -0.003 -10"><span class='ocrx_word' id='word_1_231' title='bbox 645 2649 744 2712; x_wconf 56' lang='lat' dir='ltr'><strong>ves</strong></span> <span class='ocrx_word' id='word_1_232' title='bbox 772 2657 822 2709; x_wconf 93' lang='lat' dir='ltr'><strong>in</strong></span> <span class='ocrx_word' id='word_1_233' title='bbox 863 2654 1062 2708; x_wconf 68' lang='lat' dir='ltr'><strong>saeculo</strong></span> <span class='ocrx_word' id='word_1_234' title='bbox 1085 2696 1100 2718; x_wconf 92' lang='lat'><strong>,</strong></span> <span class='ocrx_word' id='word_1_235' title='bbox 1130 2653 1290 2706; x_wconf 90' lang='lat' dir='ltr'><strong>ditior</strong></span> <span class='ocrx_word' id='word_1_236' title='bbox 1333 2651 1383 2704; x_wconf 90' lang='lat' dir='ltr'><strong>in</strong></span> <span class='ocrx_word' id='word_1_237' title='bbox 1414 2650 1522 2704; x_wconf 91' lang='lat' dir='ltr'><strong>Deo</strong></span> <span class='ocrx_word' id='word_1_238' title='bbox 1554 2667 1567 2702; x_wconf 89' lang='lat'><strong>:</strong></span> <span class='ocrx_word' id='word_1_239' title='bbox 1599 2651 1682 2702; x_wconf 93' lang='lat' dir='ltr'><strong>cui</strong></span> <span class='ocrx_word' id='word_1_240' title='bbox 1729 2649 2014 2702; x_wconf 88' lang='lat' dir='ltr'><strong>christiana</strong></span> <span class='ocrx_word' id='word_1_241' title='bbox 2054 2659 2225 2704; x_wconf 84' lang='lat' dir='ltr'><strong>mater</strong></span> 
     </span>
    </p>
   </div>
   <div class='ocr_carea' id='block_1_33' title="bbox 639 2719 2219 2791">
    <p class='ocr_par' dir='ltr' id='par_1_33' title="bbox 639 2719 2219 2791">
     <span class='ocr_line' id='line_1_34' title="bbox 639 2719 2219 2791; baseline -0.003 -11"><span class='ocrx_word' id='word_1_242' title='bbox 639 2735 762 2780; x_wconf 81' lang='lat' dir='ltr'><strong>erat</strong></span> <span class='ocrx_word' id='word_1_243' title='bbox 788 2726 1000 2779; x_wconf 88' lang='lat' dir='ltr'><strong>nomine</strong></span> <span class='ocrx_word' id='word_1_244' title='bbox 1030 2723 1199 2777; x_wconf 88' lang='lat' dir='ltr'><strong>Vitula</strong></span> <span class='ocrx_word' id='word_1_245' title='bbox 1234 2739 1247 2774; x_wconf 90' lang='lat'>:</span> <span class='ocrx_word' id='word_1_246' title='bbox 1280 2720 1466 2791; x_wconf 85' lang='lat' dir='ltr'><strong>pagani</strong></span> <span class='ocrx_word' id='word_1_247' title='bbox 1493 2728 1666 2772; x_wconf 88' lang='lat' dir='ltr'><strong>autem</strong></span> <span class='ocrx_word' id='word_1_248' title='bbox 1702 2729 1854 2774; x_wconf 90' lang='lat' dir='ltr'><strong>erant</strong></span> <span class='ocrx_word' id='word_1_249' title='bbox 1882 2719 2098 2773; x_wconf 89' lang='lat' dir='ltr'><strong>maritus</strong></span> <span class='ocrx_word' id='word_1_250' title='bbox 2122 2761 2137 2785; x_wconf 94' lang='lat'><strong>,</strong></span> <span class='ocrx_word' id='word_1_251' title='bbox 2166 2731 2219 2775; x_wconf 93' lang='lat' dir='ltr'><strong>et</strong></span> 
     </span>
    </p>
   </div>
   <div class='ocr_carea' id='block_1_34' title="bbox 646 2791 2223 2864">
    <p class='ocr_par' dir='ltr' id='par_1_34' title="bbox 646 2791 2223 2864">
     <span class='ocr_line' id='line_1_35' title="bbox 646 2791 2223 2864; baseline -0.003 -14"><span class='ocrx_word' id='word_1_252' title='bbox 646 2812 801 2852; x_wconf 85' lang='lat' dir='ltr'><strong>socer</strong></span> <span class='ocrx_word' id='word_1_253' title='bbox 824 2837 838 2861; x_wconf 95' lang='lat'><strong>,</strong></span> <span class='ocrx_word' id='word_1_254' title='bbox 868 2805 922 2849; x_wconf 91' lang='lat' dir='ltr'><strong>et</strong></span> <span class='ocrx_word' id='word_1_255' title='bbox 964 2805 1132 2864; x_wconf 88' lang='lat' dir='ltr'><strong>pater.</strong></span> <span class='ocrx_word' id='word_1_256' title='bbox 1164 2792 1290 2864; x_wconf 71' lang='grc' dir='ltr'><strong>ιιωο</strong></span> <span class='ocrx_word' id='word_1_257' title='bbox 1331 2807 1451 2846; x_wconf 90' lang='lat' dir='ltr'><strong>cum</strong></span> <span class='ocrx_word' id='word_1_258' title='bbox 1474 2791 1545 2864; x_wconf 91' lang='lat' dir='ltr'><strong>_in</strong></span> <span class='ocrx_word' id='word_1_259' title='bbox 1578 2803 1726 2864; x_wconf 79' lang='lat' dir='ltr'><strong>utero</strong></span> <span class='ocrx_word' id='word_1_260' title='bbox 1755 2791 2008 2864; x_wconf 59' lang='lat' dir='ltr'><strong>haberet,</strong></span> <span class='ocrx_word' id='word_1_261' title='bbox 2035 2801 2223 2864; x_wconf 88' lang='lat' dir='ltr'><strong>quarto</strong></span> 
     </span>
    </p>
   </div>
   <div class='ocr_carea' id='block_1_35' title="bbox 648 2858 2220 2933">
    <p class='ocr_par' dir='ltr' id='par_1_35' title="bbox 648 2858 2220 2933">
     <span class='ocr_line' id='line_1_36' title="bbox 648 2858 2220 2933; baseline -0.004 -12"><span class='ocrx_word' id='word_1_262' title='bbox 648 2858 834 2921; x_wconf 85' lang='lat' dir='ltr'><strong>mense</strong></span> <span class='ocrx_word' id='word_1_263' title='bbox 873 2858 1161 2933; x_wconf 75' lang='lat' dir='ltr'><strong>Conceptus</strong></span> <span class='ocrx_word' id='word_1_264' title='bbox 1191 2863 1270 2915; x_wconf 89' lang='lat' dir='ltr'><strong>sui</strong></span> <span class='ocrx_word' id='word_1_265' title='bbox 1298 2903 1313 2933; x_wconf 74' lang='lat'><strong>,</strong></span> <span class='ocrx_word' id='word_1_266' title='bbox 1342 2862 1522 2915; x_wconf 90' lang='lat' dir='ltr'><strong>nescio</strong></span> <span class='ocrx_word' id='word_1_267' title='bbox 1542 2860 1684 2933; x_wconf 86' lang='lat' dir='ltr'><strong>unde</strong></span> <span class='ocrx_word' id='word_1_268' title='bbox 1730 2858 2033 2912; x_wconf 85' lang='lat' dir='ltr'><strong>nauseando</strong></span> <span class='ocrx_word' id='word_1_269' title='bbox 2057 2858 2220 2933; x_wconf 78' lang='lat' dir='ltr'><strong>prius</strong></span> 
     </span>
    </p>
   </div>
   <div class='ocr_carea' id='block_1_36' title="bbox 647 2931 2220 3006">
    <p class='ocr_par' dir='ltr' id='par_1_36' title="bbox 647 2931 2220 3006">
     <span class='ocr_line' id='line_1_37' title="bbox 647 2931 2220 3006; baseline -0.003 -16"><span class='ocrx_word' id='word_1_270' title='bbox 647 2953 711 2992; x_wconf 89' lang='lat' dir='ltr'><strong>ac</strong></span> <span class='ocrx_word' id='word_1_271' title='bbox 755 2931 1080 3006; x_wconf 61' lang='grc' dir='ltr'><strong>τθῇρίθειόό,</strong></span> <span class='ocrx_word' id='word_1_272' title='bbox 1123 2934 1246 2987; x_wconf 91' lang='lat' dir='ltr'><strong>dum</strong></span> <span class='ocrx_word' id='word_1_273' title='bbox 1292 2931 1617 3006; x_wconf 76' lang='lat' dir='ltr'><strong>frequentius</strong></span> <span class='ocrx_word' id='word_1_274' title='bbox 1655 2941 1922 2998; x_wconf 82' lang='lat' dir='ltr'><strong>pateretur</strong></span> <span class='ocrx_word' id='word_1_275' title='bbox 1961 2931 2220 2986; x_wconf 89' lang='lat' dir='ltr'><strong>stomachi</strong></span> 
     </span>
    </p>
   </div>
   <div class='ocr_carea' id='block_1_37' title="bbox 641 3003 2219 3072">
    <p class='ocr_par' dir='ltr' id='par_1_37' title="bbox 641 3003 2219 3072">
     <span class='ocr_line' id='line_1_38' title="bbox 641 3003 2219 3072; baseline -0.004 -11"><span class='ocrx_word' id='word_1_276' title='bbox 641 3003 1050 3061; x_wconf 54' lang='lat' dir='ltr'><strong>concu&#39;ssionem</strong></span> <span class='ocrx_word' id='word_1_277' title='bbox 1093 3006 1308 3072; x_wconf 89' lang='lat' dir='ltr'><strong>orisque</strong></span> <span class='ocrx_word' id='word_1_278' title='bbox 1335 3003 1717 3055; x_wconf 84' lang='lat' dir='ltr'><strong>distensionem</strong></span> <span class='ocrx_word' id='word_1_279' title='bbox 1759 3009 1814 3054; x_wconf 94' lang='lat' dir='ltr'><strong>et</strong></span> <span class='ocrx_word' id='word_1_280' title='bbox 1837 3006 2064 3072; x_wconf 84' lang='lat' dir='ltr'><strong>vomitus</strong></span> <span class='ocrx_word' id='word_1_281' title='bbox 2095 3016 2219 3069; x_wconf 89' lang='lat' dir='ltr'><strong>pro-</strong></span> 
     </span>
    </p>
   </div>
   <div class='ocr_carea' id='block_1_38' title="bbox 647 3069 2222 3143">
    <p class='ocr_par' dir='ltr' id='par_1_38' title="bbox 647 3069 2222 3143">
     <span class='ocr_line' id='line_1_39' title="bbox 647 3069 2222 3143; baseline -0.003 -15"><span class='ocrx_word' id='word_1_282' title='bbox 647 3077 978 3132; x_wconf 86' lang='lat' dir='ltr'><strong>vocationem</strong></span> <span class='ocrx_word' id='word_1_283' title='bbox 1004 3117 1018 3140; x_wconf 92' lang='lat'><strong>,</strong></span> <span class='ocrx_word' id='word_1_284' title='bbox 1054 3077 1104 3128; x_wconf 92' lang='lat' dir='ltr'><strong>in</strong></span> <span class='ocrx_word' id='word_1_285' title='bbox 1133 3069 1444 3143; x_wconf 66' lang='lat' dir='ltr'><strong>pravitatem</strong></span> <span class='ocrx_word' id='word_1_286' title='bbox 1473 3079 1784 3143; x_wconf 80' lang='lat' dir='ltr'><strong>pestemque</strong></span> <span class='ocrx_word' id='word_1_287' title='bbox 1812 3069 2067 3143; x_wconf 78' lang='lat' dir='ltr'><strong>paralysis</strong></span> <span class='ocrx_word' id='word_1_288' title='bbox 2095 3087 2222 3124; x_wconf 89' lang='lat' dir='ltr'><strong>eau-</strong></span> 
     </span>
    </p>
   </div>
   <div class='ocr_carea' id='block_1_39' title="bbox 642 3139 2220 3216">
    <p class='ocr_par' dir='ltr' id='par_1_39' title="bbox 642 3139 2220 3216">
     <span class='ocr_line' id='line_1_40' title="bbox 642 3139 2220 3216; baseline -0.004 -14"><span class='ocrx_word' id='word_1_289' title='bbox 642 3163 701 3202; x_wconf 78' lang='lat' dir='ltr'><strong>Sa</strong></span> <span class='ocrx_word' id='word_1_290' title='bbox 734 3147 982 3216; x_wconf 89' lang='lat' dir='ltr'><strong>perducta</strong></span> <span class='ocrx_word' id='word_1_291' title='bbox 1010 3155 1088 3216; x_wconf 90' lang='lat' dir='ltr'><strong>est</strong></span> <span class='ocrx_word' id='word_1_292' title='bbox 1114 3139 1226 3206; x_wconf 49' lang='lat' dir='ltr'><strong>[ita</strong></span> <span class='ocrx_word' id='word_1_293' title='bbox 1256 3157 1312 3196; x_wconf 93' lang='lat' dir='ltr'><strong>ut</strong></span> <span class='ocrx_word' id='word_1_294' title='bbox 1334 3141 1564 3216; x_wconf 73' lang='lat' dir='ltr'><strong>exclusis</strong></span> <span class='ocrx_word' id='word_1_295' title='bbox 1591 3156 1621 3194; x_wconf 91' lang='lat' dir='ltr'><strong>a</strong></span> <span class='ocrx_word' id='word_1_296' title='bbox 1651 3141 1780 3194; x_wconf 90' lang='lat' dir='ltr'><strong>locis</strong></span> <span class='ocrx_word' id='word_1_297' title='bbox 1803 3142 1914 3194; x_wconf 90' lang='lat' dir='ltr'><strong>suis</strong></span> <span class='ocrx_word' id='word_1_298' title='bbox 1945 3139 2071 3208; x_wconf 85' lang='lat' dir='ltr'><strong>ipsis</strong></span> <span class='ocrx_word' id='word_1_299' title='bbox 2099 3157 2220 3196; x_wconf 91' lang='lat' dir='ltr'><strong>car-</strong></span> 
     </span>
    </p>
   </div>
   <div class='ocr_carea' id='block_1_40' title="bbox 638 3213 2222 3282">
    <p class='ocr_par' dir='ltr' id='par_1_40' title="bbox 638 3213 2222 3282">
     <span class='ocr_line' id='line_1_41' title="bbox 638 3213 2222 3282; baseline -0.002 -12"><span class='ocrx_word' id='word_1_300' title='bbox 638 3213 854 3270; x_wconf 84' lang='lat' dir='ltr'><strong>dinibus</strong></span> <span class='ocrx_word' id='word_1_301' title='bbox 893 3215 1131 3270; x_wconf 89' lang='lat' dir='ltr'><strong>dentium</strong></span> <span class='ocrx_word' id='word_1_302' title='bbox 1175 3224 1228 3268; x_wconf 91' lang='lat' dir='ltr'><strong>et</strong></span> <span class='ocrx_word' id='word_1_303' title='bbox 1271 3213 1623 3277; x_wconf 89' lang='lat' dir='ltr'><strong>arteriarum,</strong></span> <span class='ocrx_word' id='word_1_304' title='bbox 1668 3225 1998 3282; x_wconf 82' lang='lat' dir='ltr'><strong>nequaquam</strong></span> <span class='ocrx_word' id='word_1_305' title='bbox 2041 3221 2222 3280; x_wconf 86' lang='lat' dir='ltr'><strong>posset</strong></span> 
     </span>
    </p>
   </div>
   <div class='ocr_carea' id='block_1_41' title="bbox 646 3282 2218 3356">
    <p class='ocr_par' dir='ltr' id='par_1_41' title="bbox 646 3282 2218 3356">
     <span class='ocr_line' id='line_1_42' title="bbox 646 3282 2218 3356; baseline -0.004 -15"><span class='ocrx_word' id='word_1_306' title='bbox 646 3289 845 3356; x_wconf 86' lang='lat' dir='ltr'><strong>dilapsa</strong></span> <span class='ocrx_word' id='word_1_307' title='bbox 876 3303 967 3339; x_wconf 85' lang='lat' dir='ltr'><strong>ora</strong></span> <span class='ocrx_word' id='word_1_308' title='bbox 1014 3285 1378 3356; x_wconf 78' lang='lat' dir='ltr'><strong>constringere</strong></span> <span class='ocrx_word' id='word_1_309' title='bbox 1401 3323 1415 3344; x_wconf 90' lang='lat'><strong>,</strong></span> <span class='ocrx_word' id='word_1_310' title='bbox 1446 3297 1616 3356; x_wconf 83' lang='lat' dir='ltr'><strong>neque</strong></span> <span class='ocrx_word' id='word_1_311' title='bbox 1638 3283 1854 3356; x_wconf 71' lang='lat' dir='ltr'><strong>pervios</strong></span> <span class='ocrx_word' id='word_1_312' title='bbox 1880 3291 2037 3356; x_wconf 81' lang='lat' dir='ltr'><strong>atque</strong></span> <span class='ocrx_word' id='word_1_313' title='bbox 2080 3282 2218 3356; x_wconf 90' lang='lat' dir='ltr'><strong>inte-</strong></span> 
     </span>
    </p>
   </div>
   <div class='ocr_carea' id='block_1_42' title="bbox 643 3351 2219 3424">
    <p class='ocr_par' dir='ltr' id='par_1_42' title="bbox 643 3351 2219 3424">
     <span class='ocr_line' id='line_1_43' title="bbox 643 3351 2219 3424; baseline -0.003 -14"><span class='ocrx_word' id='word_1_314' title='bbox 643 3351 768 3424; x_wconf 78' lang='lat' dir='ltr'><strong>gros</strong></span> <span class='ocrx_word' id='word_1_315' title='bbox 796 3357 951 3423; x_wconf 89' lang='lat' dir='ltr'><strong>palati</strong></span> <span class='ocrx_word' id='word_1_316' title='bbox 979 3366 1153 3408; x_wconf 89' lang='lat' dir='ltr'><strong>motus</strong></span> <span class='ocrx_word' id='word_1_317' title='bbox 1193 3351 1473 3424; x_wconf 10' lang='lat' dir='ltr'><strong>aclinguaﬁ:</strong></span> <span class='ocrx_word' id='word_1_318' title='bbox 1511 3351 1577 3424; x_wconf 86' lang='lat' dir='ltr'><strong>ad</strong></span> <span class='ocrx_word' id='word_1_319' title='bbox 1602 3351 1797 3424; x_wconf 82' lang='lat' dir='ltr'><strong>aliquid</strong></span> <span class='ocrx_word' id='word_1_320' title='bbox 1826 3351 1907 3404; x_wconf 84' lang='lat' dir='ltr'><strong>vel</strong></span> <span class='ocrx_word' id='word_1_321' title='bbox 1930 3366 2024 3424; x_wconf 83' lang='lat' dir='ltr'><strong>ore</strong></span> <span class='ocrx_word' id='word_1_322' title='bbox 2061 3355 2219 3406; x_wconf 87' lang='lat' dir='ltr'><strong>emit-</strong></span> 
     </span>
    </p>
   </div>
   <div class='ocr_carea' id='block_1_43' title="bbox 639 3421 2217 3490">
    <p class='ocr_par' dir='ltr' id='par_1_43' title="bbox 639 3421 2217 3490">
     <span class='ocr_line' id='line_1_44' title="bbox 639 3421 2217 3490; baseline -0.003 -10"><span class='ocrx_word' id='word_1_323' title='bbox 639 3421 900 3490; x_wconf 50' lang='lat' dir='ltr'><strong>t—endum,</strong></span> <span class='ocrx_word' id='word_1_324' title='bbox 952 3426 1038 3480; x_wconf 93' lang='lat' dir='ltr'><strong>vel</strong></span> <span class='ocrx_word' id='word_1_325' title='bbox 1091 3425 1142 3476; x_wconf 91' lang='lat' dir='ltr'><strong>in</strong></span> <span class='ocrx_word' id='word_1_326' title='bbox 1191 3439 1252 3477; x_wconf 90' lang='lat' dir='ltr'><strong>os</strong></span> <span class='ocrx_word' id='word_1_327' title='bbox 1303 3421 1664 3490; x_wconf 89' lang='lat' dir='ltr'><strong>recipiendum</strong></span> <span class='ocrx_word' id='word_1_328' title='bbox 1714 3422 1930 3474; x_wconf 90' lang='lat' dir='ltr'><strong>habere.</strong></span> <span class='ocrx_word' id='word_1_329' title='bbox 1985 3422 2217 3476; x_wconf 77' lang='lat' dir='ltr'><strong>lteman-</strong></span> 
     </span>
    </p>
   </div>
   <div class='ocr_carea' id='block_1_44' title="bbox 643 3491 2216 3562">
    <p class='ocr_par' dir='ltr' id='par_1_44' title="bbox 643 3491 2216 3562">
     <span class='ocr_line' id='line_1_45' title="bbox 643 3491 2216 3562; baseline -0.003 -12"><span class='ocrx_word' id='word_1_330' title='bbox 643 3505 788 3551; x_wconf 87' lang='lat' dir='ltr'><strong>serat</strong></span> <span class='ocrx_word' id='word_1_331' title='bbox 832 3497 884 3548; x_wconf 91' lang='lat' dir='ltr'><strong>in</strong></span> <span class='ocrx_word' id='word_1_332' title='bbox 935 3495 1126 3548; x_wconf 85' lang='lat' dir='ltr'><strong>femina</strong></span> <span class='ocrx_word' id='word_1_333' title='bbox 1173 3495 1258 3562; x_wconf 90' lang='lat' dir='ltr'><strong>pia</strong></span> <span class='ocrx_word' id='word_1_334' title='bbox 1306 3501 1361 3546; x_wconf 90' lang='lat' dir='ltr'><strong>et.</strong></span> <span class='ocrx_word' id='word_1_335' title='bbox 1404 3492 1659 3562; x_wconf 89' lang='lat' dir='ltr'><strong>pudorata</strong></span> <span class='ocrx_word' id='word_1_336' title='bbox 1707 3491 1960 3545; x_wconf 82' lang='lat' dir='ltr'><strong>deformis</strong></span> <span class='ocrx_word' id='word_1_337' title='bbox 2005 3491 2216 3560; x_wconf 91' lang='lat' dir='ltr'><strong>quidam</strong></span> 
     </span>
    </p>
   </div>
   <div class='ocr_carea' id='block_1_45' title="bbox 641 3562 2218 3633">
    <p class='ocr_par' dir='ltr' id='par_1_45' title="bbox 641 3562 2218 3633">
     <span class='ocr_line' id='line_1_46' title="bbox 641 3562 2218 3633; baseline -0.002 -13"><span class='ocrx_word' id='word_1_338' title='bbox 641 3575 702 3620; x_wconf 90' lang='lat' dir='ltr'><strong>et</strong></span> <span class='ocrx_word' id='word_1_339' title='bbox 727 3567 1052 3620; x_wconf 84' lang='lat' dir='ltr'><strong>aversandus</strong></span> <span class='ocrx_word' id='word_1_340' title='bbox 1091 3573 1377 3632; x_wconf 90' lang='lat' dir='ltr'><strong>aspectus,</strong></span> <span class='ocrx_word' id='word_1_341' title='bbox 1424 3571 1480 3616; x_wconf 89' lang='lat' dir='ltr'><strong>et</strong></span> <span class='ocrx_word' id='word_1_342' title='bbox 1523 3563 1590 3615; x_wconf 89' lang='lat' dir='ltr'><strong>ibi</strong></span> <span class='ocrx_word' id='word_1_343' title='bbox 1618 3563 1730 3616; x_wconf 82' lang='lat' dir='ltr'><strong>vitii</strong></span> <span class='ocrx_word' id='word_1_344' title='bbox 1758 3562 1964 3616; x_wconf 89' lang='lat' dir='ltr'><strong>macula</strong></span> <span class='ocrx_word' id='word_1_345' title='bbox 2005 3563 2218 3633; x_wconf 87' lang='lat' dir='ltr'><strong>corpori</strong></span> 
     </span>
    </p>
   </div>
   <div class='ocr_carea' id='block_1_46' title="bbox 644 3634 2219 3703">
    <p class='ocr_par' dir='ltr' id='par_1_46' title="bbox 644 3634 2219 3703">
     <span class='ocr_line' id='line_1_47' title="bbox 644 3634 2219 3703; baseline -0.001 -14"><span class='ocrx_word' id='word_1_346' title='bbox 644 3646 760 3690; x_wconf 90' lang='lat' dir='ltr'><strong>erat</strong></span> <span class='ocrx_word' id='word_1_347' title='bbox 801 3637 999 3701; x_wconf 73' lang='lat' dir='ltr'><strong>infixa,</strong></span> <span class='ocrx_word' id='word_1_348' title='bbox 1030 3634 1116 3688; x_wconf 93' lang='lat' dir='ltr'><strong>ubi</strong></span> <span class='ocrx_word' id='word_1_349' title='bbox 1162 3635 1342 3703; x_wconf 88' lang='lat' dir='ltr'><strong>utique</strong></span> <span class='ocrx_word' id='word_1_350' title='bbox 1390 3649 1719 3701; x_wconf 84' lang='lat' dir='ltr'><strong>nequaquam</strong></span> <span class='ocrx_word' id='word_1_351' title='bbox 1763 3643 1940 3701; x_wconf 89' lang='lat' dir='ltr'><strong>posset</strong></span> <span class='ocrx_word' id='word_1_352' title='bbox 1966 3647 2086 3686; x_wconf 88' lang='lat' dir='ltr'><strong>esse</strong></span> <span class='ocrx_word' id='word_1_353' title='bbox 2130 3649 2219 3688; x_wconf 86' lang='lat' dir='ltr'><strong>ce-</strong></span> 
     </span>
    </p>
   </div>
   <div class='ocr_carea' id='block_1_47' title="bbox 644 3703 2214 3774">
    <p class='ocr_par' dir='ltr' id='par_1_47' title="bbox 644 3703 2214 3774">
     <span class='ocr_line' id='line_1_48' title="bbox 644 3703 2214 3774; baseline -0.002 -14"><span class='ocrx_word' id='word_1_354' title='bbox 644 3706 749 3760; x_wconf 88' lang='lat' dir='ltr'><strong>lata</strong></span> <span class='ocrx_word' id='word_1_355' title='bbox 785 3722 798 3759; x_wconf 90' lang='lat'>:</span> <span class='ocrx_word' id='word_1_356' title='bbox 833 3706 990 3760; x_wconf 85' lang='lat' dir='ltr'><strong>facies</strong></span> <span class='ocrx_word' id='word_1_357' title='bbox 1039 3705 1232 3774; x_wconf 88' lang='lat' dir='ltr'><strong>quippe</strong></span> <span class='ocrx_word' id='word_1_358' title='bbox 1274 3712 1428 3770; x_wconf 89' lang='lat' dir='ltr'><strong>erat,</strong></span> <span class='ocrx_word' id='word_1_359' title='bbox 1460 3705 1526 3757; x_wconf 91' lang='lat' dir='ltr'><strong>de</strong></span> <span class='ocrx_word' id='word_1_360' title='bbox 1567 3719 1666 3772; x_wconf 88' lang='lat' dir='ltr'><strong>qua</strong></span> <span class='ocrx_word' id='word_1_361' title='bbox 1711 3703 1925 3771; x_wconf 89' lang='lat' dir='ltr'><strong>quidam</strong></span> <span class='ocrx_word' id='word_1_362' title='bbox 1969 3705 2214 3774; x_wconf 64' lang='lat' dir='ltr'><strong>dixerat,</strong></span> 
     </span>
    </p>
   </div>
   <div class='ocr_carea' id='block_1_48' title="bbox 642 3773 2218 3844">
    <p class='ocr_par' dir='ltr' id='par_1_48' title="bbox 642 3773 2218 3844">
     <span class='ocr_line' id='line_1_49' title="bbox 642 3773 2218 3844; baseline -0.001 -14"><span class='ocrx_word' id='word_1_363' title='bbox 642 3776 814 3831; x_wconf 80' lang='lat' dir='ltr'><strong>Frons</strong></span> <span class='ocrx_word' id='word_1_364' title='bbox 863 3773 1142 3830; x_wconf 84' lang='lat' dir='ltr'><strong>hominem</strong></span> <span class='ocrx_word' id='word_1_365' title='bbox 1172 3773 1430 3844; x_wconf 42' lang='lat' dir='ltr'><strong>&#39;prazfert,</strong></span> <span class='ocrx_word' id='word_1_366' title='bbox 1479 3789 1598 3843; x_wconf 80' lang='lat' dir='ltr'><strong>qua:</strong></span> <span class='ocrx_word' id='word_1_367' title='bbox 1647 3774 1748 3842; x_wconf 79' lang='lat' dir='ltr'><strong>tegi</strong></span> <span class='ocrx_word' id='word_1_368' title='bbox 1798 3773 1912 3826; x_wconf 92' lang='lat' dir='ltr'><strong>sine</strong></span> <span class='ocrx_word' id='word_1_369' title='bbox 1955 3773 2218 3829; x_wconf 87' lang='lat' dir='ltr'><strong>dedecore</strong></span> 
     </span>
    </p>
   </div>
   <div class='ocr_carea' id='block_1_49' title="bbox 639 3844 2216 3915">
    <p class='ocr_par' dir='ltr' id='par_1_49' title="bbox 639 3844 2216 3915">
     <span class='ocr_line' id='line_1_50' title="bbox 639 3844 2216 3915; baseline -0.003 -14"><span class='ocrx_word' id='word_1_370' title='bbox 639 3863 748 3901; x_wconf 91' lang='lat' dir='ltr'><strong>non</strong></span> <span class='ocrx_word' id='word_1_371' title='bbox 799 3854 990 3915; x_wconf 90' lang='lat' dir='ltr'><strong>potest.</strong></span> <span class='ocrx_word' id='word_1_372' title='bbox 1036 3846 1367 3899; x_wconf 67' lang='lat' dir='ltr'><strong>Cmterorum</strong></span> <span class='ocrx_word' id='word_1_373' title='bbox 1415 3859 1644 3913; x_wconf 87' lang='lat' dir='ltr'><strong>namque</strong></span> <span class='ocrx_word' id='word_1_374' title='bbox 1687 3844 2216 3915; x_wconf 75' lang='lat' dir='ltr'><strong>membrorumcum</strong></span> 
     </span>
    </p>
   </div>
   <div class='ocr_carea' id='block_1_50' title="bbox 643 3913 2215 3986">
    <p class='ocr_par' dir='ltr' id='par_1_50' title="bbox 643 3913 2215 3986">
     <span class='ocr_line' id='line_1_51' title="bbox 643 3913 2215 3986; baseline -0.001 -18"><span class='ocrx_word' id='word_1_375' title='bbox 643 3913 823 3986; x_wconf 82' lang='lat' dir='ltr'><strong>aliquo</strong></span> <span class='ocrx_word' id='word_1_376' title='bbox 871 3917 999 3986; x_wconf 89' lang='lat' dir='ltr'><strong>vitio</strong></span> <span class='ocrx_word' id='word_1_377' title='bbox 1049 3915 1233 3986; x_wconf 79' lang='lat' dir='ltr'><strong>officia</strong></span> <span class='ocrx_word' id='word_1_378' title='bbox 1275 3915 1707 3982; x_wconf 62' lang='lat' dir='ltr'><strong>praepediuntur,</strong></span> <span class='ocrx_word' id='word_1_379' title='bbox 1759 3913 2012 3986; x_wconf 88' lang='lat' dir='ltr'><strong>nonnulla</strong></span> <span class='ocrx_word' id='word_1_380' title='bbox 2064 3913 2215 3986; x_wconf 83' lang='lat' dir='ltr'><strong>indu-</strong></span> 
     </span>
    </p>
   </div>
   <div class='ocr_carea' id='block_1_51' title="bbox 641 3984 2215 4051">
    <p class='ocr_par' dir='ltr' id='par_1_51' title="bbox 641 3984 2215 4051">
     <span class='ocr_line' id='line_1_52' title="bbox 641 3984 2215 4051; baseline 0 -13"><span class='ocrx_word' id='word_1_381' title='bbox 641 3984 768 4038; x_wconf 68' lang='lat' dir='ltr'><strong>stria</strong></span> <span class='ocrx_word' id='word_1_382' title='bbox 814 3985 994 4039; x_wconf 90' lang='lat' dir='ltr'><strong>rubori</strong></span> <span class='ocrx_word' id='word_1_383' title='bbox 1035 3984 1436 4039; x_wconf 88' lang='lat' dir='ltr'><strong>subtrahuntur.</strong></span> <span class='ocrx_word' id='word_1_384' title='bbox 1480 3986 1548 4037; x_wconf 82' lang='lat' dir='ltr'><strong>At</strong></span> <span class='ocrx_word' id='word_1_385' title='bbox 1575 4000 1702 4038; x_wconf 90' lang='lat' dir='ltr'><strong>vero</strong></span> <span class='ocrx_word' id='word_1_386' title='bbox 1729 3997 1849 4037; x_wconf 89' lang='lat' dir='ltr'><strong>cum</strong></span> <span class='ocrx_word' id='word_1_387' title='bbox 1899 3985 2011 4051; x_wconf 86' lang='lat' dir='ltr'><strong>ipse</strong></span> <span class='ocrx_word' id='word_1_388' title='bbox 2040 3984 2215 4039; x_wconf 85' lang='lat' dir='ltr'><strong>vultus</strong></span> 
     </span>
    </p>
   </div>
   <div class='ocr_carea' id='block_1_52' title="bbox 641 4053 2217 4125">
    <p class='ocr_par' dir='ltr' id='par_1_52' title="bbox 641 4053 2217 4125">
     <span class='ocr_line' id='line_1_53' title="bbox 641 4053 2217 4125; baseline 0.001 -18"><span class='ocrx_word' id='word_1_389' title='bbox 641 4058 814 4125; x_wconf 84' lang='lat' dir='ltr'><strong>aliqua</strong></span> <span class='ocrx_word' id='word_1_390' title='bbox 863 4055 1023 4110; x_wconf 90' lang='lat' dir='ltr'><strong>fuerit.</strong></span> <span class='ocrx_word' id='word_1_391' title='bbox 1077 4054 1317 4110; x_wconf 70' lang='lat' dir='ltr'><strong>fmditate</strong></span> <span class='ocrx_word' id='word_1_392' title='bbox 1369 4062 1644 4125; x_wconf 83' lang='lat' dir='ltr'><strong>turpatus,</strong></span> <span class='ocrx_word' id='word_1_393' title='bbox 1694 4053 1950 4123; x_wconf 85' lang='lat' dir='ltr'><strong>quidquid</strong></span> <span class='ocrx_word' id='word_1_394' title='bbox 1999 4067 2217 4125; x_wconf 81' lang='lat' dir='ltr'><strong>propter</strong></span> 
     </span>
    </p>
   </div>
   <div class='ocr_carea' id='block_1_53' title="bbox 643 4124 2215 4195">
    <p class='ocr_par' dir='ltr' id='par_1_53' title="bbox 643 4124 2215 4195">
     <span class='ocr_line' id='line_1_54' title="bbox 643 4124 2215 4195; baseline 0 -15"><span class='ocrx_word' id='word_1_395' title='bbox 643 4124 1018 4180; x_wconf 75' lang='lat' dir='ltr'><strong>verecundiam</strong></span> <span class='ocrx_word' id='word_1_396' title='bbox 1069 4125 1315 4195; x_wconf 82' lang='lat' dir='ltr'><strong>tegminis</strong></span> <span class='ocrx_word' id='word_1_397' title='bbox 1365 4124 1682 4189; x_wconf 88' lang='lat' dir='ltr'><strong>adhibetur,</strong></span> <span class='ocrx_word' id='word_1_398' title='bbox 1735 4124 2215 4195; x_wconf 81' lang='lat' dir='ltr'><strong>ipsaverecundia</strong></span> 
     </span>
    </p>
   </div>
   <div class='ocr_carea' id='block_1_54' title="bbox 634 4193 2211 4265">
    <p class='ocr_par' dir='ltr' id='par_1_54' title="bbox 634 4193 2211 4265">
     <span class='ocr_line' id='line_1_55' title="bbox 634 4193 2211 4265; baseline -0.001 -17"><span class='ocrx_word' id='word_1_399' title='bbox 634 4197 809 4265; x_wconf 81' lang='lat' dir='ltr'><strong>magis</strong></span> <span class='ocrx_word' id='word_1_400' title='bbox 853 4206 1091 4264; x_wconf 78' lang='lat' dir='ltr'><strong>augetur.</strong></span> <span class='ocrx_word' id='word_1_401' title='bbox 1123 4193 1258 4260; x_wconf 81' lang='lat' dir='ltr'><strong>Quid</strong></span> <span class='ocrx_word' id='word_1_402' title='bbox 1301 4209 1430 4264; x_wconf 80' lang='lat' dir='ltr'><strong>ergo</strong></span> <span class='ocrx_word' id='word_1_403' title='bbox 1473 4196 1674 4248; x_wconf 87' lang='lat' dir='ltr'><strong>faceret</strong></span> <span class='ocrx_word' id='word_1_404' title='bbox 1715 4193 1906 4265; x_wconf 80' lang='lat' dir='ltr'><strong>nobilis</strong></span> <span class='ocrx_word' id='word_1_405' title='bbox 1932 4203 2211 4258; x_wconf 84' lang='lat' dir='ltr'><strong>matrona,</strong></span> 
     </span>
    </p>
   </div>
   <div class='ocr_carea' id='block_1_55' title="bbox 641 4263 2214 4327">
    <p class='ocr_par' dir='ltr' id='par_1_55' title="bbox 641 4263 2214 4327">
     <span class='ocr_line' id='line_1_56' title="bbox 641 4263 2214 4327; baseline 0.003 -13"><span class='ocrx_word' id='word_1_406' title='bbox 641 4263 944 4319; x_wconf 75' lang='lat' dir='ltr'><strong>velamento</strong></span> <span class='ocrx_word' id='word_1_407' title='bbox 991 4266 1321 4319; x_wconf 89' lang='lat' dir='ltr'><strong>abscondens</strong></span> <span class='ocrx_word' id='word_1_408' title='bbox 1372 4263 1464 4319; x_wconf 81' lang='lat' dir='ltr'><strong>Ora</strong></span> <span class='ocrx_word' id='word_1_409' title='bbox 1511 4265 1729 4327; x_wconf 87' lang='lat' dir='ltr'><strong>vitiata,</strong></span> <span class='ocrx_word' id='word_1_410' title='bbox 1779 4263 1902 4317; x_wconf 92' lang='lat' dir='ltr'><strong>dum</strong></span> <span class='ocrx_word' id='word_1_411' title='bbox 1952 4265 2214 4318; x_wconf 83' lang='lat' dir='ltr'><strong>venienti-</strong></span> 
     </span>
    </p>
   </div>
   <div class='ocr_carea' id='block_1_56' title="bbox 639 4333 2209 4403">
    <p class='ocr_par' dir='ltr' id='par_1_56' title="bbox 639 4333 2209 4403">
     <span class='ocr_line' id='line_1_57' title="bbox 639 4333 2209 4403; baseline -0.001 -14"><span class='ocrx_word' id='word_1_412' title='bbox 639 4335 740 4389; x_wconf 86' lang='lat' dir='ltr'><strong>bus</strong></span> <span class='ocrx_word' id='word_1_413' title='bbox 785 4335 1068 4388; x_wconf 89' lang='lat' dir='ltr'><strong>salutatum</strong></span> <span class='ocrx_word' id='word_1_414' title='bbox 1117 4335 1184 4387; x_wconf 90' lang='lat' dir='ltr'><strong>ad</strong></span> <span class='ocrx_word' id='word_1_415' title='bbox 1213 4351 1272 4388; x_wconf 89' lang='lat' dir='ltr'><strong>se</strong></span> <span class='ocrx_word' id='word_1_416' title='bbox 1313 4350 1462 4403; x_wconf 57' lang='lat' dir='ltr'><strong>atque</strong></span> <span class='ocrx_word' id='word_1_417' title='bbox 1507 4335 1625 4387; x_wconf 90' lang='lat' dir='ltr'><strong>aliis</strong></span> <span class='ocrx_word' id='word_1_418' title='bbox 1670 4333 1931 4388; x_wconf 89' lang='lat' dir='ltr'><strong>nobilibus</strong></span> <span class='ocrx_word' id='word_1_419' title='bbox 1962 4334 2209 4402; x_wconf 83' lang='lat' dir='ltr'><strong>feminis,</strong></span> 
     </span>
    </p>
   </div>
   <div class='ocr_carea' id='block_1_57' title="bbox 639 4403 2212 4473">
    <p class='ocr_par' dir='ltr' id='par_1_57' title="bbox 639 4403 2212 4473">
     <span class='ocr_line' id='line_1_58' title="bbox 639 4403 2212 4473; baseline 0.001 -16"><span class='ocrx_word' id='word_1_420' title='bbox 639 4414 733 4457; x_wconf 86' lang='lat' dir='ltr'><strong>aut</strong></span> <span class='ocrx_word' id='word_1_421' title='bbox 775 4405 1013 4457; x_wconf 78' lang='lat' dir='ltr'><strong>osculum</strong></span> <span class='ocrx_word' id='word_1_422' title='bbox 1058 4403 1184 4458; x_wconf 88' lang='lat' dir='ltr'><strong>dare</strong></span> <span class='ocrx_word' id='word_1_423' title='bbox 1207 4445 1223 4470; x_wconf 94' lang='lat'><strong>,</strong></span> <span class='ocrx_word' id='word_1_424' title='bbox 1252 4413 1344 4457; x_wconf 90' lang='lat' dir='ltr'><strong>aut</strong></span> <span class='ocrx_word' id='word_1_425' title='bbox 1387 4417 1687 4458; x_wconf 88' lang='lat' dir='ltr'><strong>sermonem</strong></span> <span class='ocrx_word' id='word_1_426' title='bbox 1729 4403 1976 4458; x_wconf 84' lang='lat' dir='ltr'><strong>conferre</strong></span> <span class='ocrx_word' id='word_1_427' title='bbox 1999 4446 2015 4470; x_wconf 95' lang='lat'><strong>,</strong></span> <span class='ocrx_word' id='word_1_428' title='bbox 2048 4405 2212 4473; x_wconf 90' lang='lat' dir='ltr'><strong>ipsius</strong></span> 
     </span>
    </p>
   </div>
   <div class='ocr_carea' id='block_1_58' title="bbox 641 4474 2213 4543">
    <p class='ocr_par' dir='ltr' id='par_1_58' title="bbox 641 4474 2213 4543">
     <span class='ocr_line' id='line_1_59' title="bbox 641 4474 2213 4543; baseline 0.003 -19"><span class='ocrx_word' id='word_1_429' title='bbox 641 4476 761 4527; x_wconf 75' lang='lat' dir='ltr'><strong>vine</strong></span> <span class='ocrx_word' id='word_1_430' title='bbox 791 4475 1020 4529; x_wconf 87' lang='lat' dir='ltr'><strong>societas</strong></span> <span class='ocrx_word' id='word_1_431' title='bbox 1066 4483 1224 4543; x_wconf 92' lang='lat' dir='ltr'><strong>atque</strong></span> <span class='ocrx_word' id='word_1_432' title='bbox 1271 4474 1569 4527; x_wconf 88' lang='lat' dir='ltr'><strong>humanitas</strong></span> <span class='ocrx_word' id='word_1_433' title='bbox 1613 4475 1996 4540; x_wconf 85' lang='lat' dir='ltr'><strong>compulisset,</strong></span> <span class='ocrx_word' id='word_1_434' title='bbox 2032 4484 2088 4528; x_wconf 94' lang='lat' dir='ltr'><strong>ut</strong></span> <span class='ocrx_word' id='word_1_435' title='bbox 2136 4487 2213 4528; x_wconf 90' lang='lat' dir='ltr'><strong>ta-</strong></span> 
     </span>
    </p>
   </div>
   <div class='ocr_carea' id='block_1_59' title="bbox 635 4544 2215 4613">
    <p class='ocr_par' dir='ltr' id='par_1_59' title="bbox 635 4544 2215 4613">
     <span class='ocr_line' id='line_1_60' title="bbox 635 4544 2215 4613; baseline 0 -15"><span class='ocrx_word' id='word_1_436' title='bbox 635 4561 788 4598; x_wconf 80' lang='lat' dir='ltr'><strong>ceam</strong></span> <span class='ocrx_word' id='word_1_437' title='bbox 817 4545 884 4598; x_wconf 90' lang='lat' dir='ltr'><strong>de</strong></span> <span class='ocrx_word' id='word_1_438' title='bbox 927 4544 1048 4598; x_wconf 88' lang='lat' dir='ltr'><strong>cibo</strong></span> <span class='ocrx_word' id='word_1_439' title='bbox 1071 4555 1126 4599; x_wconf 92' lang='lat' dir='ltr'><strong>ct</strong></span> <span class='ocrx_word' id='word_1_440' title='bbox 1170 4554 1333 4613; x_wconf 88' lang='lat' dir='ltr'><strong>potu,</strong></span> <span class='ocrx_word' id='word_1_441' title='bbox 1359 4544 1499 4612; x_wconf 91' lang='lat' dir='ltr'><strong>quod</strong></span> <span class='ocrx_word' id='word_1_442' title='bbox 1543 4544 1627 4597; x_wconf 83' lang='lat' dir='ltr'><strong>vix</strong></span> <span class='ocrx_word' id='word_1_443' title='bbox 1653 4559 1793 4611; x_wconf 63' lang='lat' dir='ltr'><strong>a&#39;gre</strong></span> <span class='ocrx_word' id='word_1_444' title='bbox 1835 4552 2040 4612; x_wconf 84' lang='lat' dir='ltr'><strong>poterat</strong></span> <span class='ocrx_word' id='word_1_445' title='bbox 2065 4561 2215 4598; x_wconf 91' lang='lat' dir='ltr'><strong>man-</strong></span> 
     </span>
    </p>
   </div>
   <div class='ocr_carea' id='block_1_60' title="bbox 637 4613 2213 4684">
    <p class='ocr_par' dir='ltr' id='par_1_60' title="bbox 637 4613 2213 4684">
     <span class='ocr_line' id='line_1_61' title="bbox 637 4613 2213 4684; baseline 0.001 -15"><span class='ocrx_word' id='word_1_446' title='bbox 637 4618 837 4669; x_wconf 88' lang='lat' dir='ltr'><strong>ducare</strong></span> <span class='ocrx_word' id='word_1_447' title='bbox 865 4615 946 4668; x_wconf 93' lang='lat' dir='ltr'><strong>vel</strong></span> <span class='ocrx_word' id='word_1_448' title='bbox 993 4614 1246 4669; x_wconf 72' lang='lat' dir='ltr'><strong>hauriret</strong></span> <span class='ocrx_word' id='word_1_449' title='bbox 1275 4613 1509 4683; x_wconf 86' lang='lat' dir='ltr'><strong>Namque</strong></span> <span class='ocrx_word' id='word_1_450' title='bbox 1538 4614 1804 4682; x_wconf 81' lang='lat' dir='ltr'><strong>ingenium</strong></span> <span class='ocrx_word' id='word_1_451' title='bbox 1851 4613 2213 4684; x_wconf 83' lang='lat' dir='ltr'><strong>industriaque</strong></span> 
     </span>
    </p>
   </div>
   <div class='ocr_carea' id='block_1_61' title="bbox 642 4684 2209 4751">
    <p class='ocr_par' dir='ltr' id='par_1_61' title="bbox 642 4684 2209 4751">
     <span class='ocr_line' id='line_1_62' title="bbox 642 4684 2209 4751; baseline 0.003 -15"><span class='ocrx_word' id='word_1_452' title='bbox 642 4684 967 4739; x_wconf 89' lang='lat' dir='ltr'><strong>medicorum</strong></span> <span class='ocrx_word' id='word_1_453' title='bbox 1013 4684 1101 4738; x_wconf 91' lang='lat' dir='ltr'><strong>diu</strong></span> <span class='ocrx_word' id='word_1_454' title='bbox 1151 4685 1477 4751; x_wconf 89' lang='lat' dir='ltr'><strong>multumque</strong></span> <span class='ocrx_word' id='word_1_455' title='bbox 1521 4687 1658 4736; x_wconf 88' lang='lat' dir='ltr'><strong>circa</strong></span> <span class='ocrx_word' id='word_1_456' title='bbox 1703 4700 1819 4738; x_wconf 89' lang='lat' dir='ltr'><strong>eam</strong></span> <span class='ocrx_word' id='word_1_457' title='bbox 1862 4685 2209 4740; x_wconf 85' lang='lat' dir='ltr'><strong>laborantium</strong></span> 
     </span>
    </p>
   </div>
   <div class='ocr_carea' id='block_1_62' title="bbox 639 4753 2212 4824">
    <p class='ocr_par' dir='ltr' id='par_1_62' title="bbox 639 4753 2212 4824">
     <span class='ocr_line' id='line_1_63' title="bbox 639 4753 2212 4824; baseline 0.001 -16"><span class='ocrx_word' id='word_1_458' title='bbox 639 4753 874 4818; x_wconf 76' lang='lat' dir='ltr'><strong>frustra,</strong></span> <span class='ocrx_word' id='word_1_459' title='bbox 908 4770 1013 4808; x_wconf 92' lang='lat' dir='ltr'><strong>non</strong></span> <span class='ocrx_word' id='word_1_460' title='bbox 1060 4755 1230 4824; x_wconf 85' lang='lat' dir='ltr'><strong>solum</strong></span> <span class='ocrx_word' id='word_1_461' title='bbox 1284 4754 1412 4808; x_wconf 88' lang='lat' dir='ltr'><strong>nihil</strong></span> <span class='ocrx_word' id='word_1_462' title='bbox 1460 4754 1643 4808; x_wconf 89' lang='lat' dir='ltr'><strong>salutis</strong></span> <span class='ocrx_word' id='word_1_463' title='bbox 1690 4755 1738 4807; x_wconf 90' lang='lat' dir='ltr'><strong>ei</strong></span> <span class='ocrx_word' id='word_1_464' title='bbox 1769 4755 2010 4808; x_wconf 88' lang='lat' dir='ltr'><strong>conferre</strong></span> <span class='ocrx_word' id='word_1_465' title='bbox 2059 4767 2212 4824; x_wconf 85' lang='lat' dir='ltr'><strong>pote-</strong></span> 
     </span>
    </p>
   </div>
   <div class='ocr_carea' id='block_1_63' title="bbox 639 4823 2212 4894">
    <p class='ocr_par' dir='ltr' id='par_1_63' title="bbox 639 4823 2212 4894">
     <span class='ocr_line' id='line_1_64' title="bbox 639 4823 2212 4894; baseline 0.002 -16"><span class='ocrx_word' id='word_1_466' title='bbox 639 4836 760 4889; x_wconf 80' lang='lat' dir='ltr'><strong>rat,</strong></span> <span class='ocrx_word' id='word_1_467' title='bbox 795 4840 976 4879; x_wconf 85' lang='lat' dir='ltr'><strong>verum</strong></span> <span class='ocrx_word' id='word_1_468' title='bbox 1020 4823 1179 4878; x_wconf 87' lang='lat' dir='ltr'><strong>etiam</strong></span> <span class='ocrx_word' id='word_1_469' title='bbox 1225 4825 1276 4878; x_wconf 92' lang='lat' dir='ltr'><strong>in</strong></span> <span class='ocrx_word' id='word_1_470' title='bbox 1323 4826 1758 4894; x_wconf 12' lang='lat' dir='ltr'><strong>deteriusicausa</strong></span> <span class='ocrx_word' id='word_1_471' title='bbox 1801 4823 2073 4894; x_wconf 80' lang='lat' dir='ltr'><strong>pergebat.</strong></span> <span class='ocrx_word' id='word_1_472' title='bbox 2104 4825 2212 4880; x_wconf 72' lang='lat' dir='ltr'><strong>Nec</strong></span> 
     </span>
    </p>
   </div>
   <div class='ocr_carea' id='block_1_64' title="bbox 643 4893 2211 4965">
    <p class='ocr_par' dir='ltr' id='par_1_64' title="bbox 643 4893 2211 4965">
     <span class='ocr_line' id='line_1_65' title="bbox 643 4893 2211 4965; baseline 0.001 -17"><span class='ocrx_word' id='word_1_473' title='bbox 643 4895 907 4948; x_wconf 90' lang='lat' dir='ltr'><strong>immerito</strong></span> <span class='ocrx_word' id='word_1_474' title='bbox 956 4910 970 4948; x_wconf 89' lang='lat'><strong>:</strong></span> <span class='ocrx_word' id='word_1_475' title='bbox 1021 4895 1086 4948; x_wconf 93' lang='lat' dir='ltr'><strong>ab</strong></span> <span class='ocrx_word' id='word_1_476' title='bbox 1115 4895 1222 4965; x_wconf 80' lang='lat' dir='ltr'><strong>illo</strong></span> <span class='ocrx_word' id='word_1_477' title='bbox 1267 4895 1409 4965; x_wconf 86' lang='lat' dir='ltr'><strong>enim</strong></span> <span class='ocrx_word' id='word_1_478' title='bbox 1457 4893 1732 4947; x_wconf 86' lang='lat' dir='ltr'><strong>conditore</strong></span> <span class='ocrx_word' id='word_1_479' title='bbox 1777 4893 2211 4965; x_wconf 34' lang='lat' dir='ltr'><strong>e’t_redei_nptore</strong></span> 
     </span>
    </p>
   </div>
   <div class='ocr_carea' id='block_1_65' title="bbox 641 4963 2210 5030">
    <p class='ocr_par' dir='ltr' id='par_1_65' title="bbox 641 4963 2210 5030">
     <span class='ocr_line' id='line_1_66' title="bbox 641 4963 2210 5030; baseline 0.001 -12"><span class='ocrx_word' id='word_1_480' title='bbox 641 4966 816 5019; x_wconf 92' lang='lat' dir='ltr'><strong>omnis</strong></span> <span class='ocrx_word' id='word_1_481' title='bbox 861 4973 1063 5018; x_wconf 73' lang='lat' dir='ltr'><strong>natura:</strong></span> <span class='ocrx_word' id='word_1_482' title='bbox 1114 4964 1222 5018; x_wconf 91' lang='lat' dir='ltr'><strong>Deo</strong></span> <span class='ocrx_word' id='word_1_483' title='bbox 1270 4963 1500 5017; x_wconf 91' lang='lat' dir='ltr'><strong>nondum</strong></span> <span class='ocrx_word' id='word_1_484' title='bbox 1549 4965 1601 5017; x_wconf 91' lang='lat' dir='ltr'><strong>in</strong></span> <span class='ocrx_word' id='word_1_485' title='bbox 1650 4965 1738 5017; x_wconf 91' lang='lat' dir='ltr'><strong>illa</strong></span> <span class='ocrx_word' id='word_1_486' title='bbox 1785 4963 2210 5030; x_wconf 75' lang='lat' dir='ltr'><strong>reformabatur,</strong></span> 
     </span>
    </p>
   </div>
   <div class='ocr_carea' id='block_1_66' title="bbox 638 5034 2211 5104">
    <p class='ocr_par' dir='ltr' id='par_1_66' title="bbox 638 5034 2211 5104">
     <span class='ocr_line' id='line_1_67' title="bbox 638 5034 2211 5104; baseline -0.002 -13"><span class='ocrx_word' id='word_1_487' title='bbox 638 5035 780 5104; x_wconf 82' lang='lat' dir='ltr'><strong>quod</strong></span> <span class='ocrx_word' id='word_1_488' title='bbox 831 5035 1040 5088; x_wconf 90' lang='lat' dir='ltr'><strong>nonnisi</strong></span> <span class='ocrx_word' id='word_1_489' title='bbox 1086 5034 1200 5103; x_wconf 90' lang='lat' dir='ltr'><strong>ejus</strong></span> <span class='ocrx_word' id='word_1_490' title='bbox 1229 5035 1422 5088; x_wconf 84' lang='lat' dir='ltr'><strong>virtute</strong></span> <span class='ocrx_word' id='word_1_491' title='bbox 1466 5034 1760 5104; x_wconf 81' lang='lat' dir='ltr'><strong>formatur,</strong></span> <span class='ocrx_word' id='word_1_492' title='bbox 1791 5050 1941 5101; x_wconf 68' lang='lat' dir='ltr'><strong>cuius</strong></span> <span class='ocrx_word' id='word_1_493' title='bbox 1986 5049 2211 5089; x_wconf 89' lang='lat' dir='ltr'><strong>censura</strong></span> 
     </span>
    </p>
   </div>
   <div class='ocr_carea' id='block_1_67' title="bbox 639 5103 2208 5172">
    <p class='ocr_par' dir='ltr' id='par_1_67' title="bbox 639 5103 2208 5172">
     <span class='ocr_line' id='line_1_68' title="bbox 639 5103 2208 5172; baseline 0.002 -17"><span class='ocrx_word' id='word_1_494' title='bbox 639 5103 800 5159; x_wconf 81' lang='lat' dir='ltr'><strong>omne</strong></span> <span class='ocrx_word' id='word_1_495' title='bbox 849 5104 1078 5160; x_wconf 90' lang='lat' dir='ltr'><strong>hominis</strong></span> <span class='ocrx_word' id='word_1_496' title='bbox 1124 5119 1316 5172; x_wconf 89' lang='lat' dir='ltr'><strong>corpus</strong></span> <span class='ocrx_word' id='word_1_497' title='bbox 1365 5114 1418 5156; x_wconf 93' lang='lat' dir='ltr'><strong>et</strong></span> <span class='ocrx_word' id='word_1_498' title='bbox 1469 5103 1745 5172; x_wconf 88' lang='lat' dir='ltr'><strong>disciplina</strong></span> <span class='ocrx_word' id='word_1_499' title='bbox 1793 5105 2208 5170; x_wconf 77' lang='lat' dir='ltr'><strong>constringitur,</strong></span> 
     </span>
    </p>
   </div>
   <div class='ocr_carea' id='block_1_68' title="bbox 638 5173 2211 5241">
    <p class='ocr_par' dir='ltr' id='par_1_68' title="bbox 638 5173 2211 5241">
     <span class='ocr_line' id='line_1_69' title="bbox 638 5173 2211 5241; baseline 0 -13"><span class='ocrx_word' id='word_1_500' title='bbox 638 5184 694 5228; x_wconf 88' lang='lat' dir='ltr'><strong>et</strong></span> <span class='ocrx_word' id='word_1_501' title='bbox 741 5173 1002 5228; x_wconf 85' lang='lat' dir='ltr'><strong>medicina</strong></span> <span class='ocrx_word' id='word_1_502' title='bbox 1051 5175 1280 5226; x_wconf 84' lang='lat' dir='ltr'><strong>laxatur.</strong></span> <span class='ocrx_word' id='word_1_503' title='bbox 1329 5173 1442 5226; x_wconf 89' lang='lat' dir='ltr'><strong>Tali</strong></span> <span class='ocrx_word' id='word_1_504' title='bbox 1493 5174 1649 5241; x_wconf 79' lang='lat' dir='ltr'><strong>igitur</strong></span> <span class='ocrx_word' id='word_1_505' title='bbox 1693 5173 1931 5228; x_wconf 84' lang='lat' dir='ltr'><strong>confecta</strong></span> <span class='ocrx_word' id='word_1_506' title='bbox 1978 5189 2211 5228; x_wconf 61' lang='lat' dir='ltr'><strong>maerore</strong></span> 
     </span>
    </p>
   </div>
   <div class='ocr_carea' id='block_1_69' title="bbox 638 5243 2212 5312">
    <p class='ocr_par' dir='ltr' id='par_1_69' title="bbox 638 5243 2212 5312">
     <span class='ocr_line' id='line_1_70' title="bbox 638 5243 2212 5312; baseline 0.001 -16"><span class='ocrx_word' id='word_1_507' title='bbox 638 5259 702 5297; x_wconf 92' lang='lat' dir='ltr'><strong>ac</strong></span> <span class='ocrx_word' id='word_1_508' title='bbox 755 5246 939 5297; x_wconf 89' lang='lat' dir='ltr'><strong>dolore</strong></span> <span class='ocrx_word' id='word_1_509' title='bbox 971 5285 985 5308; x_wconf 93' lang='lat'><strong>,</strong></span> <span class='ocrx_word' id='word_1_510' title='bbox 1053 5260 1150 5298; x_wconf 90' lang='lat' dir='ltr'><strong>nec</strong></span> <span class='ocrx_word' id='word_1_511' title='bbox 1202 5257 1656 5312; x_wconf 90' lang='lat' dir='ltr'><strong>quorumcumque</strong></span> <span class='ocrx_word' id='word_1_512' title='bbox 1715 5243 2068 5297; x_wconf 89' lang='lat' dir='ltr'><strong>remediorum</strong></span> <span class='ocrx_word' id='word_1_513' title='bbox 2123 5253 2212 5298; x_wconf 89' lang='lat' dir='ltr'><strong>aut</strong></span> 
     </span>
    </p>
   </div>
   <div class='ocr_carea' id='block_1_70' title="bbox 642 5313 2209 5382">
    <p class='ocr_par' dir='ltr' id='par_1_70' title="bbox 642 5313 2209 5382">
     <span class='ocr_line' id='line_1_71' title="bbox 642 5313 2209 5382; baseline 0 -16"><span class='ocrx_word' id='word_1_514' title='bbox 642 5318 1148 5368; x_wconf 85' lang='lat' dir='ltr'><strong>medicamentorum</strong></span> <span class='ocrx_word' id='word_1_515' title='bbox 1202 5315 1310 5366; x_wconf 92' lang='lat' dir='ltr'><strong>ullo</strong></span> <span class='ocrx_word' id='word_1_516' title='bbox 1357 5313 1533 5382; x_wconf 89' lang='lat' dir='ltr'><strong>adjuta</strong></span> <span class='ocrx_word' id='word_1_517' title='bbox 1584 5313 1887 5376; x_wconf 89' lang='lat' dir='ltr'><strong>levamine,</strong></span> <span class='ocrx_word' id='word_1_518' title='bbox 1944 5313 2054 5366; x_wconf 85' lang='lat' dir='ltr'><strong>fere</strong></span> <span class='ocrx_word' id='word_1_519' title='bbox 2099 5313 2209 5382; x_wconf 88' lang='lat' dir='ltr'><strong>jam</strong></span> 
     </span>
    </p>
   </div>
   <div class='ocr_carea' id='block_1_71' title="bbox 641 5383 2213 5452">
    <p class='ocr_par' dir='ltr' id='par_1_71' title="bbox 641 5383 2213 5452">
     <span class='ocr_line' id='line_1_72' title="bbox 641 5383 2213 5452; baseline 0.002 -17"><span class='ocrx_word' id='word_1_520' title='bbox 641 5395 797 5436; x_wconf 72' lang='lat' dir='ltr'><strong>sexto</strong></span> <span class='ocrx_word' id='word_1_521' title='bbox 851 5399 1032 5438; x_wconf 77' lang='lat' dir='ltr'><strong>mense</strong></span> <span class='ocrx_word' id='word_1_522' title='bbox 1065 5424 1079 5446; x_wconf 92' lang='lat'><strong>,</strong></span> <span class='ocrx_word' id='word_1_523' title='bbox 1139 5383 1456 5437; x_wconf 78' lang='lat' dir='ltr'><strong>labefactum</strong></span> <span class='ocrx_word' id='word_1_524' title='bbox 1510 5383 1678 5436; x_wconf 85' lang='lat' dir='ltr'><strong>fuerat</strong></span> <span class='ocrx_word' id='word_1_525' title='bbox 1728 5383 1964 5435; x_wconf 68' lang='lat' dir='ltr'><strong>delicatae</strong></span> <span class='ocrx_word' id='word_1_526' title='bbox 2020 5398 2213 5452; x_wconf 81' lang='lat' dir='ltr'><strong>corpus</strong></span> 
     </span>
    </p>
   </div>
   <div class='ocr_carea' id='block_1_72' title="bbox 638 5453 2211 5533">
    <p class='ocr_par' dir='ltr' id='par_1_72' title="bbox 638 5453 2211 5533">
     <span class='ocr_line' id='line_1_73' title="bbox 638 5453 2211 5533; baseline 0.003 -30"><span class='ocrx_word' id='word_1_527' title='bbox 638 5455 955 5533; x_wconf 81' lang='lat' dir='ltr'><strong>animusque</strong></span> <span class='ocrx_word' id='word_1_528' title='bbox 1002 5453 1314 5533; x_wconf 47' lang='lat' dir='ltr'><strong>puellm-.91)</strong></span> <span class='ocrx_word' id='word_1_529' title='bbox 1355 5470 1512 5533; x_wconf 85' lang='lat' dir='ltr'><strong>quam</strong></span> <span class='ocrx_word' id='word_1_530' title='bbox 1541 5467 1668 5533; x_wconf 78' lang='lat' dir='ltr'><strong>_reu_i</strong></span> <span class='ocrx_word' id='word_1_531' title='bbox 1714 5454 1874 5505; x_wconf 88' lang='lat' dir='ltr'><strong>etiam</strong></span> <span class='ocrx_word' id='word_1_532' title='bbox 1904 5453 2045 5533; x_wconf 72' lang='lat' dir='ltr'><strong>illud</strong></span> <span class='ocrx_word' id='word_1_533' title='bbox 2070 5455 2211 5522; x_wconf 86' lang='lat' dir='ltr'><strong>quod</strong></span> 
     </span>
    </p>
   </div>
   <div class='ocr_carea' id='block_1_73' title="bbox 641 5522 2213 5592">
    <p class='ocr_par' dir='ltr' id='par_1_73' title="bbox 641 5522 2213 5592">
     <span class='ocr_line' id='line_1_74' title="bbox 641 5522 2213 5592; baseline 0.004 -21"><span class='ocrx_word' id='word_1_534' title='bbox 641 5525 879 5589; x_wconf 74' lang='lat' dir='ltr'><strong>gestabat</strong></span> <span class='ocrx_word' id='word_1_535' title='bbox 906 5540 934 5575; x_wconf 90' lang='lat' dir='ltr'><strong>a</strong></span> <span class='ocrx_word' id='word_1_536' title='bbox 967 5525 1108 5576; x_wconf 85' lang='lat' dir='ltr'><strong>vitali</strong></span> <span class='ocrx_word' id='word_1_537' title='bbox 1148 5523 1334 5590; x_wconf 89' lang='lat' dir='ltr'><strong>spiritu</strong></span> <span class='ocrx_word' id='word_1_538' title='bbox 1373 5522 1479 5590; x_wconf 86' lang='lat' dir='ltr'><strong>jam</strong></span> <span class='ocrx_word' id='word_1_539' title='bbox 1521 5522 1869 5592; x_wconf 85' lang='lat' dir='ltr'><strong>destitutum,</strong></span> <span class='ocrx_word' id='word_1_540' title='bbox 1903 5527 2036 5576; x_wconf 89' lang='lat' dir='ltr'><strong>intra</strong></span> <span class='ocrx_word' id='word_1_541' title='bbox 2064 5534 2213 5592; x_wconf 86' lang='lat' dir='ltr'><strong>septa</strong></span> 
     </span>
    </p>
   </div>
   <div class='ocr_carea' id='block_1_74' title="bbox 645 5591 2214 5661">
    <p class='ocr_par' dir='ltr' id='par_1_74' title="bbox 645 5591 2214 5661">
     <span class='ocr_line' id='line_1_75' title="bbox 645 5591 2214 5661; baseline 0.004 -22"><span class='ocrx_word' id='word_1_542' title='bbox 645 5594 909 5644; x_wconf 87' lang='lat' dir='ltr'><strong>viscerum</strong></span> <span class='ocrx_word' id='word_1_543' title='bbox 961 5593 1219 5645; x_wconf 83' lang='lat' dir='ltr'><strong>retinebat</strong></span> <span class='ocrx_word' id='word_1_544' title='bbox 1263 5601 1582 5646; x_wconf 87' lang='lat' dir='ltr'><strong>emortuum.</strong></span> <span class='ocrx_word' id='word_1_545' title='bbox 1636 5591 1706 5644; x_wconf 89' lang='lat' dir='ltr'><strong>lta</strong></span> <span class='ocrx_word' id='word_1_546' title='bbox 1753 5607 1872 5644; x_wconf 90' lang='lat' dir='ltr'><strong>cum</strong></span> <span class='ocrx_word' id='word_1_547' title='bbox 1925 5594 2068 5661; x_wconf 89' lang='lat' dir='ltr'><strong>prius</strong></span> <span class='ocrx_word' id='word_1_548' title='bbox 2114 5591 2214 5646; x_wconf 82' lang='lat' dir='ltr'><strong>sub</strong></span> 
     </span>
    </p>
   </div>
   <div class='ocr_carea' id='block_1_75' title="bbox 642 5661 2215 5730">
    <p class='ocr_par' dir='ltr' id='par_1_75' title="bbox 642 5661 2215 5730">
     <span class='ocr_line' id='line_1_76' title="bbox 642 5661 2215 5730; baseline 0.004 -18"><span class='ocrx_word' id='word_1_549' title='bbox 642 5675 750 5712; x_wconf 88' lang='lat' dir='ltr'><strong>uno</strong></span> <span class='ocrx_word' id='word_1_550' title='bbox 796 5662 1052 5730; x_wconf 86' lang='lat' dir='ltr'><strong>paralysis</strong></span> <span class='ocrx_word' id='word_1_551' title='bbox 1080 5663 1204 5715; x_wconf 87' lang='lat' dir='ltr'><strong>vitio</strong></span> <span class='ocrx_word' id='word_1_552' title='bbox 1239 5662 1350 5730; x_wconf 87' lang='lat' dir='ltr'><strong>jam</strong></span> <span class='ocrx_word' id='word_1_553' title='bbox 1394 5664 1504 5730; x_wconf 79' lang='lat' dir='ltr'><strong>ipsa</strong></span> <span class='ocrx_word' id='word_1_554' title='bbox 1532 5661 1638 5716; x_wconf 86' lang='lat' dir='ltr'><strong>vita</strong></span> <span class='ocrx_word' id='word_1_555' title='bbox 1673 5661 1956 5730; x_wconf 74' lang='lat' dir='ltr'><strong>horreret,</strong></span> <span class='ocrx_word' id='word_1_556' title='bbox 1989 5665 2215 5719; x_wconf 85' lang='lat' dir='ltr'><strong>accessit</strong></span> 
     </span>
    </p>
   </div>
   <div class='ocr_carea' id='block_1_76' title="bbox 706 5789 1582 5855">
    <p class='ocr_par' dir='ltr' id='par_1_76' title="bbox 706 5789 1582 5855">
     <span class='ocr_line' id='line_1_77' title="bbox 706 5789 1582 5855; baseline 0.007 -19"><span class='ocrx_word' id='word_1_557' title='bbox 706 5796 722 5820; x_wconf 78' lang='grc' dir='ltr'><strong>ι</strong></span> <span class='ocrx_word' id='word_1_558' title='bbox 754 5795 894 5838; x_wconf 76' lang='lat' dir='ltr'><strong>Forte</strong></span> <span class='ocrx_word' id='word_1_559' title='bbox 917 5789 1197 5850; x_wconf 78' lang='lat' dir='ltr'><strong>legendum,</strong></span> <span class='ocrx_word' id='word_1_560' title='bbox 1222 5799 1462 5855; x_wconf 82' lang='lat' dir='ltr'><strong>concepta.</strong></span> <span class='ocrx_word' id='word_1_561' title='bbox 1526 5800 1582 5842; x_wconf 79' lang='lat' dir='ltr'><strong>Il.</strong></span> 
     </span>
    </p>
   </div>
   <div class='ocr_carea' id='block_1_77' title="bbox 1430 361 3802 441">
    <p class='ocr_par' dir='ltr' id='par_1_77' title="bbox 1430 361 3802 441">
     <span class='ocr_line' id='line_1_78' title="bbox 1430 361 3802 441; baseline -0.003 -17"><span class='ocrx_word' id='word_1_562' title='bbox 1430 367 1790 424; x_wconf 77' lang='lat' dir='ltr'><strong>APPENDIX.</strong></span> <span class='ocrx_word' id='word_1_563' title='bbox 1823 397 1894 407; x_wconf 93' lang='lat'><strong>—</strong></span> <span class='ocrx_word' id='word_1_564' title='bbox 1933 364 2018 419; x_wconf 83' lang='lat' dir='ltr'><strong>DE</strong></span> <span class='ocrx_word' id='word_1_565' title='bbox 2053 361 2412 418; x_wconf 73' lang='lat' dir='ltr'><strong>MlRACULlS</strong></span> <span class='ocrx_word' id='word_1_566' title='bbox 2448 362 2685 418; x_wconf 76' lang='lat' dir='ltr'><strong>S.\NCTI</strong></span> <span class='ocrx_word' id='word_1_567' title='bbox 2725 363 3055 420; x_wconf 62' lang='lat' dir='ltr'><strong>STEPHANI</strong></span> <span class='ocrx_word' id='word_1_568' title='bbox 3735 381 3802 441; x_wconf 64' lang='grc' dir='ltr'><strong>οη</strong></span> 
     </span>
    </p>
   </div>
   <div class='ocr_carea' id='block_1_78' title="bbox 2339 476 3801 558">
    <p class='ocr_par' dir='ltr' id='par_1_78' title="bbox 2339 476 3801 558">
     <span class='ocr_line' id='line_1_79' title="bbox 2339 476 3801 558; baseline 0.008 -29"><span class='ocrx_word' id='word_1_569' title='bbox 2339 476 2480 558; x_wconf 79' lang='lat' dir='ltr'><strong>aliud</strong></span> <span class='ocrx_word' id='word_1_570' title='bbox 2512 479 2825 558; x_wconf 73' lang='lat' dir='ltr'><strong>_gra\&#39;itts__et_</strong></span> <span class='ocrx_word' id='word_1_571' title='bbox 2851 479 3192 547; x_wconf 83' lang='lat' dir='ltr'><strong>periculosius</strong></span> <span class='ocrx_word' id='word_1_572' title='bbox 3216 521 3231 541; x_wconf 86' lang='lat'><strong>.</strong></span> <span class='ocrx_word' id='word_1_573' title='bbox 3264 481 3401 558; x_wconf 67' lang='lat' dir='ltr'><strong>unde</strong></span> <span class='ocrx_word' id='word_1_574' title='bbox 3427 486 3636 558; x_wconf 70' lang='lat' dir='ltr'><strong>necipu</strong></span> <span class='ocrx_word' id='word_1_575' title='bbox 3658 493 3801 558; x_wconf 65' lang='lat' dir='ltr'><strong>quite.</strong></span> 
     </span>
    </p>
   </div>
   <div class='ocr_carea' id='block_1_79' title="bbox 2336 547 3801 625">
    <p class='ocr_par' dir='ltr' id='par_1_79' title="bbox 2336 547 3801 625">
     <span class='ocr_line' id='line_1_80' title="bbox 2336 547 3801 625; baseline 0.01 -26"><span class='ocrx_word' id='word_1_576' title='bbox 2336 547 2544 625; x_wconf 65' lang='lat' dir='ltr'><strong>vivendi</strong></span> <span class='ocrx_word' id='word_1_577' title='bbox 2596 549 2912 625; x_wconf 77' lang='lat' dir='ltr'><strong>possibilitas</strong></span> <span class='ocrx_word' id='word_1_578' title='bbox 2945 561 3274 625; x_wconf 66' lang='lat' dir='ltr'><strong>remaneret.</strong></span> <span class='ocrx_word' id='word_1_579' title='bbox 3328 552 3455 606; x_wconf 83' lang='lat' dir='ltr'><strong>Nam</strong></span> <span class='ocrx_word' id='word_1_580' title='bbox 3503 547 3721 625; x_wconf 55' lang='lat' dir='ltr'><strong>si&#39;puella</strong></span> <span class='ocrx_word' id='word_1_581' title='bbox 3752 547 3801 619; x_wconf 47' lang='lat' dir='ltr'><strong>sic</strong></span> 
     </span>
    </p>
   </div>
   <div class='ocr_carea' id='block_1_80' title="bbox 2336 616 3804 698">
    <p class='ocr_par' dir='ltr' id='par_1_80' title="bbox 2336 616 3804 698">
     <span class='ocr_line' id='line_1_81' title="bbox 2336 616 3804 698; baseline -0.001 -28"><span class='ocrx_word' id='word_1_582' title='bbox 2336 616 2605 698; x_wconf 79' lang='lat' dir='ltr'><strong>defecerat</strong></span> <span class='ocrx_word' id='word_1_583' title='bbox 2645 621 2744 671; x_wconf 91' lang='lat' dir='ltr'><strong>sub</strong></span> <span class='ocrx_word' id='word_1_584' title='bbox 2784 619 2958 672; x_wconf 86' lang='lat' dir='ltr'><strong>vitiosi</strong></span> <span class='ocrx_word' id='word_1_585' title='bbox 2999 619 3328 698; x_wconf 84' lang='lat' dir='ltr'><strong>oris_labore</strong></span> <span class='ocrx_word' id='word_1_586' title='bbox 3353 664 3369 685; x_wconf 90' lang='lat'><strong>,</strong></span> <span class='ocrx_word' id='word_1_587' title='bbox 3413 616 3653 698; x_wconf 61' lang='lat' dir='ltr'><strong>quomode</strong></span> 
     </span>
    </p>
   </div>
   <div class='ocr_carea' id='block_1_81' title="bbox 2337 687 3806 760">
    <p class='ocr_par' dir='ltr' id='par_1_81' title="bbox 2337 687 3806 760">
     <span class='ocr_line' id='line_1_82' title="bbox 2337 687 3806 760; baseline 0.009 -21"><span class='ocrx_word' id='word_1_588' title='bbox 2337 687 2513 760; x_wconf 81' lang='lat' dir='ltr'><strong>vivere</strong></span> <span class='ocrx_word' id='word_1_589' title='bbox 2556 703 2676 741; x_wconf 86' lang='lat' dir='ltr'><strong>cum</strong></span> <span class='ocrx_word' id='word_1_590' title='bbox 2710 699 3050 760; x_wconf 86' lang='lat' dir='ltr'><strong>mortuorum</strong></span> <span class='ocrx_word' id='word_1_591' title='bbox 3093 690 3352 743; x_wconf 81' lang='lat' dir='ltr'><strong>viscerum</strong></span> <span class='ocrx_word' id='word_1_592' title='bbox 3393 687 3712 760; x_wconf 60' lang='lat' dir='ltr'><strong>collapsioue&#39;?</strong></span> 
     </span>
    </p>
   </div>
   <div class='ocr_carea' id='block_1_82' title="bbox 2338 757 3804 835">
    <p class='ocr_par' dir='ltr' id='par_1_82' title="bbox 2338 757 3804 835">
     <span class='ocr_line' id='line_1_83' title="bbox 2338 757 3804 835; baseline 0.005 -27"><span class='ocrx_word' id='word_1_593' title='bbox 2338 757 2532 835; x_wconf 79' lang='lat' dir='ltr'><strong>ptimus</strong></span> <span class='ocrx_word' id='word_1_594' title='bbox 2557 758 2752 835; x_wconf 79' lang='lat' dir='ltr'><strong>mensis</strong></span> <span class='ocrx_word' id='word_1_595' title='bbox 2778 759 3102 835; x_wconf 86' lang='lat' dir='ltr'><strong>incesserat_,</strong></span> <span class='ocrx_word' id='word_1_596' title='bbox 3147 774 3250 814; x_wconf 91' lang='lat' dir='ltr'><strong>non</strong></span> <span class='ocrx_word' id='word_1_597' title='bbox 3277 760 3450 815; x_wconf 81' lang='lat' dir='ltr'><strong>vultus</strong></span> <span class='ocrx_word' id='word_1_598' title='bbox 3472 757 3660 830; x_wconf 78' lang='lat' dir='ltr'><strong>pestifer</strong></span> <span class='ocrx_word' id='word_1_599' title='bbox 3681 784 3702 820; x_wconf 82' lang='lat' dir='ltr'><strong>a</strong></span> <span class='ocrx_word' id='word_1_600' title='bbox 3725 787 3804 835; x_wconf 68' lang='lat' dir='ltr'><strong>pra.</strong></span> 
     </span>
    </p>
   </div>
   <div class='ocr_carea' id='block_1_83' title="bbox 2335 827 3802 892">
    <p class='ocr_par' dir='ltr' id='par_1_83' title="bbox 2335 827 3802 892">
     <span class='ocr_line' id='line_1_84' title="bbox 2335 827 3802 892; baseline 0.003 -14"><span class='ocrx_word' id='word_1_601' title='bbox 2335 827 2496 880; x_wconf 79' lang='lat' dir='ltr'><strong>vitate</strong></span> <span class='ocrx_word' id='word_1_602' title='bbox 2539 829 2828 881; x_wconf 78' lang='lat' dir='ltr'><strong>exuebatur</strong></span> <span class='ocrx_word' id='word_1_603' title='bbox 2849 868 2864 892; x_wconf 95' lang='lat'><strong>,</strong></span> <span class='ocrx_word' id='word_1_604' title='bbox 2895 844 2997 881; x_wconf 93' lang='lat' dir='ltr'><strong>non</strong></span> <span class='ocrx_word' id='word_1_605' title='bbox 3037 829 3186 883; x_wconf 79' lang='lat' dir='ltr'><strong>alvus</strong></span> <span class='ocrx_word' id='word_1_606' title='bbox 3228 844 3392 885; x_wconf 90' lang='lat' dir='ltr'><strong>onere</strong></span> <span class='ocrx_word' id='word_1_607' title='bbox 3419 827 3612 886; x_wconf 81' lang='lat' dir='ltr'><strong>mortuo</strong></span> <span class='ocrx_word' id='word_1_608' title='bbox 3640 827 3802 892; x_wconf 56' lang='lat' dir='ltr'><strong>anan.</strong></span> 
     </span>
    </p>
   </div>
   <div class='ocr_carea' id='block_1_84' title="bbox 2337 896 3804 967">
    <p class='ocr_par' dir='ltr' id='par_1_84' title="bbox 2337 896 3804 967">
     <span class='ocr_line' id='line_1_85' title="bbox 2337 896 3804 967; baseline 0.01 -17"><span class='ocrx_word' id='word_1_609' title='bbox 2337 903 2439 950; x_wconf 87' lang='lat' dir='ltr'><strong>tur.</strong></span> <span class='ocrx_word' id='word_1_610' title='bbox 2470 896 2712 967; x_wconf 79' lang='lat' dir='ltr'><strong>Pontius</strong></span> <span class='ocrx_word' id='word_1_611' title='bbox 2765 913 2894 951; x_wconf 88' lang='lat' dir='ltr'><strong>vero</strong></span> <span class='ocrx_word' id='word_1_612' title='bbox 2923 937 2958 967; x_wconf 18' lang='grc' dir='ltr'><strong>,Α</strong></span> <span class='ocrx_word' id='word_1_613' title='bbox 2992 897 3225 967; x_wconf 72' lang='lat' dir='ltr'><strong>Megetite</strong></span> <span class='ocrx_word' id='word_1_614' title='bbox 3278 911 3427 967; x_wconf 70' lang='lat' dir='ltr'><strong>mter</strong></span> <span class='ocrx_word' id='word_1_615' title='bbox 3457 943 3470 965; x_wconf 93' lang='lat'><strong>,</strong></span> <span class='ocrx_word' id='word_1_616' title='bbox 3519 917 3651 958; x_wconf 82' lang='lat' dir='ltr'><strong>socer</strong></span> <span class='ocrx_word' id='word_1_617' title='bbox 3686 924 3804 964; x_wconf 73' lang='lat' dir='ltr'><strong>autem</strong></span> 
     </span>
    </p>
   </div>
   <div class='ocr_carea' id='block_1_85' title="bbox 2335 965 3806 1039">
    <p class='ocr_par' dir='ltr' id='par_1_85' title="bbox 2335 965 3806 1039">
     <span class='ocr_line' id='line_1_86' title="bbox 2335 965 3806 1039; baseline 0.005 -19"><span class='ocrx_word' id='word_1_618' title='bbox 2335 965 2616 1039; x_wconf 78' lang='lat' dir='ltr'><strong>Avitianus</strong></span> <span class='ocrx_word' id='word_1_619' title='bbox 2646 1007 2663 1033; x_wconf 92' lang='lat'><strong>,</strong></span> <span class='ocrx_word' id='word_1_620' title='bbox 2722 977 2778 1022; x_wconf 92' lang='lat' dir='ltr'><strong>et</strong></span> <span class='ocrx_word' id='word_1_621' title='bbox 2828 965 3047 1039; x_wconf 83' lang='lat' dir='ltr'><strong>maritus</strong></span> <span class='ocrx_word' id='word_1_622' title='bbox 3067 965 3394 1039; x_wconf 49' lang='lat' dir='ltr'><strong>_&#39;Adventius</strong></span> <span class='ocrx_word' id='word_1_623' title='bbox 3423 1010 3439 1033; x_wconf 90' lang='lat'><strong>,</strong></span> <span class='ocrx_word' id='word_1_624' title='bbox 3495 984 3652 1039; x_wconf 84' lang='lat' dir='ltr'><strong>utpote</strong></span> <span class='ocrx_word' id='word_1_625' title='bbox 3690 980 3806 1036; x_wconf 74' lang='lat' dir='ltr'><strong>adhuc</strong></span> 
     </span>
    </p>
   </div>
   <div class='ocr_carea' id='block_1_86' title="bbox 2333 1036 3806 1111">
    <p class='ocr_par' dir='ltr' id='par_1_86' title="bbox 2333 1036 3806 1111">
     <span class='ocr_line' id='line_1_87' title="bbox 2333 1036 3806 1111; baseline 0.008 -22"><span class='ocrx_word' id='word_1_626' title='bbox 2333 1036 2643 1111; x_wconf 71' lang='lat' dir='ltr'><strong>gentilitatis</strong></span> <span class='ocrx_word' id='word_1_627' title='bbox 2692 1038 2964 1111; x_wconf 79' lang='lat' dir='ltr'><strong>erroribus</strong></span> <span class='ocrx_word' id='word_1_628' title='bbox 3015 1037 3294 1111; x_wconf 80' lang='lat' dir='ltr'><strong>adstricti,</strong></span> <span class='ocrx_word' id='word_1_629' title='bbox 3349 1036 3586 1111; x_wconf 81' lang='lat' dir='ltr'><strong>quidquid</strong></span> <span class='ocrx_word' id='word_1_630' title='bbox 3631 1061 3711 1099; x_wconf 88' lang='lat' dir='ltr'><strong>non</strong></span> <span class='ocrx_word' id='word_1_631' title='bbox 3748 1065 3806 1101; x_wconf 75' lang='lat' dir='ltr'><strong>so-</strong></span> 
     </span>
    </p>
   </div>
   <div class='ocr_carea' id='block_1_87' title="bbox 2335 1105 3807 1188">
    <p class='ocr_par' dir='ltr' id='par_1_87' title="bbox 2335 1105 3807 1188">
     <span class='ocr_line' id='line_1_88' title="bbox 2335 1105 3807 1188; baseline 0.007 -29"><span class='ocrx_word' id='word_1_632' title='bbox 2335 1105 2442 1188; x_wconf 85' lang='lat' dir='ltr'><strong>lum</strong></span> <span class='ocrx_word' id='word_1_633' title='bbox 2487 1121 2581 1188; x_wconf 73' lang='lat' dir='ltr'><strong>per</strong></span> <span class='ocrx_word' id='word_1_634' title='bbox 2623 1107 2934 1188; x_wconf 75' lang='lat' dir='ltr'><strong>industriam</strong></span> <span class='ocrx_word' id='word_1_635' title='bbox 2979 1105 3562 1188; x_wconf 30' lang='lat' dir='ltr'><strong>medicoruurn&#39;verum</strong></span> <span class='ocrx_word' id='word_1_636' title='bbox 3593 1116 3719 1188; x_wconf 76' lang='lat' dir='ltr'><strong>etiam</strong></span> <span class='ocrx_word' id='word_1_637' title='bbox 3748 1135 3807 1188; x_wconf 72' lang='lat' dir='ltr'><strong>per</strong></span> 
     </span>
    </p>
   </div>
   <div class='ocr_carea' id='block_1_88' title="bbox 2334 1176 3804 1246">
    <p class='ocr_par' dir='ltr' id='par_1_88' title="bbox 2334 1176 3804 1246">
     <span class='ocr_line' id='line_1_89' title="bbox 2334 1176 3804 1246; baseline 0.009 -18"><span class='ocrx_word' id='word_1_638' title='bbox 2334 1184 2476 1229; x_wconf 84' lang='lat' dir='ltr'><strong>artes</strong></span> <span class='ocrx_word' id='word_1_639' title='bbox 2535 1176 2918 1230; x_wconf 73' lang='lat' dir='ltr'><strong>daemoniorum</strong></span> <span class='ocrx_word' id='word_1_640' title='bbox 2977 1192 3039 1231; x_wconf 87' lang='lat' dir='ltr'><strong>ac</strong></span> <span class='ocrx_word' id='word_1_641' title='bbox 3096 1179 3573 1246; x_wconf 82' lang='lat' dir='ltr'><strong>superstitiosarnm</strong></span> <span class='ocrx_word' id='word_1_642' title='bbox 3629 1176 3804 1246; x_wconf 59' lang='lat' dir='ltr'><strong>lignean</strong></span> 
     </span>
    </p>
   </div>
   <div class='ocr_carea' id='block_1_89' title="bbox 2335 1247 3805 1322">
    <p class='ocr_par' dir='ltr' id='par_1_89' title="bbox 2335 1247 3805 1322">
     <span class='ocr_line' id='line_1_90' title="bbox 2335 1247 3805 1322; baseline 0.008 -25"><span class='ocrx_word' id='word_1_643' title='bbox 2335 1247 2660 1311; x_wconf 86' lang='lat' dir='ltr'><strong>vanitatum,</strong></span> <span class='ocrx_word' id='word_1_644' title='bbox 2708 1247 2859 1316; x_wconf 89' lang='lat' dir='ltr'><strong>quasi</strong></span> <span class='ocrx_word' id='word_1_645' title='bbox 2905 1263 3000 1322; x_wconf 83' lang='lat' dir='ltr'><strong>pro</strong></span> <span class='ocrx_word' id='word_1_646' title='bbox 3049 1247 3153 1300; x_wconf 84' lang='lat' dir='ltr'><strong>vita</strong></span> <span class='ocrx_word' id='word_1_647' title='bbox 3201 1249 3603 1322; x_wconf 84' lang='lat' dir='ltr'><strong>intermorientis</strong></span> <span class='ocrx_word' id='word_1_648' title='bbox 3642 1247 3805 1322; x_wconf 59' lang='lat' dir='ltr'><strong>llcgrtm</strong></span> 
     </span>
    </p>
   </div>
   <div class='ocr_carea' id='block_1_90' title="bbox 2336 1317 3808 1390">
    <p class='ocr_par' dir='ltr' id='par_1_90' title="bbox 2336 1317 3808 1390">
     <span class='ocr_line' id='line_1_91' title="bbox 2336 1317 3808 1390; baseline 0.009 -23"><span class='ocrx_word' id='word_1_649' title='bbox 2336 1325 2578 1390; x_wconf 81' lang='lat' dir='ltr'><strong>poterant</strong></span> <span class='ocrx_word' id='word_1_650' title='bbox 2620 1327 2920 1390; x_wconf 70' lang='lat' dir='ltr'><strong>attentare,</strong></span> <span class='ocrx_word' id='word_1_651' title='bbox 2970 1317 3163 1390; x_wconf 63' lang='lat' dir='ltr'><strong>frustra</strong></span> <span class='ocrx_word' id='word_1_652' title='bbox 3178 1319 3428 1390; x_wconf 80' lang='lat' dir='ltr'><strong>omnino</strong></span> <span class='ocrx_word' id='word_1_653' title='bbox 3470 1333 3613 1390; x_wconf 83' lang='lat' dir='ltr'><strong>atque</strong></span> <span class='ocrx_word' id='word_1_654' title='bbox 3652 1317 3808 1380; x_wconf 62' lang='lat' dir='ltr'><strong>inaniter</strong></span> 
     </span>
    </p>
   </div>
   <div class='ocr_carea' id='block_1_91' title="bbox 2334 1386 3807 1458">
    <p class='ocr_par' dir='ltr' id='par_1_91' title="bbox 2334 1386 3807 1458">
     <span class='ocr_line' id='line_1_92' title="bbox 2334 1386 3807 1458; baseline 0.007 -20"><span class='ocrx_word' id='word_1_655' title='bbox 2334 1386 2682 1458; x_wconf 86' lang='lat' dir='ltr'><strong>desudabant.</strong></span> <span class='ocrx_word' id='word_1_656' title='bbox 2709 1387 2812 1441; x_wconf 89' lang='lat' dir='ltr'><strong>Sed</strong></span> <span class='ocrx_word' id='word_1_657' title='bbox 2855 1402 3003 1441; x_wconf 90' lang='lat' dir='ltr'><strong>error</strong></span> <span class='ocrx_word' id='word_1_658' title='bbox 3025 1386 3226 1458; x_wconf 78' lang='lat' dir='ltr'><strong>infelix</strong></span> <span class='ocrx_word' id='word_1_659' title='bbox 3250 1429 3266 1452; x_wconf 91' lang='lat'><strong>,</strong></span> <span class='ocrx_word' id='word_1_660' title='bbox 3292 1390 3419 1458; x_wconf 89' lang='lat' dir='ltr'><strong>quid</strong></span> <span class='ocrx_word' id='word_1_661' title='bbox 3461 1386 3600 1444; x_wconf 62' lang='lat' dir='ltr'><strong>saluti</strong></span> <span class='ocrx_word' id='word_1_662' title='bbox 3637 1393 3807 1449; x_wconf 74' lang='lat' dir='ltr'><strong>humana:</strong></span> 
     </span>
    </p>
   </div>
   <div class='ocr_carea' id='block_1_92' title="bbox 2336 1456 3806 1531">
    <p class='ocr_par' dir='ltr' id='par_1_92' title="bbox 2336 1456 3806 1531">
     <span class='ocr_line' id='line_1_93' title="bbox 2336 1456 3806 1531; baseline 0.004 -23"><span class='ocrx_word' id='word_1_663' title='bbox 2336 1465 2390 1508; x_wconf 92' lang='lat' dir='ltr'><strong>te</strong></span> <span class='ocrx_word' id='word_1_664' title='bbox 2409 1456 2678 1531; x_wconf 82' lang='lat' dir='ltr'><strong>__crederes</strong></span> <span class='ocrx_word' id='word_1_665' title='bbox 2719 1471 2874 1531; x_wconf 84' lang='lat' dir='ltr'><strong>posse</strong></span> <span class='ocrx_word' id='word_1_666' title='bbox 2913 1456 3153 1512; x_wconf 85' lang='lat' dir='ltr'><strong>conferre</strong></span> <span class='ocrx_word' id='word_1_667' title='bbox 3178 1498 3193 1518; x_wconf 86' lang='lat'><strong>,</strong></span> <span class='ocrx_word' id='word_1_668' title='bbox 3221 1456 3381 1527; x_wconf 78' lang='lat' dir='ltr'><strong>quam</strong></span> <span class='ocrx_word' id='word_1_669' title='bbox 3409 1461 3629 1514; x_wconf 83' lang='lat' dir='ltr'><strong>studuisti</strong></span> <span class='ocrx_word' id='word_1_670' title='bbox 3664 1480 3806 1531; x_wconf 67' lang='lat' dir='ltr'><strong>semper</strong></span> 
     </span>
    </p>
   </div>
   <div class='ocr_carea' id='block_1_93' title="bbox 2333 1526 3807 1588">
    <p class='ocr_par' dir='ltr' id='par_1_93' title="bbox 2333 1526 3807 1588">
     <span class='ocr_line' id='line_1_94' title="bbox 2333 1526 3807 1588; baseline 0.007 -11"><span class='ocrx_word' id='word_1_671' title='bbox 2333 1527 2584 1580; x_wconf 86' lang='lat' dir='ltr'><strong>auferre?</strong></span> <span class='ocrx_word' id='word_1_672' title='bbox 2635 1526 2845 1581; x_wconf 72' lang='lat' dir='ltr'><strong>ltefellit</strong></span> <span class='ocrx_word' id='word_1_673' title='bbox 2895 1537 2945 1581; x_wconf 89' lang='lat' dir='ltr'><strong>te</strong></span> <span class='ocrx_word' id='word_1_674' title='bbox 2997 1543 3094 1581; x_wconf 82' lang='lat' dir='ltr'><strong>vox</strong></span> <span class='ocrx_word' id='word_1_675' title='bbox 3146 1526 3386 1583; x_wconf 82' lang='lat' dir='ltr'><strong>veritatis</strong></span> <span class='ocrx_word' id='word_1_676' title='bbox 3435 1531 3482 1583; x_wconf 92' lang='lat' dir='ltr'><strong>in</strong></span> <span class='ocrx_word' id='word_1_677' title='bbox 3529 1526 3807 1588; x_wconf 63' lang='lat' dir='ltr'><strong>sacratissimis-</strong></span> 
     </span>
    </p>
   </div>
   <div class='ocr_carea' id='block_1_94' title="bbox 2333 1594 3807 1671">
    <p class='ocr_par' dir='ltr' id='par_1_94' title="bbox 2333 1594 3807 1671">
     <span class='ocr_line' id='line_1_95' title="bbox 2333 1594 3807 1671; baseline 0.006 -23"><span class='ocrx_word' id='word_1_678' title='bbox 2333 1594 2595 1671; x_wconf 86' lang='lat' dir='ltr'><strong>Psalmis,</strong></span> <span class='ocrx_word' id='word_1_679' title='bbox 2640 1608 2944 1671; x_wconf 76' lang='lat' dir='ltr'><strong>contestans</strong></span> <span class='ocrx_word' id='word_1_680' title='bbox 2984 1599 3304 1671; x_wconf 80' lang='lat' dir='ltr'><strong>generaliter</strong></span> <span class='ocrx_word' id='word_1_681' title='bbox 3347 1609 3402 1652; x_wconf 89' lang='lat' dir='ltr'><strong>et</strong></span> <span class='ocrx_word' id='word_1_682' title='bbox 3443 1602 3807 1671; x_wconf 78' lang='lat' dir='ltr'><strong>lireviter,:tquu</strong></span> 
     </span>
    </p>
   </div>
   <div class='ocr_carea' id='block_1_95' title="bbox 2332 1668 3804 1740">
    <p class='ocr_par' dir='ltr' id='par_1_95' title="bbox 2332 1668 3804 1740">
     <span class='ocr_line' id='line_1_96' title="bbox 2332 1668 3804 1740; baseline 0.007 -22"><span class='ocrx_word' id='word_1_683' title='bbox 2332 1668 2567 1740; x_wconf 64' lang='lat' dir='ltr'><strong>veresit</strong></span> <span class='ocrx_word' id='word_1_684' title='bbox 2607 1669 2781 1740; x_wconf 88' lang='lat' dir='ltr'><strong>omnis</strong></span> <span class='ocrx_word' id='word_1_685' title='bbox 2819 1669 2967 1740; x_wconf 56' lang='lat' dir='ltr'><strong>salus</strong></span> <span class='ocrx_word' id='word_1_686' title='bbox 3007 1669 3609 1740; x_wconf 19' lang='lat' dir='ltr'><strong>animazﬂciirporisque,</strong></span> <span class='ocrx_word' id='word_1_687' title='bbox 3648 1668 3804 1729; x_wconf 72' lang='lat' dir='ltr'><strong>dicetis:</strong></span> 
     </span>
    </p>
   </div>
   <div class='ocr_carea' id='block_1_96' title="bbox 2333 1734 3807 1808">
    <p class='ocr_par' dir='ltr' id='par_1_96' title="bbox 2333 1734 3807 1808">
     <span class='ocr_line' id='line_1_97' title="bbox 2333 1734 3807 1808; baseline 0.004 -19"><span class='ocrx_word' id='word_1_688' title='bbox 2333 1734 2632 1808; x_wconf 74' lang='lat' dir='ltr'><strong>Domini__est</strong></span> <span class='ocrx_word' id='word_1_689' title='bbox 2655 1738 2793 1792; x_wconf 77' lang='lat' dir='ltr'><strong>salus</strong></span> <span class='ocrx_word' id='word_1_690' title='bbox 2809 1737 2974 1808; x_wconf 71' lang='lat' dir='ltr'><strong>(Psal.</strong></span> <span class='ocrx_word' id='word_1_691' title='bbox 2997 1754 3071 1799; x_wconf 89' lang='lat' dir='ltr'><strong>iii,</strong></span> <span class='ocrx_word' id='word_1_692' title='bbox 3089 1740 3164 1807; x_wconf 85' lang='lat'><strong>9).</strong></span> <span class='ocrx_word' id='word_1_693' title='bbox 3189 1739 3301 1793; x_wconf 89' lang='lat' dir='ltr'><strong>Soli</strong></span> <span class='ocrx_word' id='word_1_694' title='bbox 3326 1734 3466 1793; x_wconf 80' lang='lat' dir='ltr'><strong>enim</strong></span> <span class='ocrx_word' id='word_1_695' title='bbox 3490 1734 3720 1795; x_wconf 14' lang='lat' dir='ltr'><strong>Deo’recte</strong></span> <span class='ocrx_word' id='word_1_696' title='bbox 3733 1762 3807 1796; x_wconf 73' lang='lat' dir='ltr'><strong>rau-</strong></span> 
     </span>
    </p>
   </div>
   <div class='ocr_carea' id='block_1_97' title="bbox 2332 1805 3805 1879">
    <p class='ocr_par' dir='ltr' id='par_1_97' title="bbox 2332 1805 3805 1879">
     <span class='ocr_line' id='line_1_98' title="bbox 2332 1805 3805 1879; baseline 0.004 -20"><span class='ocrx_word' id='word_1_697' title='bbox 2332 1814 2490 1870; x_wconf 86' lang='lat' dir='ltr'><strong>tatur,</strong></span> <span class='ocrx_word' id='word_1_698' title='bbox 2515 1805 2767 1879; x_wconf 62' lang='lat' dir='ltr'><strong>flamines</strong></span> <span class='ocrx_word' id='word_1_699' title='bbox 2788 1805 2834 1861; x_wconf 80' lang='lat' dir='ltr'><strong>et</strong></span> <span class='ocrx_word' id='word_1_700' title='bbox 2848 1809 3076 1879; x_wconf 84' lang='lat' dir='ltr'><strong>jumenta</strong></span> <span class='ocrx_word' id='word_1_701' title='bbox 3100 1805 3265 1861; x_wconf 69' lang='lat' dir='ltr'><strong>salvos</strong></span> <span class='ocrx_word' id='word_1_702' title='bbox 3292 1813 3467 1876; x_wconf 71' lang='lat' dir='ltr'><strong>facies,</strong></span> <span class='ocrx_word' id='word_1_703' title='bbox 3493 1810 3675 1863; x_wconf 74' lang='lat' dir='ltr'><strong>Domine</strong></span> <span class='ocrx_word' id='word_1_704' title='bbox 3693 1811 3805 1876; x_wconf 68' lang='lat' dir='ltr'><strong>(Pal.</strong></span> 
     </span>
    </p>
   </div>
   <div class='ocr_carea' id='block_1_98' title="bbox 2331 1877 3807 1953">
    <p class='ocr_par' dir='ltr' id='par_1_98' title="bbox 2331 1877 3807 1953">
     <span class='ocr_line' id='line_1_99' title="bbox 2331 1877 3807 1953; baseline 0.005 -24"><span class='ocrx_word' id='word_1_705' title='bbox 2331 1890 2487 1940; x_wconf 76' lang='lat' dir='ltr'><strong>xxxv,</strong></span> <span class='ocrx_word' id='word_1_706' title='bbox 2514 1877 2588 1945; x_wconf 86' lang='lat'><strong>7).</strong></span> <span class='ocrx_word' id='word_1_707' title='bbox 2612 1877 2710 1944; x_wconf 85' lang='lat' dir='ltr'><strong>Qui</strong></span> <span class='ocrx_word' id='word_1_708' title='bbox 2738 1877 2985 1948; x_wconf 85' lang='lat' dir='ltr'><strong>dignatus</strong></span> <span class='ocrx_word' id='word_1_709' title='bbox 3006 1888 3088 1933; x_wconf 90' lang='lat' dir='ltr'><strong>est</strong></span> <span class='ocrx_word' id='word_1_710' title='bbox 3111 1894 3318 1946; x_wconf 86' lang='lat' dir='ltr'><strong>creare,</strong></span> <span class='ocrx_word' id='word_1_711' title='bbox 3346 1881 3456 1949; x_wconf 89' lang='lat' dir='ltr'><strong>ipse</strong></span> <span class='ocrx_word' id='word_1_712' title='bbox 3480 1897 3669 1951; x_wconf 83' lang='lat' dir='ltr'><strong>prorsus</strong></span> <span class='ocrx_word' id='word_1_713' title='bbox 3687 1886 3807 1953; x_wconf 74' lang='lat' dir='ltr'><strong>digiu-</strong></span> 
     </span>
    </p>
   </div>
   <div class='ocr_carea' id='block_1_99' title="bbox 2333 1954 2814 2002">
    <p class='ocr_par' dir='ltr' id='par_1_99' title="bbox 2333 1954 2814 2002">
     <span class='ocr_line' id='line_1_100' title="bbox 2333 1954 2814 2002; baseline -0.004 -2"><span class='ocrx_word' id='word_1_714' title='bbox 2333 1954 2416 2000; x_wconf 88' lang='lat' dir='ltr'><strong>tus</strong></span> <span class='ocrx_word' id='word_1_715' title='bbox 2435 1957 2516 2000; x_wconf 90' lang='lat' dir='ltr'><strong>est</strong></span> <span class='ocrx_word' id='word_1_716' title='bbox 2534 1955 2589 2001; x_wconf 92' lang='lat' dir='ltr'><strong>et</strong></span> <span class='ocrx_word' id='word_1_717' title='bbox 2607 1963 2814 2002; x_wconf 86' lang='lat' dir='ltr'><strong>sanare.</strong></span> 
     </span>
    </p>
   </div>
   <div class='ocr_carea' id='block_1_100' title="bbox 2399 2015 3806 2086">
    <p class='ocr_par' dir='ltr' id='par_1_100' title="bbox 2399 2015 3806 2086">
     <span class='ocr_line' id='line_1_101' title="bbox 2399 2015 3806 2086; baseline 0.006 -18"><span class='ocrx_word' id='word_1_718' title='bbox 2399 2015 2453 2069; x_wconf 74' lang='grc'><strong>2.</strong></span> <span class='ocrx_word' id='word_1_719' title='bbox 2486 2017 2716 2074; x_wconf 81' lang='lat' dir='ltr'><strong>Proinde</strong></span> <span class='ocrx_word' id='word_1_720' title='bbox 2755 2019 2860 2071; x_wconf 91' lang='lat' dir='ltr'><strong>illis</strong></span> <span class='ocrx_word' id='word_1_721' title='bbox 2901 2018 3203 2073; x_wconf 88' lang='lat' dir='ltr'><strong>memoratis</strong></span> <span class='ocrx_word' id='word_1_722' title='bbox 3228 2020 3475 2086; x_wconf 89' lang='lat' dir='ltr'><strong>personis</strong></span> <span class='ocrx_word' id='word_1_723' title='bbox 3515 2020 3594 2074; x_wconf 92' lang='lat' dir='ltr'><strong>diu</strong></span> <span class='ocrx_word' id='word_1_724' title='bbox 3618 2021 3806 2076; x_wconf 74' lang='lat' dir='ltr'><strong>iutalilius</strong></span> 
     </span>
    </p>
   </div>
   <div class='ocr_carea' id='block_1_101' title="bbox 2318 2083 3805 2158">
    <p class='ocr_par' dir='ltr' id='par_1_101' title="bbox 2318 2083 3805 2158">
     <span class='ocr_line' id='line_1_102' title="bbox 2318 2083 3805 2158; baseline 0.004 -18"><span class='ocrx_word' id='word_1_725' title='bbox 2318 2083 2526 2158; x_wconf 74' lang='lat' dir='ltr'><strong>frustra</strong></span> <span class='ocrx_word' id='word_1_726' title='bbox 2577 2089 2979 2154; x_wconf 87' lang='lat' dir='ltr'><strong>laborantibus,</strong></span> <span class='ocrx_word' id='word_1_727' title='bbox 3031 2101 3085 2142; x_wconf 90' lang='lat' dir='ltr'><strong>et</strong></span> <span class='ocrx_word' id='word_1_728' title='bbox 3129 2083 3244 2143; x_wconf 77' lang='lat' dir='ltr'><strong>non</strong></span> <span class='ocrx_word' id='word_1_729' title='bbox 3288 2105 3548 2158; x_wconf 86' lang='lat' dir='ltr'><strong>corpore,</strong></span> <span class='ocrx_word' id='word_1_730' title='bbox 3590 2093 3666 2144; x_wconf 82' lang='lat' dir='ltr'><strong>sed</strong></span> <span class='ocrx_word' id='word_1_731' title='bbox 3701 2095 3805 2146; x_wconf 70' lang='lat' dir='ltr'><strong>male</strong></span> 
     </span>
    </p>
   </div>
   <div class='ocr_carea' id='block_1_102' title="bbox 2329 2155 3805 2229">
    <p class='ocr_par' dir='ltr' id='par_1_102' title="bbox 2329 2155 3805 2229">
     <span class='ocr_line' id='line_1_103' title="bbox 2329 2155 3805 2229; baseline 0.003 -19"><span class='ocrx_word' id='word_1_732' title='bbox 2329 2155 2774 2229; x_wconf 77' lang='lat' dir='ltr'><strong>dormitantibus,</strong></span> <span class='ocrx_word' id='word_1_733' title='bbox 2829 2174 2955 2212; x_wconf 90' lang='lat' dir='ltr'><strong>ecce</strong></span> <span class='ocrx_word' id='word_1_734' title='bbox 3013 2159 3150 2213; x_wconf 90' lang='lat' dir='ltr'><strong>Deus</strong></span> <span class='ocrx_word' id='word_1_735' title='bbox 3205 2159 3297 2213; x_wconf 90' lang='lat' dir='ltr'><strong>ille</strong></span> <span class='ocrx_word' id='word_1_736' title='bbox 3352 2155 3591 2228; x_wconf 80' lang='lat' dir='ltr'><strong>magister</strong></span> <span class='ocrx_word' id='word_1_737' title='bbox 3631 2161 3700 2229; x_wconf 92' lang='lat' dir='ltr'><strong>qui</strong></span> <span class='ocrx_word' id='word_1_738' title='bbox 3740 2178 3805 2214; x_wconf 65' lang='lat' dir='ltr'><strong>aeu</strong></span> 
     </span>
    </p>
   </div>
   <div class='ocr_carea' id='block_1_103' title="bbox 2329 2226 3804 2299">
    <p class='ocr_par' dir='ltr' id='par_1_103' title="bbox 2329 2226 3804 2299">
     <span class='ocr_line' id='line_1_104' title="bbox 2329 2226 3804 2299; baseline 0.003 -19"><span class='ocrx_word' id='word_1_739' title='bbox 2329 2226 2526 2299; x_wconf 91' lang='lat' dir='ltr'><strong>dormit</strong></span> <span class='ocrx_word' id='word_1_740' title='bbox 2551 2243 2720 2299; x_wconf 77' lang='lat' dir='ltr'><strong>neque</strong></span> <span class='ocrx_word' id='word_1_741' title='bbox 2744 2228 3012 2292; x_wconf 89' lang='lat' dir='ltr'><strong>dormitat,</strong></span> <span class='ocrx_word' id='word_1_742' title='bbox 3032 2229 3120 2298; x_wconf 89' lang='lat' dir='ltr'><strong>qui</strong></span> <span class='ocrx_word' id='word_1_743' title='bbox 3145 2230 3382 2283; x_wconf 81' lang='lat' dir='ltr'><strong>custodit</strong></span> <span class='ocrx_word' id='word_1_744' title='bbox 3411 2226 3708 2299; x_wconf 59' lang='lat' dir='ltr'><strong>lst‘acl(l‘sal.</strong></span> <span class='ocrx_word' id='word_1_745' title='bbox 3727 2247 3804 2290; x_wconf 85' lang='lat' dir='ltr'><strong>cn.</strong></span> 
     </span>
    </p>
   </div>
   <div class='ocr_carea' id='block_1_104' title="bbox 2327 2297 3804 2368">
    <p class='ocr_par' dir='ltr' id='par_1_104' title="bbox 2327 2297 3804 2368">
     <span class='ocr_line' id='line_1_105' title="bbox 2327 2297 3804 2368; baseline 0.001 -17"><span class='ocrx_word' id='word_1_746' title='bbox 2327 2298 2404 2366; x_wconf 69' lang='lat'><strong>4);</strong></span> <span class='ocrx_word' id='word_1_747' title='bbox 2426 2298 2539 2368; x_wconf 90' lang='lat' dir='ltr'><strong>ipse</strong></span> <span class='ocrx_word' id='word_1_748' title='bbox 2563 2297 2723 2364; x_wconf 87' lang='lat' dir='ltr'><strong>Deus,</strong></span> <span class='ocrx_word' id='word_1_749' title='bbox 2743 2300 2975 2368; x_wconf 91' lang='lat' dir='ltr'><strong>inquam,</strong></span> <span class='ocrx_word' id='word_1_750' title='bbox 2995 2297 3076 2352; x_wconf 89' lang='lat' dir='ltr'><strong>cui</strong></span> <span class='ocrx_word' id='word_1_751' title='bbox 3103 2305 3229 2353; x_wconf 72' lang='lat' dir='ltr'><strong>Cura</strong></span> <span class='ocrx_word' id='word_1_752' title='bbox 3258 2312 3345 2354; x_wconf 86' lang='lat' dir='ltr'><strong>est</strong></span> <span class='ocrx_word' id='word_1_753' title='bbox 3372 2315 3466 2368; x_wconf 88' lang='lat' dir='ltr'><strong>pro</strong></span> <span class='ocrx_word' id='word_1_754' title='bbox 3486 2297 3804 2367; x_wconf 73' lang='lat' dir='ltr'><strong>ouniibus(Sap.</strong></span> 
     </span>
    </p>
   </div>
   <div class='ocr_carea' id='block_1_105' title="bbox 2329 2367 3805 2439">
    <p class='ocr_par' dir='ltr' id='par_1_105' title="bbox 2329 2367 3805 2439">
     <span class='ocr_line' id='line_1_106' title="bbox 2329 2367 3805 2439; baseline 0.001 -18"><span class='ocrx_word' id='word_1_755' title='bbox 2329 2381 2380 2421; x_wconf 78' lang='lat' dir='ltr'><strong>Vt</strong></span> <span class='ocrx_word' id='word_1_756' title='bbox 2401 2408 2420 2439; x_wconf 16' lang='grc' dir='ltr'><strong>ν,</strong></span> <span class='ocrx_word' id='word_1_757' title='bbox 2448 2367 2519 2438; x_wconf 83' lang='grc'><strong>8)</strong></span> <span class='ocrx_word' id='word_1_758' title='bbox 2543 2409 2557 2430; x_wconf 86' lang='grc'>,</span> <span class='ocrx_word' id='word_1_759' title='bbox 2585 2367 2882 2436; x_wconf 81' lang='lat' dir='ltr'><strong>religiosam</strong></span> <span class='ocrx_word' id='word_1_760' title='bbox 2915 2370 3135 2422; x_wconf 77' lang='lat' dir='ltr'><strong>\‘itulam</strong></span> <span class='ocrx_word' id='word_1_761' title='bbox 3161 2411 3175 2431; x_wconf 92' lang='lat'><strong>,</strong></span> <span class='ocrx_word' id='word_1_762' title='bbox 3204 2367 3449 2439; x_wconf 75' lang='lat' dir='ltr'><strong>Megeth</strong></span> <span class='ocrx_word' id='word_1_763' title='bbox 3475 2383 3698 2435; x_wconf 83' lang='lat' dir='ltr'><strong>matrem,</strong></span> <span class='ocrx_word' id='word_1_764' title='bbox 3720 2372 3805 2423; x_wconf 73' lang='lat' dir='ltr'><strong>lldl‘ll</strong></span> 
     </span>
    </p>
   </div>
   <div class='ocr_carea' id='block_1_106' title="bbox 2329 2438 3804 2508">
    <p class='ocr_par' dir='ltr' id='par_1_106' title="bbox 2329 2438 3804 2508">
     <span class='ocr_line' id='line_1_107' title="bbox 2329 2438 3804 2508; baseline 0.001 -18"><span class='ocrx_word' id='word_1_765' title='bbox 2329 2438 2508 2508; x_wconf 86' lang='lat' dir='ltr'><strong>calore</strong></span> <span class='ocrx_word' id='word_1_766' title='bbox 2559 2441 2870 2501; x_wconf 91' lang='lat' dir='ltr'><strong>succendit,</strong></span> <span class='ocrx_word' id='word_1_767' title='bbox 2918 2449 3075 2508; x_wconf 88' lang='lat' dir='ltr'><strong>atque</strong></span> <span class='ocrx_word' id='word_1_768' title='bbox 3127 2447 3185 2492; x_wconf 90' lang='lat' dir='ltr'><strong>ut</strong></span> <span class='ocrx_word' id='word_1_769' title='bbox 3231 2438 3312 2493; x_wconf 86' lang='lat' dir='ltr'><strong>ad</strong></span> <span class='ocrx_word' id='word_1_770' title='bbox 3352 2440 3545 2494; x_wconf 89' lang='lat' dir='ltr'><strong>domini</strong></span> <span class='ocrx_word' id='word_1_771' title='bbox 3591 2441 3724 2495; x_wconf 80' lang='lat' dir='ltr'><strong>Amici</strong></span> <span class='ocrx_word' id='word_1_772' title='bbox 3758 2445 3804 2493; x_wconf 78' lang='lat' dir='ltr'><strong>aii</strong></span> 
     </span>
    </p>
   </div>
   <div class='ocr_carea' id='block_1_107' title="bbox 2329 2507 3806 2579">
    <p class='ocr_par' dir='ltr' id='par_1_107' title="bbox 2329 2507 3806 2579">
     <span class='ocr_line' id='line_1_108' title="bbox 2329 2507 3806 2579; baseline 0.003 -19"><span class='ocrx_word' id='word_1_773' title='bbox 2329 2507 2580 2579; x_wconf 74' lang='lat' dir='ltr'><strong>Stephani</strong></span> <span class='ocrx_word' id='word_1_774' title='bbox 2605 2509 2911 2578; x_wconf 72' lang='lat' dir='ltr'><strong>suffragium</strong></span> <span class='ocrx_word' id='word_1_775' title='bbox 2938 2507 3257 2573; x_wconf 87' lang='lat' dir='ltr'><strong>accurreret,</strong></span> <span class='ocrx_word' id='word_1_776' title='bbox 3283 2511 3568 2579; x_wconf 85' lang='lat' dir='ltr'><strong>inspiravit.</strong></span> <span class='ocrx_word' id='word_1_777' title='bbox 3589 2513 3737 2578; x_wconf 82' lang='lat' dir='ltr'><strong>Quam,</strong></span> <span class='ocrx_word' id='word_1_778' title='bbox 3753 2514 3806 2563; x_wconf 81' lang='lat' dir='ltr'><strong>ubi</strong></span> 
     </span>
    </p>
   </div>
   <div class='ocr_carea' id='block_1_108' title="bbox 2327 2577 3806 2648">
    <p class='ocr_par' dir='ltr' id='par_1_108' title="bbox 2327 2577 3806 2648">
     <span class='ocr_line' id='line_1_109' title="bbox 2327 2577 3806 2648; baseline 0.002 -18"><span class='ocrx_word' id='word_1_779' title='bbox 2327 2577 2603 2648; x_wconf 83' lang='lat' dir='ltr'><strong>benedicta</strong></span> <span class='ocrx_word' id='word_1_780' title='bbox 2630 2577 2820 2632; x_wconf 84' lang='lat' dir='ltr'><strong>femina</strong></span> <span class='ocrx_word' id='word_1_781' title='bbox 2849 2581 2902 2633; x_wconf 92' lang='lat' dir='ltr'><strong>in</strong></span> <span class='ocrx_word' id='word_1_782' title='bbox 2943 2589 3270 2632; x_wconf 88' lang='lat' dir='ltr'><strong>saeratarum</strong></span> <span class='ocrx_word' id='word_1_783' title='bbox 3313 2577 3634 2648; x_wconf 85' lang='lat' dir='ltr'><strong>reliquiarum</strong></span> <span class='ocrx_word' id='word_1_784' title='bbox 3668 2584 3806 2636; x_wconf 72' lang='lat' dir='ltr'><strong>locale</strong></span> 
     </span>
    </p>
   </div>
   <div class='ocr_carea' id='block_1_109' title="bbox 2326 2647 3807 2719">
    <p class='ocr_par' dir='ltr' id='par_1_109' title="bbox 2326 2647 3807 2719">
     <span class='ocr_line' id='line_1_110' title="bbox 2326 2647 3807 2719; baseline 0 -18"><span class='ocrx_word' id='word_1_785' title='bbox 2326 2647 2726 2717; x_wconf 73' lang='lat' dir='ltr'><strong>Carthaginiensi</strong></span> <span class='ocrx_word' id='word_1_786' title='bbox 2773 2651 2900 2704; x_wconf 89' lang='lat' dir='ltr'><strong>urbe</strong></span> <span class='ocrx_word' id='word_1_787' title='bbox 2927 2650 2992 2702; x_wconf 90' lang='lat' dir='ltr'><strong>ad</strong></span> <span class='ocrx_word' id='word_1_788' title='bbox 3025 2649 3346 2704; x_wconf 85' lang='lat' dir='ltr'><strong>Uzalensem</strong></span> <span class='ocrx_word' id='word_1_789' title='bbox 3393 2647 3610 2719; x_wconf 72' lang='lat' dir='ltr'><strong>profecta</strong></span> <span class='ocrx_word' id='word_1_790' title='bbox 3633 2663 3726 2712; x_wconf 82' lang='lat' dir='ltr'><strong>est.</strong></span> <span class='ocrx_word' id='word_1_791' title='bbox 3746 2653 3807 2702; x_wconf 85' lang='lat' dir='ltr'><strong>mi-</strong></span> 
     </span>
    </p>
   </div>
   <div class='ocr_carea' id='block_1_110' title="bbox 2327 2720 3807 2790">
    <p class='ocr_par' dir='ltr' id='par_1_110' title="bbox 2327 2720 3807 2790">
     <span class='ocr_line' id='line_1_111' title="bbox 2327 2720 3807 2790; baseline 0 -19"><span class='ocrx_word' id='word_1_792' title='bbox 2327 2720 2776 2790; x_wconf 84' lang='lat' dir='ltr'><strong>sericordissiinus</strong></span> <span class='ocrx_word' id='word_1_793' title='bbox 2803 2720 3056 2790; x_wconf 88' lang='lat' dir='ltr'><strong>Dominus</strong></span> <span class='ocrx_word' id='word_1_794' title='bbox 3081 2729 3132 2774; x_wconf 89' lang='lat' dir='ltr'><strong>et</strong></span> <span class='ocrx_word' id='word_1_795' title='bbox 3159 2721 3447 2774; x_wconf 87' lang='lat' dir='ltr'><strong>miserator</strong></span> <span class='ocrx_word' id='word_1_796' title='bbox 3468 2723 3682 2790; x_wconf 77' lang='lat' dir='ltr'><strong>excepit,</strong></span> <span class='ocrx_word' id='word_1_797' title='bbox 3703 2737 3807 2775; x_wconf 79' lang='lat' dir='ltr'><strong>enu-</strong></span> 
     </span>
    </p>
   </div>
   <div class='ocr_carea' id='block_1_111' title="bbox 2325 2788 3807 2860">
    <p class='ocr_par' dir='ltr' id='par_1_111' title="bbox 2325 2788 3807 2860">
     <span class='ocr_line' id='line_1_112' title="bbox 2325 2788 3807 2860; baseline 0.001 -19"><span class='ocrx_word' id='word_1_798' title='bbox 2325 2788 2494 2860; x_wconf 13' lang='lat' dir='ltr'><strong>diviti,</strong></span> <span class='ocrx_word' id='word_1_799' title='bbox 2537 2789 2774 2857; x_wconf 89' lang='lat' dir='ltr'><strong>adjuvit,</strong></span> <span class='ocrx_word' id='word_1_800' title='bbox 2819 2801 2974 2858; x_wconf 89' lang='lat' dir='ltr'><strong>atque</strong></span> <span class='ocrx_word' id='word_1_801' title='bbox 3021 2789 3088 2844; x_wconf 89' lang='lat' dir='ltr'><strong>de</strong></span> <span class='ocrx_word' id='word_1_802' title='bbox 3136 2790 3238 2843; x_wconf 90' lang='lat' dir='ltr'><strong>lilia</strong></span> <span class='ocrx_word' id='word_1_803' title='bbox 3290 2788 3744 2860; x_wconf 72' lang='lat' dir='ltr'><strong>compotemlecit,</strong></span> <span class='ocrx_word' id='word_1_804' title='bbox 3771 2805 3807 2842; x_wconf 78' lang='lat' dir='ltr'><strong>ac</strong></span> 
     </span>
    </p>
   </div>
   <div class='ocr_carea' id='block_1_112' title="bbox 2325 2859 3807 2928">
    <p class='ocr_par' dir='ltr' id='par_1_112' title="bbox 2325 2859 3807 2928">
     <span class='ocr_line' id='line_1_113' title="bbox 2325 2859 3807 2928; baseline 0.001 -17"><span class='ocrx_word' id='word_1_805' title='bbox 2325 2859 2394 2911; x_wconf 88' lang='lat' dir='ltr'><strong>de</strong></span> <span class='ocrx_word' id='word_1_806' title='bbox 2447 2859 2660 2913; x_wconf 85' lang='lat' dir='ltr'><strong>diabolo</strong></span> <span class='ocrx_word' id='word_1_807' title='bbox 2711 2861 3019 2913; x_wconf 88' lang='lat' dir='ltr'><strong>adversario</strong></span> <span class='ocrx_word' id='word_1_808' title='bbox 3072 2871 3328 2928; x_wconf 89' lang='lat' dir='ltr'><strong>superato</strong></span> <span class='ocrx_word' id='word_1_809' title='bbox 3387 2859 3636 2914; x_wconf 88' lang='lat' dir='ltr'><strong>victricem</strong></span> <span class='ocrx_word' id='word_1_810' title='bbox 3682 2865 3807 2914; x_wconf 79' lang='lat' dir='ltr'><strong>trium-</strong></span> 
     </span>
    </p>
   </div>
   <div class='ocr_carea' id='block_1_113' title="bbox 2326 2931 3808 3000">
    <p class='ocr_par' dir='ltr' id='par_1_113' title="bbox 2326 2931 3808 3000">
     <span class='ocr_line' id='line_1_114' title="bbox 2326 2931 3808 3000; baseline -0.002 -17"><span class='ocrx_word' id='word_1_811' title='bbox 2326 2931 2490 2998; x_wconf 83' lang='lat' dir='ltr'><strong>phare</strong></span> <span class='ocrx_word' id='word_1_812' title='bbox 2535 2931 2789 2997; x_wconf 86' lang='lat' dir='ltr'><strong>permisit.</strong></span> <span class='ocrx_word' id='word_1_813' title='bbox 2822 2931 2929 2984; x_wconf 88' lang='lat' dir='ltr'><strong>Dici</strong></span> <span class='ocrx_word' id='word_1_814' title='bbox 2978 2946 3080 2984; x_wconf 90' lang='lat' dir='ltr'><strong>non</strong></span> <span class='ocrx_word' id='word_1_815' title='bbox 3128 2939 3306 2997; x_wconf 91' lang='lat' dir='ltr'><strong>potest</strong></span> <span class='ocrx_word' id='word_1_816' title='bbox 3333 2931 3522 3000; x_wconf 75' lang='lat' dir='ltr'><strong>quibus</strong></span> <span class='ocrx_word' id='word_1_817' title='bbox 3558 2932 3631 2984; x_wconf 88' lang='lat' dir='ltr'><strong>illa</strong></span> <span class='ocrx_word' id='word_1_818' title='bbox 3668 2933 3728 2998; x_wconf 77' lang='lat' dir='ltr'><strong>pia</strong></span> <span class='ocrx_word' id='word_1_819' title='bbox 3760 2931 3808 2981; x_wconf 60' lang='lat' dir='ltr'><strong>lt»</strong></span> 
     </span>
    </p>
   </div>
   <div class='ocr_carea' id='block_1_114' title="bbox 2326 3000 3807 3071">
    <p class='ocr_par' dir='ltr' id='par_1_114' title="bbox 2326 3000 3807 3071">
     <span class='ocr_line' id='line_1_115' title="bbox 2326 3000 3807 3071; baseline 0.003 -21"><span class='ocrx_word' id='word_1_820' title='bbox 2326 3000 2464 3053; x_wconf 89' lang='lat' dir='ltr'><strong>mina</strong></span> <span class='ocrx_word' id='word_1_821' title='bbox 2496 3001 2735 3054; x_wconf 86' lang='lat' dir='ltr'><strong>Amicum</strong></span> <span class='ocrx_word' id='word_1_822' title='bbox 2767 3002 2858 3056; x_wconf 91' lang='lat' dir='ltr'><strong>Dei</strong></span> <span class='ocrx_word' id='word_1_823' title='bbox 2891 3000 3153 3054; x_wconf 82' lang='lat' dir='ltr'><strong>ﬂebilibus</strong></span> <span class='ocrx_word' id='word_1_824' title='bbox 3179 3001 3404 3054; x_wconf 89' lang='lat' dir='ltr'><strong>vocibus</strong></span> <span class='ocrx_word' id='word_1_825' title='bbox 3430 3001 3581 3056; x_wconf 85' lang='lat' dir='ltr'><strong>fuerit</strong></span> <span class='ocrx_word' id='word_1_826' title='bbox 3601 3015 3807 3071; x_wconf 72' lang='lat' dir='ltr'><strong>aggressa.</strong></span> 
     </span>
    </p>
   </div>
   <div class='ocr_carea' id='block_1_115' title="bbox 2324 3072 3804 3140">
    <p class='ocr_par' dir='ltr' id='par_1_115' title="bbox 2324 3072 3804 3140">
     <span class='ocr_line' id='line_1_116' title="bbox 2324 3072 3804 3140; baseline -0.001 -18"><span class='ocrx_word' id='word_1_827' title='bbox 2324 3077 2380 3140; x_wconf 80' lang='lat' dir='ltr'><strong>et</strong></span> <span class='ocrx_word' id='word_1_828' title='bbox 2436 3079 2628 3138; x_wconf 83' lang='lat' dir='ltr'><strong>quanta</strong></span> <span class='ocrx_word' id='word_1_829' title='bbox 2685 3087 2804 3124; x_wconf 89' lang='lat' dir='ltr'><strong>cum</strong></span> <span class='ocrx_word' id='word_1_830' title='bbox 2862 3072 3201 3134; x_wconf 70' lang='lat' dir='ltr'><strong>misi-ratione</strong></span> <span class='ocrx_word' id='word_1_831' title='bbox 3257 3083 3386 3124; x_wconf 89' lang='lat' dir='ltr'><strong>ante</strong></span> <span class='ocrx_word' id='word_1_832' title='bbox 3445 3072 3608 3124; x_wconf 89' lang='lat' dir='ltr'><strong>limina</strong></span> <span class='ocrx_word' id='word_1_833' title='bbox 3656 3073 3804 3140; x_wconf 61' lang='lat' dir='ltr'><strong>glunosi</strong></span> 
     </span>
    </p>
   </div>
   <div class='ocr_carea' id='block_1_116' title="bbox 2323 3139 3807 3210">
    <p class='ocr_par' dir='ltr' id='par_1_116' title="bbox 2323 3139 3807 3210">
     <span class='ocr_line' id='line_1_117' title="bbox 2323 3139 3807 3210; baseline -0.001 -19"><span class='ocrx_word' id='word_1_834' title='bbox 2323 3139 2567 3210; x_wconf 84' lang='lat' dir='ltr'><strong>Martyris</strong></span> <span class='ocrx_word' id='word_1_835' title='bbox 2595 3149 2852 3209; x_wconf 88' lang='lat' dir='ltr'><strong>prostrata</strong></span> <span class='ocrx_word' id='word_1_836' title='bbox 2893 3141 3087 3194; x_wconf 86' lang='lat' dir='ltr'><strong>effusos</strong></span> <span class='ocrx_word' id='word_1_837' title='bbox 3112 3141 3195 3194; x_wconf 88' lang='lat' dir='ltr'><strong>sui</strong></span> <span class='ocrx_word' id='word_1_838' title='bbox 3220 3143 3407 3195; x_wconf 89' lang='lat' dir='ltr'><strong>cordis</strong></span> <span class='ocrx_word' id='word_1_839' title='bbox 3431 3141 3625 3194; x_wconf 89' lang='lat' dir='ltr'><strong>dolores</strong></span> <span class='ocrx_word' id='word_1_840' title='bbox 3655 3139 3807 3207; x_wconf 74' lang='lat' dir='ltr'><strong>expres-</strong></span> 
     </span>
    </p>
   </div>
   <div class='ocr_carea' id='block_1_117' title="bbox 2323 3211 3808 3279">
    <p class='ocr_par' dir='ltr' id='par_1_117' title="bbox 2323 3211 3808 3279">
     <span class='ocr_line' id='line_1_118' title="bbox 2323 3211 3808 3279; baseline -0.001 -17"><span class='ocrx_word' id='word_1_841' title='bbox 2323 3213 2492 3272; x_wconf 87' lang='lat' dir='ltr'><strong>serit,</strong></span> <span class='ocrx_word' id='word_1_842' title='bbox 2527 3211 2578 3264; x_wconf 89' lang='lat' dir='ltr'><strong>in</strong></span> <span class='ocrx_word' id='word_1_843' title='bbox 2627 3211 2739 3264; x_wconf 75' lang='lat' dir='ltr'><strong>lucc</strong></span> <span class='ocrx_word' id='word_1_844' title='bbox 2782 3211 2941 3266; x_wconf 90' lang='lat' dir='ltr'><strong>verba</strong></span> <span class='ocrx_word' id='word_1_845' title='bbox 2976 3226 3329 3279; x_wconf 88' lang='lat' dir='ltr'><strong>prorumpens</strong></span> <span class='ocrx_word' id='word_1_846' title='bbox 3361 3227 3375 3264; x_wconf 92' lang='lat'>:</span> <span class='ocrx_word' id='word_1_847' title='bbox 3412 3212 3615 3266; x_wconf 89' lang='lat' dir='ltr'><strong>Domine</strong></span> <span class='ocrx_word' id='word_1_848' title='bbox 3650 3211 3808 3278; x_wconf 82' lang='lat' dir='ltr'><strong>Stepha-</strong></span> 
     </span>
    </p>
   </div>
   <div class='ocr_carea' id='block_1_118' title="bbox 2323 3280 3807 3346">
    <p class='ocr_par' dir='ltr' id='par_1_118' title="bbox 2323 3280 3807 3346">
     <span class='ocr_line' id='line_1_119' title="bbox 2323 3280 3807 3346; baseline -0.001 -13"><span class='ocrx_word' id='word_1_849' title='bbox 2323 3295 2430 3345; x_wconf 91' lang='lat' dir='ltr'><strong>ne,</strong></span> <span class='ocrx_word' id='word_1_850' title='bbox 2477 3280 2673 3334; x_wconf 89' lang='lat' dir='ltr'><strong>Christi</strong></span> <span class='ocrx_word' id='word_1_851' title='bbox 2719 3284 2926 3346; x_wconf 89' lang='lat' dir='ltr'><strong>amice,</strong></span> <span class='ocrx_word' id='word_1_852' title='bbox 2972 3283 3191 3335; x_wconf 90' lang='lat' dir='ltr'><strong>subveni</strong></span> <span class='ocrx_word' id='word_1_853' title='bbox 3237 3283 3400 3335; x_wconf 92' lang='lat' dir='ltr'><strong>matri</strong></span> <span class='ocrx_word' id='word_1_854' title='bbox 3445 3283 3664 3344; x_wconf 68' lang='lat' dir='ltr'><strong>miserm,</strong></span> <span class='ocrx_word' id='word_1_855' title='bbox 3699 3282 3745 3331; x_wconf 82' lang='lat' dir='ltr'><strong>ad</strong></span> <span class='ocrx_word' id='word_1_856' title='bbox 3776 3288 3807 3332; x_wconf 78' lang='lat' dir='ltr'><strong>te</strong></span> 
     </span>
    </p>
   </div>
   <div class='ocr_carea' id='block_1_119' title="bbox 2323 3349 3806 3420">
    <p class='ocr_par' dir='ltr' id='par_1_119' title="bbox 2323 3349 3806 3420">
     <span class='ocr_line' id='line_1_120' title="bbox 2323 3349 3806 3420; baseline 0 -18"><span class='ocrx_word' id='word_1_857' title='bbox 2323 3349 2642 3419; x_wconf 80' lang='lat' dir='ltr'><strong>coiifugienti</strong></span> <span class='ocrx_word' id='word_1_858' title='bbox 2703 3367 2798 3419; x_wconf 91' lang='lat' dir='ltr'><strong>pro</strong></span> <span class='ocrx_word' id='word_1_859' title='bbox 2862 3353 3032 3405; x_wconf 89' lang='lat' dir='ltr'><strong>salute</strong></span> <span class='ocrx_word' id='word_1_860' title='bbox 3087 3352 3438 3420; x_wconf 87' lang='lat' dir='ltr'><strong>periclitantis</strong></span> <span class='ocrx_word' id='word_1_861' title='bbox 3497 3352 3620 3405; x_wconf 66' lang='lat' dir='ltr'><strong>lilim.</strong></span> <span class='ocrx_word' id='word_1_862' title='bbox 3670 3349 3739 3403; x_wconf 76' lang='lat' dir='ltr'><strong>llic</strong></span> <span class='ocrx_word' id='word_1_863' title='bbox 3776 3360 3806 3402; x_wconf 79' lang='lat' dir='ltr'><strong>te</strong></span> 
     </span>
    </p>
   </div>
   <div class='ocr_carea' id='block_1_120' title="bbox 2321 3421 3804 3490">
    <p class='ocr_par' dir='ltr' id='par_1_120' title="bbox 2321 3421 3804 3490">
     <span class='ocr_line' id='line_1_121' title="bbox 2321 3421 3804 3490; baseline -0.003 -16"><span class='ocrx_word' id='word_1_864' title='bbox 2321 3435 2450 3490; x_wconf 84' lang='lat' dir='ltr'><strong>ergo</strong></span> <span class='ocrx_word' id='word_1_865' title='bbox 2491 3421 2787 3490; x_wconf 74' lang='lat' dir='ltr'><strong>plant-tibus</strong></span> <span class='ocrx_word' id='word_1_866' title='bbox 2829 3439 2923 3476; x_wconf 90' lang='lat' dir='ltr'><strong>oro</strong></span> <span class='ocrx_word' id='word_1_867' title='bbox 2946 3464 2962 3488; x_wconf 93' lang='lat'><strong>,</strong></span> <span class='ocrx_word' id='word_1_868' title='bbox 2994 3423 3099 3476; x_wconf 90' lang='lat' dir='ltr'><strong>illic</strong></span> <span class='ocrx_word' id='word_1_869' title='bbox 3137 3431 3188 3475; x_wconf 91' lang='lat' dir='ltr'><strong>te</strong></span> <span class='ocrx_word' id='word_1_870' title='bbox 3227 3424 3423 3476; x_wconf 87' lang='lat' dir='ltr'><strong>ancilla</strong></span> <span class='ocrx_word' id='word_1_871' title='bbox 3470 3433 3548 3475; x_wconf 88' lang='lat' dir='ltr'><strong>tua</strong></span> <span class='ocrx_word' id='word_1_872' title='bbox 3577 3433 3804 3490; x_wconf 69' lang='lat' dir='ltr'><strong>prmsentnu</strong></span> 
     </span>
    </p>
   </div>
   <div class='ocr_carea' id='block_1_121' title="bbox 2322 3491 3805 3562">
    <p class='ocr_par' dir='ltr' id='par_1_121' title="bbox 2322 3491 3805 3562">
     <span class='ocr_line' id='line_1_122' title="bbox 2322 3491 3805 3562; baseline -0.002 -20"><span class='ocrx_word' id='word_1_873' title='bbox 2322 3491 2584 3562; x_wconf 81' lang='lat' dir='ltr'><strong>medicum</strong></span> <span class='ocrx_word' id='word_1_874' title='bbox 2630 3495 2824 3547; x_wconf 86' lang='lat' dir='ltr'><strong>sentiat</strong></span> <span class='ocrx_word' id='word_1_875' title='bbox 2866 3494 3110 3561; x_wconf 89' lang='lat' dir='ltr'><strong>imploro.</strong></span> <span class='ocrx_word' id='word_1_876' title='bbox 3138 3493 3256 3546; x_wconf 82' lang='lat' dir='ltr'><strong>Scis</strong></span> <span class='ocrx_word' id='word_1_877' title='bbox 3305 3494 3419 3560; x_wconf 89' lang='lat' dir='ltr'><strong>ipse</strong></span> <span class='ocrx_word' id='word_1_878' title='bbox 3443 3493 3658 3562; x_wconf 86' lang='lat' dir='ltr'><strong>qualibus</strong></span> <span class='ocrx_word' id='word_1_879' title='bbox 3691 3491 3805 3543; x_wconf 53' lang='lat' dir='ltr'><strong>ausis</strong></span> 
     </span>
    </p>
   </div>
   <div class='ocr_carea' id='block_1_122' title="bbox 2321 3560 3804 3632">
    <p class='ocr_par' dir='ltr' id='par_1_122' title="bbox 2321 3560 3804 3632">
     <span class='ocr_line' id='line_1_123' title="bbox 2321 3560 3804 3632; baseline -0.002 -19"><span class='ocrx_word' id='word_1_880' title='bbox 2321 3560 2525 3616; x_wconf 89' lang='lat' dir='ltr'><strong>laboret</strong></span> <span class='ocrx_word' id='word_1_881' title='bbox 2549 3563 2767 3630; x_wconf 83' lang='lat' dir='ltr'><strong>lllegetia</strong></span> <span class='ocrx_word' id='word_1_882' title='bbox 2793 3604 2808 3627; x_wconf 91' lang='lat'><strong>,</strong></span> <span class='ocrx_word' id='word_1_883' title='bbox 2840 3573 2891 3616; x_wconf 86' lang='lat' dir='ltr'><strong>et</strong></span> <span class='ocrx_word' id='word_1_884' title='bbox 2934 3560 2986 3616; x_wconf 81' lang='lat' dir='ltr'><strong>in</strong></span> <span class='ocrx_word' id='word_1_885' title='bbox 3028 3577 3132 3632; x_wconf 89' lang='lat' dir='ltr'><strong>quo</strong></span> <span class='ocrx_word' id='word_1_886' title='bbox 3158 3565 3281 3616; x_wconf 73' lang='lat' dir='ltr'><strong>vine</strong></span> <span class='ocrx_word' id='word_1_887' title='bbox 3312 3560 3607 3616; x_wconf 87' lang='lat' dir='ltr'><strong>discrimine</strong></span> <span class='ocrx_word' id='word_1_888' title='bbox 3639 3562 3694 3614; x_wconf 90' lang='lat' dir='ltr'><strong>sit</strong></span> <span class='ocrx_word' id='word_1_889' title='bbox 3722 3575 3804 3612; x_wconf 78' lang='lat' dir='ltr'><strong>cun-</strong></span> 
     </span>
    </p>
   </div>
   <div class='ocr_carea' id='block_1_123' title="bbox 2321 3631 3804 3705">
    <p class='ocr_par' dir='ltr' id='par_1_123' title="bbox 2321 3631 3804 3705">
     <span class='ocr_line' id='line_1_124' title="bbox 2321 3631 3804 3705; baseline -0.001 -21"><span class='ocrx_word' id='word_1_890' title='bbox 2321 3633 2525 3684; x_wconf 89' lang='lat' dir='ltr'><strong>stituta.</strong></span> <span class='ocrx_word' id='word_1_891' title='bbox 2571 3632 2711 3688; x_wconf 86' lang='lat' dir='ltr'><strong>Ecce</strong></span> <span class='ocrx_word' id='word_1_892' title='bbox 2753 3635 2894 3687; x_wconf 92' lang='lat' dir='ltr'><strong>enim</strong></span> <span class='ocrx_word' id='word_1_893' title='bbox 2937 3649 3004 3687; x_wconf 82' lang='lat' dir='ltr'><strong>ex</strong></span> <span class='ocrx_word' id='word_1_894' title='bbox 3045 3631 3243 3705; x_wconf 81' lang='lat' dir='ltr'><strong>quanto</strong></span> <span class='ocrx_word' id='word_1_895' title='bbox 3292 3645 3529 3705; x_wconf 89' lang='lat' dir='ltr'><strong>tempore</strong></span> <span class='ocrx_word' id='word_1_896' title='bbox 3559 3633 3706 3705; x_wconf 69' lang='lat' dir='ltr'><strong>jacet,</strong></span> <span class='ocrx_word' id='word_1_897' title='bbox 3742 3631 3804 3705; x_wconf 74' lang='lat' dir='ltr'><strong>nii-</strong></span> 
     </span>
    </p>
   </div>
   <div class='ocr_carea' id='block_1_124' title="bbox 2321 3703 3805 3772">
    <p class='ocr_par' dir='ltr' id='par_1_124' title="bbox 2321 3703 3805 3772">
     <span class='ocr_line' id='line_1_125' title="bbox 2321 3703 3805 3772; baseline -0.004 -17"><span class='ocrx_word' id='word_1_898' title='bbox 2321 3715 2439 3772; x_wconf 84' lang='lat' dir='ltr'><strong>scra</strong></span> <span class='ocrx_word' id='word_1_899' title='bbox 2489 3711 2598 3755; x_wconf 91' lang='lat' dir='ltr'><strong>toto</strong></span> <span class='ocrx_word' id='word_1_900' title='bbox 2637 3719 2864 3772; x_wconf 91' lang='lat' dir='ltr'><strong>corpore</strong></span> <span class='ocrx_word' id='word_1_901' title='bbox 2889 3746 2902 3768; x_wconf 94' lang='lat'><strong>,</strong></span> <span class='ocrx_word' id='word_1_902' title='bbox 2931 3713 2986 3757; x_wconf 91' lang='lat' dir='ltr'><strong>et</strong></span> <span class='ocrx_word' id='word_1_903' title='bbox 3021 3703 3247 3772; x_wconf 82' lang='lat' dir='ltr'><strong>paralysi</strong></span> <span class='ocrx_word' id='word_1_904' title='bbox 3278 3704 3532 3758; x_wconf 83' lang='lat' dir='ltr'><strong>dissoluta</strong></span> <span class='ocrx_word' id='word_1_905' title='bbox 3556 3745 3568 3765; x_wconf 87' lang='lat'><strong>,</strong></span> <span class='ocrx_word' id='word_1_906' title='bbox 3593 3713 3637 3754; x_wconf 88' lang='lat' dir='ltr'><strong>et</strong></span> <span class='ocrx_word' id='word_1_907' title='bbox 3661 3703 3805 3752; x_wconf 64' lang='lat' dir='ltr'><strong>tisan-</strong></span> 
     </span>
    </p>
   </div>
   <div class='ocr_carea' id='block_1_125' title="bbox 2320 3771 3805 3840">
    <p class='ocr_par' dir='ltr' id='par_1_125' title="bbox 2320 3771 3805 3840">
     <span class='ocr_line' id='line_1_126' title="bbox 2320 3771 3805 3840; baseline -0.001 -16"><span class='ocrx_word' id='word_1_908' title='bbox 2320 3771 2421 3826; x_wconf 90' lang='lat' dir='ltr'><strong>bus</strong></span> <span class='ocrx_word' id='word_1_909' title='bbox 2473 3771 2752 3826; x_wconf 74' lang='lat' dir='ltr'><strong>tabefacta.</strong></span> <span class='ocrx_word' id='word_1_910' title='bbox 2807 3771 3109 3828; x_wconf 83' lang='lat' dir='ltr'><strong>Proximum</strong></span> <span class='ocrx_word' id='word_1_911' title='bbox 3157 3771 3242 3827; x_wconf 86' lang='lat' dir='ltr'><strong>est</strong></span> <span class='ocrx_word' id='word_1_912' title='bbox 3293 3786 3510 3840; x_wconf 82' lang='lat' dir='ltr'><strong>autem,</strong></span> <span class='ocrx_word' id='word_1_913' title='bbox 3560 3783 3608 3825; x_wconf 91' lang='lat' dir='ltr'><strong>ut</strong></span> <span class='ocrx_word' id='word_1_914' title='bbox 3651 3772 3805 3840; x_wconf 77' lang='lat' dir='ltr'><strong>septimo</strong></span> 
     </span>
    </p>
   </div>
   <div class='ocr_carea' id='block_1_126' title="bbox 2321 3839 3803 3913">
    <p class='ocr_par' dir='ltr' id='par_1_126' title="bbox 2321 3839 3803 3913">
     <span class='ocr_line' id='line_1_127' title="bbox 2321 3839 3803 3913; baseline -0.001 -19"><span class='ocrx_word' id='word_1_915' title='bbox 2321 3857 2504 3896; x_wconf 90' lang='lat' dir='ltr'><strong>mense</strong></span> <span class='ocrx_word' id='word_1_916' title='bbox 2543 3846 2805 3910; x_wconf 90' lang='lat' dir='ltr'><strong>completo</strong></span> <span class='ocrx_word' id='word_1_917' title='bbox 2831 3884 2845 3904; x_wconf 86' lang='lat'><strong>.</strong></span> <span class='ocrx_word' id='word_1_918' title='bbox 2887 3843 3372 3913; x_wconf 88' lang='lat' dir='ltr'><strong>comprehendatur</strong></span> <span class='ocrx_word' id='word_1_919' title='bbox 3413 3846 3477 3897; x_wconf 87' lang='lat' dir='ltr'><strong>ab</strong></span> <span class='ocrx_word' id='word_1_920' title='bbox 3515 3853 3691 3896; x_wconf 79' lang='lat' dir='ltr'><strong>octavo.</strong></span> <span class='ocrx_word' id='word_1_921' title='bbox 3722 3839 3803 3913; x_wconf 68' lang='grc' dir='ltr'><strong>Οωτ</strong></span> 
     </span>
    </p>
   </div>
   <div class='ocr_carea' id='block_1_127' title="bbox 2321 3906 3803 3984">
    <p class='ocr_par' dir='ltr' id='par_1_127' title="bbox 2321 3906 3803 3984">
     <span class='ocr_line' id='line_1_128' title="bbox 2321 3906 3803 3984; baseline 0 -20"><span class='ocrx_word' id='word_1_922' title='bbox 2321 3906 2752 3984; x_wconf 80' lang='lat' dir='ltr'><strong>nesdesperant</strong></span> <span class='ocrx_word' id='word_1_923' title='bbox 2803 3915 2871 3967; x_wconf 89' lang='lat' dir='ltr'><strong>de</strong></span> <span class='ocrx_word' id='word_1_924' title='bbox 2922 3906 3091 3967; x_wconf 81' lang='lat' dir='ltr'><strong>salute</strong></span> <span class='ocrx_word' id='word_1_925' title='bbox 3142 3914 3388 3984; x_wconf 70' lang='lat' dir='ltr'><strong>Megetize</strong></span> <span class='ocrx_word' id='word_1_926' title='bbox 3443 3932 3457 3968; x_wconf 90' lang='lat'><strong>:</strong></span> <span class='ocrx_word' id='word_1_927' title='bbox 3509 3930 3599 3984; x_wconf 84' lang='lat' dir='ltr'><strong>ego</strong></span> <span class='ocrx_word' id='word_1_928' title='bbox 3640 3926 3728 3982; x_wconf 73' lang='lat' dir='ltr'><strong>qua:</strong></span> <span class='ocrx_word' id='word_1_929' title='bbox 3763 3906 3803 3984; x_wconf 53' lang='lat' dir='ltr'><strong>all</strong></span> 
     </span>
    </p>
   </div>
   <div class='ocr_carea' id='block_1_128' title="bbox 2319 3982 3802 4053">
    <p class='ocr_par' dir='ltr' id='par_1_128' title="bbox 2319 3982 3802 4053">
     <span class='ocr_line' id='line_1_129' title="bbox 2319 3982 3802 4053; baseline -0.001 -19"><span class='ocrx_word' id='word_1_930' title='bbox 2319 3983 2588 4036; x_wconf 81' lang='lat' dir='ltr'><strong>Christum</strong></span> <span class='ocrx_word' id='word_1_931' title='bbox 2630 3996 2683 4037; x_wconf 91' lang='lat' dir='ltr'><strong>et</strong></span> <span class='ocrx_word' id='word_1_932' title='bbox 2703 3994 2773 4039; x_wconf 74' lang='lat' dir='ltr'><strong>ite</strong></span> <span class='ocrx_word' id='word_1_933' title='bbox 2797 4026 2810 4046; x_wconf 87' lang='lat'><strong>,</strong></span> <span class='ocrx_word' id='word_1_934' title='bbox 2841 3985 3079 4038; x_wconf 85' lang='lat' dir='ltr'><strong>Amicum</strong></span> <span class='ocrx_word' id='word_1_935' title='bbox 3119 3982 3276 4051; x_wconf 77' lang='lat' dir='ltr'><strong>ejus,</strong></span> <span class='ocrx_word' id='word_1_936' title='bbox 3307 3985 3518 4053; x_wconf 78' lang='lat' dir='ltr'><strong>confugi</strong></span> <span class='ocrx_word' id='word_1_937' title='bbox 3543 3982 3558 4047; x_wconf 65' lang='grc' dir='ltr'><em>ζ</em></span> <span class='ocrx_word' id='word_1_938' title='bbox 3583 3985 3710 4036; x_wconf 78' lang='lat' dir='ltr'><strong>credo</strong></span> <span class='ocrx_word' id='word_1_939' title='bbox 3727 3982 3802 4053; x_wconf 71' lang='lat' dir='ltr'><strong>quia</strong></span> 
     </span>
    </p>
   </div>
   <div class='ocr_carea' id='block_1_129' title="bbox 2321 4051 3804 4124">
    <p class='ocr_par' dir='ltr' id='par_1_129' title="bbox 2321 4051 3804 4124">
     <span class='ocr_line' id='line_1_130' title="bbox 2321 4051 3804 4124; baseline -0.005 -20"><span class='ocrx_word' id='word_1_940' title='bbox 2321 4053 2440 4105; x_wconf 91' lang='lat' dir='ltr'><strong>talis</strong></span> <span class='ocrx_word' id='word_1_941' title='bbox 2468 4053 2638 4108; x_wconf 88' lang='lat' dir='ltr'><strong>luctus</strong></span> <span class='ocrx_word' id='word_1_942' title='bbox 2663 4055 2729 4107; x_wconf 90' lang='lat' dir='ltr'><strong>de</strong></span> <span class='ocrx_word' id='word_1_943' title='bbox 2773 4055 2876 4108; x_wconf 68' lang='lat' dir='ltr'><strong>liiia</strong></span> <span class='ocrx_word' id='word_1_944' title='bbox 2907 4071 3011 4108; x_wconf 93' lang='lat' dir='ltr'><strong>non</strong></span> <span class='ocrx_word' id='word_1_945' title='bbox 3042 4056 3350 4120; x_wconf 81' lang='lat' dir='ltr'><strong>imponetur</strong></span> <span class='ocrx_word' id='word_1_946' title='bbox 3388 4051 3542 4124; x_wconf 78' lang='lat' dir='ltr'><strong>capiti</strong></span> <span class='ocrx_word' id='word_1_947' title='bbox 3581 4069 3693 4106; x_wconf 87' lang='lat' dir='ltr'><strong>meo.</strong></span> <span class='ocrx_word' id='word_1_948' title='bbox 3724 4051 3804 4100; x_wconf 82' lang='lat' dir='ltr'><strong>l&#39;eto</strong></span> 
     </span>
    </p>
   </div>
   <div class='ocr_carea' id='block_1_130' title="bbox 2317 4124 3804 4193">
    <p class='ocr_par' dir='ltr' id='par_1_130' title="bbox 2317 4124 3804 4193">
     <span class='ocr_line' id='line_1_131' title="bbox 2317 4124 3804 4193; baseline -0.001 -17"><span class='ocrx_word' id='word_1_949' title='bbox 2317 4132 2496 4177; x_wconf 86' lang='lat' dir='ltr'><strong>autem</strong></span> <span class='ocrx_word' id='word_1_950' title='bbox 2541 4134 2594 4177; x_wconf 92' lang='lat' dir='ltr'><strong>et</strong></span> <span class='ocrx_word' id='word_1_951' title='bbox 2636 4139 2801 4193; x_wconf 88' lang='lat' dir='ltr'><strong>rogo,</strong></span> <span class='ocrx_word' id='word_1_952' title='bbox 2831 4135 2924 4189; x_wconf 88' lang='lat' dir='ltr'><strong>ut,</strong></span> <span class='ocrx_word' id='word_1_953' title='bbox 2965 4140 3083 4177; x_wconf 91' lang='lat' dir='ltr'><strong>cum</strong></span> <span class='ocrx_word' id='word_1_954' title='bbox 3129 4124 3253 4177; x_wconf 91' lang='lat' dir='ltr'><strong>hinc</strong></span> <span class='ocrx_word' id='word_1_955' title='bbox 3281 4142 3313 4178; x_wconf 87' lang='lat' dir='ltr'><strong>a</strong></span> <span class='ocrx_word' id='word_1_956' title='bbox 3344 4141 3536 4180; x_wconf 89' lang='lat' dir='ltr'><strong>corona</strong></span> <span class='ocrx_word' id='word_1_957' title='bbox 3577 4135 3648 4175; x_wconf 86' lang='lat' dir='ltr'><strong>tua</strong></span> <span class='ocrx_word' id='word_1_958' title='bbox 3683 4134 3804 4174; x_wconf 71' lang='lat' dir='ltr'><strong>rever-</strong></span> 
     </span>
    </p>
   </div>
   <div class='ocr_carea' id='block_1_131' title="bbox 2319 4194 3804 4263">
    <p class='ocr_par' dir='ltr' id='par_1_131' title="bbox 2319 4194 3804 4263">
     <span class='ocr_line' id='line_1_132' title="bbox 2319 4194 3804 4263; baseline -0.003 -18"><span class='ocrx_word' id='word_1_959' title='bbox 2319 4201 2435 4247; x_wconf 89' lang='lat' dir='ltr'><strong>tens</strong></span> <span class='ocrx_word' id='word_1_960' title='bbox 2476 4194 2785 4248; x_wconf 81' lang='lat' dir='ltr'><strong>festinanter</strong></span> <span class='ocrx_word' id='word_1_961' title='bbox 2826 4194 2890 4248; x_wconf 89' lang='lat' dir='ltr'><strong>ad</strong></span> <span class='ocrx_word' id='word_1_962' title='bbox 2935 4196 3177 4248; x_wconf 82' lang='lat' dir='ltr'><strong>ancillam</strong></span> <span class='ocrx_word' id='word_1_963' title='bbox 3222 4204 3371 4248; x_wconf 89' lang='lat' dir='ltr'><strong>tuam</strong></span> <span class='ocrx_word' id='word_1_964' title='bbox 3418 4194 3653 4263; x_wconf 74' lang='lat' dir='ltr'><strong>proliciscn</strong></span> <span class='ocrx_word' id='word_1_965' title='bbox 3682 4205 3804 4263; x_wconf 60' lang='lat' dir='ltr'><strong>cii-pt-</strong></span> 
     </span>
    </p>
   </div>
   <div class='ocr_carea' id='block_1_132' title="bbox 2320 4261 3803 4335">
    <p class='ocr_par' dir='ltr' id='par_1_132' title="bbox 2320 4261 3803 4335">
     <span class='ocr_line' id='line_1_133' title="bbox 2320 4261 3803 4335; baseline -0.002 -20"><span class='ocrx_word' id='word_1_966' title='bbox 2320 4278 2382 4316; x_wconf 90' lang='lat' dir='ltr'><strong>ro</strong></span> <span class='ocrx_word' id='word_1_967' title='bbox 2405 4304 2420 4326; x_wconf 92' lang='lat'><strong>,</strong></span> <span class='ocrx_word' id='word_1_968' title='bbox 2465 4278 2739 4335; x_wconf 75' lang='lat' dir='ltr'><strong>recreetur</strong></span> <span class='ocrx_word' id='word_1_969' title='bbox 2763 4265 2936 4318; x_wconf 89' lang='lat' dir='ltr'><strong>anima</strong></span> <span class='ocrx_word' id='word_1_970' title='bbox 2964 4281 3077 4318; x_wconf 89' lang='lat' dir='ltr'><strong>mea</strong></span> <span class='ocrx_word' id='word_1_971' title='bbox 3123 4265 3188 4318; x_wconf 90' lang='lat' dir='ltr'><strong>de</strong></span> <span class='ocrx_word' id='word_1_972' title='bbox 3217 4266 3325 4318; x_wconf 90' lang='lat' dir='ltr'><strong>lilia</strong></span> <span class='ocrx_word' id='word_1_973' title='bbox 3369 4261 3724 4335; x_wconf 17' lang='lat' dir='ltr'><strong>aliquoﬂuuutio</strong></span> <span class='ocrx_word' id='word_1_974' title='bbox 3741 4267 3803 4335; x_wconf 67' lang='grc' dir='ltr'><strong>ῳτ</strong></span> 
     </span>
    </p>
   </div>
   <div class='ocr_carea' id='block_1_133' title="bbox 2319 4329 3803 4389">
    <p class='ocr_par' dir='ltr' id='par_1_133' title="bbox 2319 4329 3803 4389">
     <span class='ocr_line' id='line_1_134' title="bbox 2319 4329 3803 4389; baseline -0.003 -3"><span class='ocrx_word' id='word_1_975' title='bbox 2319 4349 2408 4386; x_wconf 91' lang='lat' dir='ltr'><strong>no.</strong></span> <span class='ocrx_word' id='word_1_976' title='bbox 2464 4333 2556 4388; x_wconf 91' lang='lat' dir='ltr'><strong>llis</strong></span> <span class='ocrx_word' id='word_1_977' title='bbox 2612 4345 2668 4389; x_wconf 90' lang='lat' dir='ltr'><strong>et</strong></span> <span class='ocrx_word' id='word_1_978' title='bbox 2715 4334 2902 4389; x_wconf 92' lang='lat' dir='ltr'><strong>horum</strong></span> <span class='ocrx_word' id='word_1_979' title='bbox 2963 4335 3224 4388; x_wconf 84' lang='lat' dir='ltr'><strong>similibus</strong></span> <span class='ocrx_word' id='word_1_980' title='bbox 3281 4329 3472 4388; x_wconf 75' lang='lat' dir='ltr'><strong>multis</strong></span> <span class='ocrx_word' id='word_1_981' title='bbox 3512 4334 3714 4388; x_wconf 79' lang='lat' dir='ltr'><strong>all&#39;atibus</strong></span> <span class='ocrx_word' id='word_1_982' title='bbox 3748 4329 3803 4377; x_wconf 76' lang='lat' dir='ltr'><strong>ubi</strong></span> 
     </span>
    </p>
   </div>
   <div class='ocr_carea' id='block_1_134' title="bbox 2317 4404 3802 4458">
    <p class='ocr_par' dir='ltr' id='par_1_134' title="bbox 2317 4404 3802 4458">
     <span class='ocr_line' id='line_1_135' title="bbox 2317 4404 3802 4458; baseline -0.006 -1"><span class='ocrx_word' id='word_1_983' title='bbox 2317 4405 2448 4458; x_wconf 88' lang='lat' dir='ltr'><strong>satis</strong></span> <span class='ocrx_word' id='word_1_984' title='bbox 2491 4407 2600 4458; x_wconf 87' lang='lat' dir='ltr'><strong>visa</strong></span> <span class='ocrx_word' id='word_1_985' title='bbox 2648 4413 2730 4458; x_wconf 88' lang='lat' dir='ltr'><strong>est</strong></span> <span class='ocrx_word' id='word_1_986' title='bbox 2772 4406 2871 4458; x_wconf 89' lang='lat' dir='ltr'><strong>sibi</strong></span> <span class='ocrx_word' id='word_1_987' title='bbox 2925 4405 3170 4458; x_wconf 84' lang='lat' dir='ltr'><strong>idoneum</strong></span> <span class='ocrx_word' id='word_1_988' title='bbox 3220 4405 3537 4458; x_wconf 78' lang='lat' dir='ltr'><strong>instruxisse</strong></span> <span class='ocrx_word' id='word_1_989' title='bbox 3574 4404 3802 4454; x_wconf 76' lang='lat' dir='ltr'><strong>advocatum</strong></span> 
     </span>
    </p>
   </div>
   <div class='ocr_carea' id='block_1_135' title="bbox 2315 4474 3805 4543">
    <p class='ocr_par' dir='ltr' id='par_1_135' title="bbox 2315 4474 3805 4543">
     <span class='ocr_line' id='line_1_136' title="bbox 2315 4474 3805 4543; baseline -0.001 -16"><span class='ocrx_word' id='word_1_990' title='bbox 2315 4484 2556 4528; x_wconf 89' lang='lat' dir='ltr'><strong>sanctum</strong></span> <span class='ocrx_word' id='word_1_991' title='bbox 2596 4474 2922 4543; x_wconf 91' lang='lat' dir='ltr'><strong>Stephanum</strong></span> <span class='ocrx_word' id='word_1_992' title='bbox 2966 4477 3102 4543; x_wconf 89' lang='lat' dir='ltr'><strong>apud</strong></span> <span class='ocrx_word' id='word_1_993' title='bbox 3145 4474 3384 4543; x_wconf 86' lang='lat' dir='ltr'><strong>jndieem</strong></span> <span class='ocrx_word' id='word_1_994' title='bbox 3424 4474 3694 4532; x_wconf 89' lang='lat' dir='ltr'><strong>Christum,</strong></span> <span class='ocrx_word' id='word_1_995' title='bbox 3726 4481 3805 4535; x_wconf 72' lang='grc' dir='ltr'><strong>ιπῡο</strong></span> 
     </span>
    </p>
   </div>
   <div class='ocr_carea' id='block_1_136' title="bbox 2317 4545 3805 4617">
    <p class='ocr_par' dir='ltr' id='par_1_136' title="bbox 2317 4545 3805 4617">
     <span class='ocr_line' id='line_1_137' title="bbox 2317 4545 3805 4617; baseline -0.005 -19"><span class='ocrx_word' id='word_1_996' title='bbox 2317 4545 2556 4617; x_wconf 84' lang='lat' dir='ltr'><strong>peread</strong></span> <span class='ocrx_word' id='word_1_997' title='bbox 2607 4547 2936 4598; x_wconf 81' lang='lat' dir='ltr'><strong>revisendum</strong></span> <span class='ocrx_word' id='word_1_998' title='bbox 2986 4547 3143 4598; x_wconf 86' lang='lat' dir='ltr'><strong>tiliam</strong></span> <span class='ocrx_word' id='word_1_999' title='bbox 3170 4586 3183 4605; x_wconf 86' lang='lat'><strong>,</strong></span> <span class='ocrx_word' id='word_1_1000' title='bbox 3237 4561 3397 4598; x_wconf 88' lang='lat' dir='ltr'><strong>unam</strong></span> <span class='ocrx_word' id='word_1_1001' title='bbox 3441 4556 3495 4617; x_wconf 85' lang='lat' dir='ltr'><strong>et</strong></span> <span class='ocrx_word' id='word_1_1002' title='bbox 3531 4545 3674 4597; x_wconf 83' lang='lat' dir='ltr'><strong>solani</strong></span> <span class='ocrx_word' id='word_1_1003' title='bbox 3706 4551 3805 4617; x_wconf 70' lang='lat' dir='ltr'><strong>suam</strong></span> 
     </span>
    </p>
   </div>
   <div class='ocr_carea' id='block_1_137' title="bbox 2317 4615 3803 4683">
    <p class='ocr_par' dir='ltr' id='par_1_137' title="bbox 2317 4615 3803 4683">
     <span class='ocr_line' id='line_1_138' title="bbox 2317 4615 3803 4683; baseline -0.006 -18"><span class='ocrx_word' id='word_1_1004' title='bbox 2317 4616 2600 4683; x_wconf 80' lang='lat' dir='ltr'><strong>maximam</strong></span> <span class='ocrx_word' id='word_1_1005' title='bbox 2651 4631 2872 4681; x_wconf 91' lang='lat' dir='ltr'><strong>curam,</strong></span> <span class='ocrx_word' id='word_1_1006' title='bbox 2923 4625 3092 4669; x_wconf 90' lang='lat' dir='ltr'><strong>mater</strong></span> <span class='ocrx_word' id='word_1_1007' title='bbox 3151 4615 3530 4683; x_wconf 85' lang='lat' dir='ltr'><strong>parturibunda</strong></span> <span class='ocrx_word' id='word_1_1008' title='bbox 3577 4615 3803 4683; x_wconf 81' lang='lat' dir='ltr'><strong>revertitur.</strong></span> 
     </span>
    </p>
   </div>
   <div class='ocr_carea' id='block_1_138' title="bbox 2315 4680 3807 4748">
    <p class='ocr_par' dir='ltr' id='par_1_138' title="bbox 2315 4680 3807 4748">
     <span class='ocr_line' id='line_1_139' title="bbox 2315 4680 3807 4748; baseline -0.005 -10"><span class='ocrx_word' id='word_1_1009' title='bbox 2315 4682 2504 4738; x_wconf 88' lang='lat' dir='ltr'><strong>Oleum</strong></span> <span class='ocrx_word' id='word_1_1010' title='bbox 2549 4696 2724 4738; x_wconf 88' lang='lat' dir='ltr'><strong>tamen</strong></span> <span class='ocrx_word' id='word_1_1011' title='bbox 2765 4680 3190 4748; x_wconf 43' lang='lat' dir='ltr'><strong>sanctificatum}</strong></span> <span class='ocrx_word' id='word_1_1012' title='bbox 3236 4693 3293 4737; x_wconf 90' lang='lat' dir='ltr'><strong>et</strong></span> <span class='ocrx_word' id='word_1_1013' title='bbox 3336 4689 3563 4739; x_wconf 90' lang='lat' dir='ltr'><strong>orarium</strong></span> <span class='ocrx_word' id='word_1_1014' title='bbox 3602 4683 3670 4734; x_wconf 88' lang='lat' dir='ltr'><strong>vel</strong></span> <span class='ocrx_word' id='word_1_1015' title='bbox 3701 4680 3807 4730; x_wconf 77' lang='lat' dir='ltr'><strong>sab-</strong></span> 
     </span>
    </p>
   </div>
   <div class='ocr_carea' id='block_1_139' title="bbox 2316 4749 3804 4823">
    <p class='ocr_par' dir='ltr' id='par_1_139' title="bbox 2316 4749 3804 4823">
     <span class='ocr_line' id='line_1_140' title="bbox 2316 4749 3804 4823; baseline -0.003 -18"><span class='ocrx_word' id='word_1_1016' title='bbox 2316 4754 2452 4823; x_wconf 88' lang='lat' dir='ltr'><strong>rium</strong></span> <span class='ocrx_word' id='word_1_1017' title='bbox 2499 4756 2796 4808; x_wconf 91' lang='lat' dir='ltr'><strong>orationum</strong></span> <span class='ocrx_word' id='word_1_1018' title='bbox 2847 4757 2862 4786; x_wconf 87' lang='grc'>¹</span> <span class='ocrx_word' id='word_1_1019' title='bbox 2912 4771 3124 4809; x_wconf 88' lang='lat' dir='ltr'><strong>suarum</strong></span> <span class='ocrx_word' id='word_1_1020' title='bbox 3170 4755 3532 4823; x_wconf 89' lang='lat' dir='ltr'><strong>sudorumque</strong></span> <span class='ocrx_word' id='word_1_1021' title='bbox 3575 4749 3804 4823; x_wconf 62' lang='lat' dir='ltr'><strong>prosiluit</strong></span> 
     </span>
    </p>
   </div>
   <div class='ocr_carea' id='block_1_140' title="bbox 2315 4816 3804 4893">
    <p class='ocr_par' dir='ltr' id='par_1_140' title="bbox 2315 4816 3804 4893">
     <span class='ocr_line' id='line_1_141' title="bbox 2315 4816 3804 4893; baseline -0.003 -17"><span class='ocrx_word' id='word_1_1022' title='bbox 2315 4822 2437 4876; x_wconf 80' lang='lat' dir='ltr'><strong>lilia:</strong></span> <span class='ocrx_word' id='word_1_1023' title='bbox 2481 4824 2768 4878; x_wconf 89' lang='lat' dir='ltr'><strong>laborantis</strong></span> <span class='ocrx_word' id='word_1_1024' title='bbox 2820 4827 3174 4878; x_wconf 83' lang='lat' dir='ltr'><strong>testimoaium</strong></span> <span class='ocrx_word' id='word_1_1025' title='bbox 3200 4864 3214 4888; x_wconf 94' lang='lat'><strong>,</strong></span> <span class='ocrx_word' id='word_1_1026' title='bbox 3248 4840 3278 4876; x_wconf 91' lang='lat' dir='ltr'><strong>a</strong></span> <span class='ocrx_word' id='word_1_1027' title='bbox 3310 4816 3461 4879; x_wconf 77' lang='lat' dir='ltr'><strong>beati</strong></span> <span class='ocrx_word' id='word_1_1028' title='bbox 3495 4816 3702 4893; x_wconf 76' lang='lat' dir='ltr'><strong>Martyris</strong></span> 
     </span>
    </p>
   </div>
   <div class='ocr_carea' id='block_1_141' title="bbox 2315 4891 3802 4966">
    <p class='ocr_par' dir='ltr' id='par_1_141' title="bbox 2315 4891 3802 4966">
     <span class='ocr_line' id='line_1_142' title="bbox 2315 4891 3802 4966; baseline -0.003 -19"><span class='ocrx_word' id='word_1_1029' title='bbox 2315 4895 2482 4947; x_wconf 88' lang='lat' dir='ltr'><strong>moria</strong></span> <span class='ocrx_word' id='word_1_1030' title='bbox 2509 4910 2689 4948; x_wconf 77' lang='lat' dir='ltr'><strong>secum</strong></span> <span class='ocrx_word' id='word_1_1031' title='bbox 2733 4897 2934 4962; x_wconf 89' lang='lat' dir='ltr'><strong>pariter</strong></span> <span class='ocrx_word' id='word_1_1032' title='bbox 2956 4895 3278 4962; x_wconf 85' lang='lat' dir='ltr'><strong>reportabat.</strong></span> <span class='ocrx_word' id='word_1_1033' title='bbox 3310 4896 3449 4949; x_wconf 79' lang='lat' dir='ltr'><strong>Ecce</strong></span> <span class='ocrx_word' id='word_1_1034' title='bbox 3491 4891 3632 4962; x_wconf 78' lang='lat' dir='ltr'><strong>igitur</strong></span> <span class='ocrx_word' id='word_1_1035' title='bbox 3665 4891 3802 4966; x_wconf 23' lang='lat' dir='ltr'><strong>iniria.</strong></span> 
     </span>
    </p>
   </div>
   <div class='ocr_carea' id='block_1_142' title="bbox 2313 4965 3803 5034">
    <p class='ocr_par' dir='ltr' id='par_1_142' title="bbox 2313 4965 3803 5034">
     <span class='ocr_line' id='line_1_143' title="bbox 2313 4965 3803 5034; baseline -0.004 -16"><span class='ocrx_word' id='word_1_1036' title='bbox 2313 4978 2434 5018; x_wconf 82' lang='lat' dir='ltr'><strong>eum</strong></span> <span class='ocrx_word' id='word_1_1037' title='bbox 2480 4965 2909 5018; x_wconf 87' lang='lat' dir='ltr'><strong>declinandoruni</strong></span> <span class='ocrx_word' id='word_1_1038' title='bbox 2951 4975 3172 5018; x_wconf 62' lang='lat' dir='ltr'><strong>aestuum</strong></span> <span class='ocrx_word' id='word_1_1039' title='bbox 3220 4967 3394 5034; x_wconf 84' lang='lat' dir='ltr'><strong>gratia</strong></span> <span class='ocrx_word' id='word_1_1040' title='bbox 3444 4966 3592 5034; x_wconf 88' lang='lat' dir='ltr'><strong>(nam</strong></span> <span class='ocrx_word' id='word_1_1041' title='bbox 3633 4965 3803 5012; x_wconf 63' lang='grc' dir='ltr'><strong>ωειιςυω</strong></span> 
     </span>
    </p>
   </div>
   <div class='ocr_carea' id='block_1_143' title="bbox 2317 5033 3803 5103">
    <p class='ocr_par' dir='ltr' id='par_1_143' title="bbox 2317 5033 3803 5103">
     <span class='ocr_line' id='line_1_144' title="bbox 2317 5033 3803 5103; baseline -0.003 -17"><span class='ocrx_word' id='word_1_1042' title='bbox 2317 5041 2526 5101; x_wconf 86' lang='lat' dir='ltr'><strong>tempus</strong></span> <span class='ocrx_word' id='word_1_1043' title='bbox 2564 5044 2716 5096; x_wconf 89' lang='lat' dir='ltr'><strong>erat,</strong></span> <span class='ocrx_word' id='word_1_1044' title='bbox 2745 5051 2849 5102; x_wconf 91' lang='lat' dir='ltr'><strong>quo</strong></span> <span class='ocrx_word' id='word_1_1045' title='bbox 2891 5037 3073 5103; x_wconf 86' lang='lat' dir='ltr'><strong>igneus</strong></span> <span class='ocrx_word' id='word_1_1046' title='bbox 3117 5035 3192 5088; x_wconf 92' lang='lat' dir='ltr'><strong>sol</strong></span> <span class='ocrx_word' id='word_1_1047' title='bbox 3231 5033 3413 5088; x_wconf 79' lang='lat' dir='ltr'><strong>ierras</strong></span> <span class='ocrx_word' id='word_1_1048' title='bbox 3455 5033 3655 5098; x_wconf 83' lang='lat' dir='ltr'><strong>urebat)</strong></span> <span class='ocrx_word' id='word_1_1049' title='bbox 3682 5039 3803 5082; x_wconf 73' lang='lat' dir='ltr'><strong>seres-</strong></span> 
     </span>
    </p>
   </div>
   <div class='ocr_carea' id='block_1_144' title="bbox 2316 5104 3803 5172">
    <p class='ocr_par' dir='ltr' id='par_1_144' title="bbox 2316 5104 3803 5172">
     <span class='ocr_line' id='line_1_145' title="bbox 2316 5104 3803 5172; baseline -0.006 -16"><span class='ocrx_word' id='word_1_1050' title='bbox 2316 5105 2510 5166; x_wconf 76' lang='lat' dir='ltr'><strong>siSset,</strong></span> <span class='ocrx_word' id='word_1_1051' title='bbox 2555 5105 2729 5158; x_wconf 88' lang='lat' dir='ltr'><strong>subito</strong></span> <span class='ocrx_word' id='word_1_1052' title='bbox 2778 5105 3091 5158; x_wconf 70' lang='lat' dir='ltr'><strong>adveniente</strong></span> <span class='ocrx_word' id='word_1_1053' title='bbox 3140 5106 3328 5158; x_wconf 91' lang='lat' dir='ltr'><strong>nuntio</strong></span> <span class='ocrx_word' id='word_1_1054' title='bbox 3370 5105 3567 5172; x_wconf 84' lang='lat' dir='ltr'><strong>accepit</strong></span> <span class='ocrx_word' id='word_1_1055' title='bbox 3605 5104 3758 5154; x_wconf 74' lang='lat' dir='ltr'><strong>litteras</strong></span> <span class='ocrx_word' id='word_1_1056' title='bbox 3781 5109 3803 5170; x_wconf 62' lang='grc' dir='ltr'><em>ᾳ</em></span> 
     </span>
    </p>
   </div>
   <div class='ocr_carea' id='block_1_145' title="bbox 2318 5173 3804 5242">
    <p class='ocr_par' dir='ltr' id='par_1_145' title="bbox 2318 5173 3804 5242">
     <span class='ocr_line' id='line_1_146' title="bbox 2318 5173 3804 5242; baseline -0.007 -18"><span class='ocrx_word' id='word_1_1057' title='bbox 2318 5174 2432 5226; x_wconf 88' lang='lat' dir='ltr'><strong>viro</strong></span> <span class='ocrx_word' id='word_1_1058' title='bbox 2475 5190 2571 5226; x_wconf 91' lang='lat' dir='ltr'><strong>suo</strong></span> <span class='ocrx_word' id='word_1_1059' title='bbox 2599 5175 2667 5227; x_wconf 88' lang='lat' dir='ltr'><strong>de</strong></span> <span class='ocrx_word' id='word_1_1060' title='bbox 2694 5175 3010 5242; x_wconf 81' lang='lat' dir='ltr'><strong>Carthagine</strong></span> <span class='ocrx_word' id='word_1_1061' title='bbox 3037 5176 3266 5228; x_wconf 89' lang='lat' dir='ltr'><strong>directas</strong></span> <span class='ocrx_word' id='word_1_1062' title='bbox 3290 5217 3304 5239; x_wconf 88' lang='lat'><strong>,</strong></span> <span class='ocrx_word' id='word_1_1063' title='bbox 3351 5176 3486 5228; x_wconf 84' lang='lat' dir='ltr'><strong>sicut</strong></span> <span class='ocrx_word' id='word_1_1064' title='bbox 3515 5173 3717 5242; x_wconf 82' lang='lat' dir='ltr'><strong>precibus</strong></span> <span class='ocrx_word' id='word_1_1065' title='bbox 3735 5176 3804 5216; x_wconf 80' lang='lat' dir='ltr'><strong>suis</strong></span> 
     </span>
    </p>
   </div>
   <div class='ocr_carea' id='block_1_146' title="bbox 2317 5241 3803 5312">
    <p class='ocr_par' dir='ltr' id='par_1_146' title="bbox 2317 5241 3803 5312">
     <span class='ocr_line' id='line_1_147' title="bbox 2317 5241 3803 5312; baseline -0.001 -19"><span class='ocrx_word' id='word_1_1066' title='bbox 2317 5244 2711 5310; x_wconf 86' lang='lat' dir='ltr'><strong>postulaverat,</strong></span> <span class='ocrx_word' id='word_1_1067' title='bbox 2771 5245 2822 5297; x_wconf 89' lang='lat' dir='ltr'><strong>in</strong></span> <span class='ocrx_word' id='word_1_1068' title='bbox 2875 5241 3065 5312; x_wconf 84' lang='lat' dir='ltr'><strong>quibus</strong></span> <span class='ocrx_word' id='word_1_1069' title='bbox 3120 5248 3362 5312; x_wconf 75' lang='lat' dir='ltr'><strong>proxime</strong></span> <span class='ocrx_word' id='word_1_1070' title='bbox 3416 5245 3579 5298; x_wconf 87' lang='lat' dir='ltr'><strong>futura</strong></span> <span class='ocrx_word' id='word_1_1071' title='bbox 3634 5241 3803 5312; x_wconf 65' lang='lat' dir='ltr'><strong>liberam</strong></span> 
     </span>
    </p>
   </div>
   <div class='ocr_carea' id='block_1_147' title="bbox 2317 5309 3803 5382">
    <p class='ocr_par' dir='ltr' id='par_1_147' title="bbox 2317 5309 3803 5382">
     <span class='ocr_line' id='line_1_148' title="bbox 2317 5309 3803 5382; baseline -0.005 -16"><span class='ocrx_word' id='word_1_1072' title='bbox 2317 5309 2438 5366; x_wconf 64' lang='lat' dir='ltr'><strong>lilia:</strong></span> <span class='ocrx_word' id='word_1_1073' title='bbox 2482 5315 2771 5382; x_wconf 88' lang='lat' dir='ltr'><strong>signilicata</strong></span> <span class='ocrx_word' id='word_1_1074' title='bbox 2805 5309 2937 5366; x_wconf 81' lang='lat' dir='ltr'><strong>erat.</strong></span> <span class='ocrx_word' id='word_1_1075' title='bbox 2970 5314 3098 5367; x_wconf 85' lang='lat' dir='ltr'><strong>Nam</strong></span> <span class='ocrx_word' id='word_1_1076' title='bbox 3121 5309 3384 5368; x_wconf 47' lang='lat' dir='ltr'><strong>&#39;meusem</strong></span> <span class='ocrx_word' id='word_1_1077' title='bbox 3436 5326 3657 5367; x_wconf 86' lang='lat' dir='ltr'><strong>octavum</strong></span> <span class='ocrx_word' id='word_1_1078' title='bbox 3695 5309 3803 5358; x_wconf 76' lang='lat' dir='ltr'><strong>alim</strong></span> 
     </span>
    </p>
   </div>
   <div class='ocr_carea' id='block_1_148' title="bbox 2317 5383 3803 5452">
    <p class='ocr_par' dir='ltr' id='par_1_148' title="bbox 2317 5383 3803 5452">
     <span class='ocr_line' id='line_1_149' title="bbox 2317 5383 3803 5452; baseline -0.005 -16"><span class='ocrx_word' id='word_1_1079' title='bbox 2317 5383 2406 5436; x_wconf 84' lang='lat' dir='ltr'><strong>die</strong></span> <span class='ocrx_word' id='word_1_1080' title='bbox 2449 5383 2749 5452; x_wconf 80' lang='lat' dir='ltr'><strong>ingressnra</strong></span> <span class='ocrx_word' id='word_1_1081' title='bbox 2797 5386 2898 5436; x_wconf 91' lang='lat' dir='ltr'><strong>lilia</strong></span> <span class='ocrx_word' id='word_1_1082' title='bbox 2939 5385 3248 5449; x_wconf 88' lang='lat' dir='ltr'><strong>dicebatur,</strong></span> <span class='ocrx_word' id='word_1_1083' title='bbox 3291 5385 3651 5452; x_wconf 87' lang='lat' dir='ltr'><strong>aliquantulum</strong></span> <span class='ocrx_word' id='word_1_1084' title='bbox 3687 5388 3803 5452; x_wconf 69' lang='lat' dir='ltr'><strong>tamen</strong></span> 
     </span>
    </p>
   </div>
   <div class='ocr_carea' id='block_1_149' title="bbox 2318 5448 3802 5524">
    <p class='ocr_par' dir='ltr' id='par_1_149' title="bbox 2318 5448 3802 5524">
     <span class='ocr_line' id='line_1_150' title="bbox 2318 5448 3802 5524; baseline 0 -20"><span class='ocrx_word' id='word_1_1085' title='bbox 2318 5448 2554 5522; x_wconf 77' lang='lat' dir='ltr'><strong>vegetior</strong></span> <span class='ocrx_word' id='word_1_1086' title='bbox 2597 5468 2754 5517; x_wconf 91' lang='lat' dir='ltr'><strong>esse,</strong></span> <span class='ocrx_word' id='word_1_1087' title='bbox 2781 5465 2833 5506; x_wconf 90' lang='lat' dir='ltr'><strong>et</strong></span> <span class='ocrx_word' id='word_1_1088' title='bbox 2877 5455 2956 5506; x_wconf 87' lang='lat' dir='ltr'><strong>sui</strong></span> <span class='ocrx_word' id='word_1_1089' title='bbox 2995 5455 3102 5523; x_wconf 88' lang='lat' dir='ltr'><strong>jam</strong></span> <span class='ocrx_word' id='word_1_1090' title='bbox 3148 5448 3333 5524; x_wconf 84' lang='lat' dir='ltr'><strong>partus</strong></span> <span class='ocrx_word' id='word_1_1091' title='bbox 3376 5448 3520 5523; x_wconf 78' lang='lat' dir='ltr'><strong>signa</strong></span> <span class='ocrx_word' id='word_1_1092' title='bbox 3550 5448 3802 5524; x_wconf 56' lang='lat' dir='ltr'><strong>placuit-‘6.</strong></span> 
     </span>
    </p>
   </div>
   <div class='ocr_carea' id='block_1_150' title="bbox 2319 5517 3800 5586">
    <p class='ocr_par' dir='ltr' id='par_1_150' title="bbox 2319 5517 3800 5586">
     <span class='ocr_line' id='line_1_151' title="bbox 2319 5517 3800 5586; baseline -0.003 -10"><span class='ocrx_word' id='word_1_1093' title='bbox 2319 5533 2372 5576; x_wconf 92' lang='lat' dir='ltr'><strong>et</strong></span> <span class='ocrx_word' id='word_1_1094' title='bbox 2387 5517 2555 5577; x_wconf 53' lang='lat' dir='ltr'><strong>&#39;bono</strong></span> <span class='ocrx_word' id='word_1_1095' title='bbox 2584 5525 2760 5575; x_wconf 90' lang='lat' dir='ltr'><strong>animo</strong></span> <span class='ocrx_word' id='word_1_1096' title='bbox 2808 5525 2946 5576; x_wconf 91' lang='lat' dir='ltr'><strong>illam</strong></span> <span class='ocrx_word' id='word_1_1097' title='bbox 2977 5517 3041 5577; x_wconf 84' lang='lat' dir='ltr'><strong>de</strong></span> <span class='ocrx_word' id='word_1_1098' title='bbox 3085 5517 3188 5577; x_wconf 72' lang='lat' dir='ltr'><strong>lilia</strong></span> <span class='ocrx_word' id='word_1_1099' title='bbox 3217 5540 3340 5578; x_wconf 86' lang='lat' dir='ltr'><strong>esse</strong></span> <span class='ocrx_word' id='word_1_1100' title='bbox 3367 5517 3574 5578; x_wconf 23' lang='lat' dir='ltr'><strong>deberet.</strong></span> <span class='ocrx_word' id='word_1_1101' title='bbox 3600 5517 3717 5586; x_wconf 75' lang='lat' dir='ltr'><strong>Quod</strong></span> <span class='ocrx_word' id='word_1_1102' title='bbox 3749 5524 3800 5586; x_wconf 67' lang='grc' dir='ltr'><strong>ιιδτ</strong></span> 
     </span>
    </p>
   </div>
   <div class='ocr_carea' id='block_1_151' title="bbox 2320 5579 3803 5662">
    <p class='ocr_par' dir='ltr' id='par_1_151' title="bbox 2320 5579 3803 5662">
     <span class='ocr_line' id='line_1_152' title="bbox 2320 5579 3803 5662; baseline -0.005 -16"><span class='ocrx_word' id='word_1_1103' title='bbox 2320 5603 2430 5646; x_wconf 92' lang='lat' dir='ltr'><strong>tum</strong></span> <span class='ocrx_word' id='word_1_1104' title='bbox 2476 5594 2735 5662; x_wconf 68' lang='lat' dir='ltr'><strong>religiosa:</strong></span> <span class='ocrx_word' id='word_1_1105' title='bbox 2765 5593 2952 5646; x_wconf 68' lang='lat' dir='ltr'><strong>Vitula:</strong></span> <span class='ocrx_word' id='word_1_1106' title='bbox 2992 5596 3185 5660; x_wconf 89' lang='lat' dir='ltr'><strong>matri,</strong></span> <span class='ocrx_word' id='word_1_1107' title='bbox 3217 5611 3322 5648; x_wconf 92' lang='lat' dir='ltr'><strong>non</strong></span> <span class='ocrx_word' id='word_1_1108' title='bbox 3367 5611 3464 5649; x_wconf 88' lang='lat' dir='ltr'><strong>ore</strong></span> <span class='ocrx_word' id='word_1_1109' title='bbox 3502 5579 3803 5649; x_wconf 48' lang='lat' dir='ltr'><strong>lanuuinum]</strong></span> 
     </span>
    </p>
   </div>
   <div class='ocr_carea' id='block_1_152' title="bbox 2317 5662 3801 5738">
    <p class='ocr_par' dir='ltr' id='par_1_152' title="bbox 2317 5662 3801 5738">
     <span class='ocr_line' id='line_1_153' title="bbox 2317 5662 3801 5738; baseline -0.003 -20"><span class='ocrx_word' id='word_1_1110' title='bbox 2317 5664 2500 5718; x_wconf 90' lang='lat' dir='ltr'><strong>divino</strong></span> <span class='ocrx_word' id='word_1_1111' title='bbox 2546 5665 2760 5717; x_wconf 86' lang='lat' dir='ltr'><strong>oraculo</strong></span> <span class='ocrx_word' id='word_1_1112' title='bbox 2804 5665 3164 5719; x_wconf 89' lang='lat' dir='ltr'><strong>nuntiabatur.</strong></span> <span class='ocrx_word' id='word_1_1113' title='bbox 3194 5665 3288 5721; x_wconf 91' lang='lat' dir='ltr'><strong>llis</strong></span> <span class='ocrx_word' id='word_1_1114' title='bbox 3332 5665 3490 5738; x_wconf 73' lang='lat' dir='ltr'><strong>igitur</strong></span> <span class='ocrx_word' id='word_1_1115' title='bbox 3527 5664 3683 5734; x_wconf 74' lang='lat' dir='ltr'><strong>primis</strong></span> <span class='ocrx_word' id='word_1_1116' title='bbox 3703 5662 3801 5706; x_wconf 71' lang='grc' dir='ltr'><strong>νοω·</strong></span> 
     </span>
    </p>
   </div>
   <div class='ocr_carea' id='block_1_153' title="bbox 2387 5791 2954 5859">
    <p class='ocr_par' dir='ltr' id='par_1_153' title="bbox 2387 5791 2954 5859">
     <span class='ocr_line' id='line_1_154' title="bbox 2387 5791 2954 5859; baseline 0.002 -14"><span class='ocrx_word' id='word_1_1117' title='bbox 2387 5797 2402 5827; x_wconf 82' lang='grc' dir='ltr'>ί</span> <span class='ocrx_word' id='word_1_1118' title='bbox 2434 5791 2642 5859; x_wconf 65' lang='lat' dir='ltr'><strong>tlinum,</strong></span> <span class='ocrx_word' id='word_1_1119' title='bbox 2667 5793 2954 5859; x_wconf 79' lang='lat' dir='ltr'><strong>grationum.</strong></span> 
     </span>
    </p>
   </div>
  </div>
