3996 6542
292 422 400 477 με

293 548 411 589 rum
472 545 688 586 suorum
740 528 971 583 relevata
1020 531 1199 591 mater
1238 520 1527 591 auspiciis,
1583 520 1871 589 perniciter

295 604 578 659 advolavit.
604 601 734 667 Qum
777 598 865 652 ubi
912 596 1150 667 pervenit
1175 590 1547 667 Carthaginem
1573 632 1588 656 ,
1617 604 1873 667 suamque

294 685 472 729 natam
522 672 573 725 in
616 662 733 739 ipso
774 662 1049 739 vitm'suze
1093 665 1316 739 articulo
1358 664 1589 739 positam
1629 662 1869 739 invenit,

295 746 475 797 statim
517 731 726 795 sacrato
769 740 888 792 oleo
929 736 1050 790 ﬁlia:
1092 734 1327 788 membra
1370 732 1656 803 perunxit,
1707 731 1871 803 suda-

296 815 431 867 rium
495 827 704 881 quoque
751 806 1157 881 amplexandum
1209 800 1407 881 pectori
1459 800 1694 856 tradidit.
1754 800 1872 866 Quo

297 884 473 947 facto,
514 874 768 937 'red'iviva
819 874 1036 946 Megetia
1090 877 1226 927 uteri
1276 874 1357 927 sui
1408 882 1559 947 partu
1607 886 1870 947 exonera-

299 966 389 1018 ta,
439 942 609 1007 octavi
658 950 856 1005 mensis
901 942 1141 1018 ingressa
1192 944 1585 1018 prmgnantibus
1633 942 1874 994 mulieri-

296 1013 395 1078 bus
422 1022 697 1078 tremenda
723 1021 918 1074 lumina
942 1013 995 1083 ’⁷,
1026 1016 1092 1070 ab
1122 1013 1232 1083 ipsa
1261 1013 1446 1067 mortis
1472 1013 1614 1082 regia
1639 1053 1654 1077 ,
1685 1027 1870 1083 rursus

296 1095 444 1148 auris
484 1104 566 1148 est
606 1092 852 1146 vitalibus
894 1080 1156 1142 restituta.
1195 1086 1285 1141 Sic
1328 1087 1507 1154 itaque
1538 1080 1650 1137 'una
1692 1080 1870 1135 lethali

296 1180 455 1219 causa
498 1165 816 1231 diSpuncta,
865 1159 1131 1231 arcliiatro
1175 1156 1380 1231 emlesti
1425 1154 1662 1231 protinus
1703 1155 1869 1231 altera

294 1234 529 1288 curanda
575 1223 827 1287 restabat.
872 1228 1024 1297 Quod
1067 1237 1123 1282 ut
1167 1223 1498 1297 jamjamque
1534 1223 1717 1297 ﬁeret,
1766 1223 1869 1275 tida

297 1314 468 1359 mater
510 1304 679 1358 Vitnla
726 1293 1207 1355 ﬁliam'liberatarn
1252 1293 1318 1350 ad
1358 1293 1533 1349 vitalis
1575 1293 1733 1347 fontis
1772 1307 1871 1347 ve-.

294 1391 458 1439 nam,
509 1374 649 1429 unde
699 1388 854 1441 mgrae
904 1385 1015 1423 suae
1065 1368 1309 1441 haustum
1358 1367 1575 1421 cteleste
1624 1363 1870 1441 poculum

295 1434 583 1510 attulerat,
624 1434 1010 1509 salubriterque
1052 1440 1351 1501 infuderat,
1392 1451 1571 1510 secum
1594 1434 1871 1510 reducere

294 1504 580 1583 ουρὶθὶιιιῑί
607 1513 714 1568 Sed
757 1504 991 1583 nondum
1035 1518 1359 1583 recuperate
1409 1509 1549 1560 vires
1592 1504 1867 1583 Megetite,

294 1578 418 1654 post
478 1586 710 1638 laborem
756 1580 1386 1654 periculosa:_etiixiotti_s
1432 1592 1583 1654 suae,
1643 1578 1869 1629 alterum

298 1648 502 1710 itineris
522 1657 700 1710 subire
722 1648 953 1708 laborem
980 1652 1193 1705 minime
1215 1648 1604 1718 permittebant.

368 1728 422 1780 5.
455 1727 659 1780 Interea
686 1724 767 1779 vir
788 1764 802 1788 ,
847 1738 1000 1778 socer
1025 1732 1074 1775 et
1100 1714 1252 1791 pater
1296 1720 1482 1791 puella;
1509 1716 1672 1791 nihilo
1697 1714 1870 1791 adhuc

296 1798 523 1865 permoti
568 1796 620 1849 in
666 1786 872 1865 laudem
916 1793 1007 1846 Dei
1032 1786 1248 1865 verique
1289 1786 1403 1858 ejus
1430 1788 1671 1857 Martyris
1716 1786 1871 1865 printi

295 1857 364 1921 de
409 1876 513 1920 tam
558 1864 849 1919 miserabili
889 1878 1048 1916 causa
1090 1857 1264 1925 uteri,
1307 1857 1513 1913 rursum
1552 1872 1764 1927 erepere
1802 1857 1870 1913 ob

293 1936 536 2006 ejusdem
580 1936 866 2006 curandam
912 1934 1168 2006 reliquam
1192 1930 1603 2006 _valetudincm,
1747 1935 1867 1992 est,

294 1998 474 2061 vitiosi
510 2006 620 2062 oris
667 2005 975 2075 pravitatem
1000 1998 1148 2068 [illa
1192 2000 1467 2055 hominum
1509 1998 1744 2053 remedia
1785 2013 1872 2052 er-

294 2092 552 2146 roresque
612 2076 927 2146 consulere,
992 2081 1047 2127 et
1098 2075 1280 2140 longas
1332 2083 1508 2146 moras
1571 2078 1870 2146 temporum

295 2139 492 2202 frustra
534 2156 830 2201 conterere.
860 2144 1101 2213 Namque
1142 2139 1315 2213 annus
1350 2141 1629 2213 integer‘et
1652 2139 1873 2213 aliquot

296 2217 410 2273 fere
456 2232 667 2272 menses
707 2215 905 2268 evoluti
952 2208 1030 2267 sic
1075 2224 1245 2267 erant.
1278 2210 1513 2266 Tandem
1546 2208 1717 2263 ﬁdelis
1758 2222 1871 2262 ma-

295 2295 385 2342 ter
431 2288 639 2353 Vitula,
683 2285 1004 2340 archiatrutn
1053 2282 1373 2353 quemdam,
1420 2280 1648 2334 Felicem
1692 2278 1870 2333 nomi-

296 2373 366 2411 ne
390 2399 403 2422 ,
436 2352 864 2426 Carthaginiensis
906 2355 1132 2409 civitatis
1155 2393 1170 2417 ,
1204 2352 1568 2406 ﬁdelissimum
1617 2364 1726 2426 prze
1749 2364 1872 2426 ca:-

296 2419 426 2483 teris
467 2419 894 2498 atque‘amicum
922 2426 1141 2498 domus
1164 2437 1273 2498 sua:
1298 2462 1312 2482 ,
1358 2421 1656 2498 co_rr0gavit
1699 2419 1766 2474 ad
1809 2433 1871 2498 se

294 2498 465 2565 ipsam
490 2540 505 2563 ,
541 2490 613 2552 'ac
658 2513 817 2565 super
861 2496 1084 2549 salutem
1130 2493 1511 2565 ipsiusuunica:
1552 2490 1870 2565 obtestando

293 2562 648 2633 constrinxit,
694 2562 878 2621 dicens
912 2583 924 2618 :
956 2565 1042 2621 Sic
1083 2564 1235 2617 unica
1280 2562 1387 2616 filia
1430 2571 1515 2615 tua
1561 2562 1702 2633 vivat
1728 2573 1869 2633 ;_p0-

295 2647 468 2693 testne
494 2631 666 2693 curari
692 2637 913 2706 Megetia
940 2635 1005 2689 de
1032 2633 1259 2703 paralysi
1284 2633 1382 2706 ista
1407 2673 1422 2698 ,
1444 2646 1517 2706 ⁵ιιιι
1555 2632 1703 2685 non?
1730 2631 1866 2686 Tum

293 2709 385 2764 ille
417 2727 430 2762 :
463 2708 717 2763 Fideliter
759 2700 877 2761 dico
901 2745 916 2768 ,
946 2700 1105 2759 tiliam
1152 2700 1293 2757 tuam
1339 2702 1405 2756 de
1444 2700 1541 2755 hac
1585 2716 1743 2756 causa
1770 2716 1867 2770 pe—

292 2779 437 2833 nitus
478 2780 651 2833 curari
697 2793 803 2833 non
850 2790 1045 2845 posse,
1075 2775 1198 2844 quia
1243 2774 1321 2827 sic
1364 2788 1451 2827 me
1479 2771 1690 2845 voluisti
1735 2786 1867 2845 cou-_-

291 2850 574 2919 stringere.
620 2848 778 2917 Ipsa,
825 2841 993 2916 inquit
1015 2886 1036 2919 ,Α
1072 2841 1319 2919 junctum
1364 2842 1515 2919 quasi
1556 2842 1733 2919 carri,
1779 2841 1868 2896 ubi

291 2919 401 2973 oris
432 2913 506 2974 vet
557 2913 912 2971 maxillarum
940 2913 1229 2983 retinacula
1281 2913 1521 2983 quaedam
1556 2914 1865 2983 continen-

294 2998 380 3041 tur
400 3029 416 3052 ,
462 2989 672 3043 exclusa
701 2996 783 3042 est
810 3002 840 3041 a
869 2987 1002 3040 locis
1042 2986 1171 3039 suis.
1203 2981 1315 3037 Cui
1343 2981 1670 3052 respondens
1696 2992 1867 3037 mater

292 3057 508 3123 Vitula,
550 3059 671 3112 ﬁdei
714 3073 825 3111 sua:
867 3056 1151 3109 stabilitate
1190 3052 1738 3123 fundata,continuo
1780 3067 1867 3108 re-

290 3129 411 3182 tulit
454 3122 683 3182 dicens:
718 3127 829 3196 Ego
874 3142 979 3196 non
1021 3127 1099 3180 sic
1142 3124 1303 3196 credo
1346 3125 1399 3177 in
1442 3122 1657 3177 Christo
1701 3137 1860 3196 meo,

287 3200 412 3268 quia
455 3214 533 3252 sic
556 3193 883 3268 relinquetur
909 3195 1013 3268 ﬁlia
1040 3210 1156 3249 mea
1198 3195 1262 3268 in_
1288 3195 1393 3268 hoc
1421 3202 1565 3268 tanto
1608 3193 1865 3268 paralysis

289 3262 451 3322 malo.
480 3274 550 3322 At
590 3268 677 3322 ille
703 3262 823 3321 ﬁdei
853 3266 1155 3321 ﬁrmitatem
1183 3263 1336 3317 valde
1376 3264 1644 3317 admirans
1687 3264 1739 3316 in
1762 3262 1864 3318 fe-

289 3339 431 3392 mina
465 3356 477 3390 :
512 3339 622 3392 lloc
644 3378 657 3401 ,
708 3338 913 3407 inquit,
945 3335 1297 3406 omnipotenti
1328 3334 1445 3407 Deo
1481 3332 1821 3407 licettacere
1842 3374 1860 3399 ,

288 3410 376 3485 cui
417 3410 589 3485 credis
612 3403 963 3485 ;_natn'_.niltil
1000 3403 1184 3485 speres
1219 3419 1286 3459 ex
1322 3403 1739 3485 nobis:.Quibus
1778 3419 1864 3458 re-

288 3478 474 3546 ligiosa
520 3478 687 3531 Vitula
714 3476 908 3530 auditis
931 3518 948 3543 ,
995 3473 1215 3530 diruisse
1244 3489 1361 3546 ause
1384 3473 1648 3546 archiatro
1671 3513 1686 3539 ,
1715 3489 1863 3528 assu-

289 3543 443 3603 mens
472 3564 651 3602 secum
693 3548 969 3617 Megetiam
1014 3561 1160 3617 suam
1186 3584 1202 3610 ,
1230 3543 1361 3597 adiit
1402 3544 1568 3617 virum
1611 3558 1786 3617 su_utn_
1808 3552 1863 3617 et

290 3622 460 3672 virum
490 3619 611 3672 filiae
636 3634 747 3671 sua:
769 3611 802 3681 ,⁷
830 3632 892 3670 ac
920 3616 1004 3685 pio
1045 3615 1365 3668 inﬂammata
1391 3612 1575 3685 dolore
1598 3653 1612 3685 ,
1642 3613 1719 3666 sic
1763 3611 1860 3668 fari

288 3703 477 3742 exorsa
504 3699 587 3743 est
617 3704 629 3741 :
663 3683 1071 3757 Acqui‘evinnts,
1092 3685 1307 3757 inquit,
1354 3684 1513 3757 vobis
1542 3683 1733 3757 misere
1773 3699 1861 3757 us-

288 3774 391 3827 que
417 3774 574 3823 nunc,
607 3774 702 3813 nec
732 3752 980 3812 resistere
1008 3755 1133 3809 viris
1160 3752 1693 3827 tnulieres‘valuimus
1727 3752 1859 3827 :_diu

288 3821 489 3883 vestras
531 3821 839 3897 pertulimus
867 3827 1160 3881 voluntates
1183 3866 1200 3897 ,
1228 3822 1510 3897 exquibus
1536 3823 1711 3897 nullus
1753 3821 1861 3876 fru-

287 3910 405 3952 ctus
444 3893 628 3953 salutis
671 3899 789 3952 ﬁlia:
814 3939 829 3964 ,
861 3897 1033 3951 nullus
1070 3895 1228 3949 cessit
1252 3893 1468 3948 effectus
1493 3933 1507 3956 ,
1553 3893 1620 3945 ita
1650 3901 1860 3964 utecce

288 3983 383 4037 per
422 3983 616 4023 annum
643 3978 696 4023 et
736 3977 865 4038 quot
903 3964 1458 4038 exeurruqtﬂamplius
1486 3977 1696 4017 menses
1723 3963 1859 4038 inter

287 4033 477 4092 manus
529 4033 852 4094 medicorum
901 4052 1094 4106 corpus
1142 4035 1281 4106 ﬁlim
1312 4048 1442 4106 mea:
1491 4033 1858 4106 tantummodo

286 4108 534 4178 fatigetur
555 4150 571 4173 ,
599 4124 697 4163 nec
739 4108 955 4162 omnino
979 4102 1010 4173 ,⁷
1025 4109 1162 4161 sicut
1197 4103 1389 4178 videtis
1413 4143 1426 4165 ,
1454 4102 1652 4178 aliquid
1695 4103 1857 4171 perfi-

285 4175 477 4233 ciendo
523 4189 758 4233 sanetur.
789 4178 939 4247 Rogo
961 4218 975 4240 ,
1006 4175 1287 4246 aliquando
1335 4175 1618 4247 permittite
1643 4181 1713 4247 tet
1756 4188 1856 4227 no-

286 4248 368 4303 bis
392 4290 407 4314 ,
434 4257 489 4303 ut
528 4249 782 4303 faciamus
823 4243 897 4301 et'
919 4263 1017 4301 nos
1043 4243 1159 4316 qtize
1204 4245 1489 4317 expediunt
1533 4243 1731 4317 n_obi_s__:
1762 4258 1855 4317 ea-

285 4313 406 4373 mus
447 4329 500 4373 et
529 4334 625 4373 nos
666 4318 733 4372 ad
776 4318 1035 4372 medicum
1061 4313 1325 4370 nostrum.
1354 4313 1526 4367 Credo
1569 4314 1621 4366 in
1662 4313 1850 4378 illum,

284 4389 406 4457 quia
455 4390 544 4459 qui
592 4390 761 4443 noluit
806 4388 1077 4459 Megetiatn
1124 4402 1245 4440 cum
1291 4400 1389 4439 suo
1439 4392 1592 4459 partu
1645 4393 1855 4459 mortuo

288 4453 419 4512 mori
444 4453 615 4528 [ipse
655 4461 814 4513 etiam
857 4453 973 4513 eam
1023 4454 1178 4511 faciet
1221 4470 1357 4528 sano
1391 4454 1537 4507 vultu
1578 4466 1675 4528 suo
1716 4453 1856 4528 inter

286 4524 535 4584 homines
570 4528 894 4584 conversari.
939 4528 1030 4583 llis
1073 4539 1229 4597 atque
1271 4525 1632 4594 hujuscemodi
1671 4524 1853 4597 queri_-_

283 4601 478 4653 moniis
526 4599 815 4668 deploratis
857 4598 1016 4668 justis
1068 4593 1352 4668 ac'veris,
1401 4608 1729 4668 nequaquam
1780 4593 1852 4647 illi

289 4669 381 4721 viri
428 4669 514 4722 tali
559 4666 766 4723 femina:
806 4666 945 4723 virili
989 4669 1168 4721 animo
1208 4667 1404 4720 induta:
1448 4666 1724 4718 valuerunt
1766 4680 1854 4718 re-

282 4738 491 4792 sistere.
551 4738 847 4793 Maluerunt
897 4748 1087 4805 sponte
1128 4738 1358 4800 cedere,
1417 4750 1576 4804 quam
1621 4732 1858 4803 quolibet

280 4809 388 4862 alio
403 4809 673 4878 jndicante
692 4810 817 4862 victi
839 4808 1133 4862 discedere.

353 4873 419 4931 4.’
462 4879 641 4933 Flexis
680 4880 854 4949 itaque
893 4878 994 4932 illis
1037 4878 1095 4949 in
1131 4875 1267 4949 hanc
1304 4874 1620 4949 sententiam
1672 4873 1856 4949 matris

282 4948 513 5015 Vitulre,
576 4943 784 5003 marito'
812 4949 1015 5003 scilicet
1056 4947 1320 5016 simulque
1378 4954 1530 5015 patre
1573 4943 1851 5016 Megetize,

280 5019 376 5072 sed
418 5020 607 5073 marito
634 5019 847 5088 quidem
884 5018 1058 5072 adhuc
1094 5014 1297 5088 pagano
1322 5057 1337 5080 ,
1369 5014 1524 5088 patre
1546 5030 1674 5069 vero
1712 5014 1855 5067 chri—

281 5090 455 5142 stiano
491 5090 872 5144 cateeltumeno
900 5087 1110 5142 effecto
1133 5088 1348 5141 nomine
1375 5087 1567 5139 Pontio
1588 5125 1605 5151 ,
1644 5092 1857 5139 senato-

280 5159 375 5229 ria:
418 5160 689 5229 dignitatis
725 5161 840 5214 viro
882 5159 1138 5229 (dignum
1182 5165 1265 5212 est
1304 5164 1363 5229 ut
1400 5156 1553 5225 cujus
1592 5152 1756 5209 ﬁdem
1800 5155 1853 5208 in

279 5226 499 5299 Christo
544 5230 801 5299 etepimus
846 5226 1183 5299 pronuntiare
1200 5269 1223 5299 ί,
1252 5226 1643 5299 tejustquoque
1695 5239 1853 5299 voca-

286 5297 468 5352 bulum
518 5296 644 5368 jam‘
672 5296 986 5369 incipiamus
1013 5314 1133 5354 cum
1180 5298 1361 5369 debito
1402 5296 1606 5369 honore
1655 5296 1854 5369 pariter

281 5364 557 5441 uenditare
601 5372 747 5441 :tqui
782 5364 916 5425 sane
950 5368 1397 5441 quemadmodum
1439 5366 1672 5441 initiatus
1708 5364 1855 5441 chri-

280 5440 454 5493 stiano
498 5434 716 5496 nomine
766 5434 1251 5510 fueritfquoniam
1294 5436 1690 5510 locustvidctur
1736 5434 1851 5510 eati-

277 5524 443 5578 gere,
499 5510 716 5580 minime
766 5526 864 5564 nos
914 5506 1393 5580 pigebitraperire.
1439 5507 1662 5580 Quando
1712 5506 1855 5580 enim

281 5574 528 5650 religiosa
568 5579 743 5635 Vitula
768 5621 783 5643 ,
838 5574 1071 5635 nondum
1107 5579 1175 5634 de
1199 5574 1394 5650 'partus
1434 5577 1668 5650 periculo
1717 5574 1856 5650 libet

280 5643 407 5704 rata'
431 5650 649 5720 Megetia
673 5693 689 5713 ,
728 5650 795 5705 ad
833 5651 1074 5705 Amicum
1111 5643 1228 5720 tDei'
1249 5643 1696 5720 fuerat'profeeta
1721 5686 1745 5720 ,_
1771 5643 1855 5720 ibi

282 5720 334 5775 in
370 5721 485 5776 suis
514 5714 767 5791 precibus
803 5722 962 5777 etiam
1002 5721 1068 5777 de
1105 5719 1261 5791 hujus
1289 5719 1387 5774 viri
1424 5714 1508 5773 sui
1535 5714 1858 5773 venerabilis

346 5901 360 5928 '
396 5905 552 5958 Forte,
578 5899 757 5950 (indita.

1622 407 1823 465 LIBER
1862 410 2215 468 SECUNDUS
2231 447 2242 459 -

3454 420 3557 476 846

1984 522 2294 577 credulitate
2340 524 2699 586 instruxerat,
2751 534 2803 577 ιιι
2848 525 2935 579 ille
2978 525 3304 581 imbueretur
3352 530 3451 583 {ille
3499 548 3561 587 ac

1982 593 2197 667 nomine
2240 592 2550 667 christiano.
2595 594 2745 667 Quod
2787 596 3131 667 saneteidcm
3175 600 3257 651 illa
3303 600 3413 667 ipsa
3465 620 3560 652 im-

1980 673 2064 716 cte
2109 664 2317 738 taliest
2342 663 2563 738 visione
2588 664 3050 738 revelatnm.V_isa
3091 676 3173 731 est
3198 663 3391 738 quippe
3432 671 3563 725 sibis

1979 742 2088 807 iuet
2136 734 2317 807 videre
2347 736 2504 807 juxta
2552 735 2718 807 ipsam
2771 735 2909 807 beati
2959 734 3556 807 Martyris'Me'moriatn
3602 758 3605 761 ·

1982 803 2088 876 duo
2136 802 2392 858 eerol‘aria
2423 804 2697 876 luminosa
2723 846 2737 868 ,
2784 806 2980 873 pariter
3023 802 3143 876 igne
3192 807 3559 874 ﬂammantia,

1980 873 2280 946 ibidemque
2331 874 2611 946 assistente
2664 890 2841 946 secum
2895 873 3066 944 atque
3105 890 3393 946 apparente
3442 873 3560 934 me;

1980 953 2182 998 morato
2208 944 2395 997 Pontio
2423 945 2535 997 viro
2579 960 2677 998 suo
2703 988 2716 1007 ,
2751 945 2961 1000 sibimet
2985 944 3187 1001 dictum
3224 950 3385 1003 fuisse
3419 969 3431 1004 :
3465 950 3557 1003 Vi-

1979 1015 2084 1067 tula
2109 1054 2124 1079 ,
2157 1014 2344 1068 melius
2392 1015 2532 1069 lucet
2575 1015 2888 1068 cerol‘arium
2936 1026 3215 1081 nostrum;
3248 1019 3389 1074 unde
3437 1023 3558 1073 volo

1976 1085 2113 1139 scias
2161 1099 2247 1138 me
2296 1086 2536 1153 posuisse
2584 1084 2691 1152 jam
2738 1086 2972 1154 jugulos.
3022 1086 3138 1153 Quo
3182 1088 3296 1143 viso
3344 1090 3556 1145 audito-

1975 1170 2078 1227 que
2102 1154 2395 1227 ,religiosa
2430 1156 2603 1227 Vitulat
2643 1170 2829 1227 somno
2870 1158 3231 1227 expergefacta
3259 1201 3273 1223 ,
3304 1169 3358 1213 et
3402 1176 3559 1215 mane

1976 1225 2696 1298 factajﬂoratione“suppleta
2720 1266 2734 1291 ,
2769 1224 2875 1298 hoc
2914 1224 3086 1296 ipsum
3132 1230 3272 1298 quod
3318 1231 3368 1285 in
3413 1247 3559 1285 som~

1976 1298 2059 1369 t_tis
2090 1295 2293 1369 viderat
2339 1296 2655 1369 quibusdam
2703 1296 2907 1350 ancillis
2938 1295 3030 1369 Dei
3078 1295 3327 1354 enarrare
3373 1303 3549 1369 ccepit.

1976 1366 2044 1439 Et
2089 1368 2234 1439 prior
2278 1367 2703 1439 ipsa_somnium
2746 1383 2898 1439 suum
2947 1368 3285 1435 interpretata
3334 1366 3551 1439 respono

1975 1436 2089 1509 dit,
2129 1435 2313 1509 dicens
2358 1437 2424 1509 ad
2469 1445 2790 1491 memoratas
2833 1437 3234 1509 circumstantes
3275 1435 3503 1509 virgines
3538 1459 3554 1496 ε

1974 1507 2192 1562 Noverit
2233 1506 2496 1562 Sanctitas
2541 1515 2715 1561 vestra
2740 1548 2753 1568 .
2800 1508 2923 1577 quia
2966 1508 3071 1562 cito
3114 1509 3330 1564 Pontius
3358 1506 3556 1567 credet

1977 1578 2028 1632 in
2055 1578 2267 1633 Christo
2289 1618 2303 1641 ,
2334 1578 2471 1632 sicut
2514 1577 2724 1631 conﬁdo
2766 1577 2831 1631 de
2858 1578 3068 1633 Christo
3112 1596 3249 1634 meo.
3278 1580 3406 1635 Nam
3455 1582 3558 1637 hoc

1975 1660 2057 1719 est
2080 1649 2222 1719 quod
2265 1664 2361 1717 per
2400 1648 2664 1701 somnium
2691 1647 2817 1701 mihi
2846 1648 3160 1718 signiﬁcavit
3185 1652 3364 1705 dicens
3395 1668 3407 1704 :
3446 1652 3555 1706 Vo-

1977 1718 2030 1772 lo
2070 1721 2208 1775 scias
2230 1761 2244 1783 ,
2280 1719 2446 1772 Vitula
2471 1760 2486 1783 ,
2514 1719 2636 1788 quia
2684 1719 2832 1786 posui
2869 1719 2979 1788 jam
3019 1720 3231 1788 jngnlos
3254 1763 3268 1785 ,
3297 1736 3403 1776 non
3449 1723 3557 1776 uti-

1973 1804 2079 1860 que
2140 1790 2241 1845 nisi
2295 1789 2395 1842 sub
2448 1788 2575 1858 jugo
2630 1788 2845 1860 Christi.
2903 1790 2991 1845 Sic
3049 1805 3176 1860 ergo
3231 1790 3557 1847 honorabilis

1974 1859 2195 1915 Pontius
2241 1860 2499 1925 effectus,
2550 1870 2607 1913 ut
2656 1859 2811 1925 dixi,
2864 1859 3558 1928 primttm’catechutnenus

1974 1930 2294 1986 Christianus
2342 1932 2580 2002 sequenti
2628 1929 3024 2002 anno,iisdem
3073 1929 3262 1985 diebus
3308 1933 3496 2002 quibus
3523 1949 3557 1987 a

1974 2002 2219 2071 religiosa
2251 2001 2421 2056 Vitula
2464 2000 2652 2071 beatus
2680 2000 2981 2069 Stephanus
3025 2017 3121 2071 pro
3166 2000 3339 2058 salute
3380 2003 3558 2059 mariti

1974 2066 2169 2127 aeterna
2190 2072 2363 2127 fuerat
2379 2066 2671 2141 exoratus).

2044 2143 2099 2198 5.
2138 2142 2275 2207 Sed,
2318 2153 2373 2197 ut
2413 2141 2591 2196 dicere
2633 2154 2898 2209 cmperam
2923 2179 2942 2205 ,
2986 2142 3436 2198 consentientibus
3479 2145 3557 2197 si-

1974 2209 2138 2284 bimet
2158 2214 2284 2284 viris
2312 2216 2456 2284 suis,
2498 2222 2668 2266 mater
2711 2212 2881 2284 vitula
2922 2226 3040 2284 cum
3076 2211 3296 2284 Megetia
3326 2228 3419 2266 sua
3456 2229 3555 2284 pa-

1974 2283 2105 2352 riter
2151 2283 2217 2338 de
2245 2283 2563 2352 Carthagine
2607 2281 2878 2351 profectae,
2908 2283 3105 2352 pariter
3141 2281 3207 2334 ad
3247 2281 3557 2343 Memoriam

1973 2350 2111 2426 beati
2135 2355 2378 2425 Martyris
2399 2350 2772 2426 pervenerunt,
2800 2368 2862 2408 ac
2891 2350 3083 2426 deinde
3102 2361 3224 2408 ante
3242 2363 3450 2412 sacrata
3473 2358 3553 2426 ip-

1972 2423 2085 2477 sius
2100 2422 2593 2493 limina'prostratae,
2617 2424 2702 2479 die
2717 2432 2979 2492 noctuque
3002 2422 3186 2478 ﬁentes
3200 2435 3253 2479 et
3266 2428 3313 2494 ej
3322 2422 3548 2491 ulante's,

1972 2495 2152 2549 cinere
2178 2506 2231 2550 et
2251 2496 2425 2549 cilicio
2462 2495 2802 2565 squallentes,
2836 2494 2956 2548 inde
2976 2495 3177 2548 nobiles
3207 2496 3417 2550 feminrc
3446 2499 3548 2551 ho-

1972 2565 2143 2620 mines
2176 2582 2280 2621 non
2311 2567 2720 2636 erubescentes,
2773 2575 2829 2618 ut
2872 2566 3001 2636 Deo_
3028 2576 3207 2636 essent
3240 2566 3508 2636 placentes-
3531 2612 3545 2631 ,

1971 2646 2319 2706 susceperunt
2344 2636 2472 2690 illud
2493 2635 2633 2705 quod
2653 2635 2851 2689 dictum
2887 2634 2938 2706 in
2977 2634 3201 2689 Psalmis
3226 2634 3501 2692 audierant
3534 2654 3546 2692 :

1971 2705 2202 2761 Fuerunt
2228 2708 2350 2760 mihi
2377 2708 2613 2776 lacryntte
2640 2705 2932 2776 mewyanis
2956 2707 3037 2758 die
3056 2715 3300 2776 actnocte,
3326 2708 3446 2760 dum
3470 2709 3551 2761 di-

1970 2778 2100 2830 citur
2127 2778 2251 2831 mihi
2270 2774 2508 2846 quotidie,
2543 2774 2639 2830 Ubi
2659 2784 2732 2829 est
2756 2774 2897 2829 Deus
2935 2785 3051 2846 tuus
3085 2774 3255 2844 (Psal.
3283 2792 3394 2838 xu.
3421 2778 3474 2832 4.
3491 2781 3549 2846 )?

1970 2846 2181 2902 Etenim
2212 2845 2383 2917 neque
2408 2849 2507 2917 ista
2544 2846 2612 2900 de
2632 2846 2751 2917 ipsa
2779 2855 2955 2899 nostra
2976 2845 3233 2917 religione
3257 2846 3550 2917 christiana

1970 2918 2070 2986 piis
2094 2928 2148 2973 et
2169 2915 2432 2973 nobilibus
2460 2916 2671 2971 feminis
2694 2915 3007 2987 deerantab
3036 2915 3323 2971 incredulis
3344 2917 3547 2987 impro-

1971 2985 2138 3055 peria,
2163 2988 2302 3043 unde
2321 2998 2443 3042 ante
2465 2988 2748 3042 Dominum
2770 2985 3032 3040 ﬂebilibus
3055 2987 3290 3051 vocibus,
3323 2995 3380 3041 et
3398 2985 3545 3041 ama~

1969 3059 2063 3128 ris,
2097 3069 2154 3113 ut
2178 3060 2431 3128 scriptum
2458 3066 2559 3120 est,
2589 3057 2763 3112 verbis
2801 3056 3185 3128 memorabant,
3226 3067 3281 3111 et
3305 3056 3544 3113 effunde-

1967 3127 2097 3200 bant
2130 3124 2302 3200 super
2328 3145 2388 3184 se
2425 3124 3177 3200 animam__suam._Dicebatur
3212 3141 3439 3200 namque
3476 3133 3547 3182 ab

1968 3195 2341 3255 inimicis‘ﬁdei
2366 3210 2562 3254 nostrae
2591 3216 2603 3251 :
2632 3197 2727 3253 Ubi
2754 3206 2836 3251 est
2866 3195 3008 3251 Deus
3046 3196 3254 3251 vester?
3282 3195 3543 3251 [nclama-

1966 3268 2059 3340 bat
2092 3286 2221 3340 ergo
2250 3271 2419 3325 Vitula
2466 3267 2895 3340 matertauribus
2937 3265 3107 3320 Amici
3150 3267 3280 3340 Dei:
3322 3268 3545 3323 Domine

1967 3336 2257 3412 Stephane,
2284 3339 2619 3412 ecceadduxi
2641 3337 2918 3412 Megetiam
2944 3344 3084 3412 tuam
3106 3336 3270 3412 ad_te,
3301 3352 3458 3412 quam
3478 3350 3545 3412 tu

1967 3406 2083 3479 ipse
2118 3412 2352 3467 liberasti
2388 3411 2456 3465 de
2489 3420 2679 3463 morte.
2710 3408 2820 3462 Nec
2846 3422 2944 3479 nos
2976 3406 3032 3479 in
3056 3406 3303 3479 gaudium
3324 3408 3545 3479 inimici

1965 3476 2139 3537 f'écisti
2166 3484 2367 3547 venire,
2399 3497 2505 3535 non
2532 3480 2747 3534 tradens
2768 3493 2864 3532 nos
2881 3476 3154 3547 inanimas
3183 3476 3542 3532 tribulantium

1964 3567 2084 3618 nos,
2111 3554 2201 3623 qui
2224 3545 2521 3623 detrahunt
2547 3559 2602 3605 et
2639 3550 2924 3623 desperant
2966 3546 3052 3623 de_
3070 3545 3279 3602 Christo
3315 3547 3544 3623 Domino

1964 3616 2168 3687 nostro,
2196 3632 2250 3677 et
2271 3622 2338 3676 de
2368 3630 2419 3675 te
2438 3663 2454 3686 ,
2475 3620 2591 3689 ejus
2617 3628 2763 3673 tanto
2778 3617 2985 3689 Amico.
3010 3616 3149 3689 Fac,
3162 3632 3311 3689 rogo,
3342 3617 3423 3673 fac
3446 3619 3545 3672 ite-

1963 3708 2081 3747 rum
2101 3685 2414 3748 erubescere
2433 3685 2526 3745 eos
2545 3690 2613 3743 de
2636 3696 2743 3741 tota
2768 3696 2823 3742 et
2846 3687 2913 3741 de
2934 3687 3086 3755 plena
3100 3685 3335 3755 Megetize
3352 3696 3453 3741 tua:
3465 3704 3545 3741 sa-

1964 3762 2093 3827 lute,
2125 3765 2261 3817 sicut
2291 3762 2401 3829 jam
2450 3760 2618 3814 fecisti
2656 3758 2973 3829 erubescere
3009 3771 3104 3829 eos
3144 3756 3212 3829 de
3249 3756 3363 3829 ejus
3404 3760 3541 3813 uteri

1962 3826 2412 3903 periculosissimo
2437 3831 2637 3903 labore.
2668 3827 2782 3903 Non
2802 3826 3019 3903 omnino
3047 3826 3260 3903 delicies
3280 3826 3540 3903 admitto-

1962 3895 2041 3967 ra,
2070 3905 2161 3973 qui
2184 3902 2471 3973 praestitisti
2498 3902 2718 3968 majora.
2742 3895 3139 3973 Quodnpromisi
3156 3895 3283 3973 ejus
3305 3896 3420 3950 viro
3443 3913 3540 3965 pa-

1961 3964 2104 4042 gano
2134 3964 2202 4027 de
2238 3982 2310 4038 te,
2346 3971 2506 4040 imple
2537 3964 2749 4042 propter
2776 3964 2849 4042 te.
2884 3966 2999 4021 Non
3045 3964 3399 4042 confundatur
3424 3964 3540 4042 ina-

1962 4035 2044 4097 ter
2074 4045 2126 4097 in
2154 4044 2279 4108 lilia,
2297 4035 2851 4110 'quze'prmsttmpsitin
2877 4047 2949 4101 te,
2971 4052 3090 4110 quae
3117 4035 3438 4110 confugitad
3463 4045 3535 4092 te.

1958 4112 2118 4168 Certe
2143 4122 2200 4166 ut
2223 4105 2407 4166 oculus
2442 4105 2618 4165 cordis
2654 4105 2887 4163 nondum
2922 4106 3249 4161 credentium
3280 4105 3539 4176 nobisque

1960 4184 2322 4237 insultantium
2349 4191 2585 4245 sanetur,
2614 4196 2675 4233 os
2700 4180 2818 4233 ﬁlia:
2847 4187 3060 4232 curetur
3092 4194 3105 4229 :
3134 4188 3187 4231 et
3212 4185 3268 4230 ut
3293 4177 3541 4245 acquira-

1959 4262 2046 4307 tur
2073 4254 2272 4308 sanitas
2300 4254 2491 4305 anima:
2527 4252 2759 4312 illorum,
2800 4257 3081 4317 praestetur
3116 4246 3303 4316 puella:
3338 4247 3539 4305 sanitas

1957 4327 2315 4379 membrorum
2336 4338 2572 4377 suorum.

2030 4396 2084 4450 6.
2105 4394 2321 4448 Talibus
2342 4394 2393 4446 in
2411 4391 2671 4461 ejusmodi
2696 4387 3083 4461 sensumdictis
3107 4387 3540 4457 lacrymabilibus

1958 4464 2267 4535 deploratis,
2308 4458 2528 4533 septima
2574 4462 2853 4515 transierat
2893 4458 3039 4535 dids_,_
3064 4473 3187 4535 cum
3226 4467 3538 4535 eccenon

1959 4526 2276 4605 intempesta
2306 4526 2546 4605 visitatur
2582 4547 2674 4600 per
2712 4545 2968 4605 sumitum
2992 4527 3247 4605 Megetia;
3279 4526 3421 4605 videt
3445 4543 3539 4605 ap-

1960 4595 2230 4676 parentem
2269 4604 2370 4659 sibi
2412 4595 2672 4676 insignem
2710 4600 2880 4653 virum
2924 4600 3058 4662 visu,
3083 4595 3298 4676 diaconi
3338 4598 3531 4666 praefe-

1942 4667 2164 4731 rentem
2187 4675 2443 4729 habitum.
2476 4667 2566 4726 Illa
2592 4686 2712 4725 eum
2748 4684 2937 4739 rogare
2963 4667 3144 4739 coepit,
3184 4667 3328 4739 velut
3353 4682 3536 4735 quem-

1958 4747 2082 4801 dam
2108 4746 2369 4800 medicum
2393 4743 2742 4812 spiritualem,
2774 4737 2833 4793 ut
2854 4753 3092 4812 ossuum
3122 4737 3429 4806 inspiceret,
3456 4747 3514 4812 et

1959 4817 2003 4870 si
2034 4817 2358 4885 dignaretur,
2402 4806 2874 4885 curaret._Verum
2914 4808 3005 4862 ille
3046 4822 3168 4885 mox
3221 4814 3278 4885 ut
3320 4821 3382 4861 os
3407 4806 3537 4885 ejus

1959 4876 2208 4955 inspe'xit,
2252 4876 2400 4939 vultu
2444 4899 2562 4939 eam
2606 4881 2761 4935 hilari
2801 4893 3097 4948 serenoque
3138 4876 3328 4955 intuitu
3371 4877 3445 4930 ait
3470 4878 3535 4932 ':

1942 4947 2218 5026 Equidem
2245 4956 2419 5026 adhuc
2446 4969 2508 5026 os
2537 4962 2682 5026 tuum
2705 4966 2811 5005 non
2832 4947 3069 5013 rectum;
3092 4947 3185 5002 sed
3213 4961 3423 5026 sursum
3446 4960 3541 5000 as-

1960 5016 2095 5096 pice.
2123 5036 2180 5081 et
2206 5018 2477 5094 vide‘quid
2499 5025 2684 5096 volitet
2701 5030 3050 5096 supercaput
3073 5027 3241 5073 tuum.
3270 5016 3536 5096 Contiuuo

1960 5087 2045 5154 illa
2077 5113 2239 5166 super
2257 5112 2314 5151 se
2325 5087 2536 5164 erigens
2552 5095 2755 5155 oculos,
2768 5087 2908 5146 'vidit
2925 5087 3230 5166 serpentem
3251 5087 3537 5166 quemdam

1960 5157 2290 5224 teterrimum
2327 5157 2486 5235 supra
2524 5179 2585 5219 se
2624 5176 2917 5235 pennarum
2956 5157 3181 5235 remigio
3201 5157 3532 5235 volitantem.

1958 5250 2116 5308 atque
2138 5239 2239 5291 huc
2261 5246 2316 5308 et
2339 5230 2463 5291 illuc
2483 5230 3070 5308 tortuosisanfractibus
3089 5230 3446 5308 aberrantem.
3467 5230 3537 5307 A_t

1960 5298 2232 5380 pavefacta
2260 5307 2483 5380 Megetia
2508 5303 2746 5380 horribili
2776 5310 3224 5380 tnonstruosqque
3243 5298 3537 5380 visuLinsi-

1959 5367 2077 5451 guis
2098 5380 2239 5451 illius
2259 5367 2749 5451 viri'exhortatione
2772 5374 3043 5451 firmatur,-
3061 5371 3125 5451 ad
3141 5367 3321 5450 ipsam
3348 5367 3548 5448 dicen-~

1963 5438 2029 5506 iis
2057 5467 2071 5503 :
2103 5450 2210 5503 Nisi
2242 5448 2389 5517 prius
2422 5449 2580 5501 istum
2607 5452 2910 5517 serpentem
2932 5439 3212 5517 occideris,
3234 5438 3537 5517 sanarinon

1963 5525 2182 5592 poteris.
2204 5507 2311 5575 sed
2332 5518 2439 5571 noli
2467 5507 2721 5592 metuere,
2745 5512 3075 5592 fortitaninio
3092 5511 3163 5564 illi
3189 5507 3538 5592 congredere,

1961 5579 2015 5646 et
2044 5591 2262 5646 omnino
2296 5588 2619 5657 superabis,
2632 5586 2753 5657 Quo
2776 5584 2986 5657 audito,
3026 5580 3247 5651 Megetia
3278 5579 3406 5657 fidei
3430 5594 3540 5631 sua:

1962 5662 2156 5719 robore
2195 5668 2251 5715 et
2281 5650 2521 5714 de'tanti
2558 5650 2816 5728 adjutoris
2834 5653 2918 5710 sui
2945 5650 3147 5709 armata
3189 5650 3537 5720 proiectione,

2032 5822 2049 5887 ξ
2079 5826 2235 5876 Forte,
2259 5817 2401 5887 (arto.

2026 5885 2051 5917 ³
2079 5888 2233 5940 Forte,
2255 5885 2466 5930 mtuum.
