3996 6532
596 333 700 387 M7

595 453 802 516 arrepta
827 445 878 499 in
909 455 1148 515 tempore
1171 447 1382 500 sibimet
1405 445 1550 500 velut
1578 445 1719 516 virga
1747 445 1944 512 oblata,
1974 459 2159 504 contra

593 515 741 570 illum
767 515 1053 571 draconem
1079 518 1407 570 teterrimum
1428 526 1482 570 et
1508 515 1950 570 tortuosissimunt
1977 519 2161 573 decer-

593 587 740 655 ta_vit.
771 586 937 652 Quem
959 626 974 649 ,
1003 586 1100 639 etsi
1140 586 1230 640 diu
1268 587 1496 640 exercita
1523 585 1719 655 diuque
1754 586 1821 639 ab
1869 588 2160 645 reluctanle

592 652 896 709 adversario
919 655 1201 720 delassata,
1223 655 1291 709 ad
1342 652 1647 708 extremum
1669 665 1866 718 tamen,
1895 659 2158 713 ubi-illum

593 725 646 778 in
685 725 855 798 capite
885 726 1161 798 percussit,
1200 725 1454 780 continuo
1483 726 1782 798 prostravit.
1810 727 1928 798 Quo
1956 730 2159 798 trepido

592 794 784 862 gaudio
807 794 1193 862 expergefacta,
1225 806 1390 849 strato
1418 795 1664 848 exsiliens
1688 796 1970 863 evigilavit.
2001 794 2159 852 Cinn-

593 880 696 933 qne
717 865 906 918 somnii
931 865 1011 918 sui
1041 865 1166 932 quid
1206 865 1340 919 ratio
1380 865 1718 933 portenderet
1746 865 2018 934 cogitaret,
2060 883 2160 923 nec

593 934 794 1002 liquido
830 935 1120 1004 intelligere
1158 935 1445 998 valuisset,
1489 934 1680 988 exinde
1719 937 1895 989 oravit
1935 938 2155 1001 visitari,

591 1005 999 1073 eonfirtuariquc
1028 1005 1265 1073 poposcit
1291 1006 1331 1070 ί,
1373 1019 1434 1058 ac
1463 1004 1656 1058 deinde
1685 1019 1752 1074 ise
1777 1006 1938 1071 quieti
1965 1009 2159 1074 permi-

589 1075 676 1127 sit.
715 1074 848 1128 Ecce
873 1075 1047 1128 denuo
1072 1074 1212 1128 videt
1238 1075 1384 1128 illum
1406 1074 1656 1128 decorum
1683 1073 1860 1130 habitu
1886 1073 2155 1144 juvenem,

589 1143 741 1197 nivea
766 1155 910 1198 veste
941 1145 1246 1214 fulgentem,
1277 1160 1339 1198 ac
1359 1145 1534 1196 statim
1559 1144 1756 1213 jaceuti
1785 1145 1995 1200 sibimet
2016 1143 2157 1201 velut

591 1228 750 1267 manu
798 1226 1056 1282 porrecta,
1096 1215 1294 1268 audivit
1329 1214 1598 1283 jubenteni
1641 1215 1938 1283 pariterque
1975 1216 2156 1271 dicen-

591 1293 693 1336 tem
725 1301 736 1335 :
768 1283 956 1352 Surge,
999 1284 1074 1338 sic
1116 1285 1338 1338 curaris.
1381 1284 1452 1338 At
1490 1298 1615 1336 vero
1654 1283 1896 1352 Mcgetia,
1939 1296 1995 1339 ut
2031 1297 2154 1341 ante

589 1353 795 1427 medico
834 1353 1032 1427 homini
1061 1353 1232 1410 facere
1265 1360 1641 1427 consueverat,
1678 1355 2148 1427 capiteuoppnsito,

585 1424 734 1494 quasi
770 1422 990 1478 fovenda
1033 1439 1124 1478 ora
1153 1439 1245 1494 sua
1285 1424 1333 1478 ei
1376 1422 1792 1494 offerebat.Sed
1824 1422 1930 1490 ille,
1973 1435 2152 1494 utpote

587 1492 875 1564 ignorantis
897 1494 1167 1562 corrigens
1184 1493 1399 1558 factum,
1427 1493 1885 1564 responditeidem
1920 1514 1931 1547 :
1958 1492 2150 1564 thuid

589 1562 687 1616 huc
727 1561 892 1616 facis?
930 1561 1080 1618 Prius
1107 1573 1228 1617 sunt
1259 1563 1349 1617 tibi
1389 1562 1528 1615 oculi
1567 1564 1802 1617 curandi.
1844 1564 1929 1617 Illa
1974 1561 2152 1620 retulit

585 1632 769 1686 dicens
794 1651 808 1686 :
839 1635 1058 1687 Domine
1087 1648 1237 1686 meus
1255 1675 1270 1699 ,
1297 1634 1478 1685 oculos
1500 1647 1656 1685 sanos
1684 1633 1872 1700 habeo,
1896 1635 1988 1688 sed
2012 1646 2066 1688 ut
2089 1653 2148 1692 os

584 1719 761 1774 meum
803 1719 956 1758 cures
997 1719 1143 1773 rogo.
1194 1704 1259 1756 Et.
1296 1703 1434 1774 ille:
1473 1701 1609 1774 .I_am,
1636 1703 1839 1769 inquit,
1885 1705 1975 1757 tibi
2017 1706 2144 1774 dixi,

581 1773 729 1842 prius
755 1783 879 1828 sunt
904 1776 956 1827 in
980 1783 1030 1828 te
1053 1772 1189 1828 Oculi
1215 1773 1451 1826 curandi.
1481 1772 1626 1825 Tunc
1653 1774 1791 1826 velut
1812 1775 2043 1829 cmlcstis
2063 1772 2148 1829 ar;

582 1841 836 1908 chiatrus,
876 1844 1061 1910 spiritu
1105 1843 1278 1914 cordis
1315 1851 1515 1914 secreta
1559 1842 1948 1914 introspiciens,
1997 1847 2146 1914 quasi

580 1921 757 1984 cutem
779 1914 1144 1968 medicinalem
1169 1911 1454 1984 collyriuiu
1473 1911 1738 1980 imposuit,
1758 1914 1939 1968 oculos
1960 1911 2145 1983 super-

579 1981 772 2054 iinivit,
799 1994 956 2053 atque
999 1984 1241 2054 discessit
1279 1981 1380 2054 (α).
1414 1982 1606 2036 Verum
1645 1997 1764 2036 cum
1807 2000 1961 2054 mane
2006 1981 2144 2040 facto

581 2051 684 2107 hoc
709 2051 885 2125 ipsqu
895 2054 1134 2123 religiosa
1145 2051 1363 2125 Mcgciia
1376 2055 1636 2125 somnium
1651 2068 1803 2125 suum
1820 2053 2143 2112 charissimis

576 2125 690 2175 suis
713 2122 771 2176 et
795 2122 1141 2178 sanctissimis
1166 2124 1373 2177 feminis
1390 2122 1664 2185 iudicaret,
1698 2123 1879 2187 inipso
1896 2141 2142 2181 sermone

578 2193 894 2247 narrationis
931 2209 1040 2247 suae
1081 2195 1218 2247 ultro
1258 2193 1419 2247 corde
1459 2203 1742 2258 compunta
1773 2203 1827 2247 et
1868 2196 2139 2260 cujusdam

577 2263 775 2338 peccati
814 2263 900 2338 sui
925 2263 1289 2338 recordatione
1315 2262 1508 2338 subito
1539 2262 1840 2338 sti_nmlata,_
1866 2276 2138 2332 peccatum

574 2331 729 2404 suum
767 2333 1008 2387 conliteri
1038 2350 1142 2387 non
1171 2333 1391 2404 distulit,
1420 2331 1532 2404 sed,
1573 2333 1708 2404 sicut
1739 2331 1990 2402 scriptum
2034 2348 2134 2404 est,

575 2402 823 2474 delictum
848 2419 999 2457 suum
1025 2405 1254 2474 agnovit,
1280 2413 1334 2457 et
1371 2401 1674 2474 iniustitiam
1713 2401 1862 2458 suam
1889 2420 1991 2458 non
2012 2401 2136 2474 ope;
2163 2420 2170 2425 '

573 2474 681 2528 ruit
701 2472 868 2544 (Psal.
897 2490 1040 2538 xxxr,
1063 2472 1137 2544 5).
1163 2474 1296 2528 Ecce
1317 2487 1443 2542 ergo
1462 2474 1547 2540 qui
1572 2473 1645 2526 illi
1666 2483 1817 2528 erant
1836 2477 1968 2529 oculi
1993 2472 2136 2543 prius

572 2542 824 2615 curandi,
859 2558 963 2598 non
989 2542 1474 2615 Auliquecorporis,
1516 2544 1607 2615 sed
1646 2545 1841 2610 cordis,
1888 2542 2048 2615 quod,
2080 2557 2136 2601 ut

570 2612 858 2684 spiritualis
882 2612 1135 2676 medicus,
1160 2614 1421 2684 gloriosus
1445 2612 1741 2682 Stephanus
1778 2612 2136 2683 pronuntiavit

573 2681 646 2734 illi
671 2681 890 2737 dicens:
925 2685 1075 2738 Prius
1113 2681 1235 2738 sunt
1261 2685 1352 2738 tibi
1389 2684 1525 2738 oculi
1563 2681 1798 2738 curandi.
1829 2685 2132 2743 Sauaudum

570 2753 764 2824 quippe
807 2764 923 2809 erat
965 2753 1105 2824 quod
1149 2755 1394 2824 vitiosum
1434 2754 1627 2807 latebat
1657 2754 1707 2808 in
1739 2768 1937 2819 mente,
1968 2767 2020 2811 ut
2055 2759 2132 2814 sic

569 2822 782 2876 demum
826 2822 1103 2879 sanaretur
1149 2823 1288 2894 quod
1333 2823 1674 2893 depravatum
1719 2826 2032 2880 cernebatur
2077 2829 2130 2883 iu

568 2907 811 2960 corpore.
843 2894 974 2948 Hinc
997 2895 1082 2966 ille
1102 2893 1310 2966 quoque
1336 2893 1636 2966 teterrimos
1654 2909 1890 2964 serpens,
1921 2898 2010 2966 qui
2037 2914 2128 2952 su-

569 2977 665 3032 per
689 2973 846 3030 caput
880 2965 1146 3027 volitabat,
1188 2965 1309 3033 quia
1343 2965 1686 3034 principalem
1717 2965 1985 3022 rationalis
2011 2969 2129 3023 ani-

569 3049 670 3086 ma:
694 3045 926 3089 mentem
951 3035 1241 3101 obtinebat,
1264 3035 1616 3088 conterendus
1646 3034 1814 3089 fuerat
1835 3045 1889 3090 et
1913 3038 2127 3094 vincen-

565 3103 686 3157 dus.
737 3104 868 3157 Dum
911 3105 1052 3158 enim
1103 3116 1278 3159 reatus
1337 3105 1591 3173 cujusque
1632 3105 1812 3159 delicti
1862 3108 2129 3164 humiliter

564 3175 885 3244 agnoscitur,
907 3183 1063 3244 caput
1087 3175 1287 3230 colubri
1308 3174 1611 3243 ρωιιὶιεηάο
1627 3185 1923 3243 quassatur,
1949 3181 2126 3235 cordis

563 3243 750 3297 oculus
793 3243 1094 3315 confitendo
1141 3255 1406 3314 purgatur.
1450 3245 1770 3298 Duodecimn
1815 3248 1971 3315 igitur
2015 3251 2122 3313 die,

562 3329 627 3366 ex
649 3329 752 3382 quo
781 3329 899 3368 cum
922 3329 1016 3368 sua
1036 3314 1103 3368 ad
1136 3316 1377 3368 Amicum
1419 3315 1508 3368 Dei
1532 3324 1752 3368 venerat
1776 3314 1961 3381 matre,
1997 3319 2124 3374 dum

561 3393 680 3436 orat
706 3383 774 3456 ad
798 3384 968 3456 locum
995 3393 1219 3456 sacrata;
1231 3384 1500 3456 Memoriae
1526 3386 1740 3453 pulsans
1765 3386 1883 3440 fidei
1907 3389 2120 3456 pietate,

563 3467 668 3526 ειοη
697 3453 866 3526 solum
888 3454 1077 3526 affectu
1097 3453 1293 3526 cordis,
1316 3469 1499 3508 verum
1520 3456 1677 3507 etiam
1699 3465 1841 3508 motu
1864 3453 2120 3526 corporis,

560 3523 674 3590 ipsa
698 3524 887 3576 ostiola
907 3523 1171 3577 Memoriae
1193 3523 1413 3592 impulsa
1441 3527 1704 3591 patefecit,
1723 3539 1785 3579 ac
1799 3528 1902 3580 vim
1922 3523 2122 3585 faciens

560 3607 726 3668 reguo
763 3593 873 3658 Dei,
902 3602 1230 3668 caputsuum
1269 3595 1555 3668 intromisit
1593 3594 1832 3668 interius,
1863 3609 1916 3651 et
1961 3614 2122 3668 super

555 3663 731 3739 cubile
759 3663 1059 3739 sanctarum
1107 3665 1447 3739 reliquiarum
1492 3666 1729 3739 confiixit,
1770 3663 2120 3739 Iacrymisqite

555 3733 668 3805 suis
694 3735 868 3786 omnia
900 3733 1006 3788 illic
1034 3734 1178 3798 lavit,
1209 3745 1367 3805 atque
1395 3737 1604 3803 rigavit.
1638 3736 1828 3790 Verum
1869 3733 1994 3792 ecce
2027 3733 2120 3794 illo

551 3803 782 3874 desuper
808 3805 1090 3858 miserante
1133 3803 1222 3872 qui
1269 3803 1652 3874 appropinquat
1687 3808 1926 3861 contritis
1959 3813 2120 3866 corde

551 3871 725 3941 (Psnl.
749 3878 949 3936 exui).
976 3871 1193 3942 Megetia
1224 3871 1415 3928 famula
1439 3871 1775 3944 Deiquadam
1805 3878 1902 3931 sibi
1928 3881 2118 3936 visibili

552 3954 606 3996 et
649 3944 962 4018 attrectabili
991 3959 1148 3996 manu
1190 3959 1251 3996 os
1297 3959 1447 4018 suum
1493 3948 1684 4016 corrigi
1714 3956 1768 4000 et
1793 3951 2117 4018 compalpari

544 4014 853 4086 persensit:
867 4013 1005 4086 ane
1021 4023 1362 4086 posteaquam
1383 4016 1450 4067 ab
1469 4013 1708 4070 oratione
1735 4013 1983 4086 surrexit,
2003 4013 2116 4074 l-ir-

552 4083 939 4160 eumstantibus
962 4083 1422 4160 choris_virg_inu_m
1449 4097 1773 4160 sanctarum,
1815 4083 2117 4160 ibidemque

554 4167 651 4219 pro
681 4153 765 4205 illa
788 4160 984 4207 etcum
1016 4154 1100 4207 illa
1132 4153 1239 4208 Deo
1255 4153 1445 4208 laudes
1463 4155 1771 4222 dicentium,
1804 4153 2044 4215 tremens
2062 4170 2118 4216 et

547 4223 784 4297 gaudens
819 4225 918 4297 hoc
960 4224 1130 4292 ipsum
1172 4223 1441 4297 indicavit.
1485 4224 1652 4297 Quale
1689 4237 1812 4282 tunc
1844 4241 2118 4297 quantum-

547 4308 652 4362 que
671 4292 728 4344 in
747 4294 1003 4363 omnibus
1025 4295 1286 4348 mentibus
1301 4294 1733 4363 fueritgaudium,
1755 4308 1808 4352 et
1824 4292 1978 4354 flendi
1992 4311 2116 4357 ante

547 4362 902 4436 ipsitinADeum
925 4363 1231 4416 excitaverit
1258 4362 1523 4436 aﬂ‘ectuui,
1540 4367 1623 4436 vix
1637 4370 1825 4433 poterit
1838 4371 2112 4436 explicari.

621 4434 673 4505 7.
705 4433 810 4485 Sed
840 4440 1123 4505 antequam
1147 4442 1314 4505 gesta;
1341 4433 1415 4487 rei
1445 4433 1511 4486 ad
1543 4435 1699 4490 ﬁnem
1727 4433 2112 4505 optatissimum

547 4503 952 4580 veniamus,‘ubi
973 4504 1180 4580 plenam
1196 4502 1585 4573 perfectamque
1605 4502 1826 4580 salutem
1854 4511 2113 4580 religiosa:

547 4573 804 4643 Megetiaa,
836 4572 1020 4643 Amico
1047 4573 1135 4625 Dei
1162 4585 1382 4627 curante
1411 4572 1568 4643 atque
1604 4577 1894 4632 auxiliante
1930 4572 1979 4633 in
2012 4598 2111 4634 no-

548 4645 690 4714 mine
714 4641 932 4714 Christi,
959 4643 1367 4714 demonstraturi
1407 4641 1610 4709 sumus,
1652 4647 1795 4714 quod
1841 4649 1892 4702 in
1933 4652 2112 4706 medio

547 4712 876 4789 lutjus_a_liud
898 4713 1209 4789 mirabiliter
1232 4715 1528 4789 contigerit,
1557 4712 1888 4789 nequaquam
1919 4732 2111 4789 praete-

540 4782 650 4835 rire
689 4782 966 4854 debemus.
1003 4783 1134 4854 Cum
1171 4781 1719 4854 fcrttieiquadragiuta
1751 4781 1945 4842 diebus
1969 4793 2110 4847 circa

543 4856 708 4909 sancti
741 4852 983 4923 Martyris
1008 4852 1407 4927 locum.o_rand_o
1434 4852 1601 4927 mater
1629 4855 1841 4926 liliaque
1863 4863 2111 4927 persiste-

535 4931 682 4984 rent,
714 4937 840 4978 ecce
878 4922 1097 4991 repente
1134 4922 1466 4978 venientibus
1493 4925 1702 4990 litteris,
1732 4922 1942 4984 sibimet
1977 4930 2108 4986 Car-

545 4992 757 5061 thagine
784 4994 1020 5056 directis,
1058 5006 1164 5060 quo
1198 5003 1346 5060 pater
1379 4995 1566 5062 puella:
1602 4995 1923 5053 honorabilis
1965 5000 2107 5054 Pon-

533 5065 646 5114 tius
662 5064 923 5116 diceretur
941 5075 1165 5130 corpore
1183 5072 1459 5131 aegrotare,
1479 5064 1545 5117 ad
1565 5066 1810 5120 eumdem
1833 5068 2108 5126 visendum

541 5133 608 5185 de
639 5132 880 5186 Uzalensi
914 5133 1127 5186 civitate
1171 5133 1418 5201 profectae
1461 5143 1603 5187 sunt.
1653 5135 1842 5190 Verum
1885 5154 2005 5193 cum
2055 5143 2109 5195 in

540 5202 971 5278 inedioitiueris,
992 5213 1220 5278 aestuum
1247 5217 1426 5278 causa,
1454 5203 1663 5278 fovendi
1682 5209 1919 5278 corporis
1940 5213 2108 5278 gratia

541 5270 766 5346 lavacris
807 5273 887 5346 uti
925 5272 1245 5346 voluissent;
1277 5270 1443 5346 adfuit
1487 5274 1554 5346 in
1583 5270 1828 5346 praesenti
1865 5270 2105 5346 quidam

533 5341 827 5395 domestica
843 5341 910 5395 ab
927 5341 1122 5412 infideli
1143 5341 1351 5410 cognita
1371 5341 1593 5412 Megetia
1609 5354 1663 5398 et
1683 5345 1732 5397 in
1755 5341 1961 5401 obviam
1982 5351 2108 5403 mis-

535 5413 653 5475 sa’,
683 5427 790 5464 non
818 5421 924 5464 tam
947 5411 1012 5465 ad
1051 5412 1404 5478 salutandum,
1440 5411 1596 5482 quam
1623 5419 1800 5482 potius
1828 5418 1895 5472 ad
1921 5425 2106 5488 explo-

601 5560 623 5626 ί,
651 5566 793 5635 Juxta
815 5557 974 5635 Morel,
999 5557 1276 5635 elemi‘Crit.
1294 5539 1436 5630 pagg.
1457 5562 1566 5621 339.
1584 5565 1689 5635 5.60,
1719 5568 1980 5635 legendum
2003 5585 2104 5628 est:
2146 5565 2154 5578 ’

530 5617 712 5688 exinde
734 5634 820 5669 ora
837 5622 1021 5670 visitari
1041 5617 1643 5688 εοηβνηαιτὶᾳᾶξμοιωέείι.
1677 5617 1689 5628 ’
1707 5617 1764 5682 at.

602 5685 623 5743 ti
653 5687 811 5738 Forte,
833 5692 1027 5743 cogitatu
1051 5684 1262 5743 mydia:
1285 5684 1336 5734 in
1355 5684 1537 5736 obvium
1560 5691 1720 5742 missa.

594 5742 672 5800 (α)
705 5749 852 5792 Locus
872 5742 1136 5802 dirruptas.

1429 329 1787 388 APPENDIX.
1817 364 1888 375 —
1919 335 2012 390 DE
2049 335 2412 401 MIRACULIS
2446 344 2684 404 SANCTI
2717 348 3048 406 STEPHANI
3680 367 3752 426 ω

2269 456 2512 550 iurandum.
2539 459 2664 528 Qute
2685 477 2804 550 cuiu
2825 463 3084 518 curiosius
3103 476 3322 546 cuperet
3345 468 3608 550 benedictae
3623 475 3742 550 ilege.

2269 529 2356 606 μω
2384 529 2518 610 unda
2550 546 2641 610 ora
2683 533 2962 610 vultusque
2987 529 3314 610 conspicere,
3360 539 3554 610 intravit
3595 529 3744 610 aniﬁ'a

2267 594 2320 648 in
2349 598 2655 673 obsequium
2689 604 2727 666 ⁸,
2746 613 2805 673 et
2834 594 2919 656 ubi
2947 594 3199 672 quantum
3231 594 3396 662 voluit
3440 612 3488 664 in
3518 594 3745 673 faciat-tui:-

2223 669 2228 672 '
2267 666 2422 753 nul-lu!
2445 666 2536 750 Dei
2559 671 2799 736 intendit,
2824 666 3038 741 prorsus
3060 675 3322 753 integrum
3346 666 3746 753 sibimetappareits

2265 749 2326 823 us
2351 736 2587 823 illegetiae
2615 736 2924 823 Quumque
2945 736 3238 823 coiISpcxit.
3270 747 3384 815 Quo
3410 751 3534 814 viso,
3557 736 3747 823 nisui;

2264 802 2397 858 ῖίιοιτι
2423 802 2598 892 suae
2642 802 2836 890 mirata“
2874 813 2957 892 ίμίι
2989 802 3455 892 ἀοιὴεειιοθίσιιιτεέ
3479 802 3744 892 atatis“...

2263 877 2750 957 sperabat’invenit,
2768 883 3106 957 coutinuoad
3128 877 3408 954 quamdam
3426 889 3557 957 juxta
3579 877 3743 951 suiiéii

2263 959 2484 1021 Sacrani
2508 951 2760 1018 virginem
2804 955 3060 1006 convertit
3097 951 3234 1017 sese.
3265 965 3320 1011 et.
3351 951 3630 1017 nominatim
3664 982 3744 1021 eam

2261 1018 2587 1101 compellaus
2613 1023 2684 1101 aii
2714 1039 2726 1073 :
2761 1022 2934 1101 l'ul'ans
2961 1023 3464 1101 _llelpidiana,_sana
3492 1044 3564 1085 est
3587 1018 3746 1101 prorsus

2260 1084 2472 1166 domina
2501 1089 2750 1166 bii-getia._
2773 1093 2860 1146 Sic
2890 1093 3029 1166 enim
3073 1084 3163 1149 Dei
3193 1084 3361 1164 gratia
3386 1084 3745 1166 vigebat

2258 1157 2416 1241 getia,
2450 1157 2680 1241 u.t_,'__li'cet
2706 1161 2820 1230 ejus
2859 1162 3060 1241 pienior
3085 1157 3222 1219 cura
3255 1168 3308 1220 in
3339 1157 3547 1241 corpore
3569 1190 3620 1226 ex
3644 1157 3746 1241 paria

2258 1225 2432 1309 aliqua
2459 1225 2772 1309 differretur,
2793 1225 3024 1309 perfecta
3049 1245 3222 1309 tanien
3249 1225 3483 1293 sanitatis
3501 1225 3746 1309 species

2261 1297 2601 1380 veriieraiidis
2628 1297 3015 1380 incred‘ulorum
3032 1306 3200 1359 oculis
3215 1297 3542 1380 objiccretur:
3554 1313 3672 1380 Quod
3687 1317 3743 1370 illa

2257 1369 2445 1446 ancilla
2462 1371 2551 1424 Dei
2571 1371 2868 1446 intelligens
2883 1388 3126 1446 magnum
3147 1369 3455 1446 mysterium
3475 1369 3646 1441 Defilli
3664 1369 3742 1439 mu:

2256 1433 2485 1510 liercula:
2509 1433 3007 1508 responditdicens':
3034 1433 3315 1510 Incretliili,
3333 1450 3414 1502 vel
3427 1433 3740 1506 inodocredite.

2325 1506 2754 1593 8._Rurs.us'apud
2769 1511 3138 1592 Qarthaginem
3161 1532 3283 1569 cum
3305 1506 3563 1574 benedicta
3584 1523 3740 1593 Megetis

2254 1576 2477 1655 quadam
2501 1581 2587 1655 die
2607 1576 2725 1655 cum
2749 1583 2860 1655 viro
2875 1576 3194 1655 suo'pagano
3211 1601 3506 1644 sermonem
3522 1576 3738 1655 conicito;

2253 1656 2307 1700 et
2332 1648 2469 1702 inter
2495 1649 2698 1704 fabulas
2744 1651 2867 1704 dum
2916 1648 3028 1731 viro
3057 1648 3163 1731 suo
3213 1673 3311 1711 ore
3343 1659 3536 1731 integro
3558 1648 3740 1731 vultuque

2251 1727 2576 1801 appareret,“
2597 1732 2891 1801 commotus
2915 1722 3276 1801 .talinvisinne
3308 1729 3387 1781 vir
3410 1722 3518 1798 ej‘us
3554 1722 3739 1801 gratulari

2250 1790 2410 1869 cmpit
2440 1791 2704 1869 ac_dicerc
2723 1792 2999 1869 _:_-D0_miua
3025 1793 3270 1869 Megetia,
3313 1790 3488 1852 sanain
3519 1790 3737 1869 tevprorsus

2249 1860 2468 1944 aspicio.
2487 1861 2692 1941 'Verum
2723 1861 2808 1915 illa
2838 1860 3222 1944 dissimulaudo
3246 1868 3455 1922 interim
3475 1860 3627 1939 tegens
3642 1876 3736 1944 qut-il

2248 1925 2423 1982 divina
2453 1931 2615 1984 virtus
2645 1931 2694 2001 in
2735 1946 2792 1984 se
2820 1931 3240 2001 demonstrabat,
3285 1925 3549 1993 sermonis
3566 1925 3629 1995 sui
3649 1925 3735 1997 iiii

2246 2011 2362 2050 sum
2390 2003 2620 2074 tenebatt
2653 2000 2938 2074 Itidemque
2959 2003 3068 2074 ille
3102 2006 3247 2074 quod
3272 2007 3478 2064 videbat
3507 2021 3647 2065 tacere
3665 2030 3735 2067 non

2245 2079 2469 2136 peierat,
2503 2080 2556 2145 et
2580 2071 2717 2124 sicut
2746 2073 3092 2145 priusieiilem
3120 2071 3482 2145 respondebat
3529 2097 3542 2136 :
3577 2081 3735 2138 Sanaes

2243 2151 2480 2218 prorsus,
2511 2142 2616 2218 Deo
2643 2146 2855 2218 gratias.
2885 2142 3064 2218 A_t_iila
3101 2142 3324 2218 impleta
3357 2150 3554 2218 gaudio,
3582 2154 3732 2206 tandem

2242 2209 2540 2285 subridens,
2569 2209 2886 2285 aituiarito:
2919 2211 3010 2285 Vel
3041 2209 3200 2268 modo
3223 2217 3333 2285 jam
3355 2209 3734 2275 credes'tlhrism?

2243 2276 2310 2331 Et
2337 2280 2422 2357 ille
2455 2299 2470 2357 :_
2499 2282 2633 2357 Quid
2663 2283 2740 2357 vis
2760 2325 2774 2347 ,
2801 2283 3003 2357 inquit,
3043 2276 3240 2340 faciam
3260 2292 3398 2357 patri
3427 2292 3569 2346 meo?
3593 2308 3683 2346 nam
3700 2305 3735 2347 et

2205 2347 2210 2351 ’
2239 2361 2338 2417 ego
2361 2350 2678 2406 christianns
2705 2353 2814 2406 lieri
2844 2347 2983 2406 volo.

2310 2419 2494 2476 9.‘Sed
2511 2436 2580 2498 Aut
2600 2424 2711 2498 jam
2743 2423 2808 2498 a_d
2852 2423 3130 2498 terminum
3159 2442 3320 2495 quem
3358 2430 3654 2498 promisimus
3671 2449 3734 2486 ve-

2207 2491 2210 2564 ς
2237 2488 2464 2568 ruamus,
2493 2488 2615 2568 dies
2633 2493 2847 2568 Pascha:
2865 2488 3234 2568 sauciissiinus
3255 2488 3628 2568 propinquabat,
3650 2519 3732 2556 eeo:

2206 2559 2210 2564 ’
2235 2558 2507 2638 benedicta
2529 2563 2749 2638 Mcgctia
2771 2579 2797 2614 a
2818 2564 3039 2633 quadam
3061 2567 3233 2620 amica
3255 2558 3416 2638 atque
3437 2558 3579 2623 n'obili
3599 2558 3733 2625 femina

2237 2629 2448 2702 Rustica
2477 2629 2776 2702 rogabatur,
2811 2629 2864 2686 ut
2894 2647 3014 2689 voto
3043 2651 3140 2690 suo
3185 2629 3443 2694 solvendo
3481 2641 3613 2694 beato
3637 2659 3735 2695 tuar-

2236 2701 2336 2778 ιχτὶ
2367 2701 2710 2778 ςγρτξαηολίη
2743 2703 3000 2778 Mappalia
3022 2721 3203 2778 secum
3239 2719 3498 2778 pergeret,
3524 2722 3570 2764 et
3590 2713 3733 2765 solem-

2234 2771 2386 2826 nitati
2412 2771 2610 2847 pariter
2639 2771 2934 2847 interesset.
2972 2775 3122 2847 Quod
3155 2771 3380 2847 hlcgetia
3411 2771 3568 2834 facere
3599 2797 3644 2834 se
3663 2798 3734 2834 non

2209 2844 2388 2918 posse
2415 2844 2749 2918 causabatur,
2781 2845 2954 2918 sciens
2975 2846 3116 2918 quid
3136 2847 3190 2900 in
3222 2844 3282 2902 se
3312 2851 3400 2904 Dei
3430 2852 3628 2918 potentia
3650 2852 3734 2904 inﬁ-

2232 2909 2428 2985 delium
2459 2916 2627 2968 oculis
2647 2914 2966 2985 ostenderet,
2994 2909 3120 2985 quid
3156 2918 3314 2985 plene
3337 2909 3510 2975 salutis
3530 2923 3546 2951 '
3564 2924 3734 2974 celestis

2229 2983 2397 3049 gratia
2428 2995 2738 3040 reservaret.
2763 2984 2958 3038 Tamen
2987 2983 3216 3040 amicam
3252 2992 3556 3045 contristare
3581 2992 3729 3050 nolens.

2231 3066 2334 3129 uon
2368 3055 2573 3129 penitus
2610 3055 2838 3129 negavit,
2875 3056 2968 3111 sed
3009 3057 3165 3125 plane
3199 3058 3271 3112 ad
3308 3060 3450 3113 illum
3485 3063 3606 3114 diem
3636 3062 3730 3129 quod

2208 3119 2381 3198 "Deus'
2402 3125 2648 3198 voluisset
2681 3119 2946 3198 facturam
2979 3119 3036 3180 se
3079 3141 3204 3198 esse
3237 3132 3490 3198 promisit.
3513 3119 3658 3184 Atnbi
3673 3133 3729 3182 illa

2227 3194 2811 3268 amica_r_liscessit,inon
2847 3197 3045 3268 destitit
3063 3195 3152 3250 die
3177 3194 3443 3268 noctuque
3466 3202 3654 3254 orationi
3673 3201 3730 3253 in-

2202 3267 2372 3333 ‘stare
2399 3265 2638 3333 Megetia.
2671 3266 2963 3320 Buccellam
3004 3282 3133 3321 sane
3160 3271 3308 3323 omni
3339 3265 3425 3326 die
3451 3271 3498 3324 in
3522 3271 3622 3324 oleo
3644 3286 3730 3323 san-

2209 3332 2452 3388 ctificato
2482 3332 2696 3389 tinctam
2722 3337 2865 3404 prius
2887 3337 3215 3405 accipiebat;
3241 3349 3294 3392 et
3318 3343 3395 3394 sic
3413 3351 3610 3394 cazteros
3625 3341 3730 3392 cibos

2205 3407 2486 3459 sumebat.
2513 3406 2750 3473 Quadam
2777 3421 2902 3459 vero
2933 3417 3085 3460 nocte
3113 3409 3349 3464 visitavit
3395 3411 3443 3464 in
3478 3411 3662 3472 somnis,
3682 3410 3727 3461 ita

2225 3481 2356 3548 utsc
2371 3475 2516 3548 juitm
2540 3475 2852 3548 Memoriam
2873 3477 3008 3530 beati
3032 3479 3292 3547 Stephani
3319 3491 3535 3537 stantem
3560 3490 3726 3548 putaret.

2225 3545 2399 3616 ibique
2441 3547 2688 3614 juvenem
2735 3545 2879 3616 illum
2920 3545 3221 3616 speciosum
3269 3561 3524 3614 cerneret,
3560 3545 3726 3604 candida

2224 3613 2340 3668 luce
2370 3613 2634 3684 perfusum
2659 3625 2709 3670 et
2734 3614 2925 3685 insigni
2951 3613 3090 3686 equo
3121 3620 3456 3684 subvectum,
3493 3613 3726 3686 lampades-

2222 3701 2325 3765 que
2353 3686 2688 3754 quampiures
2713 3686 2968 3765 lucentes,
2993 3703 3054 3741 ac
3077 3691 3390 3765 p_r:ecedens
3411 3693 3456 3765 ei
3482 3689 3726 3765 splendidis-

2221 3758 2412 3810 simum
2451 3768 2792 3825 apparatum,
2837 3758 3039 3825 sibique
3067 3758 3135 3812 ab
3166 3761 3359 3814 eodem
3389 3763 3521 3814 clara
3546 3775 3649 3814 v0re
3668 3759 3723 3810 di-

2220 3835 2365 3900 ctum
2393 3842 2407 3879 :
2439 3828 2519 3879 Ad
2547 3836 2598 3900 to
2620 3829 2845 3900 pertinet
2869 3829 2964 3880 ista
2996 3829 3101 3900 lux,
3131 3829 3376 3900 Mi-getia,
3397 3832 3586 3900 suscipe
3605 3829 3721 3881 illam.

2221 3897 2348 3952 Post
2366 3911 2522 3969 quam
2552 3897 2806 3949 visionem
2833 3897 3203 3969 expergefacta
3223 3897 3544 3969 'gaudioque'
3558 3899 3720 3965 repleta.

2220 3970 2396 4020 statim
2427 3967 2513 4018 ubi
2543 3982 2601 4020 se
2627 3980 2807 4019 sanam
2837 3968 3039 4029 sensit,
3077 3967 3271 4024 manus
3311 3986 3432 4023 suas
3453 3967 3516 4023 ad
3542 3986 3594 4022 os
3613 3983 3720 4020 suum

2203 4036 2908 4109 'faciemqueinspiciendam
2929 4037 3232 4109 applicavit,
3262 4050 3316 4093 et
3335 4041 3477 4109 quasi
3499 4055 3591 4107 prae
3606 4036 3721 4109 nimio

2216 4107 2408 4177 gaudio
2435 4107 2534 4159 soli
2562 4107 2658 4159 sibi
2690 4121 2791 4158 non
2828 4106 3068 4166 credens,
3097 4110 3326 4166 ancillas
3354 4106 3476 4163 suas
3503 4106 3604 4176 qua:
3621 4106 3719 4158 circa

2219 4179 2412 4232 lectum
2439 4191 2591 4229 suum
2621 4177 2982 4245 quiescebant,
3009 4179 3149 4230 clara
3180 4195 3314 4233 voce
3341 4180 3600 4239 excitavit,
3628 4184 3720 4228 etut

2217 4248 2281 4300 ad
2305 4263 2360 4302 se
2380 4246 2754 4314 inspiciendam
2771 4257 2926 4315 atque
2944 4248 3409 4315 contemplandam
3430 4255 3714 4315 accurrerenl.

2208 4318 2507 4371 advocavit.
2547 4316 2680 4369 Tum
2705 4314 2922 4377 ill:r,’ut
2949 4314 3192 4371 viderunt
3232 4319 3286 4372 in
3332 4318 3532 4373 domina
3558 4314 3717 4370 suado-

2216 4402 2341 4440 num
2388 4386 2479 4440 Dei
2520 4386 2681 4439 fuisse
2719 4386 3029 4453 impletum,
3065 4395 3359 4456 votumque
3397 4389 3606 4441 omnium
3637 4396 3720 4436 esse

2212 4457 2531 4526 perfectum,
2559 4471 2742 4508 omnes
2774 4457 2966 4523 pariter
2995 4457 3046 4509 in
3073 4456 3313 4511 laetitiam
3341 4459 3716 4526 exclamaverunt,

2215 4523 2270 4580 et
2296 4528 2348 4580 in
2394 4526 2602 4580 laudem
2654 4527 2744 4579 Dei
2790 4536 3093 4593 eruperunt.
3124 4528 3356 4581 Advenit
3400 4529 3547 4582 etiam
3581 4525 3648 4577 ille
3672 4523 3718 4593 ab

2214 4599 2381 4650 amica
2410 4596 2739 4670 prmstjiutus
2765 4591 2974 4649 sibimet.
3001 4597 3136 4670 dies,
3177 4599 3391 4650 venitur
3413 4613 3441 4650 a
3470 4598 3654 4670 diversis
3671 4591 3718 4670 ad

2215 4667 2511 4735 religiosam
2557 4665 2849 4734 Megetiam,
2875 4675 2951 4728 ut,
2982 4667 3117 4719 sicut
3165 4670 3492 4733 promiserat,
3518 4666 3574 4719 ad
3596 4664 3715 4735 desii-

2195 4733 2392 4790 ‘natum
2417 4735 2595 4788 iocum
2634 4733 2821 4789 Charas
2851 4751 2971 4788 suas
3003 4752 3104 4788 non
3136 4735 3433 4790 deserendo
3462 4733 3716 4804 pergere-di-

2211 4805 2613 4876 gnaretur.iSed
2656 4806 2875 4873 Mcgetia
2907 4806 2996 4858 Dei
3037 4806 3234 4859 famula
3267 4802 3714 4876 velatncntoatlhuc,

2214 4869 2349 4929 sicut
2377 4875 2578 4929 solebat
2608 4917 2623 4942 ,
2667 4869 2763 4928 ore
2798 4885 3061 4941 contecto,
3092 4876 3158 4929 al)
3203 4877 3392 4930 intimo
3430 4875 3639 4929 cubiculo
3671 4869 3714 4921 ad

2200 4948 2408 4999 'amicas
2429 4960 2550 4998 suas
2579 4944 2718 4997 foras
2741 4958 2951 5011 egressa
2971 4956 3071 4998 est.
3098 4945 3245 5010 Quas
3275 4948 3359 4999 ubi
3389 4947 3450 5000 de
3477 4961 3527 4998 se
3544 4946 3716 5009 aliquan-

2211 5015 2302 5068 diu
2333 5015 2509 5068 tristes
2533 5029 2651 5068 esse
2679 5014 2935 5083 permisit,
2959 5015 3132 5068 subito
3160 5015 3254 5069 illo
3275 5032 3307 5069 a
3329 5017 3456 5070 facie
3479 5016 3716 5069 velamento

2212 5085 2408 5150 ablato,
2455 5095 2508 5138 et
2548 5085 2696 5137 vultu
2737 5084 3116 5148 demonstrato,
3153 5086 3267 5138 ait:
3304 5087 3437 5141 Ecce
3474 5099 3558 5137 vos
3590 5083 3717 5132 videte

2212 5154 2335 5222 quid
2359 5154 2414 5207 in
2444 5169 2529 5226 me
2571 5155 2706 5207 Deus
2735 5155 2975 5226 dignatus
3000 5164 3082 5208 est
3111 5157 3390 5220 perlicere,
3438 5165 3506 5226 ct
3526 5167 3609 5206 una
3638 5163 3718 5226 uie-

2211 5238 2330 5278 cum
2360 5224 2603 5298 gaudete,
2644 5232 2698 5276 et
2737 5224 2834 5290 ipsi
2864 5224 3082 5276 Domino
3128 5240 3237 5298 pro_
3267 5241 3351 5279 me
3391 5225 3566 5298 gratias
3597 5224 3715 5298 agile-

2211 5295 2494 5367 Quauiubi
2523 5307 2707 5346 omnes
2726 5307 3070 5367 conspexere,
3101 5295 3398 5364 gaudentes
3423 5305 3472 5348 et
3499 5295 3714 5367 Dominum

2211 5363 2603 5426 benedicentes,
2626 5363 2821 5416 osculis
2843 5363 3093 5426 lambere,
3118 5374 3167 5418 et
3188 5379 3308 5417 eam
3327 5363 3616 5430 cuinplexari
3634 5369 3712 5408 eta-

2211 5442 2421 5503 perunt.
2464 5432 2610 5486 Tunc
2651 5447 2835 5486 omnes
2875 5448 2975 5503 una
3015 5432 3079 5503 ad
3123 5436 3403 5488 ecclesiam
3435 5434 3709 5503 perrexerunt

2211 5501 2330 5557 cum
2373 5517 2455 5568 ea,
2502 5512 2554 5555 et
2599 5511 2716 5554 vota
2743 5517 2835 5572 sua
2879 5502 3101 5556 Domino
3139 5505 3518 5572 persolverunt.
3547 5501 3711 5570 Peracto

2210 5582 2386 5627 autem
2409 5581 2590 5626 sancto
2613 5571 2808 5626 Pascha
2838 5571 3063 5639 Domini,
3087 5571 3247 5627 etiam
3269 5575 3343 5629 ad
3370 5573 3708 5630 Uzalensema-

2278 5706 2296 5735 ι
2329 5700 2605 5765 Legendum
2628 5699 2766 5765 forte,
2790 5699 2841 5765 in
2862 5699 3131 5765 hospitim.

2271 5766 2298 5797 ³
2328 5771 2481 5827 Forte,
2507 5763 2658 5824 picum
2680 5761 2836 5814 δαιιιιέ.
