3996 6512
208 411 313 465 849

209 525 428 574 vitalem
456 525 696 593 religiosa
726 524 900 579 Vitula
927 537 1029 581 una
1050 538 1171 579 cum
1198 521 1416 593 Megetia
1437 536 1542 593 sua!
1562 520 1784 593 aliisque

214 594 476 660 religiosis
507 591 716 649 t‘eiuinis
744 596 906 660 venit,
956 604 1183 664 votaque
1229 607 1322 664 sua
1362 591 1640 664 de‘salute
1666 591 1787 664 tiliae

144 671 162 732 ἒ,
214 664 366 730 plena
399 673 451 716 et
481 666 707 732 perfecta
748 666 959 719 Christo
997 661 1217 718 Domino
1259 661 1560 732 Christique
1602 661 1788 732 Amico

150 730 159 762 ε
214 729 266 784 in
319 729 606 802 conspectu
656 736 828 788 omnis
873 746 1068 790 nostra:
1117 731 1368 787 Ecclesia:
1404 729 1788 802 congaudentis

212 810 370 868 atque
399 799 820 870 congratulantis
852 805 1087 858 hilariter
1112 803 1359 866 reddidit,
1398 799 1664 854 ferventer
1689 816 1786 855 ex-

215 871 408 938 hibuit,
440 873 812 944 fructuoseque
833 877 1102 941 persolvit.

214 961 442 1039 CAPUT
467 965 551 1019 III.
569 965 875 1039 —Donatus
904 966 1106 1035 quidam
1137 963 1427 1039 apothecam
1453 961 1657 1039 habens,
1682 964 1788 1039 [ere

289 1037 508 1106 ducenta
539 1053 653 1089 rasa
679 1037 779 1089 riui
801 1032 1038 1106 corrupta
1063 1032 1261 1102 reperit,
1283 1034 1441 1106 cujus
1464 1033 1609 1106 jussu
1638 1032 1787 1082 mini-

284 1113 385 1156 ster
415 1104 642 1175 lagenam
673 1123 734 1159 ea:
759 1101 986 1159 omnibus
1009 1111 1139 1158 vasis
1163 1104 1423 1175 impletum
1448 1101 1706 1166 attulerat,
1733 1109 1788 1175 et

285 1175 353 1225 ad
381 1171 606 1228 sanctum
633 1175 945 1244 Stephanum
969 1191 1190 1236 currens,
1211 1174 1382 1244 ibique
1399 1188 1585 1240 ponens
1603 1171 1785 1244 oravit,

287 1253 335 1316 et
359 1261 581 1316 reversus
602 1241 938 1316 cum'lagena,
961 1247 1010 1298 in
1033 1246 1259 1298 omnibus
1283 1241 1410 1296 uasis
1437 1259 1497 1296 ea:
1518 1242 1691 1296 eadem
1710 1241 1788 1294 in-

291 1315 444 1384 fudit,
477 1325 523 1368 et
548 1315 832 1384 reparatum
868 1328 940 1370 est
970 1317 1154 1369 vinum.

289 1405 525 1458 Donatus
566 1407 776 1474 quidam
816 1407 1009 1460 dicitur
1045 1406 1240 1468 homo,
1271 1417 1400 1456 sane
1428 1401 1786 1474 honestissimi

219 1489 431 1542 quoque
461 1472 823 1540 lilii,_nomine
850 1478 1070 1535 Rustici.
1102 1477 1466 1544 prmfectornm
1499 1472 1784 1544 munerarii

221 1547 429 1616 cunctis
461 1546 594 1599 bene
623 1548 911 1612 notissimi,
942 1542 1114 1616 pater.
1141 1545 1236 1598 llic
1263 1545 1312 1596 in
1345 1542 1505 1616 fundo
1524 1558 1626 1616 suo
1659 1542 1786 1616 sull-

222 1615 425 1666 urbano
452 1631 572 1668 cum
610 1617 728 1670 loco
768 1629 821 1672 et
862 1612 1073 1670 nomine
1112 1616 1342 1668 vocitato
1389 1612 1536 1680 probi
1575 1612 1786 1680 generis

222 1685 344 1736 vina
387 1687 667 1753 quotannis
711 1687 941 1742 condere
979 1696 1033 1741 et
1077 1698 1392 1739 conservare
1417 1691 1782 1753 consueverat.

155 1796 157 1800 .
223 1752 466 1819 Interea,
509 1763 565 1810 ut
618 1759 1014 1825 possessoribus
1062 1769 1178 1809 mos
1228 1762 1344 1818 est,
1387 1752 1786 1825 commodorum

221 1833 518 1897 quiestuum
565 1822 726 1880 causa
747 1867 762 1891 ,
791 1827 1050 1897 quoslibet
1101 1822 1558 1897 terrterepositos
1587 1822 1786 1897 fructus

226 1903 352 1948 tunc
377 1896 534 1966 malle
561 1898 775 1952 venales
800 1892 1126 1963 emptoribus
1155 1893 1418 1962 publicare
1436 1933 1449 1955 ,
1483 1908 1604 1946 cum
1649 1892 1786 1966 votis

223 1963 591 2030 exoptatOrum
644 1966 909 2022 lncrornm
960 1967 1198 2019 avariora
1253 1971 1575 2017 concurrunt
1621 1963 1786 2030 pretia

225 2043 542 2100 temporum.
572 2036 743 2090 visum
773 2047 855 2092 est
883 2045 1173 2092 memorato
1198 2033 1413 2088 domino
1440 2033 1643 2100 praedii,
1665 2047 1785 2086 cum

222 2105 452 2172 quodam
481 2105 694 2160 homine
722 2123 839 2173 suo,
868 2107 974 2161 viui
1001 2107 1202 2160 scilicet
1229 2113 1498 2174 gustatore
1527 2102 1787 2174 peritissi-

222 2187 334 2238 mo,
362 2175 840 2249 apothecamsuam
869 2177 1112 2249 primitus
1139 2177 1354 2249 intrare,
1377 2188 1438 2249 ac
1464 2188 1557 2240 per
1583 2173 1788 2240 singula

222 2258 350 2316 vasa
376 2247 728 2301 examinando
751 2242 1208 2316 vina-approbare.
1240 2244 1355 2316 Quo
1382 2242 1520 2316 facto
1537 2251 1789 2316 ,_tn_ox_ut

221 2312 531 2383 degustator
556 2316 799 2370 haustum
822 2312 1188 2372 vasis—merum
1215 2314 1464 2383 applicuit
1488 2312 1686 2379 judicio
1714 2313 1789 2365 Ia~

221 2382 450 2456 Iliorum,
480 2387 732 2456 continuo
757 2388 1046 2456 stupefacta
1075 2387 1126 2439 in
1155 2382 1369 2456 homine
1394 2398 1486 2436 ora
1513 2383 1787 2456 vultusque

221 2453 477 2525 palluere.
494 2453 623 2509 Nam
648 2453 996 2525 praeter—quod
1024 2456 1132 2510 vini
1158 2453 1620 2525 teterrimuscolor
1639 2468 1790 2525 aver-

221 2522 445 2594 sandum
471 2522 719 2581 oculis'ex
742 2543 801 2582 se
820 2527 1074 2581 offerebat
1092 2533 1382 2594 aspectum,
1407 2523 1563 2577 etiam
1592 2523 1789 2594 tristis-

219 2592 389 2646 simus
417 2609 574 2662 sapor
600 2597 750 2651 labiis
779 2597 1110 2653 manendum
1137 2591 1409 2664 ingerebat
1431 2601 1660 2664 gustum.
1685 2591 1790 2648 Ve-

221 2675 342 2717 rum
369 2678 487 2717 cum
519 2664 619 2721 hoc
643 2669 836 2722 malum
869 2670 918 2722 in
949 2682 1057 2720 uno
1095 2663 1295 2720 tantum
1335 2678 1458 2717 vase
1497 2663 1789 2718 consistere

220 2742 532 2802 putaretur,
574 2751 679 2790 non
729 2746 834 2791 tam
884 2737 1198 2791 molestante
1239 2734 1488 2788 damnum
1519 2734 1537 2764 ¹
1583 2733 1787 2801 jactura

221 2802 615 2870 patrisfamilias
641 2805 948 2861 habebatur.
973 2809 1042 2861 At
1069 2807 1156 2861 ubi
1186 2820 1280 2875 per
1298 2803 1501 2875 singula
1525 2818 1647 2875 vasa
1673 2819 1784 2858 cm-

221 2881 370 2946 ptutn
398 2883 478 2927 est
505 2877 737 2937 circuiri.
765 2878 1106 2946 omniumque
1131 2873 1412 2946 vasorum,
1426 2873 1484 2946 id
1515 2883 1597 2946 est
1623 2873 1790 2930 ferme

219 2940 601 3010 ducentorum,
629 2962 880 3001 numerus
912 2940 1242 3001 examinatus
1277 2944 1520 2998 similiter
1545 2943 1786 3012 degene-

220 3025 370 3086 rasse
408 3028 472 3066 ac
511 3014 784 3082 deperisse
829 3025 1069 3086 repertus
1113 3025 1224 3081 est;
1255 3014 1374 3086 quis
1420 3023 1546 3086 tunc
1593 3015 1784 3068 ibidem

222 3080 381 3134 fuerit
408 3080 729 3150 possessoris
755 3080 993 3150 animus,
1024 3087 1143 3155 quis
1169 3080 1334 3154 ipsius
1357 3084 1677 3153 apothecarii
1707 3087 1786 3138 Iu-

219 3161 357 3226 ctus,
378 3162 504 3226 puto
523 3156 660 3222 quod
691 3158 932 3225 ignorare
953 3172 1056 3210 non
1081 3157 1247 3226 possit
1266 3157 1438 3226 omnis
1461 3156 1788 3222 compatiens

220 3221 735 3278 animus'humanns'.
767 3226 882 3281 Non
909 3228 1049 3279 enim
1078 3221 1260 3280 revera
1289 3225 1562 3278 minimum
1583 3221 1640 3278 et
1661 3241 1790 3279 con-

221 3293 562 3363 temnendum
593 3295 965 3351 detrimentum
991 3297 1309 3351 damnumve
1335 3295 1630 3363 contigerat
1649 3337 1664 3361 ,
1693 3295 1786 3348 sed

218 3359 468 3441 ducenta,
500 3373 555 3441 ut
584 3365 711 3441 dixi,
743 3366 854 3421 fere
880 3384 996 3441 qua:
1021 3367 1337 3441 putabantur
1362 3359 1789 3441 vasa'vinosua-

218 3433 438 3485 vissimo
467 3434 788 3500 plenissima,
818 3433 1061 3490 cadente
1086 3436 1352 3488 contrario
1387 3435 1788 3502 reperiebantur

219 3505 479 3573 neciaceti
501 3546 514 3567 ,
543 3505 636 3557 sed
666 3505 937 3573 cujusdam
964 3505 1346 3573 corruptissimi
1377 3513 1430 3558 et
1460 3503 1786 3557 faeculentis-

217 3571 593 3644 similiquoris
619 3571 863 3644 squalore
891 3571 1196 3644 aditnpleta.
1239 3573 1586 3644 Quidagerﬁet
1611 3575 1680 3626 ita
1707 3575 1784 3628 rei

219 3639 490 3696 labefacta:
516 3658 626 3696 sure
651 3639 916 3711 dominus,
941 3639 1219 3699 vindemiae
1243 3639 1354 3696 sum
1382 3639 1649 3696 inieritum
1679 3658 1786 3698 non

217 3711 392 3765 adhuc
422 3714 473 3766 in
501 3715 694 3768 vitibus
713 3756 726 3776 ,
753 3715 845 3768 sed
867 3757 882 3774 .
913 3715 1052 3783 quod
1072 3723 1152 3769 est
1178 3714 1409 3783 gravius,
1438 3712 1629 3783 inipsa
1659 3729 1782 3781 per-

217 3795 406 3849 pessus
425 3784 715 3855 apotheca?
736 3785 882 3853 quid,
903 3782 1136 3855 inquam,
1155 3782 1366 3855 ageret?
1391 3782 1518 3855 quid
1546 3793 1649 3855 tam
1676 3799 1789 3838 cor-

217 3861 374 3921 rupto
419 3869 518 3907 nec
555 3853 663 3920 jam
706 3855 931 3910 dicemlo
974 3853 1100 3909 vino
1145 3854 1320 3908 facere
1363 3853 1656 3921 potuisset?
1699 3855 1782 3908 An

217 3919 436 3994 forsitan
459 3919 828 3994 qualicumque
853 3925 1212 3993 abjectissimo
1237 3919 1405 3993 pretio
1425 3922 1784 3978 vendidisset?

216 3990 323 4043 Sed
351 3990 600 4059 quis’tam
636 3990 806 4048 fatuus
835 3990 1045 4061 emptor
1068 3995 1134 4049 ad
1163 3990 1274 4048 rem
1306 3994 1502 4046 fatuam
1527 3996 1785 4048 accessis-

216 4063 332 4134 set?
354 4065 437 4134 ᾼιι
465 4065 650 4117 saltem
677 4066 970 4119 effunderet
995 4073 1152 4134 atque
1177 4063 1493 4134 projiceret?
1533 4062 1638 4117 Sed
1666 4066 1784 4133 quis

215 4131 288 4183 ita
318 4132 513 4204 oblitus
551 4135 792 4188 laborum
831 4150 1045 4188 suorum
1067 4131 1349 4204 _esset,‘ut
1373 4131 1784 4204 qualescumque

215 4203 339 4254 anni
363 4200 562 4274 fructus
585 4205 965 4272 proculcandos
996 4205 1296 4259 hominibus
1316 4200 1608 4274 belluisque
1632 4200 1783 4259 facile

214 4273 540 4338 exponeret?
569 4274 802 4328 Tandem
833 4275 1202 4330 tluctuabunda
1232 4274 1284 4328 in
1317 4273 1509 4328 talibus
1533 4276 1782 4329 maerori-

214 4339 315 4413 bus
335 4342 508 4413 anima
529 4342 722 4398 divina:
741 4345 1075 4413 aspirationis
1094 4359 1222 4400 aura
1252 4342 1466 4413 perflata
1495 4345 1545 4397 iu
1575 4355 1780 4413 portum

215 4408 532 4484 fidissimum
577 4408 961 4484 stationeinque
1003 4408 1316 4468 tutissimam
1353 4408 1647 4468 veliticante
1689 4414 1782 4468 de-

213 4480 371 4534 ducta
395 4491 475 4554 est
497 4485 681 4553 gratia.
701 4483 832 4538 Nam
855 4480 1016 4540 multa
1036 4500 1214 4540 secum
1235 4485 1450 4554 agitanti
1478 4485 1590 4538 haec
1609 4486 1782 4554 potior

214 4553 475 4625 sententia
523 4555 702 4609 animo
746 4556 939 4610 insedit
983 4553 1329 4625 possessoris,
1371 4553 1780 4624 confugiendum

213 4635 333 4674 esse
358 4621 424 4674 ad
467 4625 710 4694 Amicum
742 4625 835 4679 Dei
870 4621 1194 4693 Stephanum
1242 4633 1480 4679 sanctum
1501 4666 1515 4690 ,
1536 4621 1780 4694 'primum

212 4699 502 4763 martyrem
523 4693 743 4747 Christi.
763 4695 990 4748 Proinde
1008 4697 1158 4763 jubet
1182 4695 1255 4748 illi
1283 4693 1648 4763 prtegustatori
1673 4697 1780 4750 vini

211 4760 317 4834 sui,
345 4770 578 4834 utunam
604 4763 932 4832 lagunculam
953 4760 1023 4818 ex
1046 4760 1542 4834 quolibet—vasorum
1563 4781 1779 4820 suorum

211 4829 546 4902 adimpleret.
575 4829 798 4902 eamque
826 4835 889 4888 ad
920 4829 1079 4889 Beati
1093 4834 1397 4889 Memoriam
1416 4873 1433 4898 ,
1464 4834 1782 4890 benedicen-

213 4898 596 4974 dam‘diluculo
624 4898 964 4972 deportaret,
1001 4914 1158 4974 atque
1183 4903 1374 4958 exinde
1399 4905 1778 4960 sanctificatatn

208 4969 730 5044 contiunqreferret,
756 4983 984 5044 tuncque
1013 4969 1086 5028 ex'
1108 4974 1195 5028 illa
1222 4989 1314 5043 per
1339 4977 1512 5028 omnia
1541 4989 1666 5028 vasa
1695 4991 1781 5044 pa-

209 5054 328 5112 rum
355 5041 480 5112 quid
506 5041 915 5111 superfunderet
939 5054 1096 5112 atque
1121 5041 1437 5098 discederet.
1464 5044 1509 5098 0
1537 5041 1777 5110 Domine,

211 5107 456 5188 Domine,
484 5107 720 5188 cui'cura
751 5124 833 5188 est
863 5129 958 5181 pro
985 5107 1222 5188 homine,
1250 5117 1426 5168 omnia
1456 5107 1780 5188 benignegfa-V-

209 5184 359 5232 ciens
405 5193 618 5250 propter
661 5184 958 5248 hominem,
1002 5187 1090 5254 qui
1134 5199 1230 5252 per
1263 5192 1477 5238 sanctos
1505 5194 1625 5238 tuos
1650 5186 1778 5239 olim

208 5262 376 5320 aquas
413 5265 623 5320 amaras
664 5263 720 5308 et
759 5254 1099 5320 infecundas,
1141 5255 1282 5320 ligno
1310 5254 1546 5308 immisso
1570 5264 1623 5308 et
1652 5270 1779 5309 vase

208 5319 336 5406 satis
353 5318 560 5406 injecto
585 5323 782 5406 sana‘sti
812 5324 1005 5406 (Exod.
1029 5318 1120 5390 xv,
1139 5318 1238 5404 25;
1270 5323 1477 5402 IYReg.
1502 5340 1558 5388 ιι,
1580 5323 1781 5406 21),.ae

207 5401 308 5463 per
352 5399 402 5441 te
447 5393 655 5463 ipsum,
685 5393 903 5448 Domine
923 5433 938 5458 ,
969 5409 1157 5463 aquam
1189 5395 1242 5446 in
1266 5393 1445 5446 vinum
1471 5395 1778 5449 convenisti

210 5455 392 5532 ({oan.
417 5455 486 5524 u,
511 5460 687 5532 l-ll),
718 5463 830 5532 ipse
858 5455 998 5517 nunc
1020 5455 1075 5517 et
1101 5478 1195 5532 per
1219 5464 1447 5516 amicum
1479 5475 1623 5517 tuutn
1654 5464 1777 5518 Ste-

206 5528 444 5602 phanum
471 5528 1022 5602 sanctum,'reparasti
1051 5528 1326 5586 instatqu
1357 5533 1636 5602 pristinum
1658 5534 1777 5588 vina

210 5599 450 5678 perdita,
473 5616 622 5654 versa
653 5599 1006 5678 amaritudine
1031 5599 1464 5678 insuavitatemJ
1505 5603 1780 5678 nigredine

208 5669 262 5720 iu
292 5669 595 5742 candorem,
617 5687 855 5742 maerore
882 5673 932 5726 in
956 5673 1395 5727 exsultationem!
1426 5669 1657 5742 Propere
1679 5675 1776 5742 igi-

213 5747 298 5790 tur
322 5738 519 5794 domini
547 5741 628 5795 sui
663 5741 809 5811 jussa
850 5743 1094 5796 minister
1119 5743 1210 5798 ille
1235 5743 1404 5797 fidelis
1428 5738 1775 5814 exsequitur:

274 5850 292 5879 ί
309 5854 464 5911 Forte,
477 5851 666 5904 donato.
685 5860 734 5902 tu
745 5859 790 5902 Β.
807 5853 866 5904 ad
881 5855 1168 5918 marginem,
1192 5872 1216 5901 α
1228 5853 1362 5906 locus
1381 5865 1655 5921 corruptus,
1668 5874 1691 5905 ι
1714 5864 1774 5908 ιι.

1540 408 1741 464 LIBER
1780 408 2154 466 SECUNDUS.

3353 404 3457 459 850

1891 522 2154 592 lagenam,
2182 530 2240 575 ut
2269 521 2438 576 fuerat
2464 531 2783 592 praeceptum
2805 563 2821 589 ,
2848 520 3047 588 hausit,
3076 521 3330 591 perrexit,
3361 537 3458 588 ap-

1892 594 2087 662 posuit,
2112 593 2418 660 reportavit,
2439 592 2684 662 vasisque
2703 593 2924 662 singulis
2949 593 3310 662 permodicum
3336 592 3462 662 quid

1891 661 2199 726 eontribuit,
2227 672 2280 716 et
2305 663 2452 716 abiit.
2480 661 2657 716 Altera
2685 661 3030 728 die,memor
3054 662 3173 716 fidei
3205 661 3469 715 mandati-

1892 748 1996 800 que
2045 733 2155 796 sui,
2190 733 2355 797 surgit
2399 733 2778 800 paterfamilias
2822 734 3112 786 matutinus
3136 772 3150 796 ,
3185 731 3464 784 ministerii

1891 803 2160 856 conscium
2190 802 2589 869 ministrumque
2615 803 2881 864 convenit,
2911 818 3013 855 una
3041 817 3218 855 secum
3245 801 3310 853 ad
3337 814 3466 867 apo-

1894 871 2103 926 thecam
2150 872 2398 924 comitem
2445 871 2628 925 ducit:
2661 873 3012 939 inspiciuntur
3056 873 3230 924 denuo
3275 882 3463 924 cuncta

1892 958 1987 1011 per
2015 942 2254 994 ordinem
2287 956 2408 995 vasa
2436 961 2449 996 :
2476 943 2652 996 vinum
2703 942 2960 1001 hauritur,
3005 942 3144 995 nitor
3190 942 3242 994 in
3283 941 3465 994 colore

1892 1013 2214 1078 conspicitur
2235 1052 2250 1073 ,
2283 1026 2439 1079 sapor
2483 1011 2534 1064 in
2579 1022 2731 1081 gustu
2776 1012 3136 1080 approbatur,
3167 1011 3378 1081 tristitia
3411 1011 3467 1064 in

1893 1082 2136 1149 gaudium
2164 1091 2539 1145 commutatur,
2567 1079 2622 1136 et
2662 1082 2786 1150 qttid
2814 1079 3187 1150 quantumque
3231 1079 3363 1134 fides
3411 1082 3464 1134 iu

1893 1151 2102 1206 Christo
2127 1151 2346 1219 ejusque
2375 1152 2756 1219 gloriosissimo
2778 1152 2960 1206 Amico
2978 1152 3151 1205 valeat
3175 1151 3461 1218 reperitur,

1892 1222 2202 1290 cunctisque
2232 1221 2566 1276 audientibus
2591 1223 3007 1290 mirantibusque
3027 1221 3328 1275 succeditur
3345 1238 3357 1273 :
3375 1220 3468 1272 de-

1829 1321 1832 1324 λ
1893 1293 2053 1360 niqne
2076 1293 2161 1344 illa
2191 1291 2558 1356 probatissima
2581 1294 2699 1346 vina
2728 1292 2990 1360 condigne
3016 1293 3185 1359 pretio
3209 1291 3465 1357 emptori-

1891 1361 1990 1414 Iuts
2032 1361 2437 1414 distribuuntur.
2485 1362 2622 1416 Ecce
2659 1363 2884 1430 qualiter
2911 1363 3086 1415 divina
3129 1360 3463 1430 providentia

1891 1432 2203 1484 utilitatibus
2241 1431 2512 1484 hominum
2552 1432 2898 1486 deservit:et
2932 1433 3056 1501 quid
3093 1432 3303 1484 tandem
3351 1431 3464 1484 Deo

1891 1516 1988 1569 pro
2019 1502 2176 1554 tantis
2203 1502 2316 1570 ejus
2347 1501 2618 1556 beneficiis
2648 1503 2931 1557 exhibetur
2955 1513 3046 1556 aut
3071 1501 3342 1555 redditur?

1887 1612 2115 1669 CAPUT
2147 1613 2309 1667 IV.—
2338 1612 2435 1668 Ubi
2462 1613 2613 1666 draco
2641 1616 2702 1666 de
2732 1614 2854 1667 caelo
2880 1613 3179 1679 magniﬁcus
3199 1611 3456 1678 apparuit.

1962 1701 1994 1736 a
2023 1687 2170 1752 cujus
2198 1694 2466 1753 conspectu
2494 1686 2723 1737 universa
2753 1684 2889 1752 plebs
2915 1683 2980 1736 ad
3011 1683 3258 1750 Stephani
3287 1683 3464 1753 limina

1959 1756 2214 1824 confugit,
2266 1752 2328 1806 et?
2358 1755 2480 1823 ipsis
2523 1755 2778 1807 orantibus
2826 1754 3070 1822 paulatim
3108 1754 3237 1806 inter
3277 1752 3464 1806 vellera

1959 1826 2166 1878 nubium
2195 1825 2478 1878 subtractus
2507 1841 2606 1878 non
2633 1825 2932 1890 comparuit.

1961 1917 2014 1970 1.
2055 1915 2291 1982 Quadam
2323 1915 2409 1968 die
2436 1915 2730 1984 agebantur
2759 1915 3007 1968 nundinae
3037 1915 3088 1969 in
3121 1924 3298 1970 nostra
3329 1913 3464 1968 civi-

1889 1994 2018 2050 tate,
2049 1997 2100 2040 et
2127 1986 2254 2038 hora
2277 1987 2384 2052 jam
2413 1986 2705 2039 meridiana
2739 1987 2856 2039 creti
2892 1985 3054 2039 facies
3081 2001 3272 2040 serena
3299 1985 3349 2038 in
3380 1994 3464 2038 te-

1891 2067 2023 2109 tram
2051 2065 2103 2110 et
2130 2056 2470 2125 caliginosam
2496 2057 2637 2109 aeris
2666 2056 2984 2109 turbidinem
3012 2057 3186 2110 subito
3210 2064 3293 2110 est
3315 2071 3464 2109 cotu—

1889 2136 2049 2180 mota.
2076 2127 2213 2180 Ecce
2238 2136 2411 2179 autem
2433 2125 2663 2193 desuper
2685 2127 2937 2194 aspicitur
2965 2127 3146 2194 igneus
3174 2125 3386 2196 quidam
3409 2135 3465 2179 et

1891 2197 2163 2250 immensa:
2191 2196 2566 2265 magnitudinis
2593 2196 2928 2266 propendens
2959 2196 3008 2248 in
3039 2205 3194 2264 caput
3231 2213 3262 2250 e
3302 2196 3461 2266 nubi-

1890 2267 1989 2320 bus
2017 2267 2201 2320 draco.
2244 2266 2394 2332 Quod
2423 2281 2527 2318 non
2570 2266 2637 2319 ita
2670 2265 2940 2320 insolitum
2984 2275 3039 2319 et
3080 2282 3272 2320 novum
3301 2265 3463 2320 debet

1889 2338 2056 2390 videri
2077 2378 2092 2402 ,
2122 2352 2227 2390 non
2271 2341 2440 2389 solum
2473 2345 2688 2404 propter
2715 2337 2955 2390 notitiam
2988 2337 3334 2406 popularem,
3365 2351 3464 2406 ve-

1891 2423 2006 2461 rtun
2045 2408 2205 2461 etiam
2246 2407 2531 2475 Scriptum
2569 2416 2767 2460 sancta:
2805 2407 3204 2472 auctoritatem,
3235 2421 3352 2476 quae
3391 2405 3462 2461 de

1889 2477 2208 2531 draconibus
2249 2478 2327 2532 sic
2369 2486 2627 2530 memorat
2667 2477 2886 2530 dicens:
2917 2476 3146 2530 Loudate
3192 2477 3461 2530 Dominum

1891 2548 1953 2600 de
1996 2557 2156 2601 terrea
2175 2588 2189 2612 ,
2241 2549 2482 2600 dracones
2519 2555 2566 2600 et
2603 2563 2772 2601 omnes
2794 2548 2995 2617 abyssi,
3026 2547 3189 2617 ignis,
3221 2548 3416 2614 grando
3439 2586 3456 2611 ,

1889 2619 1979 2671 nix
1995 2659 2010 2682 ,
2051 2619 2236 2686 glacies
2255 2660 2268 2684 ,
2294 2617 2501 2687 spiritus
2527 2619 2831 2688 tempestatis
2849 2657 2864 2683 ,
2893 2634 3005 2687 qua:
3037 2617 3227 2686 faciunt
3253 2617 3457 2688 uerbum

1890 2689 2000 2758 ejus
2040 2688 2208 2757 (Psal.
2233 2686 2434 2743 cxuvnt
2453 2728 2470 2752 ,
2499 2688 2553 2750 7,
2581 2686 2665 2756 8).
2713 2686 2950 2758 Abyssus
2989 2702 3214 2758 namque
3243 2686 3456 2752 dicitur,

1891 2775 1996 2812 non
2025 2767 2224 2813 tantum
2256 2759 2339 2811 hic
2365 2759 2611 2813 deorsum
2638 2757 2892 2827 aquarum
2921 2757 3304 2812 inaestimabilis
3333 2771 3456 2826 pro-

1890 2829 2150 2894 funditas,
2184 2828 2276 2882 sed
2320 2828 2479 2882 etiam
2521 2843 2733 2882 sursum
2778 2829 2929 2883 istius
2965 2827 3236 2896 caliginosi
3275 2828 3455 2894 aeris,

1889 2915 2047 2969 quem
2091 2899 2443 2965 suspicimus,
2477 2898 2822 2964 immensitas,
2850 2899 2940 2967 qui
2987 2899 3150 2952 maris
3191 2913 3254 2951 ac
3300 2908 3456 2969 terra:

1889 2968 2113 3026 humore
2149 2970 2360 3023 videtur
2400 2971 2780 3038 pinguescere:
2811 2970 2964 3037 cujus
2995 2969 3224 3038 impulsu
3253 2968 3457 3024 ﬂabites

1888 3055 2033 3094 aurae
2061 3040 2378 3105 excitantur,
2405 3039 2546 3093 velut
2587 3040 2722 3093 lana:
2748 3040 2942 3094 vellera
2975 3043 3143 3093 nubes
3167 3039 3454 3106 agitantur,

1888 3111 2090 3180 fulgura
2119 3111 2278 3180 ignita
2305 3111 2632 3164 emittuntur.
2674 3110 2803 3177 Qum
2831 3109 3004 3162 omnia
3032 3125 3099 3162 ne
3119 3109 3299 3180 ,‘sicnt
3327 3108 3456 3180 insi-

1867 3178 2094 3252 pienter
2118 3178 2384 3252 sapientes
2413 3189 2614 3248 putant,
2647 3195 2769 3252 casu
2798 3190 2853 3234 et
2881 3180 3113 3252 fortuitu,
3125 3178 3238 3252 fieri
3263 3179 3452 3234 crede-

1889 3250 2094 3317 rentur,
2123 3259 2301 3305 sancta
2327 3250 2604 3321 Scriptura
2629 3251 2908 3321 vigilanter
2935 3250 3198 3321 providit:
3219 3260 3284 3321 et
3310 3263 3458 3318 p051-

1889 3336 2110 3390 eaquam
2135 3322 2286 3386 dixit,
2315 3320 2475 3392 Ignis,
2501 3320 2716 3392 grando,
2740 3321 2847 3382 nix,
2872 3321 3075 3392 glacies,
3101 3320 3457 3392 spiritustent-

1891 3395 2140 3459 pestatis;
2190 3390 2441 3445 continuo
2491 3390 2761 3458 subjunxit
2811 3392 2878 3445 de
2930 3391 3044 3458 ipso
3099 3390 3467 3444 universitatis

1887 3461 2142 3517 Creatore
2182 3473 2340 3530 atque
2385 3463 2628 3527 Rectore,
2657 3471 2708 3515 et
2750 3462 2842 3524 ait,
2873 3476 2985 3526 qua:
3026 3461 3218 3531 faciunt
3257 3460 3456 3531 verbum

1888 3533 2017 3600 ejus.
2045 3529 2273 3586 Proinde
2299 3532 2617 3599 pendentem
2645 3547 2706 3585 ex
2739 3531 2857 3596 hac,
2888 3541 2945 3584 ut
2964 3529 3094 3593 dixi,
3124 3529 3454 3600 providentia

1889 3601 2298 3670 dispenSatiouis
2324 3602 2438 3666 Dei,
2457 3611 2509 3654 et
2529 3601 2754 3654 nubibus
2781 3602 3140 3654 flammantem
3167 3601 3453 3654 draconem

1891 3681 2136 3740 tauquam
2157 3671 2223 3724 de
2246 3672 2520 3738 superiore
2541 3670 2733 3740 abysso
2755 3671 3128 3738 procedentem
3149 3679 3306 3739 atque
3327 3670 3458 3724 emi-

1888 3739 2095 3795 cantem
2122 3781 2136 3803 ,
2164 3756 2283 3793 cum
2311 3739 2622 3809 aliquandiu
2645 3742 2747 3793 huc
2784 3748 2944 3808 atque
2988 3740 3112 3794 illuc
3149 3750 3325 3794 motus
3363 3755 3457 3794 aer

1888 3811 2049 3866 ferret
2075 3820 2234 3879 atqtte
2262 3811 2526 3872 deferret,
2564 3824 2628 3863 ac
2663 3809 2991 3879 jamjamqne
3020 3809 3454 3878 praecipitandum

1887 3897 2048 3950 super
2074 3882 2300 3934 mediam
2327 3880 2594 3934 civitatem
2627 3888 2828 3950 tremor
2855 3881 3090 3933 omnium
3119 3881 3206 3950 qui
3237 3879 3458 3935 aderant

1887 3949 2304 4020 exspectantium
2348 3959 2403 4004 et
2447 3949 2773 4019 stupentium
2815 3959 3089 4014 cerneret,
3125 3949 3306 4019 fugere
3326 3964 3455 4004 con-

1886 4032 2045 4075 ventu
2075 4021 2285 4090 publico
2310 4021 2578 4089 popularis
2605 4021 2755 4074 turba
2781 4022 2944 4089 coepit
2963 4063 2978 4084 ,
3007 4029 3062 4073 et.
3100 4021 3295 4088 passim
3323 4034 3458 4088 qua-

1887 4106 2114 4161 cumque
2146 4093 2302 4145 timor
2327 4098 2540 4159 egerat,
2571 4093 2715 4161 sicut
2734 4092 2956 4159 quisque
2982 4101 3223 4161 poterat,
3248 4090 3458 4144 discur-

1889 4159 2058 4217 rebal.
2091 4162 2258 4216 Totus
2286 4161 2512 4230 denique
2547 4162 2662 4229 ipse
2687 4159 2997 4214 dissolutus
3017 4161 3460 4230 perturbatusque

1887 4242 2170 4286 mercatus.
2196 4232 2398 4286 Relicta
2420 4247 2648 4300 namque
2671 4231 2816 4284 omni
2839 4231 3194 4300 negotiatione
3221 4240 3454 4294 terrena,

1888 4318 1986 4372 pro
2012 4304 2124 4357 sola
2155 4311 2361 4356 tantum
2397 4301 2638 4355 homines
2667 4301 2976 4356 metuebant
3003 4303 3130 4355 vita.
3161 4300 3458 4372 Quisienim

1888 4371 2015 4429 tunc
2051 4382 2314 4443 quaereret
2354 4372 2500 4426 lucra
2546 4373 2817 4443 pecuniae,
2864 4372 2916 4425 in
2965 4380 3113 4426 tanto
3155 4371 3459 4443 discrimine

1887 4441 2080 4498 damna
2110 4443 2396 4512 deplorans
2424 4441 2648 4495 animm?
2676 4450 2768 4494 aut
2794 4443 2912 4511 quis
2938 4443 3196 4510 cogitaret
3220 4441 3302 4495 vel
3331 4456 3455 4495 cor-

1890 4515 2032 4584 poris
2061 4514 2277 4579 victtnn,
2307 4512 2595 4566 formidans
2620 4512 2742 4565 vitae
2765 4526 2876 4565 sua:
2902 4512 3142 4584 ultimum
3173 4512 3460 4584 occasum?

1887 4580 2006 4653 quis
2053 4599 2212 4653 porro
2255 4591 2473 4650 cuperet
2515 4590 2752 4653 vestem,
2789 4590 2934 4634 metu
2979 4581 3166 4653 mortis
3211 4580 3468 4653 amittens

1887 4650 2156 4708 mentem?
2200 4654 2417 4722 Magnus
2457 4651 2615 4705 etiam
2655 4665 2947 4722 concursus
2994 4650 3344 4722 multitudinis
3393 4650 3463 4704 ad

1885 4723 2146 4793 gremium
2175 4721 2427 4777 Ecclesia:
2453 4721 2746 4793 matris,_ad
2773 4721 3189 4793 misericordiam
3219 4722 3463 4789 protinus

1886 4791 2186 4848 convolavit
2208 4793 2305 4846 Dei
2333 4792 2524 4845 Patris.
2551 4793 2632 4845 Ad
2661 4791 2828 4859 ipsam
2856 4792 3025 4846 Amici
3067 4791 3160 4845 Dei
3195 4800 3463 4859 sacratam

1887 4863 2194 4918 Memoriam
2219 4864 2269 4916 in
2297 4863 2431 4916 facie
2460 4857 2719 4930 prostrata
2741 4860 2952 4931 jacebat
2974 4861 3181 4915 diversa
3207 4857 3480 4931 aetas,di-'

1888 4948 2013 5002 spar
2037 4948 2248 5003 quoque
2276 4929 2470 4987 sexus.
2489 4932 2722 4986 Tandem
2739 4929 2864 5003 pro
2891 4940 3205 5003 cunctorum
3249 4929 3460 4986 fletibus

1884 4999 2186 5072 opportune
2214 5003 2280 5056 ad
2310 5003 2578 5056 Christum
2604 4999 2806 5056 domini
2834 4999 3234 5072 Stephanifusa
3262 5015 3422 5072 prece
3443 5039 3459 5069 ,

1885 5069 2169 5129 clementia
2198 5073 2290 5128 Dei
2319 5081 2608 5135 annuente,
2646 5069 2944 5126 horrendus
2969 5071 3058 5126 ille
3086 5071 3249 5124 draco
3279 5069 3462 5139 paula-

1886 5145 1979 5198 tim
2006 5145 2166 5212 cwpit
2193 5159 2222 5196 a
2251 5155 2536 5212 conspectu
2565 5142 2836 5196 hominum
2879 5141 3271 5212 interrnuhiutn
3311 5147 3460 5208 septa

1887 5211 2127 5268 subtrahi
2169 5222 2328 5282 atque
2369 5211 2658 5275 abscondi,
2697 5221 2752 5282 et
2777 5227 2877 5281 qua
2903 5211 3045 5266 venti
3073 5212 3458 5282 incubuerant,
3518 5272 3527 5282 ι

1889 5285 2144 5339 redeunte
2166 5280 2285 5338 caeli
2316 5299 2504 5337 serena
2537 5283 2694 5346 facie,
2725 5280 2915 5335 discuti
2943 5293 3100 5350 atque
3128 5280 3370 5349 propelli,
3399 5295 3462 5335 ac

1889 5355 1967 5410 sic
1991 5355 2252 5409 revocatis
2276 5355 2488 5417 animis,
2511 5363 2670 5421 atque
2692 5369 2722 5405 a
2743 5361 2885 5405 tanta
2916 5353 3123 5406 tristitia
3145 5353 3197 5405 in
3226 5351 3462 5404 laetitiam

1889 5426 2141 5488 reductis,
2170 5424 2530 5478 reddebantur
2557 5423 2670 5476 Deo
2699 5430 2754 5477 et
2778 5422 2962 5476 Amico
2987 5421 3104 5490 ejus
3130 5421 3320 5475 uberes
3344 5435 3465 5489 gra-

1889 5497 1977 5550 tiae
1995 5511 2116 5549 cum
2141 5495 2438 5564 ingentibus
2457 5493 2708 5563 lacrymis
2727 5493 2796 5547 de
2816 5492 3085 5561 inopinata
3104 5491 3461 5561 gratulatione

1925 5566 2134 5621 rofusis.

1886 5581 2134 5690 mil.“
2155 5635 2268 5688 lucc
2291 5632 2495 5688 accedit
2514 5633 2673 5686 etiam
2695 5631 2836 5686 aliud
2858 5630 3106 5700 quiddam
3130 5647 3196 5686 ex
3227 5631 3328 5684 hoc
3349 5630 3464 5699 ipso

1889 5707 2144 5761 miraculo
2173 5705 2462 5758 mirabilius
2490 5721 2505 5758 :
2534 5718 2610 5756 ne-
2639 5703 2818 5770 ignara
2850 5702 2903 5756 in
2933 5701 3184 5754 omnibus
3211 5700 3464 5770 fragilitas

1888 5777 2141 5839 humana,
2169 5774 2300 5827 nihil
2330 5774 2396 5827 dc
2427 5773 2618 5827 divinis
2641 5772 2852 5841 iudiciis
2871 5782 2926 5826 et
2952 5770 3225 5841 beneficiis
3247 5771 3463 5825 evideu--

1890 5849 1994 5904 tius
2021 5845 2362 5916 apertiusque
2389 5843 2602 5920 edocui,
2631 5840 2701 5898 ita
2730 5851 2788 5897 ut
2812 5842 3027 5912 dignum
3059 5840 3261 5908 fuerat,
3292 5841 3460 5896 exsti~
3502 5882 3503 5885 η
