4024 6518
532 500 630 557 ιιι
1586 475 1672 531 DE
1714 472 1868 527 FillE
1900 470 1987 524 ET
2018 464 2147 522 OPE

2256 463 2374 529 IUS,
2416 464 2472 519 S.
2517 462 2882 521 AUGUSTINI
3705 462 3811 521 912

536 611 688 679 illud,
732 609 844 666 sive
888 603 1039 671 illud,
1074 615 1170 672 pro
1200 599 1355 669 plena
1394 593 1634 650 doctrina
1678 588 1941 644 invenitur
1979 582 2123 638 Scri-

538 714 688 773 ptura
720 708 1163 759 commemorare,
1191 702 1248 747 ut
1276 691 1436 746 etiam
1468 687 1569 741 hoc
1605 682 1766 738 modo
1802 679 2125 749 intelligatur

536 770 762 851 alterum
796 792 914 847 sine
938 789 1108 844 altero
1129 800 1249 842 esse
1275 798 1381 839 non
1407 793 1601 852 posse:
1625 776 1747 848 quia
1769 783 1824 831 et
1843 773 1932 845 qui
1957 770 2126 827 credit

539 888 671 950 Deo,
714 884 875 940 debet
917 879 1094 937 facere
1137 875 1280 948 quod
1316 871 1574 945 pratcepit
1599 870 1774 933 Deus;
1802 874 1856 922 et
1883 864 1971 936 qui
1997 877 2126 934 pro-

537 986 720 1050 pterea
749 974 875 1033 facit
897 975 1023 1046 quia
1052 969 1306 1045 pmcepit
1329 968 1491 1035 Dens,
1514 977 1734 1021 necesse
1757 970 1841 1017 est
1866 969 1923 1015 ut
1944 957 2128 1015 credat

542 1073 673 1129 Deo.

610 1159 840 1219 CAPUT
896 1158 1036 1217 XIV.
1078 1188 1147 1199 --
1181 1155 1272 1212 2|.
1324 1152 1401 1209 De
1438 1151 1585 1207 tertia
1627 1147 1902 1221 quazstione
1941 1160 1960 1199 :
1992 1142 2127 1215 quod

543 1256 671 1329 ﬁdes
696 1255 765 1309 ad
793 1256 1004 1309 salutem
1034 1268 1133 1307 non
1164 1248 1342 1320 stt/ﬁcit
1370 1248 1478 1300 sine
1501 1243 1755 1315 operibus.
1774 1236 2127 1307 Quamobrem

538 1326 650 1419 jam
681 1346 809 1402 illud
834 1346 1129 1409 videamus,
1153 1340 1293 1411 quod
1319 1334 1693 1393 excutiendum
1720 1338 1801 1386 est
1829 1345 1859 1383 a
1882 1326 2131 1419 cordibus

545 1416 829 1508 religiosis,
859 1450 924 1489 ne
952 1434 1090 1488 mala
1120 1431 1405 1487 securitate
1432 1425 1656 1481 salutem
1694 1435 1843 1476 suam
1886 1416 2127 1489 perdant,

543 1530 589 1585 si
612 1529 679 1584 ad
700 1544 816 1584 eam
838 1524 1180 1583 obtinendam
1201 1520 1446 1577 sufﬁcere
1468 1517 1626 1573 ﬁdem
1650 1511 1970 1585 putaverint,
1993 1508 2131 1565 bene

546 1630 723 1677 autem
755 1621 933 1675 vivere
961 1627 1014 1674 et
1052 1616 1205 1672 bonis
1243 1612 1496 1684 operibus
1529 1611 1667 1664 viam
1698 1605 1792 1662 Dei
1823 1613 2004 1659 tenere
2033 1616 2130 1656 ne-

546 1711 833 1782 glexerint.
862 1709 993 1763 Nam
1010 1708 1169 1762 etiam
1193 1702 1520 1774 temporibus
1539 1695 1910 1769 Apostolorum
1928 1708 2031 1747 non
2051 1690 2133 1745 in-

549 1804 779 1859 tellectis
824 1799 1139 1873 quihusdam
1189 1793 1531 1853 subobscuris
1578 1788 1858 1847 sententiis
1906 1782 2133 1857 apostoli

550 1895 721 1962 Pauli,
746 1894 847 1949 hoc
869 1909 987 1948 eum
1003 1890 1215 1963 quidam
1238 1886 1477 1943 arbitrati
1499 1892 1623 1941 sunt
1643 1882 1842 1947 dicere,
1860 1878 2135 1933 Faciamus

550 1985 710 2053 mala,
735 1995 794 2039 ut
822 1984 1021 2038 veniant
1050 1982 1181 2036 bona
1209 1980 1385 2053 (Rom.
1413 1994 1491 2041 nt,
1516 1972 1593 2049 8);
1621 1973 1741 2044 quia
1772 1971 2000 2033 dixerat,
2029 1968 2137 2023 Lex

547 2077 865 2141 subintravit,
888 2084 944 2129 ut
972 2073 1251 2128 abundaret
1276 2070 1548 2133 delictum;
1567 2066 1649 2122 ubi
1675 2074 1844 2120 autent
1863 2062 2138 2118 abundavit

549 2168 811 2233 delictum,
825 2164 1247 2237 superabundavit
1262 2162 1424 2235 gratia
1441 2161 1614 2233 (Rom.
1633 2173 1688 2223 ν,
1700 2155 1817 2227 20).
1839 2153 1991 2224 Quod
2020 2152 2139 2208 ideo

550 2276 736 2315 verum
781 2268 883 2324 est,
924 2258 1046 2329 quia
1094 2257 1267 2327 legem
1311 2254 1631 2324 accipientes
1672 2249 1917 2304 homines
1945 2246 2032 2317 qui
2073 2244 2141 2300 de

550 2353 663 2407 suis
691 2352 894 2407 viribus
922 2349 1303 2420 superbissime
1334 2344 1745 2418 praesumebant,
1776 2356 1875 2398 nec
1902 2340 2138 2396 divinum

550 2444 873 2514 adjutorium
897 2440 1276 2497 vincendarum
1304 2438 1559 2493 malarum
1589 2432 2138 2504 concupiscentiarum

552 2544 697 2590 recta
727 2533 831 2588 ﬁde
861 2532 1237 2603 impetrantcs,
1274 2528 1510 2599 pluribus
1536 2526 1976 2598 gravioribusque
2003 2524 2140 2579 deli-

550 2629 653 2684 clis
681 2627 841 2683 etiam
874 2626 989 2697 lege
1018 2625 1365 2696 prmvaricata
1392 2622 1598 2678 onerati
1636 2630 1761 2677 sunt
1783 2638 1796 2673 :
1819 2636 1884 2677 ac
1911 2620 1989 2675 sic
2024 2634 2141 2674 nta-

550 2736 657 2792 gno
683 2729 832 2776 reatu
859 2718 1216 2789 compellcnte
1244 2717 1592 2786 confugerunt
1616 2713 1682 2769 ad
1714 2713 1893 2780 ﬁdem,
1921 2727 2026 2783 qua
2052 2712 2143 2766 mi-

554 2812 904 2868 sericordiam
956 2810 1299 2881 indulgentia:
1342 2816 1699 2871 mererentur,
1738 2813 1793 2861 ct
1833 2805 2085 2859 auxilium
2113 2819 2143 2858 a

558 2906 783 2960 Domino
812 2903 901 2973 qui
933 2903 1058 2958 fecit
1086 2903 1281 2958 coelum
1312 2908 1367 2955 et
1397 2910 1591 2955 terram
1627 2898 1795 2967 (Psal.
1826 2913 1950 2965 cxx,
1976 2898 2058 2967 2);
2089 2906 2147 2951 ut

555 2997 745 3053 diﬁ‘usa
786 3012 881 3065 per
909 2994 1163 3065 Spiritum
1209 3000 1452 3045 sanctum
1499 2990 1755 3044 eharitate
1802 2989 1853 3043 in
1896 2988 2146 3045 cordibus

557 3089 669 3143 suis
703 3086 878 3159 (Rom.
907 3102 957 3149 ν,
987 3083 1063 3157 5),
1091 3099 1210 3138 cum
1239 3082 1523 3138 dilectione
1553 3092 1767 3152 agerent
1805 3097 1923 3152 quae
1960 3088 2146 3135 contra

558 3179 743 3235 szeculi
789 3177 947 3249 hujus
988 3175 1446 3244 concupiscentias
1486 3174 1819 3244 iuberentur,
1852 3171 2144 3228 secundum

558 3275 611 3329 id
656 3275 799 3346 quod
853 3274 1164 3345 prrrdictum
1212 3272 1385 3328 fuerat
1427 3272 1480 3326 in
1518 3268 2150 3340 Psalmozblultiplicata:

558 3375 676 3421 sunt
719 3366 1039 3436 inﬁrmitates
1084 3382 1255 3419 eorum
1274 3382 1294 3431 ;
1322 3372 1495 3436 postea
1529 3363 1925 3415 acceleraverunt
1957 3358 2146 3433 (Psal.

563 3477 654 3525 xv,
673 3461 708 3517 4
729 3458 771 3535 ).
799 3458 929 3515 Cum
970 3474 1101 3530 ergo
1129 3458 1259 3513 dicit
1284 3457 1569 3527 Apostolus
1600 3455 1843 3510 arbitrari
1871 3468 1930 3509 se
1954 3452 2149 3522 justiﬁ-

562 3552 673 3606 eari
695 3551 964 3606 hominem
989 3565 1085 3621 per
1107 3549 1263 3605 ﬁdem
1288 3550 1403 3604 sine
1426 3548 1675 3619 operibus
1696 3547 1826 3616 legis
1851 3545 2025 3618 (Rom.
2050 3544 2149 3614 iv);

566 3663 672 3699 non
695 3646 798 3702 hoc
820 3647 947 3717 agit,
974 3656 1030 3701 ut
1057 3656 1303 3718 percepta
1330 3661 1392 3701 ac
1418 3644 1652 3715 professa
1682 3642 1784 3697 ﬁde
1811 3657 1971 3711 opera
1996 3640 2155 3711 justiv

566 3740 654 3793 tia)
692 3748 1121 3805 contemnantur,
1152 3740 1244 3795 sed
1273 3749 1330 3795 ut
1357 3739 1491 3795 sciat
1519 3753 1577 3793 se
1605 3737 1829 3808 quisque
1857 3751 1951 3807 per
1992 3734 2153 3790 ﬁdem

568 3846 725 3902 posse
758 3833 1056 3903 jllSllﬁCﬂl‘i,
1092 3834 1299 3890 etiamsi
1343 3832 1474 3904 legis
1517 3846 1677 3901 opera
1720 3847 1825 3885 non
1865 3844 2156 3900 prazcesse-

566 3928 691 3983 rint.
732 3926 1039 4000 Sequuntur
1082 3928 1225 3985 enim
1269 3926 1639 3999 justilicatum,
1688 3941 1793 3979 non
1846 3922 2157 3994 praecedunt

560 4021 980 4092 justiﬁcandum.
1008 4021 1162 4079 Unde
1206 4023 1258 4077 in
1302 4019 1549 4092 prmsenti
1589 4032 1752 4089 opere
1778 4032 1887 4071 non
1917 4029 2051 4086 opus
2076 4022 2159 4070 est

570 4113 731 4169 latius
758 4112 1065 4183 disputare;
1093 4113 1390 4184 praesertim
1418 4110 1539 4181 quia
1568 4108 1727 4165 modo
1750 4110 1765 4140 ί
1789 4108 1854 4163 de
1883 4106 1984 4162 hac
2007 4122 2157 4177 qua:-

569 4203 747 4259 stione
796 4202 1063 4273 prolixum
1112 4202 1305 4258 librum
1350 4200 1523 4269 edidi,
1569 4201 1656 4272 qui
1716 4200 2044 4266 inscribitur,
2090 4198 2161 4256 de

571 4293 771 4351 Littera
792 4303 845 4350 et
862 4293 1084 4366 Spiritu.
1109 4294 1370 4364 Quoniam
1398 4309 1527 4365 ergo
1556 4295 1667 4348 haec
1688 4293 1866 4362 opinio
1894 4302 2017 4348 tunc
2042 4290 2159 4348 fue-

572 4396 656 4442 rat
681 4397 886 4453 exorta,
914 4388 1036 4443 alite
1064 4386 1369 4457 apostolica:
1403 4384 1675 4456 Epistolae,
1704 4384 1884 4449 Petri,
1916 4384 2159 4450 Joannis,

570 4480 777 4547 Jacobi,
805 4481 977 4547 ludas,
1008 4488 1191 4537 contra
1228 4495 1346 4537 eam
1386 4477 1619 4534 maxime
1645 4477 1879 4545 dirigunt
1914 4475 2164 4532 intentio-

575 4588 723 4641 nem,
746 4582 803 4627 ut
822 4572 1171 4629 vehementer
1190 4579 1431 4627 astruant
1455 4569 1612 4625 ﬁdem
1640 4568 1757 4623 sine
1780 4567 2030 4637 operibus
2055 4581 2160 4622 non

575 4665 831 4736 prodesse
862 4682 877 4720 :
910 4663 1048 4719 sicut
1090 4665 1249 4719 etiam
1295 4664 1408 4733 ipse
1434 4661 1651 4728 Paulus,
1684 4674 1788 4714 non
1819 4657 2165 4728 qualcmlihet

574 4756 756 4824 ﬁdem,
786 4771 887 4826 qua
916 4754 969 4810 in
998 4755 1162 4811 Deum
1190 4754 1444 4817 creditur,
1474 4750 1568 4807 sed
1598 4766 1717 4806 eam
1744 4748 2013 4804 salubrem
2045 4748 2161 4818 pla-

573 4864 747 4920 ncquc
767 4846 1128 4917 evangelicam
1147 4844 1407 4909 deﬁnivit,
1431 4843 1580 4914 cujus
1602 4857 1764 4912 opera
1788 4856 1853 4897 ex
1878 4840 2165 4896 dilectione

573 4940 870 5010 procedunt
894 4957 906 4993 :
932 4938 1001 4993 Et
1038 4938 1188 5009 ﬁdes,
1226 4936 1415 5007 inquit,
1446 4951 1560 5005 quae
1584 4951 1674 5006 per
1696 4933 2013 4988 dilectionem
2040 4949 2162 5003 ope—

573 5045 721 5086 ratur
749 5030 965 5106 (Galat.
996 5045 1054 5092 v,
1077 5028 1111 5085 6
1139 5028 1178 5101 ).
1213 5026 1367 5083 Unde
1396 5026 1539 5082 illam
1572 5025 1728 5080 ﬁdem
1762 5040 1882 5095 qua:
1916 5024 2165 5080 sufﬁcere

575 5124 640 5178 ad
666 5125 895 5181 salutem
925 5121 1243 5195 quibusdam
1269 5119 1499 5185 videtur,
1529 5118 1599 5171 ita
1640 5116 1769 5170 nihil
1800 5116 2051 5184 prodesse
2081 5131 2165 5170 as-

577 5224 809 5284 severat,
828 5225 883 5270 ut
902 5216 1045 5274 dicat
1070 5233 1083 5268 :
1111 5213 1173 5271 Si
1199 5213 1411 5268 habeam
1431 5226 1629 5266 omnem
1652 5208 1826 5278 ﬁdent,
1849 5207 1921 5261 ita
1946 5216 2000 5261 ut
2022 5224 2167 5261 mon-

580 5319 649 5363 tes
696 5312 1015 5379 transferam,
1056 5308 1356 5363 charitatem
1398 5315 1568 5361 autem
1613 5320 1714 5358 nan
1762 5302 1995 5365 habeam,
2038 5301 2167 5355 nihil

578 5417 690 5456 sum
721 5398 763 5472 (l
792 5398 909 5453 Cor.
934 5414 1048 5461 stu,
1081 5399 1155 5467 l).
1181 5397 1282 5455 Ubi
1314 5408 1494 5453 autem
1525 5395 1695 5451 ﬁdelis
1720 5394 1952 5449 Charitas
1979 5408 2168 5462 opera-

580 5504 666 5548 tur
692 5496 733 5557 ',
762 5491 879 5545 sine
920 5490 1081 5543 dubio
1124 5489 1260 5546 bene
1296 5491 1511 5546 vivitur.
1533 5487 1809 5544 Plenitudo
1852 5486 1993 5541 enim
2047 5484 2168 5555 legis

577 5586 802 5641 citaritas
827 5582 999 5651 (Rom.
1023 5596 1136 5644 xm,
1164 5580 1274 5650 l0).

639 5750 655 5783 I
680 5752 778 5795 se:
808 5750 908 5789 stas.
937 5755 985 5789 in
1008 5740 1186 5795 quibus
1209 5750 1275 5791 est
1297 5741 1600 5791 Corlielensis
1621 5750 1734 5793 aute
1759 5740 1892 5791 mille
1912 5750 2063 5788 annos
2079 5738 2167 5787 de-

572 5812 786 5870 scriptus
800 5819 848 5870 ,__j
867 5818 908 5849 at
923 5806 1118 5870 {tentant
1135 5834 1147 5851 ,
1171 5806 1325 5870 modo,
1353 5810 1670 5870 prmtercunt.

634 5861 934 5916 I'r‘sisaiiuus
974 5866 1099 5911 lt'uct‘
1122 5897 1133 5918 ,
1169 5863 1252 5913 ibi
1275 5861 1440 5915 utilem
1471 5861 1591 5923 [illas
1628 5874 1694 5916 est
1718 5873 1761 5915 et
1803 5861 2017 5914 Charitas
2056 5874 2168 5925 ope-

568 5942 720 5986 ratur-

2296 579 2385 633 22.
2415 579 2569 636 Unde
2594 580 2868 636 evidenter
2893 580 2946 634 in
2967 578 3196 635 secunda
3217 578 3453 650 Epistola
3478 594 3575 636 sua
3596 581 3805 649 Petrus,

2228 686 2347 728 cum
2377 672 2443 727 ad
2470 673 2596 727 vita:
2622 681 2677 727 et
2702 687 2910 726 morum
2937 672 3270 727 sanctitatem
3303 671 3627 739 hortaretur,
3662 689 3812 728 mun-

2228 764 2461 835 dumque
2490 764 2648 819 istum
2691 764 3033 820 transiturum
3063 766 3466 834 prmnuntiaret,
3493 766 3665 822 caelos
3690 783 3812 823 vero

2229 870 2397 912 novos
2419 865 2475 912 et
2498 864 2692 911 terram
2721 870 2910 911 novam
2936 857 3253 926 exspectari,
3284 872 3402 926 quze
3422 856 3583 927 justis
3610 858 3812 914 inhahio

2230 950 2389 1005 tanda
2431 950 2752 1017 traderetur,
2783 959 2840 1004 nt
2868 964 2933 1005 ex
2966 949 3067 1004 hoc
3093 950 3430 1007 attenderent
3467 952 3697 1020 qualiter
3722 968 3816 1009 eos

2230 1051 2501 1115 oporteret
2544 1043 2743 1109 vivere,
2788 1052 2845 1097 ut
2885 1042 3212 1098 habitatione
3263 1042 3353 1097 illa
3395 1043 3539 1114 digni
3584 1044 3812 1111 ﬁerent;

2232 1135 2408 1189 sciens
2436 1134 2503 1189 de
2531 1134 2757 1204 apostoli
2787 1133 2933 1188 Pauli
2965 1132 3279 1205 quibusdam
3318 1133 3663 1190 subobscuris
3692 1150 3817 1190 sen-

2235 1228 2412 1283 tentiis
2459 1228 2744 1284 nonnullos
2786 1227 3000 1297 iniquos
3046 1226 3317 1297 accepisse
3364 1228 3731 1292 occasionem,
3763 1238 3819 1283 ut

2236 1327 2481 1390 tanquam
2513 1318 2687 1375 securi
2713 1318 2781 1374 de
2805 1319 2976 1374 salute
3002 1333 3121 1388 qua:
3147 1318 3200 1373 in
3231 1316 3334 1373 ﬁde
3357 1327 3459 1385 est,
3484 1318 3621 1374 bene
3641 1319 3821 1376 vivere

2236 1428 2339 1467 non
2367 1420 2646 1478 curarent,
2678 1410 3115 1466 commemoravit
3140 1409 3385 1480 quaedam
3413 1408 3481 1464 ad
3511 1408 3820 1480 intelligen-

2234 1504 2360 1559 dum
2407 1503 2641 1559 difﬁcilia
2688 1517 2808 1558 esse
2852 1503 2903 1557 in
2946 1500 3199 1572 Epistolis
3242 1503 3378 1571 ejus,
3420 1517 3538 1572 quae
3579 1501 3822 1558 homines

2239 1602 2621 1665 perverterent,
2664 1594 2800 1649 sicut
2841 1600 2896 1647 et
2933 1592 3064 1647 alias
3094 1591 3417 1660 Scripturas,
3449 1593 3513 1648 ad
3546 1597 3819 1663 proprium

2237 1700 2391 1740 suum
2438 1685 2712 1740 interitum
2745 1701 2760 1737 :
2791 1699 2911 1739 cum
2944 1693 3119 1738 tamen
3148 1692 3203 1738 et
3233 1683 3317 1738 ille
3344 1684 3619 1754 apostolus
3643 1685 3713 1740 de
3737 1700 3825 1739 sa-

2239 1775 2349 1830 lute
2396 1783 2621 1842 mterna,
2652 1791 2771 1845 qua:
2801 1774 2904 1829 nisi
2933 1774 3069 1830 bene
3107 1773 3404 1829 viventibus
3440 1789 3545 1829 non
3584 1775 3824 1843 daretur,

2239 1867 2423 1923 eadem
2470 1868 2712 1934 sentiret,
2745 1882 2863 1937 qua:
2891 1866 3071 1923 caeteri
3102 1865 3347 1935 apostoli.
3381 1864 3471 1920 Sic
3514 1866 3696 1937 itaque
3722 1867 3826 1924 Pe-

2240 1966 2391 2012 trus:
2426 1957 2521 2011 llis
2567 1974 2707 2029 ergo,
2756 1958 2946 2028 inquit,
2989 1957 3219 2011 omnibus
3270 1956 3606 2027 pereuntibus,
3658 1961 3829 2027 quales

2240 2059 2433 2119 Oportet
2460 2067 2544 2104 vos
2568 2066 2673 2105 esse
2695 2050 2747 2103 in
2772 2049 2960 2104 sanctis
2984 2049 3437 2104 conversationibus
3463 2059 3508 2103 et
3535 2049 3823 2121 pietatibus,

2240 2152 2585 2213 exspectantes
2614 2152 2660 2197 et
2692 2152 3018 2213 praperantes
3037 2142 3105 2196 ad
3124 2143 3443 2213 prtesentiant
3473 2142 3575 2196 diei
3598 2143 3828 2209 Domini,

2243 2249 2333 2303 per
2370 2250 2519 2302 quant
2560 2233 2673 2287 cteli
2710 2232 2943 2286 ardentes
2984 2233 3257 2299 solventur,
3287 2241 3333 2286 et
3371 2230 3611 2286 elementa
3652 2233 3833 2287 ardore

2243 2324 2375 2395 ignis
2416 2323 2793 2395 decoquentur?
2821 2339 2977 2377 novos
3003 2339 3117 2377 vero
3161 2322 3311 2377 caelos
3347 2332 3394 2377 et
3432 2332 3617 2376 terram
3652 2340 3833 2377 novam

2243 2414 2518 2470 secundum
2550 2415 2799 2485 promissa
2821 2414 2981 2483 ipsius
3010 2423 3376 2484 exspectamus,
3400 2414 3453 2467 in
3477 2414 3656 2482 quibus
3674 2416 3835 2485 justi-

2245 2509 2317 2563 tia
2353 2509 2622 2563 inhabitat.
2653 2508 2994 2581 Quapropter,
3023 2509 3326 2575 charissimi,
3356 2508 3462 2562 haec
3490 2519 3839 2580 exspectantes

2243 2602 2458 2673 satagite
2492 2601 2719 2656 inviolati
2759 2611 2807 2656 et
2845 2600 3158 2655 immaculati
3198 2599 3339 2671 apud
3374 2617 3489 2654 eum
3530 2603 3749 2671 reperiri
3788 2604 3840 2656 in

2248 2708 2388 2761 pace,
2421 2703 2468 2745 et
2500 2691 2707 2745 Dontini
2748 2692 2908 2746 nostri
2948 2692 3239 2763 patientiam
3276 2692 3491 2746 salutent
3533 2693 3840 2751 existimate.

2248 2783 2392 2839 Sicut
2435 2792 2482 2837 et
2524 2782 2879 2838 dilectissimus
2920 2782 3080 2852 frater
3123 2791 3293 2837 noster
3330 2780 3525 2835 Paulus
3564 2784 3843 2837 secundum

2247 2892 2379 2940 eam,
2416 2889 2532 2946 qua:
2570 2875 2691 2929 data
2728 2884 2802 2929 est
2841 2871 2940 2941 illi,
2968 2874 3267 2942 sapientiam
3295 2874 3496 2943 scripsit
3524 2874 3687 2939 vobis,
3717 2883 3769 2927 ut
3798 2884 3845 2928 et

2247 2969 2303 3023 in
2344 2969 2574 3024 omnibus
2612 2968 2886 3040 Epistolis,
2916 2968 3124 3039 loquens
3154 2967 3207 3020 in
3236 2967 3305 3021 eis
3332 2966 3394 3020 de
3420 2967 3499 3020 Itis
3526 2982 3546 3020 :
3579 2968 3632 3020 in
3663 2968 3845 3036 quibus

2248 3072 2367 3117 sunt
2396 3062 2618 3133 diﬁcilia
2652 3061 2888 3133 quaedam
2925 3060 3181 3115 intellectu
3201 3101 3216 3127 ,
3243 3075 3357 3129 qua:
3383 3059 3574 3112 indocti
3601 3069 3649 3114 et
3682 3060 3847 3115 insta-

2250 3155 2372 3211 biles
2393 3164 2697 3226 pervertunt,
2714 3155 2842 3209 sicut
2858 3162 2904 3209 et
2924 3162 3129 3208 ceteras
3143 3152 3458 3225 Scripturas,
3482 3152 3551 3205 ad
3570 3154 3846 3224 praprium

2250 3265 2397 3304 suum
2434 3248 2710 3303 interitum.
2755 3246 2858 3302 Vos
2899 3246 3073 3319 igitur,
3108 3246 3462 3310 amantissimi,
3496 3247 3848 3316 prtvscientes,

2252 3351 2419 3397 cavete
2447 3358 2510 3395 ne
2532 3341 2870 3412 infaustorum
2892 3341 2909 3372 ⁸
2932 3356 3104 3394 errore
3128 3340 3314 3393 seducti
3340 3339 3583 3393 decidatis
3615 3359 3648 3395 a
3671 3357 3850 3394 corro-

2254 3435 2513 3490 boratione
2555 3444 2718 3489 vestra
2745 3449 2765 3489 :
2793 3433 3000 3488 crescite
3040 3448 3155 3487 vero
3196 3432 3249 3485 in
3288 3433 3452 3503 gratia
3497 3442 3543 3487 et
3588 3433 3851 3487 intellectu

2253 3525 2463 3581 Domini
2492 3525 2652 3580 nostri
2679 3533 2727 3579 et
2752 3523 3037 3581 Saluatoris
3060 3522 3094 3577 J
3100 3540 3185 3577 esu
3213 3522 3417 3577 Christi.
3446 3522 3472 3575 1
3480 3524 3558 3592 psi
3588 3524 3779 3595 gloria,
3807 3533 3851 3577 et

2256 3632 2392 3671 nunc
2421 3624 2467 3670 et
2502 3616 2553 3669 in
2584 3616 2719 3669 diem
2745 3614 3041 3670 wternitatis
3069 3614 3132 3682 (ll
3169 3613 3307 3668 Petr.
3337 3629 3412 3679 ιιι,
3448 3614 3665 3683 il-lS).
3750 3642 3755 3657 ι

2325 3709 2418 3766 25.
2460 3710 2692 3765 Jacobus
2712 3719 2889 3764 autem
2919 3718 3025 3763 tam
3048 3707 3392 3761 vehementer
3414 3706 3640 3760 infestus
3666 3715 3753 3761 est
3773 3708 3852 3761 eis
3928 3692 3929 3695 η

2257 3805 2348 3877 qui
2393 3804 2605 3874 sapiunt
2644 3802 2803 3858 ﬁdem
2847 3803 2965 3857 sine
3004 3801 3257 3872 Operibns
3286 3801 3466 3855 valere
3498 3799 3566 3853 ad
3594 3799 3851 3863 salutem,

2258 3904 2318 3952 ut
2344 3894 2466 3951 illos
2486 3894 2646 3950 etiam
2666 3893 3003 3949 dmmonibus
3023 3900 3315 3961 comparet,
3336 3890 3517 3945 dicens
3543 3908 3554 3942 :
3581 3889 3661 3943 Tu
3690 3890 3853 3944 credis

2259 3987 2498 4060 quoniam
2537 4002 2668 4040 unus
2708 3994 2781 4039 est
2809 3984 2945 4039 Deus
2972 3999 2990 4038 :
3013 3983 3134 4038 bene
3170 3982 3295 4051 facis
3320 3998 3339 4046 ;
3369 3992 3415 4034 et
3453 3981 3711 4034 daemones
3740 3998 3853 4034 cre-

2261 4080 2411 4147 dunt,
2432 4088 2481 4134 et
2506 4077 2911 4133 contremiscunt.
2934 4074 3070 4145 Quid
3092 4074 3323 4139 brevius,
3347 4073 3543 4137 verius,
3566 4072 3858 4126 vehemen-

2263 4174 2370 4229 tius
2406 4172 2511 4227 dici
2552 4172 2745 4241 potuit,
2784 4185 2904 4226 cum
2949 4179 3002 4224 et
3046 4168 3098 4222 in
3138 4167 3425 4235 Evangelii)
3470 4167 3712 4235 legamus
3752 4165 3858 4219 hoc

2262 4262 2464 4318 dixisse
2490 4262 2773 4326 drcmonia,
2816 4275 2937 4315 cum
2976 4258 3247 4314 Christum
3279 4258 3470 4312 Filium
3502 4256 3593 4311 Dei
3623 4256 3857 4312 conﬁte-

2264 4363 2471 4421 rentur,
2514 4362 2569 4409 et
2613 4352 2682 4408 ab
2726 4353 2817 4406 illo
2859 4351 3257 4421 corriperentur
3294 4347 3505 4423 (Marc.
3530 4365 3564 4412 ι,
3588 4349 3678 4412 ﬁt,
3707 4350 3779 4405 25
3810 4349 3857 4419 ),

2264 4446 2410 4519 quod
2440 4446 2493 4500 in
2523 4444 2669 4500 Petri
2698 4443 3036 4499 confessione
3068 4441 3337 4497 laudatum
3367 4450 3450 4495 est
3479 4441 3497 4511 (
3527 4438 3717 4493 Matth.
3745 4456 3859 4506 xvr,

2267 4539 2359 4603 16.
2389 4535 2538 4611 i7)?
2566 4535 2702 4605 Quid
2745 4534 2990 4607 proderit,
3026 4534 3101 4588 ait
3137 4532 3389 4598 Jacobus,
3430 4536 3616 4603 fratres
3660 4532 3779 4594 mei,
3818 4533 3863 4584 si

2267 4632 2423 4704 ﬁdem
2460 4631 2596 4685 dicat
2635 4645 2689 4684 se
2725 4629 2836 4700 quis
2878 4626 3080 4692 habere,
3113 4642 3265 4698 apera
3296 4636 3460 4679 autem
3502 4641 3602 4677 non
3642 4623 3866 4677 habeat?

2270 4723 2539 4795 Numquid
2564 4724 2743 4794 poterit
2780 4721 2907 4791 ﬁdes
2937 4720 3133 4775 salvare
3161 4737 3269 4774 eum
3294 4719 3317 4771 ?
3347 4718 3483 4773 Dicit
3507 4718 3690 4783 etiam,
3729 4717 3869 4783 Quia

2269 4819 2396 4889 fides
2432 4817 2540 4872 sine
2568 4814 2801 4885 operibus
2830 4822 3029 4866 mortua
3059 4821 3130 4865 est
3162 4810 3376 4882 (Jacobi
3409 4826 3464 4875 ιι,
3498 4808 3583 4874 19,
3615 4808 3703 4873 14,
3730 4808 3871 4877 9.0).

2269 4910 2560 4978 Quousque
2597 4920 2727 4974 ergo
2764 4902 3037 4967 falluntur,
3067 4903 3158 4972 qui
3184 4901 3251 4956 de
3280 4900 3381 4955 ﬁde
3410 4908 3617 4954 mortua
3646 4900 3750 4954 sibi
3783 4899 3872 4953 vi-

2271 5012 2377 5056 tam
2411 5007 2718 5067 perpetuam
2748 4995 3099 5066 pollicentur?

2341 5091 2567 5146 CAPUT
2588 5090 2703 5144 XV.
2722 5089 2890 5141 —-—°2i.
2924 5087 3085 5140 Locus
3109 5083 3333 5155 Apostoli
3356 5083 3595 5156 difﬁcilis,
3625 5084 3759 5135 male
3787 5083 3879 5135 iu-

2272 5186 2513 5241 tellcctus.
2543 5184 2815 5255 Refutatur
2838 5183 3008 5252 opinio
3030 5180 3421 5234 existimantium
3445 5182 3594 5247 [idem
3615 5180 3724 5232 sine
3745 5198 3883 5247 ope-

2272 5278 2407 5331 ribus
2425 5276 2656 5346 prodesse
2672 5274 2738 5326 ad
2758 5273 2989 5329 salutem.
3006 5271 3338 5340 Quapropter
3358 5270 3637 5339 diligenter
3654 5280 3889 5339 oportet

2272 5368 2550 5423 attendere
2589 5365 2855 5437 quomodo
2890 5362 3199 5432 accipienda
3241 5363 3311 5416 sit
3338 5362 3562 5429 apostoli
3597 5361 3745 5415 Pauli
3775 5361 3891 5417 illa

2274 5459 2537 5514 scntentia
2558 5499 2571 5524 ,
2614 5457 2768 5526 plane
2798 5454 2862 5509 ad
2894 5453 3298 5524 intelligendum
3330 5452 3596 5520 difﬁcilis,
3629 5454 3715 5508 ubi
3748 5454 3825 5507 ait
3868 5474 3890 5511 :

2282 5551 2689 5609 Fundamentum
2715 5549 2849 5603 enim
2875 5547 3019 5600 aliud
3040 5563 3183 5599 nemo
3212 5555 3367 5619 potest
3387 5561 3588 5614 ponere,
3616 5556 3797 5612 prazter
3817 5548 3895 5601 id

2272 5644 2408 5717 quod
2433 5644 2654 5714 positunt
2669 5650 2761 5707 est,
2780 5640 2915 5710 quod
2939 5649 3009 5693 est
3032 5638 3257 5692 Christus
3277 5635 3448 5691 Jesus.
3483 5636 3542 5691 Si
3566 5638 3681 5707 quis
3698 5648 3895 5693 autem

2339 5800 2354 5830 ί
2392 5798 2465 5861 _Sic
2497 5796 2733 5861 tredecim
2766 5800 2873 5861 Mss.
2921 5799 2971 5840 At
3012 5790 3166 5861 editi,
3204 5796 3534 5861 rut/ntaornnt.‘
3558 5798 3698 5861 Forte
3743 5805 3849 5861 pro
3872 5832 3895 5856 ,

2275 5858 2580 5915 insttlsorum,
2606 5857 2730 5919 quod
2752 5854 2929 5903 melius
2952 5854 3216 5919 respondet
3258 5852 3488 5919 \‘nlgatte,
3516 5852 3894 5915 insipierdiusn;

2276 5922 2428 5972 Sedit:
2453 5910 2612 5983 grzeco
2624 5910 2767 5968 textu
2788 5926 2877 5978 est,
2908 5910 3180 5976 atlu'snton,
3208 5910 3519 5975 tte/inimum.
