3996 6514
174 392 282 451 853

171 513 258 580 gia
289 514 567 580 potestate,
598 503 739 580 circa
765 500 960 580 Esther
985 491 1762 580 [eminanrsanctamostendij

174 564 268 638 ἕιὶ,
290 564 354 632 ὀι
379 578 430 630 in
455 564 768 629 memoriam
805 569 1036 640 posteris
1060 567 1340 640 legendum
1377 564 1761 640 scientiamque

175 635 370 703 dedisti
420 645 628 718 (Esther
662 643 778 712 xv).
804 635 1506 718 :Proindemdispensatorem
1543 635 1762 718 Floren-

177 721 308 773 tium
342 706 648 786 proconsul,
674 706 778 786 non
797 711 906 781 jam
930 719 989 786 _u_7t
1008 706 1286 786 ofﬁcialem
1313 723 1488 786 suum,
1516 706 1609 786 sed
1639 715 1751 758 tan-

175 776 535 858 quam'ﬁlium
556 776 774 858 remotis
798 776 1154 858 carniiicibus,
1189 795 1294 858 non
1324 779 1494 858 solum
1537 776 1599 858 ad
1627 791 1763 858 sese

178 848 341 928 atque
361 858 426 912 ad
457 857 714 928 gremium
745 869 897 928 suum
925 853 1125 920 absque
1145 851 1262 928 ullo
1304 850 1496 902 timore
1519 848 1762 928 licinius

182 917 335 991 iussit
361 917 640 991 accédere,
670 924 763 978 sed
792 932 845 978 et
871 939 990 977 eum
1021 917 1182 990 coepit
1226 930 1442 987 paterna
1482 917 1764 991 affectione

202 946 335 983 usstt
361 946 640 991 accedere,
670 946 763 978 seu
792 946 845 978 el.
871 946 990 977 eum
1021 946 1182 990 cwptt
1226 946 1442 987 paterna
1482 946 1763 972 allccuuuc

174 946 499 1054 iandliarius
518 1010 881 1057 commonere,
914 1009 976 1045 ac
998 991 1190 1046 deinde
1218 991 1420 1044 indulta
1450 989 1600 1042 venia
1629 989 1763 1040 vita-

178 1085 285 1140 que
309 1083 564 1140 concessa
590 1067 816 1140 liberum
856 1064 976 1117 iacit
1014 1063 1081 1116 de
1123 1061 1410 1140 secretario
1456 1059 1761 1140 abscedere.

179 1129 300 1206 Quo
333 1139 490 1201 facto,
515 1139 600 1207 qui
643 1136 885 1207 astabant
926 1144 980 1188 et
995 1149 1105 1207 pro
1136 1132 1370 1207 hominis
1408 1129 1653 1207 periculo
1683 1130 1765 1196 pia

181 1201 548 1265 scilicitudine
577 1206 929 1275 trepidabant,
961 1201 1188 1259 abeunte
1225 1203 1468 1275 absoluto
1509 1210 1562 1275 et
1602 1201 1768 1275 illmso

182 1281 575 1347 dispensatore,
601 1270 764 1331 niion
793 1292 912 1329 cum
938 1287 1161 1347 stupore
1178 1274 1389 1342 gaudio,
1423 1271 1580 1347 modo
1608 1270 1766 1324 hzesi-

185 1343 387 1412 labant,
413 1349 572 1404 modo
597 1348 953 1410 exsultabant,
976 1345 1132 1399 modo
1154 1346 1290 1398 inter
1330 1358 1388 1396 se
1427 1343 1678 1394 mirantes
1716 1348 1770 1394 et

183 1421 542 1490 disquirentes
570 1418 859 1471 dicebant:
894 1415 1042 1472 Unde
1081 1416 1181 1490 ista
1227 1424 1329 1467 tam
1375 1414 1646 1490 repentina
1685 1426 1770 1464 re-

185 1484 303 1545 runi
329 1491 671 1563 commutatio
693 1487 1168 1563 atqueconversio,
1199 1501 1313 1563 qua:
1342 1484 1768 1563 proconsularem

186 1570 503 1629 potestatem
527 1561 668 1613 omni
700 1553 980 1613 severitate
1013 1566 1168 1611 exuta
1188 1553 1260 1629 ad
1295 1564 1486 1629 lautam
1529 1553 1772 1629 humani-

190 1623 349 1685 tatem
374 1633 749 1698 lenitatemque
780 1629 1043 1698 perduxit,
1082 1637 1150 1698 ut
1187 1626 1455 1680 hominem
1499 1623 1565 1677 ad
1610 1623 1770 1676 vitam

187 1702 256 1755 ab
286 1703 401 1770 ipso
428 1702 613 1754 mortis
634 1697 818 1770 limine
849 1697 1161 1770 reduxerit?

259 1763 320 1824 ΞΣ
357 1773 523 1825 Porro
544 1782 718 1824 autem
751 1769 1072 1831 Florentius,
1100 1769 1221 1821 licet
1253 1774 1517 1820 transacto
1539 1763 1773 1831 periculo

189 1841 363 1897 adhuc
391 1851 568 1896 tamen
599 1856 663 1894 ex
686 1841 861 1910 priore
889 1849 1031 1910 metu
1053 1838 1434 1910 aliquantulum
1457 1835 1634 1888 animo
1653 1849 1774 1910 sau-

190 1914 542 1966 ciusdomum
568 1905 812 1965 reversus
832 1920 932 1964 est.
978 1909 1118 1964 Nulli
1145 1905 1292 1962 sane
1337 1920 1552 1960 suorum
1597 1914 1679 1958 est
1721 1905 1772 1957 in

191 1992 432 2051 tempore
455 1981 732 2035 confessus
757 1981 881 2050 quid
918 1979 1187 2051 acciderit,
1230 1978 1354 2048 quid
1395 1977 1604 2051 viderit,
1647 1974 1774 2051 quid

190 2046 424 2107 evaserit
457 2053 558 2123 (1).
591 2046 789 2106 Verum
815 2063 968 2106 nocte
997 2050 1182 2123 eadem
1222 2046 1317 2117 per
1341 2049 1604 2123 somnium
1633 2046 1777 2123 videt

189 2123 293 2177 sibi
322 2119 664 2192 apparentem
695 2123 839 2175 illum
877 2123 965 2190 qui
1009 2121 1061 2174 in
1111 2120 1397 2192 secretario
1445 2134 1474 2170 a
1522 2131 1580 2170 se
1632 2119 1776 2192 visus

191 2189 618 2261 fuerat—{juvenili
651 2194 829 2260 specie
864 2189 1135 2253 vestitum,
1184 2189 1388 2261 limine.
1435 2198 1593 2261 atque
1635 2189 1777 2261 ultro

191 2257 502 2317 nominatim
549 2257 899 2330 compellatus
925 2261 1129 2315 audivit
1161 2279 1174 2313 :
1205 2259 1338 2326 Quid
1365 2268 1467 2324 est,
1509 2257 1776 2330 Florenti?

190 2334 451 2402 Agnoscis
478 2334 601 2388 me?
627 2333 739 2402 Ego
765 2350 882 2387 sum
909 2333 1000 2402 qui
1033 2334 1082 2384 in
1107 2331 1395 2402 secretario
1420 2329 1636 2399 apparui
1661 2329 1774 2393 tibi,

191 2401 351 2473 teque
379 2405 444 2458 de
472 2414 643 2458 morte
674 2401 1113 2469 liberavifQuem
1143 2401 1592 2473 cumFlorentius
1622 2414 1780 2473 agno:

189 2470 375 2540 visaet,
417 2476 698 2545 ipsumque
743 2489 862 2529 esse
903 2473 1231 2543 Stephanum
1277 2471 1645 2536 intellexisset,
1689 2470 1778 2524 ubi

259 2610 280 2641 ³
310 2609 452 2668 Abas,
477 2623 560 2672 qui
581 2609 800 2660 evaserit.

1559 374 1765 430 lNDEX
1804 371 2060 432 BERUM.

3345 369 3448 424 855

1863 504 1986 545 eum
2013 486 2237 544 adorare
2264 487 2451 556 voluit,
2493 501 2652 558 manu
2706 496 2889 543 mento
2935 490 3204 558 supposita
3247 485 3316 540 ab
3358 487 3450 540 illo

1863 560 2102 614 elevatus
2131 566 2233 612 est.
2278 556 2686 628 Expergefactus
2717 567 2894 612 autem
2933 556 3235 612 Florentius
3265 558 3450 628 surgit

1864 630 2175 692 matutinus,
2206 626 2527 697 cupiensque
2551 640 2726 697 grates
2756 630 2863 683 Deo
2883 629 3208 699 persolvere,
3227 626 3451 699 ejusque

1864 701 2052 755 Amico
2078 709 2198 752 vota
2226 713 2318 752 sua
2346 699 2588 765 reddere,
2628 700 2772 753 solus
2808 697 3220 754 ad’Uzalensem
3263 697 3448 751 urbem

1869 769 2242 840 proficiscitur.
2271 769 2375 840 Sed
2402 785 2522 823 cum
2551 771 2646 822 viae
2667 770 2766 823 sibi
2797 770 3297 839 incognitmessent,
3333 769 3447 840 via-

1869 850 1953 895 tor
1981 843 2194 911 ignarus
2216 839 2398 911 orabat
2426 841 2611 893 tacitus
2637 841 2768 893 intra
2813 844 3177 911 semetipsum,
3223 849 3278 892 et
3309 839 3452 911 ejus-

1867 911 1989 965 dem
2006 908 2230 980 gloriosi
2261 910 2508 980 Martyris
2534 911 2730 965 Christi
2772 911 3019 979 implorat
3045 910 3316 964 ducatum.
3351 908 3454 963 Ve-

1867 997 1985 1036 rum
2014 997 2132 1035 cum
2162 981 2274 1050 ipse
2305 995 2518 1048 precem
2542 981 2801 1047 funderet,
2825 997 2948 1036 ecce
2983 983 3034 1034 in
3073 980 3287 1035 silentio
3331 996 3457 1046 pre-

1868 1053 2038 1105 cautis
2081 1053 2361 1122 presbyter
2400 1061 2594 1105 nostra:
2649 1053 2917 1115 Ecclesiae,
2961 1052 3173 1122 Firmus
3213 1051 3450 1112 nomine,

1871 1120 2142 1178 Florentio
2159 1120 2368 1175 aliunde
2390 1123 2772 1190 superveniens
2791 1123 3112 1192 adjungitur.
3129 1120 3297 1188 Quem
3323 1137 3450 1174 con-

1870 1194 2101 1260 Spiciens
2126 1192 2429 1246 Florentius
2457 1202 2828 1262 percunctatus
2857 1203 2937 1246 est
2970 1209 3076 1262 quo
3112 1193 3213 1246 iter
3247 1200 3450 1261 ageret.

1872 1263 2220 1333 lleSpondcns
2251 1274 2574 1316 memoratus
2607 1263 2900 1334 presbyter,
2930 1263 2996 1316 ad
3029 1262 3343 1317 Uzalensem
3392 1275 3453 1314 se
3512 1308 3525 1328 ,

1873 1349 2094 1402 pergere
2125 1335 2411 1392 civitatem,
2447 1334 2584 1387 unde
2620 1335 2778 1388 etiam
2823 1349 2882 1388 se
2924 1335 3289 1403 presbyterum
3333 1346 3454 1386 esse

1872 1404 2146 1458 confessus
2169 1414 2270 1457 est.
2293 1403 2441 1456 Tunc
2467 1403 2772 1458 Florentius
2795 1405 2973 1458 animo
2991 1404 3315 1457 exhilaratus
3334 1418 3456 1470 gra-

1875 1475 2026 1528 tulari
2056 1475 2340 1543 plurimum
2389 1476 2568 1541 coepit,
2609 1490 2766 1529 omne
2806 1490 2958 1528 suum
2992 1474 3238 1543 gaudium
3279 1473 3454 1527 celare

1873 1559 1978 1598 non
2007 1546 2192 1613 potuit,
2222 1545 2312 1598 sed
2335 1545 2399 1598 ab
2427 1545 2542 1613 ipso
2571 1545 2646 1599 rei
2693 1554 2854 1608 gest-.e
2896 1544 3116 1598 exordio
3149 1543 3454 1613 supradicto

1874 1617 2184 1684 presbytero
2216 1613 2419 1667 itineris
2460 1617 2540 1668 sui
2571 1616 2750 1668 comiti
2791 1615 3062 1682 adjuncto,
3110 1630 3227 1684 qua:
3274 1628 3452 1668 secum

1875 1685 2051 1739 divina
2081 1685 2438 1739 misericordia
2470 1701 2564 1754 per
2582 1686 2869 1752 gloriosum
2897 1686 3139 1739 Amicum
3158 1700 3308 1737 suum
3333 1699 3457 1752 cge-

1875 1758 1963 1817 rit,
1995 1756 2180 1811 ordine
2208 1756 2476 1809 indicavit.
2513 1756 2712 1809 Deinde
2743 1757 2890 1809 linito
2930 1758 3119 1811 itinere
3157 1754 3455 1809 Florentius

1876 1841 1978 1880 una
2005 1842 2124 1879 cum
2148 1827 2459 1896 presbytero
2488 1826 2554 1879 ad
2582 1827 2853 1880 civitatem
2884 1827 3049 1892 venit,
3085 1827 3221 1880 beati
3262 1824 3459 1895 Marty-

1875 1898 1952 1950 ris
1998 1896 2176 1952 limina
2228 1896 2415 1949 humili
2463 1897 2659 1965 pietate
2706 1898 2998 1964 ingressus,
3052 1906 3106 1951 et
3155 1896 3458 1966 pavimento

1877 1967 2547 2034 prostratus__omnipotenti
2578 1967 2802 2021 Domino
2831 1967 2956 2021 Jcsu
2976 1966 3213 2032 Christo,
3238 1966 3458 2036 ejusque

1879 2038 2183 2090 beatissimo
2200 2037 2385 2090 Amico
2414 2039 2608 2105 gratias
2633 2039 2760 2107 egit.
2787 2037 3100 2091 Mouasteria
3132 2051 3341 2106 quoque
3371 2037 3422 2090 in
3443 2065 3455 2076 -

1878 2122 2089 2177 gressus
2118 2107 2413 2161 venerabili
2438 2109 2707 2175 episeopo,
2741 2107 3004 2176 simulque
3043 2122 3321 2162 servorum
3365 2107 3458 2160 Dri

1878 2178 1943 2230 ad
1971 2192 2030 2232 se
2055 2180 2390 2231 concurreuti
2413 2179 2598 2243 choro,
2623 2179 2796 2232 omnia
2828 2177 2942 2231 hazc
2962 2179 3248 2233 enarravit.
3270 2177 3338 2231 Et
3360 2192 3461 2231 nos

1879 2263 2089 2317 quoque
2134 2264 2315 2303 secum
2363 2264 2456 2317 per
2507 2249 2725 2302 multam
2778 2249 3064 2317 gratiarum
3112 2249 3374 2306 actionem
3405 2247 3458 2301 iu

1883 2319 2064 2372 laudes
2089 2319 2258 2389 Deiet
2286 2333 2498 2372 corona:
2527 2319 2774 2389 martyris
2796 2320 3048 2384 Stephani
3093 2317 3341 2372 alacriter
3367 2331 3463 2372 ex-

1881 2391 2060 2443 citavit
2085 2405 2148 2443 ac
2175 2388 2560 2443 ferventissime
2575 2388 2836 2443 accendit.
2863 2389 2988 2443 Haec
3010 2390 3147 2442 dicta
3166 2398 3288 2441 sunt
3313 2404 3343 2442 a
3359 2404 3460 2442 no-

1884 2460 1966 2513 bis
1997 2461 2242 2528 pauciora
2269 2459 2336 2513 de
2362 2461 2540 2512 multis
2560 2475 2680 2528 qua:
2708 2460 2872 2513 valuit
2912 2460 3066 2514 stilus
3106 2459 3378 2529 indagare,
3406 2470 3461 2512 et

1886 2530 2107 2599 legenda
2135 2529 2302 2599 magis
2331 2545 2450 2584 cum
2481 2529 2768 2594 desiderio,
2792 2545 2949 2598 quam
2977 2545 3096 2585 cum
3136 2529 3348 2584 fastidio
3374 2545 3461 2584 rc-

1888 2600 2086 2670 ligiosis
2106 2601 2407 2670 peetoribus
2431 2599 2826 2656 commendare.

626 2770 884 2831 INDEX
925 2769 1200 2830 RERUM
1243 2768 1426 2842 QUJE
1471 2768 1550 2828 IN
1593 2766 1753 2827 HOC
1798 2766 2027 2827 ΤΟΜΟ
2069 2765 2414 2827 SEPTIMO
2456 2765 3042 2829 CONTINENTUR.

253 2919 304 2962 lit
335 2927 500 2963 rom
533 2928 765 2963 summm
797 2920 1061 2962 PRJEPATIO.
1660 2908 1774 2957 9-l0

252 2982 484 3024 Svumus
501 2976 719 3023 codicum
742 2974 800 3022 ad
816 2988 938 3036 quos
958 2975 1264 3036 recognitum
1287 2979 1364 3021 est
1380 2971 1624 3034 Augustini
1637 2984 1693 3036 cl
1714 2985 1771 3036 us

185 3037 255 3085 de
277 3039 474 3084 civitate
499 3039 598 3084 Dei.
833 3032 848 3036 “
1080 3032 1102 3036 ⁷
1455 3032 1472 3034 ⁷
1630 3032 1775 3080 11-12

253 3105 297 3145 S.
321 3103 517 3144 AUliElJl
533 3103 817 3155 Αυουετικι,
836 3103 971 3144 ΗΙΡΡ.
996 3102 1237 3154 EPISCOPI,
1257 3099 1690 3142 ADMARCEILINU“
1707 3100 1774 3142 DE

186 3165 429 3207 ClVi'l'A'l'F.
455 3165 552 3212 DEI,
577 3166 781 3206 C(lN'l‘liA
815 3165 1047 3207 PAGANOS
1079 3165 1207 3204 LIBlll
1243 3161 1428 3204 VIGINTI
1462 3162 1589 3204 DUO.
1635 3155 1776 3203 15-14

254 3226 387 3268 Lmen
413 3235 599 3270 PRIMUS.
619 3246 681 3256 —
699 3228 908 3281 Paganos
931 3220 1265 3281 reprehendit,
1285 3219 1368 3280 qui
1390 3219 1520 3281 orbis
1532 3217 1775 3265 eruamita-

189 3290 288 3340 tes,
313 3283 621 3343 maximeque
641 3280 855 3330 Itomana:
879 3280 1014 3330 urbis
1037 3288 1290 3330 recentem
1316 3293 1352 3343 a7
1375 3280 1533 3328 Gothis
1550 3281 1776 3343 vastatio-

190 3339 597 3391 ncmchristiaiite
630 3343 875 3403 religioni,
910 3356 1004 3404 qua
1040 3344 1246 3390 deorum
1280 3339 1440 3404 cultus
1473 3341 1774 3402 prohibetur,

189 3405 486 3452 tribuebant.
527 3412 632 3465 Agit
663 3402 1020 3465 dejcomnmdis
1055 3411 1107 3451 et
1141 3402 1481 3465 incommodis,
1520 3414 1630 3465 quae
1664 3411 1777 3465 tunc

189 3465 330 3514 bonis
346 3473 397 3514 et
418 3461 584 3521 malis;
597 3472 649 3512 ut
669 3463 812 3522 solet,
831 3462 1030 3511 fuerunt
1049 3465 1335 3522 communia.
1357 3461 1777 3522 Illorunidenique

189 3528 407 3574 retundit
427 3527 782 3586 procaeitatem,
801 3521 882 3586 qui
907 3523 1276 3571 Christianarum
1312 3521 1596 3571 feminarum
1630 3521 1777 3586 viola-

190 3595 294 3636 tum
313 3601 340 3636 a
361 3582 592 3636 militibus
614 3582 846 3651 pudorem
868 3585 1194 3651 obiectabant.
1653 3582 1774 3651 Ibid.

256 3657 519 3697 ΡΜειιΑτιο.
536 3657 601 3696 De
616 3644 831 3709 'suscepti
849 3644 1016 3708 Operis
1029 3646 1230 3695 consilio
1247 3652 1298 3694 et
1315 3651 1626 3709 argumento.
1653 3644 1774 3709 Ibid.

253 3719 405 3759 Carm
428 3725 623 3774 Ρηυιιωί.
665 3718 733 3758 De
757 3707 1043 3774 adversariis
1067 3709 1274 3774 nominis
1309 3707 1496 3763 Christi,
1533 3707 1778 3774 quibusin

190 3774 461 3821 vastatione
481 3773 617 3819 L‘rbis
632 3779 830 3833 promer
839 3770 1074 3833 Christum
1092 3771 1276 3817 Barbari
1292 3774 1632 3833 pepercerunt.
1654 3768 1776 3816 Ibid.

257 3839 306 3880 II.
342 3833 471 3900 Quod
495 3833 622 3881 nulla
637 3831 856 3894 unquam
879 3831 1009 3900 bella
1046 3832 1110 3879 ita
1149 3839 1286 3892 gesta
1309 3835 1435 3900 sunt,
1457 3835 1532 3900 _ut_7
1551 3831 1776 3900 victores,

190 3900 392 3956 pr0pter
413 3894 534 3942 deos
554 3891 867 3956 eorum'quos
891 3894 1118 3956 vicerant,
1147 3891 1403 3953 parcerent
1426 3891 1576 3956 victis.
1687 3952 1695 3956 _
1722 3891 1779 3939 15

254 3961 326 4002 III.
351 3962 504 4019 Quam
528 3952 860 4019 imprudenter
883 3956 1070 4019 Romani
1088 3952 1207 4019 deos
1243 3961 1464 4019 penates,
1488 3952 1568 4013 qui
1595 3952 1776 4019 Trajan!

191 4016 437 4065 custodire
457 4030 549 4080 non
576 4013 847 4080 potuerant,
873 4017 962 4065 sibi
986 4013 1300 4080 crediderunt
1324 4013 1613 4080 profuturos.
1686 4073 1695 4080 _
1724 4013 1780 4061 16

257 4083 332 4141 IV.
362 4083 430 4126 De
454 4073 803 4141 asylo'dunonis
825 4077 1052 4141 in_'rroja,
1077 4076 1203 4139 quod
1229 4073 1726 4141 nemiueinliberavit
1750 4087 1779 4124 a

191 4140 382 4202 Graecis,
408 4147 460 4188 et
480 4136 690 4188 basilicis
709 4136 1055 4202 Apostolorum,
1093 4136 1203 4202 qua!
1227 4150 1398 4187 omnes
1432 4136 1492 4184 ad
1525 4149 1583 4184 se
1613 4136 1780 4202 contu:
1821 4169 1823 4174 .

193 4201 677 4262 gieutesanarbaris
691 4199 1036 4250 defenderunt.
1106 4199 1126 4262 ξ
1589 4260 1596 4262 _
1638 4259 1647 4262 _
1722 4199 1778 4246 17

257 4270 309 4310 ν.
345 4269 412 4310 De
456 4262 675 4324 generali
714 4263 1066 4311 consuetudine
1105 4261 1314 4311 hostium
1360 4262 1512 4310 victas
1556 4259 1780 4324 civitates

194 4320 540 4380 evertentitim,
565 4323 678 4385 quid
694 4331 848 4372 Caesar
865 4324 1096 4372 censerit.
1184 4382 1214 4385 __
1453 4384 1456 4385 7
1570 4382 1578 4385 _
1618 4382 1626 4385 7
1720 4320 1780 4370 18

256 4391 326 4432 VI.
360 4385 492 4447 Quod
516 4382 608 4433 nec
632 4386 819 4433 Romani
843 4386 1040 4446 quidem
1062 4385 1128 4433 ita
1152 4382 1274 4433 ullas
1295 4384 1517 4447 ceperint
1539 4382 1778 4447 civitates,

192 4447 313 4494 utin
335 4441 530 4507 templis
549 4458 714 4493 earum
740 4441 996 4506 [arcerent
1015 4447 1169 4494 victis.
1357 4441 1372 4447 ’
1656 4441 1778 4492 Ibid.

257 4513 344 4554 Vll.
379 4507 508 4570 Quod
534 4509 582 4556 in
605 4509 861 4570 eversione
886 4509 1020 4570 Urbis
1041 4521 1150 4568 quae
1186 4520 1362 4570 aspere
1391 4513 1531 4570 gesta
1562 4512 1692 4570 sunt,
1716 4506 1782 4554 de

193 4569 547 4617 consuetudine
565 4569 827 4618 acciderint
849 4568 997 4629 belli;
1022 4582 1133 4630 qua:
1165 4583 1286 4619 vero
1310 4568 1582 4619 clementer
1603 4568 1669 4616 de
1693 4581 1781 4630 po:

196 4632 349 4677 tentia
374 4633 686 4691 provenerint
709 4632 916 4679 nominis
931 4628 1120 4678 chrisu.
1724 4628 1784 4691 19

259 4688 456 4740 νιιιίοθ
475 4693 734 4740 commodis
756 4699 903 4753 atque
921 4691 1248 4752 incommodis,
1273 4704 1384 4754 quae
1399 4691 1539 4741 bonis
1560 4702 1617 4740 ac
1644 4688 1785 4754 malis

194 4749 486 4818 7lerumque
506 4755 775 4818 communia
797 4749 926 4818 sunt.
1236 4749 1244 4752 ⁷
1289 4749 1306 4754 ’
1467 4811 1480 4818 _
1566 4813 1578 4818 _
1721 4750 1783 4818 29

265 4820 337 4878 Ix.
357 4811 425 4878 De
445 4817 605 4878 causis
625 4816 1001 4878 cor'reptionum,
1028 4820 1228 4876 propter
1249 4825 1373 4877 quas
1394 4820 1446 4863 et
1466 4811 1580 4862 boni
1605 4819 1658 4863 et
1673 4813 1784 4878 mali

196 4876 380 4938 pariter
403 4876 738 4940 ﬂagellantur.
770 4873 784 4878 “
955 4873 994 4940 ς
1028 4873 1042 4876 “
1117 4873 1132 4876 “
1267 4873 1282 4877 ”
1511 4934 1540 4940 __
1702 4873 1777 4940 “911.

261 4943 316 4984 Χ.
350 4934 492 5028 Quod
516 4940 692 4987 sanctis
728 4939 778 4987 in
809 4937 1066 4987 armssione
1088 4949 1256 4986 rerum
1291 4934 1628 5000 temporalium
1665 4935 1785 5028 uigil

197 5006 456 5061 pereat._
761 5059 770 5061 7
1094 5059 1106 5061 7

262 5066 336 5108 XI.
351 5067 419 5109 De
431 5059 528 5109 ﬁne
541 5059 821 5122 temporalis
829 5061 960 5118 vitze,
973 5061 1079 5109 sive
1093 5059 1328 5122 longioris
1337 5059 1444 5108 sive
1459 5058 1711 5122 brevioris.
1727 5057 1789 5122 25

263 5127 355 5170 XII.
391 5127 459 5184 De
481 5120 729 5182 sepultura
753 5122 1070 5170 humanorum
1087 5120 1357 5184 corporum,
1381 5135 1490 5183 qum
1511 5120 1788 5184 Christianis

199 5185 390 5232 etiamsi
412 5180 768 5245 fueritnegata,
794 5184 858 5232 nil
882 5184 1066 5232 adimit.
1171 5180 1185 5184 ⁷
1345 5180 1349 5181 ν
1401 5180 1432 5245 ς
1521 5242 1548 5245 77
1728 5180 1790 5245 26

262 5250 372 5292 XIII.
406 5252 520 5301 Quae
541 5246 605 5292 sit
626 5241 748 5292 ratio
769 5254 1041 5294 sanctorum
1063 5257 1259 5305 corpora
1283 5241 1573 5305 sepeliendi.
1647 5301 1674 5305 _7
1729 5241 1785 5291 27

263 5311 374 5369 λιν.
411 5314 479 5369 pe
517 5307 793 5366 captivitate
825 5316 1116 5367 sanctorum,
1150 5301 1610 5369 'quihus'nuuquam
1631 5301 1790 5369 divina

201 5365 371 5416 solatia
393 5365 676 5416 defuerunt.
1102 5365 1108 5367 ⁷
1173 5365 1189 5369 ⁷
1483 5365 1499 5368 “
1726 5365 1787 5414 ‘28

269 5435 367 5476 XV.
403 5436 471 5491 De
497 5429 698 5489 uegulo,
716 5432 765 5476 In
789 5441 886 5490 quo
909 5430 1212 5491 captivitatis,
1236 5429 1300 5478 ob
1330 5426 1631 5491 religionem
1645 5426 1790 5491 etiam

203 5499 380 5556 sponte
402 5488 682 5556 tolerandze,
711 5488 873 5538 exstat
897 5488 1178 5556 exemplum
1198 5505 1209 5538 :
1245 5493 1374 5554 quod
1398 5488 1562 5539 tamen
1585 5489 1651 5537 illi
1671 5488 1794 5556 deos

204 5548 383 5600 colenti
409 5553 642 5614 prodesse
664 5564 758 5599 non
783 5553 954 5611 potuit.
1047 5548 1060 5553 ’
1262 5548 1279 5554 ⁷
1312 5611 1322 5614 7
1489 5613 1495 5614 7
1568 5613 1573 5614 7
1664 5548 1789 5598 Ibid.

271 5619 380 5660 XVI.
404 5611 469 5661 An
493 5613 687 5674 stupris,
714 5625 823 5674 qua:
848 5615 993 5661 etiam
1015 5621 1284 5664 sanctarum
1303 5611 1430 5662 forte
1455 5613 1694 5674 virginum
1719 5619 1797 5661 est

231 5685 348 5723 mssa
368 5676 638 5738 captivitas,
661 5675 971 5724 contaminari
995 5678 1211 5738 potuerit
1231 5677 1386 5725 virtus
1405 5675 1548 5723 animi
1582 5675 1690 5722 sine
1715 5687 1797 5738 V9;

231 5737 404 5784 untatis
424 5735 645 5786 assensu.
995 5735 1012 5738 “
1735 5735 1800 5784 50

274 5797 398 5845 XVII.
424 5806 490 5848 De
511 5807 668 5849 morte
681 5795 948 5848 voluntaria
965 5798 1028 5847 ob
1046 5805 1230 5848 metum
1251 5810 1406 5861 pinnae
1423 5797 1500 5846 vel
1521 5796 1796 5910 dedecpgtiz.

1935 2917 2080 2960 XVIII.
2114 2918 2183 2959 De
2217 2911 2376 2976 aliena
2409 2910 2745 2961 violentiarum
2767 2910 2985 2970 libidine,
3003 2923 3145 2976 quam
3164 2909 3212 2960 in
3233 2925 3468 2976 Oppresso

1876 2984 2078 3034 corpore
2102 2985 2241 3021 mens
2259 2974 2403 3021 invita
2427 2976 2713 3035 perpetitur.
2792 3034 2796 3035 7
3020 2974 3034 2976 ⁷
3269 2974 3311 2976 “’
3401 2976 3456 3024 51

1940 3041 2050 3146 XIX.
2085 3042 2153 3082 De
2184 3036 2426 3094 Lucretia,
2445 3049 2557 3098 qua:
2595 3048 2653 3084 se
2681 3036 2744 3084 ob
2771 3034 2954 3084 illatum
2981 3037 3071 3086 sibi
3104 3044 3322 3098 stuprum
3349 3049 3470 3148 per;

1940 3111 1970 3144 λι
1999 3130 2012 3143 .
3405 3115 3438 3145 ο

1877 3099 2012 3146 emit.
3405 3099 3438 3145 5

1939 3165 2036 3206 XX.
2069 3155 2252 3223 Nullam
2276 3171 2390 3223 esse
2414 3159 2770 3223 auctoritatem,
2794 3171 2905 3220 qua:
2927 3159 3206 3209 Christianis
3237 3160 3286 3208 in
3309 3159 3466 3223 quali-

1878 3218 1962 3268 bet
1985 3232 2129 3268 causa
2146 3220 2227 3280 jus
2249 3219 2529 3268 voluntariae
2553 3222 2686 3268 necis
2715 3218 2909 3269 tribuat.
3325 3218 3340 3223 “
3405 3221 3469 3270 56

1940 3288 2054 3329 XXI.
2089 3289 2156 3345 De
2180 3282 2599 3345 interiectionibus
2618 3282 2883 3341 hominum,
2902 3295 3013 3345 qua:
3033 3282 3094 3330 ab
3117 3282 3357 3332 homicidii
3379 3286 3468 3345 cri-

1877 3343 2010 3392 mine
2033 3343 2356 3404 excipiuntur.
2919 3343 2934 3404 ξ
3407 3344 3470 3393 '55

1941 3411 2073 3453 XXII.
2107 3402 2238 3468 Quod
2261 3417 2503 3466 nunquam
2527 3406 2677 3468 possit
2705 3417 2836 3455 mors
2858 3402 3124 3456 voluntaria
3145 3405 3204 3454 ad
3228 3405 3469 3468 magnitu-

1877 3465 2043 3514 dinem
2066 3466 2212 3513 animi
2238 3465 2508 3524 pertinere.
2527 3465 2540 3468 ἡ
3309 3465 3467 3518 Ἰϋίά.

1942 3533 2090 3590 XXIII.
2116 3527 2265 3590 Quale
2289 3527 2572 3590 exemplum
2594 3530 2657 3578 sit
2676 3529 2881 3588 Catonis,
2905 3530 2988 3590 qui
3010 3541 3086 3587 se,
3111 3529 3358 3578 victoriam
3373 3538 3470 3578 Ca?-

1879 3589 2002 3635 saris
2025 3601 2121 3636 non
2143 3586 2328 3644 ferens,
2353 3586 2618 3638 interemit.
2869 3586 2899 3628 Ἰ
2925 3586 2935 3590 ’
3077 3586 3080 3587 ⁷
3407 3591 3471 3640 36

1945 3654 2092 3712 xle.
2118 3649 2246 3712 Quod
2269 3650 2316 3696 in
2337 3662 2397 3695 ea
2413 3651 2625 3712 7virtute,
2663 3661 2777 3712 qua
2799 3649 3010 3710 Regulus
3030 3657 3207 3700 Catone
3239 3659 3471 3712 praestan-

1880 3709 1973 3757 tior
1995 3709 2101 3766 fuit,
2123 3709 2274 3758 multo
2297 3710 2450 3769 magis
2472 3709 2721 3759 emineant
2735 3709 3006 3760 Christiani.
3239 3709 3254 3712 “
3407 3714 3469 3762 57

1943 3777 2073 3842 XXv.
2085 3771 2478 3842 Quodpeccatum
2494 3785 2588 3842 non
2602 3779 2956 3842 per_peccatum
2965 3772 3145 3822 debeat
3160 3772 3473 3842 d_eclinari.58

1944 3837 2092 3880 XXVI.
2129 3833 2195 3880 De
2215 3829 2292 3881 his
2313 3845 2422 3893 qua:
2447 3829 2551 3893 ﬁeri
2572 3829 2666 3882 non
2691 3829 2860 3890 licent,
2877 3847 2987 3882 cum
3006 3849 3032 3882 a
3049 3838 3229 3885 sutelis
3249 3836 3369 3885 facta
3385 3850 3472 3885 no-

1880 3902 2097 3950 scuntur,
2119 3907 2214 3956 qua
2236 3891 2422 3941 ratione
2443 3891 2566 3956 facta
2589 3895 2832 3942 credenda
2853 3896 2966 3944 sint.
3407 3898 3470 3948 59

1943 3960 2122 4020 XX\‘II._
2138 3953 2217 4020 'An7
2236 3962 2432 4016 propter
2453 3953 2826 4004 declinationem
2849 3957 3032 4018 peccati
3057 3970 3186 4006 mors
3207 3965 3472 4020 spontanea

1880 4016 2154 4076 appetenda
2180 4017 2262 4065 sit.
2304 4075 2309 4076 7
2370 4075 2374 4076 7
2850 4016 2863 4018 “
3235 4016 3248 4020 “
3406 4021 3472 4070 40

1946 4075 2129 4141 XXVIII.
2161 4085 2262 4134 Quo
2294 4075 2473 4138 judicio
2505 4078 2589 4126 Dei
2617 4078 2666 4125 in
2700 4090 2901 4141 corpora
2923 4080 3461 4130 continentium’libido

1881 4137 2069 4187 hostilis
2090 4137 2304 4202 peccare
2320 4142 2552 4202 permissa
2584 4141 2664 4188 sit.
2786 4137 2801 4141 ’
2847 4198 2860 4202 7
2993 4201 2999 4202 7
3243 4201 3248 4202 7
3324 4200 3333 4202 7
3409 4143 3467 4192 4i

1945 4198 2105 4248 XXIX;
2132 4201 2249 4257 Quid
2273 4199 2448 4262 familia
2464 4201 2634 4249 Christi
2651 4198 2952 4262 respondere
2974 4201 3158 4252 debeat
3176 4200 3468 4260 infidelibus,

1880 4274 1992 4371 311m
2013 4263 2310 4372 exprobrant
2325 4261 2454 4323 quod
2477 4275 2584 4311 eam
2601 4275 2630 4310 a
2652 4261 2817 4312 furere
2839 4263 3048 4313 hostium
3071 4277 3166 4313 non
3191 4263 3476 4374 liberaveiit

1947 4337 2016 4372 ι·ιὸ
2035 4337 2111 4373 us.
3445 4341 3474 4374 :.

1947 4331 2111 4373 ristus.
3412 4331 3474 4376 42

1946 4391 2081 4460 1111Χο.
2101 4383 2523 4460 7Quam_pudend_is
2559 4387 2960 4460 prosperitatibus
2980 4386 3182 4437 aiiluere
3213 4387 3473 4460 velint7qui

1880 4444 1945 4496 de
1970 4447 2242 4497 christiauis
2264 4444 2962 4508 tem.poribus‘conquernntur.
3348 4444 3472 4501 Ibid.

1948 4514 2100 4572 XXXI.
2134 4511 2314 4572 Quibus
2335 4510 2560 4558 vitiorum
2581 4510 2813 4572 gradibus
2828 4518 2966 4558 aucta
2987 4511 3051 4558 sit
3073 4510 3123 4558 in
3151 4512 3369 4559 Romanis
3385 4526 3474 4560 cu-

1883 4569 1994 4631 pido
2016 4570 2266 4633 regnandi.
2369 4632 2372 4633 7
2574 4569 2605 4633 7'
2669 4631 2678 4633 _
2762 4631 2770 4633 7
2896 4629 2908 4633 _
2963 4631 2974 4633 _
3413 4574 3476 4623 43

1948 4629 2120 4703 XXXIi.
2154 4639 2222 4703 ne
2243 4632 2547 4703 scenicomm
2571 4631 2872 4680 institutione
2895 4629 3136 4703 ludorum.
3411 4635 3476 4703 475

1949 4699 2136 4763 XXXIII.
2172 4699 2241 4741 De
2264 4699 2392 4741 vitiis
2417 4701 2747 4752 Romanorum,
2775 4706 2898 4753 quos
2918 4699 3086 4750 patriae
3128 4706 3224 4742 non
3259 4699 3476 4772 correxit.

1887 4765 2140 4864 "$331.
2159 4821 2228 4864 De
2249 4813 2514 4864 clementia
2526 4815 2740 4879 Demus
2753 4815 2894 4870 Urbis
2905 4814 3149 4869 excidium
3164 4757 3475 4928 tempera)

3397 4891 3412 4926 ι
3456 4916 3469 4928 .

3397 4891 3469 4928 ια.

1949 4943 2123 4986 XXXV.
2158 4945 2227 4987 De
2250 4936 2517 5000 latentibus
2555 4937 2683 5000 inter
2717 4937 2890 5000 impios
2909 4933 3134 4987 Ecclesia
3163 4937 3290 4999 ﬁliis,
3321 4941 3477 5000 etde

1888 4997 2021 5048 falsis
2042 5001 2168 5048 intra
2191 4999 2444 5049 Ecclesiam
2462 4999 2751 5048 christianis.
2789 4997 2802 5000 ⁷
3276 4997 3282 4999 ⁷
3346 4999 3475 5050 Ibid.

1952 5067 2140 5170 xstxw.
2174 5069 2242 5111 De
2265 5061 2442 5124 quibus
2456 5061 2614 5111 causis
2642 5060 2872 5123 sequenti
2900 5059 3225 5122 disputatione
3246 5061 3310 5110 sit
3325 5062 3482 5171 dissa-3

1954 5135 1982 5168 ιι
2019 5136 2116 5171 um.

1890 5134 2116 5171 tendum.

1955 5189 2088 5232 lanea
2111 5199 2368 5235 secunnus.
2383 5209 2445 5220 —
2462 5189 2511 5231 In
2534 5194 2633 5244 quo
2662 5181 2995 5244 disputatione
3018 5184 3233 5234 instituta
3255 5183 3321 5232 de
3344 5183 3483 5232 malis

1892 5258 2002 5307 qure
2025 5253 2139 5295 ante
2161 5247 2424 5302 Christum,
2464 5243 2664 5306 vigente
2696 5243 2900 5292 deorum
2937 5243 3164 5293 falsorum
3202 5244 3335 5294 cultu
3374 5259 3484 5307 per-

1893 5305 2022 5368 pessi
2046 5317 2159 5357 sunt
2183 5307 2390 5360 Romani,
2414 5305 2778 5368 demonstratur
2797 5307 3001 5368 primum
3023 5319 3110 5354 eos
3142 5320 3328 5355 morum
3346 5305 3486 5354 malis

1897 5363 1948 5416 et
1970 5369 2113 5439 animi
2147 5371 2290 5439 vitiis,
2313 5381 2424 5429 quae
2461 5363 2811 5439 malavel
2847 5366 2928 5439 vel
2951 5369 3172 5439 maxima
3209 5368 3486 5439 deputanda

1895 5438 2024 5537 sunt,
2049 5431 2318 5480 cumulatas
2333 5427 2704 5491 procurantibus
2733 5429 2825 5476 diis
2861 5427 3010 5488 falsis,
3036 5430 3218 5477 nedum
3254 5427 3490 5538 libeEto‘;

1917 5504 2063 5538 uisse.

1917 5504 2063 5539 111558.

1958 5559 2109 5601 Cum
2131 5567 2330 5601 erumna.
2355 5559 2424 5601 De
2442 5551 2600 5611 modo,
2623 5551 2707 5614 qui
2731 5551 3010 5601 necessitati
3031 5551 3370 5614 disputationis
3394 5550 3492 5614 ad-

1898 5613 2145 5662 hibendus
2170 5623 2262 5662 est.
2644 5611 2656 5614 ⁷
3111 5611 3124 5614 ’
3366 5611 3489 5662 Ibid.

1963 5680 2017 5720 II.
2053 5683 2120 5723 De
2145 5675 2218 5723 his
2239 5688 2349 5737 quae
2373 5675 2526 5737 primo
2551 5675 2792 5724 volumine
2817 5674 3047 5733 expedita
3070 5681 3200 5724 sunt.
3346 5674 3491 5737 Ibid.

1963 5741 2032 5798 Ill.
2071 5744 2138 5784 De
2161 5735 2448 5784 assumenda
2469 5736 2686 5795 historia,
2711 5749 2804 5798 qua
2828 5737 3111 5785 ostendatur
3135 5749 3245 5797 qua:
3268 5735 3392 5798 maia
3415 5747 3493 5783 ac-

1901 5797 2109 5861 ciderint
2144 5799 2375 5861 Romanis,
2419 5811 2529 5845 cum
2572 5799 2694 5849 deos
2729 5795 2968 5859 colerent,
3015 5795 3275 5861 antequam
3316 5795 3496 5861 religio

1905 5859 2158 5908 diristiana
2178 5860 2508 5909 obcresceret.
2957 5858 2962 5859 ⁷
3150 5858 3164 5861 ’
3439 5858 3498 5904 ω
