4072 6510
289 407 402 466 213

291 529 673 600 supertediﬁeat
701 544 855 601 super
875 527 1257 598 fundamentum
1270 524 1591 589 hoc,aurum,
1608 530 1891 591 argentum,

290 624 490 694 lapides
509 623 774 693 pretiosos.
799 621 959 694 ligna,
984 625 1176 689 fenum,
1207 618 1470 690 stipulam,
1502 617 1898 686 uniuscujusque

288 732 421 784 Opus
437 714 860 786 manifestabitur.
880 713 1000 767 Dies
1015 713 1169 767 euim‘
1187 710 1479 776 declarabit,
1495 710 1674 780 quiain
1687 710 1801 779 igne
1815 723 1895 762 re-

290 808 554 873 velabitur,
582 816 629 861 et
640 806 880 873 uniuscuj
883 823 1037 877 usque
1046 822 1175 877 Opus
1189 806 1337 876 quale
1345 804 1409 858 sit
1427 803 1557 875 ignis
1570 802 1815 873 probabit.
1833 799 1895 855 Si

289 902 441 972 cujus
463 916 592 971 opus
619 899 974 970 permanserit,
997 897 1133 967 quod
1151 895 1596 967 supertediﬁcavit,
1618 894 1894 950 mercedem

288 994 524 1064 accipiet.
547 994 608 1049 Si
630 994 780 1063 cujus
800 1001 966 1047 autem
980 1009 1109 1063 opus
1142 991 1343 1057 arserit,
1368 991 1610 1045 damnum
1638 991 1891 1061 patietur;

289 1103 402 1155 ipse
420 1095 589 1139 autem
607 1086 779 1139 salvus
796 1085 888 1139 erit
907 1100 927 1149 ;
943 1084 1016 1137 sic
1032 1093 1197 1138 tamen
1212 1084 1360 1154 quasi
1387 1099 1475 1153 per
1497 1083 1663 1155 ignem
1688 1082 1741 1152 (Ι
1772 1081 1890 1138 Cor.

290 1193 370 1239 Ill,
405 1176 621 1246 ll-l5).
643 1175 799 1243 Quod
817 1175 1033 1236 quidam
1058 1179 1128 1228 ita
1157 1173 1564 1245 intelligendum
1604 1184 1812 1245 putant.
1838 1183 1895 1230 ttt

287 1269 370 1323 Illi
387 1269 670 1324 videantur
680 1268 945 1323 ardilicare
957 1282 1119 1338 super
1130 1267 1232 1322 hoc
1244 1267 1669 1336 fundamentum,
1683 1285 1892 1332 aurum,

289 1372 595 1429 argentum,
623 1362 829 1431 lapides
855 1363 1139 1433 pretiosos,
1169 1361 1259 1431 qui
1289 1361 1410 1416 ﬁdci
1443 1377 1562 1433 qum
1596 1363 1649 1416 in
1679 1362 1896 1416 Christo

290 1462 398 1515 est,
432 1454 569 1508 bona
591 1469 756 1522 opera
787 1453 1074 1524 adjiciunt;
1104 1454 1371 1508 illiautem
1393 1453 1593 1519 fenum,
1619 1454 1780 1523 ligna,
1801 1454 1892 1506 sti-

292 1545 497 1613 pulam.
527 1547 616 1615 qui
638 1559 761 1598 cum
789 1545 1029 1600 eamdem
1052 1543 1208 1599 ﬁdem
1228 1544 1477 1609 habeant,
1507 1544 1644 1599 male
1665 1558 1895 1613 operan-

293 1645 403 1691 ηπ.
422 1634 575 1692 Unde
594 1637 921 1691 arbitrantur
932 1636 1291 1708 pet-quasdam
1311 1650 1495 1706 pinnas
1509 1635 1643 1705 ignis
1662 1649 1755 1690 eos
1774 1650 1895 1704 pos-

290 1742 353 1781 se
371 1728 661 1798 purgariad
684 1729 909 1783 salutem
920 1728 1315 1801 percipiendam
1329 1729 1523 1783 merito
1540 1728 1892 1784 fundamenti.

361 1821 455 1877 25.
483 1821 594 1875 lloc
621 1822 665 1875 si
694 1823 764 1875 ita
802 1829 912 1888 est,
944 1821 1173 1876 fatemur
1202 1822 1334 1875 istos
1359 1821 1609 1877 laudabili
1637 1821 1894 1876 charitate

288 1914 477 1970 conari
494 1924 550 1968 ut
574 1928 761 1969 omnes
778 1914 1064 1969 indiscrete
1085 1913 1433 1968 admittuntur
1452 1912 1517 1968 ad
1540 1912 1890 1983 Baptismnm,

293 2021 403 2060 non
447 2007 621 2059 solum
662 2005 890 2060 adulteri
927 2014 981 2059 et
1013 2005 1300 2069 adulterze,
1337 2012 1523 2059 contra
1571 2005 1890 2059 sententiam

296 2097 507 2152 Domini
529 2096 690 2151 falsas
713 2097 924 2165 nuptias
948 2096 1367 2166 prtetcndentes;
1392 2110 1576 2150 verum
1605 2096 1764 2149 etiam
1793 2109 1894 2165 pu-

294 2189 445 2243 blica!
464 2188 774 2242 meretrices
797 2188 850 2241 in
872 2186 1175 2255 turpissima
1200 2184 1530 2256 professione
1547 2200 1896 2256 perseveran-

295 2296 412 2352 tes,
454 2298 590 2354 quas
635 2290 786 2337 certe
810 2283 970 2337 etiam
999 2281 1139 2335 nulla
1170 2280 1622 2350 negligentissima
1653 2278 1895 2334 Ecclesia

293 2376 572 2431 consuevit
591 2375 897 2441 admittere,
922 2373 1023 2428 nisi
1042 2373 1109 2429 ab
1138 2372 1226 2426 illa
1251 2372 1494 2442 primitus
1521 2364 1895 2440 prostitutione

296 2458 562 2521 liberatasl
597 2465 701 2520 Sed
725 2466 826 2520 ista
848 2466 1054 2521 ratione
1078 2480 1177 2519 cur
1207 2478 1310 2517 non
1341 2463 1483 2517 omni
1517 2460 1677 2517 modo
1699 2460 1892 2515 admit-

294 2568 475 2613 tuntur
494 2601 509 2623 ,
548 2558 772 2613 omnino
807 2573 917 2612 non
945 2556 1119 2612 video.
1150 2555 1279 2625 Quis
1309 2556 1451 2611 enim
1482 2569 1589 2608 non
1626 2553 1774 2607 malit
1802 2566 1895 2607 eas

293 2653 470 2722 pOsito
499 2650 868 2714 fundamento,
889 2650 1011 2706 licet
1029 2650 1189 2720 ligna,
1220 2647 1399 2703 fenum
1420 2656 1474 2702 et
1493 2646 1743 2717 stipulam
1765 2661 1895 2701 con-

291 2755 502 2816 gerant,
526 2744 795 2815 aliquanto
812 2751 959 2798 certe
978 2742 1311 2797 diuturniore
1332 2741 1451 2812 igne
1474 2739 1709 2811 purgari,
1733 2755 1893 2810 quam

295 2839 349 2890 in
380 2845 632 2891 mternum
663 2834 879 2906 perire?
898 2833 1004 2890 Sed
1034 2833 1168 2888 falsa
1199 2842 1356 2888 erunt
1383 2833 1490 2895 illa,
1514 2849 1633 2902 qlia:
1653 2832 1899 2887 obscuri-

291 2937 457 2981 tatem
478 2926 983 2996 ambiguitatemque
999 2940 1103 2978 non
1124 2923 1323 2979 habent
1345 2941 1358 2977 :
1388 2922 1450 2977 Si
1471 2922 1680 2976 habeam
1696 2939 1897 2977 omnem

291 3018 469 3087 fidem,
488 3018 558 3070 ita
575 3028 625 3071 ut
639 3026 832 3071 montes
854 3020 1177 3087 transferam,
1193 3014 1489 3069 charitatem
1502 3024 1668 3067 autem
1686 3031 1785 3069 non
1801 3015 1896 3068 Ita-

286 3112 459 3177 beam,
481 3110 608 3164 nihil
638 3127 749 3164 sum
769 3122 789 3173 ;
808 3117 881 3173 et,
907 3109 1042 3174 Quid
1071 3108 1316 3180 proderit,
1343 3112 1527 3179 fratres
1547 3109 1666 3173 mei,
1684 3108 1725 3161 si
1739 3107 1894 3177 [idem

284 3204 403 3270 quis
428 3202 564 3256 dicat
586 3219 639 3256 se
658 3201 861 3267 habere,
885 3217 1039 3271 opera
1062 3209 1229 3253 autem
1255 3215 1353 3254 non
1379 3199 1597 3255 habeat?
1630 3199 1894 3273 Numquid

289 3295 475 3363 poterit
499 3294 626 3364 ﬁdes
652 3293 850 3349 salvere
872 3292 1029 3347 eum?
1057 3291 1275 3352 Falsum
1299 3291 1408 3349 crit
1430 3301 1485 3350 et
1510 3292 1640 3349 illud
1671 3312 1685 3350 :
1717 3293 1895 3351 Nolite

284 3402 501 3457 errare;
518 3402 678 3459 neque
698 3384 1050 3461 fornicatores,
1074 3402 1230 3455 neque
1248 3385 1400 3440 idolis
1425 3387 1709 3453 servientes,
1734 3403 1895 3457 neque

291 3484 456 3550 fures,
487 3496 649 3548 neque
671 3479 833 3545 avari,
860 3494 1018 3547 neque
1037 3477 1281 3543 adulteri,
1320 3494 1479 3545 neque
1506 3478 1701 3538 molles,
1735 3495 1893 3545 neque

286 3574 631 3628 masculorum
659 3572 1021 3636 concubitores,
1050 3588 1206 3641 neque
1232 3570 1432 3635 ebriosi,
1457 3588 1615 3639 neque
1635 3571 1888 3637 maledici,

289 3682 453 3735 neque
481 3680 689 3734 rapaces
726 3680 936 3732 regnum
982 3662 1072 3715 Dei
1114 3662 1435 3730 possidebunt
1467 3662 1518 3734 (1
1548 3661 1666 3717 Cor.
1698 3678 1751 3716 γι
1774 3704 1787 3728 ,
1817 3662 1850 3717 9
1870 3702 1887 3728 ,

294 3755 420 3825 l0).
455 3755 668 3810 Falsum
697 3764 751 3809 et
777 3753 905 3809 illud
942 3771 957 3809 :
1002 3752 1277 3819 Manifesta
1317 3764 1433 3806 sunt
1481 3770 1634 3824 opera
1680 3758 1848 3807 carnis
1871 3795 1887 3818 ,

286 3865 407 3918 qute
423 3860 540 3903 sunt
566 3848 945 3918 fornicationes,
975 3847 1332 3911 intmunditite,
1366 3847 1701 3916 impudicitia,
1740 3847 1888 3900 luxu-

286 3944 389 4001 ria.
412 3940 664 3994 idolorum
679 3939 909 4005 servitus,
929 3938 1190 4006 vene/irin,
1210 3938 1507 4004 inimicitiw,
1524 3940 1884 4003 contentiones,

286 4032 669 4096 amulationes,
696 4029 1043 4083 animositates
1064 4072 1077 4094 ,
1111 4029 1443 4082 dissensiones
1461 4070 1474 4093 ,
1504 4029 1739 4094 hatreses,
1761 4028 1892 4082 invi-

286 4124 413 4189 dias,
450 4122 731 4188 ebrietates,
760 4122 1164 4187 comessationes,
1192 4128 1239 4173 et
1272 4118 1352 4172 his
1379 4120 1585 4184 similia,
1613 4136 1726 4189 qua:
1754 4136 1889 4192 pra:-

288 4215 406 4269 dico
432 4214 568 4268 vobis
587 4256 601 4280 ,
646 4215 774 4268 sicut
801 4222 848 4268 et
876 4213 1090 4284 prtedixi
1106 4254 1119 4277 ,
1152 4212 1391 4282 quoniam
1423 4212 1510 4283 qui
1544 4212 1667 4265 talia
1695 4222 1884 4282 agunt,

286 4325 508 4380 regnum
537 4307 632 4361 Dei
660 4324 760 4360 non
792 4305 1111 4377 possidebunt
1140 4303 1350 4376 (Galat.
1383 4320 1436 4371 v,
1472 4303 1631 4359 i9-2l
1735 4304 1889 4359 Falsa

286 4410 449 4454 erunt
477 4399 611 4455 hmc.
641 4398 696 4454 Si
721 4398 862 4453 enim
894 4396 1261 4451 tantummodo
1296 4395 1519 4451 credant
1540 4403 1593 4449 et
1614 4384 1891 4464 baptizen-

290 4502 401 4556 tur,
439 4490 682 4560 quamvis
709 4490 759 4543 in
785 4489 941 4543 malis
968 4488 1161 4543 talibus
1182 4496 1545 4557 perseverent.
1574 4487 1707 4541 salvi
1734 4495 1893 4543 erunt

292 4600 391 4654 per
414 4585 588 4654 ignem
624 4600 637 4636 :
668 4591 828 4651 atque
858 4580 977 4635 ideo
1007 4579 1290 4634 inChristo
1315 4579 1585 4648 baptizati,
1610 4579 1770 4633 etiam
1798 4579 1889 4648 qui

291 4676 417 4730 talia
448 4684 649 4745 agunt,
687 4688 911 4743 regnum
944 4672 1035 4726 Dei
1068 4671 1438 4740 possidebunt.
1468 4670 1685 4724 Frustra
1711 4680 1893 4724 autem

287 4768 505 4829 dicitur,
532 4766 597 4818 Et
614 4766 724 4819 hwc
743 4764 949 4834 quidant
969 4764 1135 4833 fuistis
1151 4764 1195 4829 ³,
1241 4762 1331 4816 sed
1359 4762 1517 4816 abluti
1545 4762 1663 4816 estis
1690 4761 1741 4831 (l
1765 4762 1887 4817 Cor.

287 4878 364 4928 Vl,
399 4859 537 4934 ll);
563 4858 780 4929 quando
806 4867 859 4912 et
877 4856 1044 4911 abluti
1066 4856 1182 4911 hate
1201 4863 1346 4911 sunt.
1374 4855 1614 4911 lnanitcr
1638 4856 1797 4909 etiam
1826 4856 1892 4909 il-

290 4954 381 5009 lud
422 4969 450 5006 a
491 4951 653 5007 Petro
691 4950 892 5005 dictum
932 4947 1229 5014 videbitur,
1258 4946 1350 5002 Sic
1370 4957 1415 5002 et
1441 4963 1526 5002 vos
1551 4947 1706 5001 simili
1725 4950 1892 5019 forma

291 5045 554 5113 Baptisma
573 5043 741 5096 salvos
761 5040 903 5112 facit,
926 5056 1026 5094 non
1046 5040 1214 5093 carnis
1243 5040 1488 5109 depositio
1512 5039 1773 5104 sordium,
1802 5040 1892 5093 sed

286 5138 611 5191 conscientia:
633 5134 778 5188 bona!
802 5133 1128 5204 interrogatio
1150 5132 1195 5201 (l
1215 5131 1356 5186 Petr.
1380 5148 1454 5197 ιιι,
1474 5130 1596 5204 2|);
1629 5132 1889 5203 siquident

286 5239 345 5285 et
370 5230 628 5285 habentes
650 5227 911 5297 pessimus
929 5224 1283 5280 conscientias
1306 5222 1543 5277 omnium
1568 5223 1889 5294 flagitiorum

286 5333 342 5377 et
366 5322 633 5376 scelerum
672 5320 891 5388 plenas,
932 5331 1030 5370 nec
1063 5330 1248 5370 eorum
1288 5314 1546 5367 malorum
1580 5315 1891 5382 poenitentia

290 5424 545 5477 mutatas,
586 5421 765 5465 tamen
798 5409 1065 5479 Baptisma
1096 5408 1272 5462 salvos
1312 5406 1437 5460 facit
1466 5416 1682 5475 propter
1704 5406 1894 5459 funda-

356 5552 371 5581 ι
411 5550 547 5605 aliti,
575 5547 680 5601 dies
699 5560 828 5597 enim
872 5543 1079 5599 nomini.
1103 5544 1283 5603 Abest,
1324 5538 1544 5602 Domini,
1569 5554 1598 5591 a
1621 5548 1729 5591 Mss.
1768 5550 1822 5592 et
1862 5556 1890 5591 a

292 5620 635 5677 grwco__texttt
663 5608 911 5677 )1.ostoli_._
1028 5667 1049 5677 Δ
1078 5666 1089 5677 ,
1125 5667 1153 5677 Α,
1276 5674 1285 5677 _
1415 5664 1442 5677 ..
1508 5666 1517 5676 .

356 5678 376 5707 ³
411 5674 550 5734 ﬁdit,
576 5678 631 5723 El
653 5664 762 5721 haec
794 5670 1002 5734 quidem
1018 5666 1193 5734 fuistis.
1237 5674 1293 5734 at
1331 5664 1553 5734 melioris
1588 5672 1737 5734 notae
1762 5674 1889 5734 Mss,

289 5735 498 5799 quidam
519 5727 693 5799 juxta
706 5727 939 5799 graecum,
964 5727 1101 5799 lines.
1120 5731 1200 5799 sic
1215 5727 1330 5799 olim
1356 5729 1403 5776 in
1424 5728 1584 5799 latinis
1608 5727 1768 5799 ltibliis
1792 5729 1890 5798 edi-

290 5791 443 5848 tionis
466 5791 1045 5859 vul'gaun,‘emendatuut
1066 5791 1619 5862 luisseliquetexistat
1639 5797 1681 5838 Bt
1697 5792 1889 5851 ugcnsi,

292 5864 391 5911 Lib.
416 5862 481 5910 de
500 5854 617 5911 {ouis
642 5867 862 5908 lietttau'n
886 5854 1202 5906 correctionis
1219 5854 1358 5915 jussu
1382 5854 1498 5902 siuti
1527 5860 1572 5898 ν.

410 6078 438 6113 \

1725 399 1932 455 LIBER
1973 399 2173 459 UNUS.

3493 418 3555 476 2i
3566 422 3603 477 Ξ

2005 530 2242 577 mentum
2269 524 2411 580 enim
2445 526 2585 597 quod
2615 528 2666 583 in
2704 530 2892 585 eodem
2920 531 3241 602 [baptismate
3266 537 3503 607 ponitur,
3536 540 3599 591 ti-

2003 625 2086 671 eet
2124 631 2221 686 per
2259 617 2455 687 ignem,
2488 620 2618 675 salvi
2661 633 2836 677 erunt.
2884 623 3017 678 lllud
3044 641 3258 696 quoque
3295 642 3403 682 non
3438 628 3596 683 video

2002 722 2099 762 cur
2120 708 2377 766 Dominus
2395 711 2610 777 dixerit,
2634 712 2695 767 Si
2709 714 2782 769 vis
2802 716 2968 769 uenire
2991 716 3059 770 ad
3084 717 3259 785 vitam,
3284 734 3429 773 serva
3454 736 3592 773 man-

2002 800 2143 863 data,
2169 810 2225 856 et
2249 805 2691 859 commemoravit
2714 820 2776 861 ea
2798 822 2916 875 qua:
2936 806 3004 862 ad
3030 808 3199 864 bonos
3227 824 3408 866 mores
3432 821 3597 880 perti-

2003 902 2129 946 nent
2144 892 2354 962 (Matth.
2370 910 2486 962 χιιι,
2509 894 2718 967 17ο19);
2733 899 2777 952 si
2796 898 2957 952 etiam
2973 897 3055 953 his
3071 915 3177 955 non
3193 903 3418 958 servatis
3431 903 3498 957 ad
3516 904 3596 956 vi-

2004 991 2107 1036 tam
2124 985 2289 1039 veniri
2310 995 2482 1054 potest
2494 1001 2588 1056 per
2597 988 2766 1042 solam
2783 988 2960 1051 ﬁdem,
2975 1007 3093 1059 qua:
3105 992 3456 1063 sineoperibus
3471 1010 3598 1048 mor-

2002 1081 2183 1129 tuaest.
2205 1075 2337 1131 Illud
2351 1076 2543 1133 deinde
2558 1078 2829 1148 quomodo
2842 1095 3026 1135 verum
3049 1083 3169 1145 erit,
3187 1083 3328 1151 quod
3354 1085 3433 1139 eis
3458 1100 3595 1156 quos

2000 1166 2067 1245 ad
2088 1166 2358 1222 sinistram
2381 1170 2650 1238 positurus
2665 1179 2748 1227 est
2764 1170 2907 1227 dicet
2932 1190 2947 1228 :
2966 1172 2991 1226 1
3000 1184 3047 1227 ιε
3071 1175 3124 1228 in
3142 1175 3307 1246 ignem
3329 1186 3594 1242 teternum,

1998 1258 2085 1325 qui
2116 1268 2324 1327 paratus
2349 1270 2420 1315 est
2446 1260 2647 1317 diabolo
2676 1272 2723 1317 et
2746 1265 2941 1336 angelis
2960 1265 3106 1335 ejus?
3126 1266 3272 1334 Quos
3294 1284 3399 1323 non
3428 1269 3600 1323 incre-

2004 1350 2123 1400 pat'
2170 1350 2292 1418 quia
2334 1350 2387 1404 in
2434 1367 2557 1407 eum
2598 1369 2703 1408 non
2746 1355 3126 1423 crediderunt,
3165 1358 3261 1413 sed
3299 1360 3421 1428 quia
3457 1360 3598 1415 bona

2000 1452 2161 1504 opera
2188 1456 2293 1493 non
2311 1439 2571 1497 fecerunt.
2591 1443 2720 1499 Nam
2744 1446 2982 1516 profecto
3005 1464 3071 1504 ne
3097 1449 3195 1503 sibi
3224 1451 3505 1521 quisquam
3531 1452 3600 1509 de

2003 1529 2128 1596 ﬁde,
2155 1547 2274 1602 quae
2306 1534 2424 1590 sine
2452 1538 2705 1606 operibus
2730 1549 2939 1595 mortua
2971 1552 3052 1596 est
3071 1583 3088 1609 ,
3124 1543 3287 1597 vitam
3323 1545 3596 1613 promittat

2000 1630 2278 1690 arternam,
2321 1637 2601 1697 propterea
2646 1645 2834 1687 omnes
2871 1640 3061 1702 gentes
3104 1645 3502 1705 segregaturum
3538 1652 3597 1691 se

2000 1714 2176 1781 dixit,
2208 1733 2327 1785 quso
2356 1721 2636 1789 permixta:
2661 1722 2864 1777 eisdem
2896 1725 3143 1794 pascuis”
3184 1727 3490 1791 utebantur,
3538 1737 3598 1784 ut

2000 1818 2255 1877 appareat
2283 1825 2377 1865 eos
2416 1812 2489 1866 illi
2516 1811 2755 1869 dicturos
2774 1857 2788 1881 ,
2820 1815 3057 1887 Domine,
3084 1819 3290 1887 quando
3312 1831 3359 1875 te
3381 1821 3600 1877 vidimus

2003 1898 2089 1953 illa
2117 1909 2172 1954 et
2205 1900 2295 1955 illa
2336 1903 2621 1970 patientem
2646 1947 2662 1972 ,
2709 1916 2756 1961 ct
2786 1925 2888 1963 non
2926 1910 3320 1966 ministravimus
3361 1915 3484 1968 tibi?
3506 1917 3598 1985 qui

2002 1991 2055 2045 in
2077 2007 2199 2048 eum
2225 1996 2582 2063 crediderant,
2611 2001 2705 2056 sed
2730 2002 2866 2057 bona
2884 2007 3092 2072 operari
3125 2022 3230 2061 non
3257 2018 3596 2073 curaverant,

2003 2095 2253 2157 tanquam
2283 2088 2351 2144 de
2383 2091 2491 2160 ipsa
2534 2092 2637 2148 ﬁde
2675 2104 2881 2148 mortua
2921 2097 2986 2151 ad
3025 2098 3187 2152 vitam
3231 2100 3601 2168 perveniretur

2001 2187 2279 2232 mternam.
2303 2180 2388 2236 An
2409 2182 2545 2237 forte
2568 2184 2715 2239 ibunt
2745 2188 2795 2241 in
2822 2188 2995 2257 ignem
3025 2199 3287 2244 arternum
3317 2192 3407 2261 qui
3433 2207 3597 2260 opera

2002 2268 2382 2326 misericordiae
2404 2288 2509 2328 non
2530 2273 2789 2341 fecerunt,
2817 2288 2872 2332 et
2898 2294 3001 2333 non
3025 2280 3176 2334 ibunt
3195 2281 3285 2350 qui
3313 2281 3485 2336 aliena
3508 2298 3599 2337 ra-

2001 2371 2232 2427 puerunt
2253 2402 2269 2427 ,
2307 2364 2389 2417 vel
2423 2368 2818 2436 corrumpendo
2848 2370 2899 2423 in
2926 2386 2985 2424 se
3011 2371 3264 2441 templum
3299 2373 3392 2427 Dei
3422 2374 3485 2427 in:
3506 2388 3598 2429 se-

2004 2452 2148 2521 ipsos
2175 2453 2624 2512 immisericordes
2650 2458 2890 2521 fuerunt;
2919 2462 3070 2531 quasi
3097 2477 3260 2531 opera
3282 2464 3597 2518 misericor-

2001 2542 2103 2597 dia:
2130 2545 2336 2611 prosint
2359 2546 2557 2617 aliquid
2578 2549 2695 2604 sine
2722 2550 3011 2607 dilectione
3029 2594 3044 2616 ,
3075 2554 3287 2609 dicente
3313 2555 3596 2624 Apostolo,

2003 2633 2067 2689 Si
2090 2635 2389 2690 distribuant
2418 2639 2589 2692 omnia
2617 2656 2729 2694 mea
2750 2643 3077 2711 pauperibus,
3107 2644 3404 2699 charitatem
3431 2654 3599 2700 autent

2003 2746 2104 2784 non
2136 2730 2377 2797 habeam,
2409 2733 2538 2788 nihil
2570 2735 2696 2788 mihi
2726 2736 2928 2807 prodest
2965 2738 3019 2808 (Ι
3052 2737 3172 2793 Cor.
3212 2754 3340 2807 xm,
3367 2740 3401 2795 3
3423 2739 3477 2811 );
3504 2749 3599 2794 aut

2001 2821 2187 2893 diligat
2218 2824 2498 2895 quisquam
2530 2828 2827 2896 proximum
2858 2828 2996 2883 sicut
3028 2844 3088 2885 se
3117 2829 3287 2899 ipsum
3307 2871 3325 2897 ,
3369 2832 3457 2899 qui
3489 2848 3596 2886 non

2000 2913 2171 2984 diligit
2190 2929 2250 2969 se
2275 2915 2490 2985 ipsum?
2519 2917 2619 2982 Qui
2640 2919 2781 2972 enim
2804 2920 2970 2991 diligit
2996 2921 3330 2991 iniquitatem,
3354 2923 3460 2975 odit
3479 2924 3597 2976 ani-

1998 3020 2137 3057 mant
2162 3021 2309 3059 suam
2338 3005 2507 3078 (Psal.
2542 3024 2593 3074 ιι,
2626 3009 2716 3080 6).
2750 3009 2933 3081 Neque
2958 3011 3089 3070 illud
3121 3012 3224 3069 dici
3265 3013 3351 3071 ltic
3374 3016 3594 3086 poterit,

2001 3093 2055 3149 in
2091 3109 2199 3165 quo
2236 3095 2478 3150 nonnulli
2524 3111 2585 3157 se
2623 3097 2771 3171 ipsos
2810 3102 3075 3160 seducunt
3111 3105 3372 3171 dicentes,
3421 3106 3596 3175 ignem

1999 3192 2262 3244 aeternum
2291 3185 2521 3257 dictum,
2545 3206 2653 3247 non
2682 3192 2851 3262 ipsam
2884 3210 3096 3264 pinnam
3122 3206 3378 3253 cateruam
3397 3199 3419 3231 ⁸
3454 3217 3467 3253 :
3504 3213 3598 3268 per

2000 3278 2176 3348 ignem
2201 3280 2420 3350 quippe,
2446 3283 2535 3352 qui
2566 3292 2799 3338 :eteruus
2829 3287 2963 3351 erit,
2986 3290 3303 3344 transituros
3322 3291 3591 3346 arbitran-

2001 3380 2088 3425 tur
2127 3387 2222 3427 eos
2261 3373 2455 3443 quibus
2503 3384 2723 3446 pr0pter
2762 3376 2921 3432 ﬁdem
2969 3390 3233 3435 mortuam
3279 3398 3374 3453 per
3418 3385 3597 3455 ignem

2001 3463 2315 3532 promittunt
2354 3465 2618 3530 salutem;
2666 3476 2723 3521 ut
2765 3468 3013 3525 videlicet
3050 3472 3166 3541 ipse
3202 3475 3602 3545 ignisteternus

1998 3554 2087 3615 sit.
2114 3554 2415 3609 combustio
2438 3572 2564 3612 vero
2575 3572 2784 3620 eorum.
2808 3558 2911 3615 hoc
2940 3569 3022 3617 est
3037 3565 3279 3632 operatio
3303 3566 3459 3637 ignis,
3483 3582 3603 3625 non:

1997 3648 2131 3702 sitin
2147 3664 2241 3704 eos
2259 3656 2488 3705 aeterna:
2509 3666 2631 3706 cum
2659 3662 2711 3708 et
2738 3652 2840 3708 hoe
2864 3656 3160 3724 praevidens
3179 3658 3456 3725 Dominus,
3474 3669 3594 3715 tan-

1996 3755 2156 3810 quam
2189 3741 2444 3796 Dominus
2465 3784 2480 3808 ,
2509 3745 2829 3799 sententiam
2851 3760 3001 3800 suam
3033 3748 3102 3801 ita
3128 3750 3471 3816 concluserit,
3507 3752 3593 3805 di-

1996 3847 2144 3896 cens,
2172 3832 2261 3889 Sic
2280 3833 2423 3888 ibunt
2447 3836 2525 3889 illi
2549 3836 2602 3890 in
2629 3836 3023 3892 combustionem
3045 3849 3283 3894 aeternam
3303 3881 3319 3908 ,
3348 3843 3485 3912 justi
3501 3860 3596 3896 au-

1998 3934 2099 3979 tem
2128 3926 2182 3980 in
2218 3926 2373 3979 citant
2403 3936 2646 3981 atternam
2686 3928 2912 3997 (Matth.
2946 3945 3081 3994 xxv,
3115 3931 3205 3997 52,
3237 3932 3332 3997 53,
3363 3924 3596 4003 ιι-ιδ).

1997 4016 2117 4072 Erit
2148 4032 2277 4089 ergo
2302 4028 2499 4073 :cterna
2530 4020 2849 4087 combustio,
2881 4021 3020 4076 sicut
3047 4022 3212 4092 ignis;
3246 4032 3302 4078 et
3327 4039 3420 4077 eos
3444 4026 3495 4079 in
3525 4026 3594 4079 il-

1998 4110 2102 4164 lam
2134 4111 2301 4165 ituros
2330 4110 2539 4166 Veritas
2566 4111 2718 4177 dixit,
2750 4128 2976 4182 quorum
3002 4130 3105 4168 non
3129 4114 3311 4182 ﬁdem,
3336 4115 3428 4170 sed
3453 4116 3593 4171 bona

1997 4217 2157 4274 opera
2179 4201 2413 4258 defuisse
2437 4203 2746 4257 declaravit.

2067 4295 2157 4351 26.
2187 4296 2243 4352 Si
2270 4312 2398 4366 ergo
2446 4296 2561 4351 haec
2592 4296 2792 4364 omnia,
2842 4305 2897 4352 et
2937 4308 3129 4355 caetera
3165 4316 3285 4371 qua:
3345 4302 3595 4358 innume-

1998 4387 2183 4441 rabilia
2210 4402 2309 4458 per
2332 4403 2520 4442 omnes
2564 4388 2871 4458 Scripturas
2910 4390 3027 4445 sine
3064 4392 3413 4462 ambiguitate
3451 4394 3592 4448 dicta

2000 4479 2223 4548 reperiri
2258 4488 2516 4549 possunt,
2563 4481 2691 4533 falsa
2719 4491 2906 4548 erunt;
2942 4485 3133 4551 poterit
3171 4499 3330 4539 verus
3352 4500 3474 4541 esse
3504 4485 3595 4542 illo

1999 4572 2298 4627 intellectus
2339 4573 2405 4628 de
2450 4574 2640 4643 lignis,
2684 4573 2809 4628 feno
2846 4586 2901 4630 et
2939 4576 3154 4646 stipula,
3186 4578 3329 4647 quod
3369 4578 3423 4632 hi
3462 4579 3595 4633 salvi

1998 4675 2159 4721 erunt
2182 4682 2273 4736 per
2293 4668 2486 4736 ignem,
2510 4668 2598 4736 qui
2622 4668 2788 4721 solam
2808 4669 2858 4722 in
2875 4669 3146 4723 Christum
3170 4670 3328 4726 ﬁdem
3349 4681 3595 4729 tenentes

2000 4758 2137 4812 bona
2180 4774 2344 4828 opera
2376 4760 2747 4829 neglexerunt.
2783 4760 2838 4815 Si
2879 4772 3057 4818 autem
3102 4763 3200 4818 ista
3236 4773 3291 4818 et
3340 4779 3460 4817 vera
3484 4806 3498 4827 ,
3537 4775 3597 4820 et

1998 4851 2140 4906 clara
2187 4860 2344 4915 sunt;
2391 4851 2577 4921 procul
2614 4851 2775 4907 dubio
2817 4852 2871 4907 in
2907 4854 2996 4908 illa
3040 4855 3279 4923 Apostoli
3321 4857 3587 4910 sententia

1997 4945 2135 4999 alius
2173 4945 2523 5013 requirendus
2556 4954 2639 5001 est
2672 4946 3009 5013 intellectus,
3041 4957 3200 5018 atque
3226 4949 3277 5003 in
3310 4948 3396 5004 his
3421 4951 3591 5020 depu-

2002 5035 2157 5089 tanda
2184 5042 2286 5099 est,
2308 5052 2427 5105 qua:
2449 5035 2641 5090 Petrus
2669 5036 2800 5091 dicit
2824 5051 2943 5091 esse
2970 5036 3022 5090 in
3054 5038 3266 5107 scriptis
3306 5039 3421 5108 ejus
3445 5056 3595 5110 qutu-

1999 5126 2122 5181 dam
2157 5126 2393 5180 difﬁcilia
2425 5127 2727 5189 intellectu.
2769 5126 2928 5196 qure‘
2968 5142 3074 5181 non
3115 5128 3313 5183 debent
3350 5128 3595 5186 homines

2002 5226 2305 5285 pervertere
2343 5216 2409 5269 ad
2453 5216 2725 5287 proprium
2756 5232 2912 5271 suum
2954 5218 3221 5273 interitum
3246 5260 3261 5286 ,
3308 5230 3366 5275 ut
3406 5234 3592 5277 contra

1998 5308 2394 5363 evidentissima
2419 5308 2717 5361 testimonia
2738 5308 3133 5375 Scripturarum
3149 5324 3371 5367 securos
3400 5312 3595 5370 faciant

1998 5401 2066 5455 de
2089 5399 2427 5470 percipienda
2452 5398 2626 5454 salute
2649 5399 3023 5469 nequissimos,
3051 5402 3303 5473 nequitia:
3323 5421 3433 5459 sua:
3463 5423 3590 5475 per-

2064 5601 2078 5666 f
2118 5595 2494 5666 t‘leriqttehttss,
2519 5592 2695 5655 Quibus
2718 5607 2811 5645 non
2832 5592 3085 5666 increpat;
3108 5596 3209 5658 vel,
3231 5596 3508 5662 increpitat.

2061 5664 2081 5693 ¹
2115 5668 2234 5709 'lres
2258 5657 2474 5721 melioris
2496 5666 2623 5707 nota:
2642 5665 2767 5715 Mss,
2791 5657 3078 5721 pastoribus.

2064 5725 2084 5755 ³
2117 5728 2166 5771 tu
2191 5728 2297 5769 Mss.
2333 5719 2598 5783 plerisque,
2628 5719 2815 5770 vomant
2847 5728 3093 5771 a’ternam.
3130 5727 3183 5771 Αι
3207 5724 3256 5771 in
3282 5722 3443 5782 editis,
3470 5737 3590 5774 com-

1998 5782 2264 5836 bustionem
2284 5782 2533 5832 cateruam.

2063 5849 2082 5879 ⁵
2120 5856 2222 5896 Mss.
2235 5881 2250 5906 ,
2270 5858 2428 5908 quant.
