4072 6508
509 402 620 457 215

512 518 836 576 tinacissimc
853 514 1183 571 cohaerentes
1201 551 1215 579 ,
1237 524 1337 566 nec
1355 506 1689 566 emendando
1708 515 1798 561 aut
1816 504 2086 577 pantith-

508 616 576 671 do
598 619 849 667 mutatos.

576 701 800 759 CAPUT
828 700 966 755 XVI.
988 698 1162 752 —-27.
1190 696 1357 751 Locus
1379 695 1608 767 Apostoli
1627 692 1876 764 quomodo
1902 690 2092 745 intelli-

503 797 713 867 gendus.
733 794 878 847 Alius
899 790 1131 861 Apostoli
1158 789 1300 844 locus
1325 791 1517 859 frustra
1538 787 1601 840 ab
1627 787 1688 840 iis
1708 784 1979 850 adductus,
2006 783 2092 852 qui

501 890 654 957 ﬁdem
682 887 791 942 sine
810 885 1044 956 operibus
1062 883 1259 938 salvere
1286 882 1485 936 docent.
1501 880 1803 936 Chananeus
1818 877 1943 947 ﬁdes
1960 893 2088 947 qua-

502 982 566 1036 lis
622 980 833 1034 laudata
877 990 971 1035 est.
1039 977 1135 1033 Hic
1187 991 1218 1030 a
1273 991 1360 1030 me
1413 973 1639 1029 fortasse
1680 982 1969 1041 quaeratur,
2020 969 2089 1025 de

498 1074 613 1145 ipsa
639 1070 789 1127 Pauli
809 1069 1034 1139 apostoli
1056 1067 1317 1123 sententia
1339 1065 1463 1135 quid
1486 1079 1585 1133 ego
1606 1062 1852 1127 sentiam,
1882 1071 1934 1115 et
1955 1074 2087 1129 quo-

497 1178 622 1218 nam
660 1160 821 1216 modo
851 1157 1247 1229 intelligendam
1276 1166 1476 1226 putem.
1507 1154 1720 1219 Fateor,
1751 1151 1876 1205 hinc
1896 1152 1912 1183 ι
1955 1149 2087 1204 mal-

496 1258 604 1310 lem
642 1254 826 1308 audire
867 1249 1301 1320 intelligentiores
1347 1257 1509 1316 atque
1548 1244 1836 1307 doctiores,
1875 1241 1964 1312 qui
2008 1242 2085 1295 sic

496 1361 617 1402 eam
640 1350 945 1413 exponant,
977 1350 1037 1396 ut
1066 1341 1154 1395 illa
1183 1339 1361 1394 omnia
1384 1354 1507 1392 vera
1538 1344 1594 1392 et
1615 1336 1926 1390 inconcussa
1958 1348 2081 1403 per-

495 1444 767 1498 maneant,
808 1449 927 1503 qua:
964 1446 1122 1501 supra
1161 1426 1599 1491 commemoravi,
1640 1434 1695 1481 et
1732 1438 2079 1495 quaecumque

494 1528 594 1583 alia
618 1542 722 1582 non
750 1522 1239 1587 commmemoravi,
1263 1522 1455 1591 quibus
1478 1517 1813 1588 apertissime
1834 1516 2077 1584 Scriptu-

493 1634 553 1673 ra
573 1626 798 1674 tcstatur
814 1616 942 1670 nihil
963 1614 1216 1685 prodesse
1235 1613 1415 1678 iidem,
1436 1611 1534 1664 nisi
1562 1626 1679 1665 eam
1700 1623 1857 1678 quam
1883 1606 2077 1661 delini-

491 1710 567 1764 vit
579 1708 881 1779 Apostolus,
898 1706 951 1761 id
963 1714 1063 1770 est,
1078 1720 1289 1775 quteper
1304 1703 1616 1757 dilectionem
1628 1710 1866 1769 operatur
1879 1697 2073 1770 (Galat.

492 1819 547 1870 v,
572 1802 659 1872 b);
701 1802 816 1855 sine
842 1799 1090 1869 operibus
1118 1806 1295 1852 autem
1323 1796 1530 1851 salvare
1560 1808 1665 1847 non
1695 1807 1873 1863 posse,
1906 1806 2077 1860 neque

492 1900 686 1965 prater
703 1894 898 1962 ignem,
916 1904 1085 1959 neque
1100 1904 1192 1958 per
1205 1888 1400 1957 ignem:
1414 1885 1532 1955 quia
1546 1884 1589 1937 si
1610 1899 1701 1953 per
1718 1884 1892 1952 ignem
1905 1880 2076 1935 salvat

492 1988 606 2055 ipsa
625 1986 803 2056 utique
818 1986 1005 2039 salvat.
1022 1982 1278 2037 Absolute
1289 1989 1465 2034 autem
1485 1978 1683 2032 dictum
1701 1984 1848 2031 estet
1867 1983 2071 2045 aperte,

492 2078 629 2147 Quid
654 2077 876 2149 prodest,
899 2077 941 2131 si
962 2076 1097 2129 dicat
1123 2075 1234 2147 quis
1262 2089 1317 2128 se
1338 2072 1491 2141 [idem
1507 2069 1705 2133 habere,
1731 2084 1884 2138 opera
1899 2078 2069 2120 autem

488 2188 591 2225 non
616 2170 835 2223 habeat?
863 2168 1127 2238 Numquid
1153 2166 1334 2236 poterit
1362 2163 1486 2230 ﬁdes
1506 2162 1700 2217 salvare
1719 2160 1870 2214 eum?
1891 2159 2071 2214 Dicam

490 2270 686 2325 tamen,
717 2276 874 2330 quam
900 2258 1212 2315 brevissime
1239 2266 1447 2327 potero,
1478 2255 1639 2309 etiam
1666 2253 1779 2323 ipse
1801 2250 1928 2322 quid
1954 2264 2075 2306 sen-

489 2353 615 2408 tiam
650 2353 717 2408 de
744 2354 827 2407 illa
856 2353 1118 2409 sententia
1145 2350 1291 2405 Pauli
1319 2348 1545 2418 apostoli
1571 2348 1639 2401 ad
1674 2345 2071 2416 intelligendum

486 2444 685 2500 difﬁcili
708 2460 723 2509 ;
745 2442 1037 2499 dummodo
1062 2440 1209 2507 illud,
1238 2440 1381 2511 quod
1397 2438 1462 2493 ad
1488 2453 1660 2493 meam
1684 2436 2071 2507 professionem

484 2538 732 2601 attinet”,
758 2536 1022 2605 przecipue
1068 2540 1328 2597 teneatur,
1374 2530 1513 2601 quod
1545 2530 1614 2585 de
1654 2530 1751 2582 hac
1786 2543 1875 2584 me
1911 2527 2074 2583 malle

482 2626 595 2681 dixi
636 2626 823 2680 audire
856 2625 1126 2679 meliores.
1168 2620 1594 2677 Fundamentum
1628 2619 1871 2674 Christus
1906 2628 1989 2674 est
2018 2618 2073 2672 in

481 2726 751 2772 structura
772 2716 1047 2772 architecti
1074 2714 1357 2783 sapientis;
1384 2714 1484 2766 hoc
1504 2710 1835 2779 expositione
1859 2724 1964 2763 non
1988 2709 2075 2763 in-

486 2811 632 2881 diget
662 2830 674 2864 :
707 2820 891 2881 aperte
929 2810 1071 2865 enim
1106 2808 1307 2862 dictum
1341 2814 1445 2870 est,
1492 2802 1903 2857 Fundamentum
1938 2803 2074 2855 enim

484 2901 631 2955 aliud
661 2917 804 2954 nemo
832 2910 990 2970 potest
1017 2914 1201 2968 ponere
1240 2905 1424 2965 prater
1469 2895 1522 2947 id
1551 2894 1685 2959 quod
1733 2894 1951 2964 positmn
1977 2901 2069 2957 est,

481 2990 619 3060 quod
644 2999 716 3043 est
738 2989 967 3043 Christus
986 2988 1158 3042 Jesus.
1190 2985 1246 3041 Si
1272 2994 1448 3039 autem
1478 2984 1738 3046 Christus,
1767 2982 1950 3052 procul
1970 2982 2072 3037 du-

484 3082 573 3136 bio
594 3080 726 3135 ﬁdes
754 3080 954 3135 Christi
992 3097 1004 3132 :
1048 3094 1144 3148 per
1174 3078 1332 3132 ﬁdem
1372 3076 1568 3146 quippe
1601 3074 1802 3130 habitat
1826 3074 2073 3130 Christus

482 3171 537 3227 in
554 3171 806 3225 cordibus
833 3170 1054 3234 nostris,
1078 3169 1216 3224 sicut
1238 3168 1378 3223 idem
1402 3150 1678 3236 apostolus
1704 3166 1832 3221 dicit
1853 3164 2068 3237 (Ephrs.

490 3279 570 3327 tn,
603 3262 716 3334 i7).
746 3262 913 3317 Porro
936 3262 981 3315 si
1009 3260 1143 3315 ﬁdes
1177 3258 1399 3324 Christi,
1429 3258 1514 3312 illa
1537 3258 1717 3327 utique
1742 3272 1902 3327 quam
1934 3257 2068 3311 deli~

486 3354 624 3410 nivit
670 3354 979 3422 Apostolus,
1024 3367 1139 3421 qum
1183 3368 1272 3420 per
1308 3349 1624 3404 dilectionem
1661 3358 1915 3418 operatur.
1952 3348 2068 3403 Non

482 3448 625 3502 enim
660 3446 791 3501 ﬁdes
819 3446 904 3500 illa
927 3444 1251 3509 daemonum,
1282 3458 1402 3497 cum
1428 3449 1483 3496 et
1507 3441 1606 3511 ipsi
1628 3440 1847 3495 credant
1870 3449 1923 3495 et
1942 3456 2070 3494 con-

480 3540 815 3602 tremiscunt,
846 3546 900 3591 ct
928 3536 1121 3590 Filium
1154 3536 1243 3589 Dei
1276 3533 1629 3589 conﬁteantur
1653 3531 1863 3595 Jesum,
1896 3542 2067 3600 potest

480 3631 651 3700 accipi
690 3630 743 3683 in
785 3629 1150 3683 fundamento.
1191 3627 1389 3693 Quare,
1423 3625 1523 3679 nisi
1548 3624 1670 3693 quia
1699 3638 1805 3679 non
1833 3631 1916 3678 est
1938 3623 2069 3677 ﬁdes

479 3738 599 3790 quae
640 3736 735 3790 per
772 3720 1113 3775 dilectionem
1153 3725 1430 3786 Operatur,
1474 3715 1567 3771 sed
1598 3729 1715 3784 qua}
1753 3713 2068 3783 exprimitur

482 3830 577 3883 per
604 3814 884 3868 timorem?
915 3812 1071 3867 Fides
1102 3812 1278 3881 itaque
1303 3809 1520 3873 Christi,
1554 3808 1686 3863 ﬁdes
1709 3808 1894 3879 gratia:
1922 3807 2065 3861 chri-

476 3904 685 3969 stiana},
710 3904 761 3958 id
788 3913 868 3958 est
887 3944 901 3970 ,
934 3917 994 3958 ea
1020 3902 1149 3958 ﬁdes
1172 3917 1291 3972 quae
1319 3916 1413 3971 per
1443 3899 1784 3955 dilectionem
1817 3907 2070 3968 operatur

482 3995 651 4064 posita
676 3995 727 4049 in
750 3994 1094 4050 fundamento
1122 3994 1387 4048 neminem
1426 3992 1601 4061 perire
1644 3990 1922 4061 permittit.
1958 3990 2068 4046 Sed

479 4085 608 4155 quid
644 4086 717 4140 sit
750 4085 1018 4140 mdiﬁcare
1057 4099 1218 4153 super
1244 4085 1346 4138 hoc
1380 4081 1782 4138 fundamentum
1803 4123 1818 4147 ,
1852 4096 2064 4145 aurum,

474 4184 778 4244 argentum,
811 4174 1014 4244 lapides
1043 4175 1303 4244 pretiosos
1324 4213 1340 4238 ,
1368 4182 1423 4228 et
1449 4172 1585 4243 ligna
1604 4213 1619 4238 ,
1653 4173 1864 4236 fenum,
1893 4172 2066 4242 stipu-

472 4267 603 4332 lam,
636 4266 678 4320 si
706 4266 958 4321 subtilius
982 4265 1244 4320 disserere
1275 4279 1460 4331 coner,
1496 4280 1685 4320 vereor
1710 4280 1780 4321 ne
1808 4264 1875 4319 ad
1905 4264 2066 4319 intel-

472 4357 742 4426 ligendum
775 4356 1048 4412 difﬁcilior
1086 4356 1157 4410 sit
1192 4355 1305 4426 ipsa
1332 4355 1633 4425 expositio:
1665 4356 1837 4411 enitar
1862 4363 2063 4423 tamen,

472 4458 728 4520 quantum
754 4448 1010 4503 Dominus
1030 4447 1279 4516 adjuvat,
1322 4455 1377 4501 et
1403 4444 1664 4511 breviter,
1707 4455 1762 4502 et
1802 4457 2061 4516 quantum

472 4552 681 4614 potero,
711 4540 944 4596 dilucide
985 4540 1243 4612 expedire
1277 4539 1417 4609 quod
1458 4540 1656 4595 sentio.
1688 4539 1828 4595 Ecce
1858 4541 1945 4595 ille
1970 4538 2062 4611 qui

467 4633 718 4705 qumsivit
742 4647 774 4687 a
801 4632 1055 4702 magistro
1080 4633 1243 4697 bono,
1260 4630 1389 4700 quid
1410 4630 1531 4685 boni
1560 4630 1783 4698 faceret,
1817 4642 1875 4687 ut
1901 4632 2062 4688 habe-

468 4736 551 4782 ret
573 4725 733 4780 vitam
761 4732 1051 4788 aeternam;
1074 4722 1369 4788 ctaudivit,
1396 4723 1439 4776 si
1461 4722 1529 4777 ad
1558 4722 1718 4777 vitam
1742 4726 1924 4781 venire
1948 4726 2062 4781 vel-

466 4820 558 4883 let,
583 4815 847 4872 servanda
875 4814 975 4870 sibi
1003 4830 1123 4870 esse
1138 4815 1413 4870 mandata:
1436 4824 1629 4871 etcum
1656 4827 1923 4889 quaereret
1942 4836 2061 4888 qum

466 4908 737 4972 mandata,
759 4906 957 4962 dictum
975 4906 1142 4973 estei,
1172 4905 1225 4960 Ν
1229 4923 1293 4960 an
1318 4906 1535 4973 occides,
1562 4907 1684 4961 Non
1714 4910 2054 4976 nnc/iuberis,

470 5000 590 5054 Non
614 5003 808 5072 [artant
837 5000 1016 5070 facies,
1047 4998 1166 5053 Non
1189 4999 1377 5068 falsum
1402 4999 1739 5052 testimonium
1762 5000 1918 5067 dices,
1950 5001 2061 5057 Ilo-

466 5109 589 5146 nara
608 5101 803 5159 patrem
831 5102 973 5145 tuum
992 5100 1038 5144 et
1060 5100 1269 5145 matrem
1291 5099 1454 5155 tuam;
1474 5099 1541 5157 et,
1560 5089 1750 5161 Diliges
1772 5093 2058 5161 proximum

464 5195 607 5237 tuum
633 5194 873 5253 tanquam
898 5194 945 5238 te
982 5184 1165 5255 ipsum.
1198 5183 1323 5239 Haec
1351 5181 1551 5239 faciens
1591 5184 1641 5237 in
1686 5183 1790 5240 ﬁde
1831 5184 2053 5254 Christi,

465 5284 673 5330 teneret
699 5275 881 5344 procul
904 5275 1064 5331 dubio
1091 5276 1251 5332 ﬁdem
1278 5292 1398 5347 qua:
1428 5291 1523 5346 per
1555 5277 1892 5333 dilectionem
1920 5294 2053 5350 ope-

467 5380 635 5420 ratur.
677 5364 862 5435 Neque
898 5367 1038 5420 enim
1076 5368 1323 5436 diligeret
1360 5368 1657 5437 proximum
1702 5378 1953 5438 tanquam
1993 5386 2053 5425 se

467 5475 669 5529 ipsum,
693 5459 795 5514 nisi
820 5469 1029 5527 recepta
1058 5459 1343 5514 dilectione
1375 5462 1495 5524 Dei,
1528 5464 1643 5516 sine
1664 5477 1766 5531 qua
1798 5480 1901 5515 non
1931 5463 2053 5517 dili-

466 5560 615 5623 geret
634 5567 693 5606 se
718 5551 912 5621 ipsum.
941 5550 1105 5603 Porro
1130 5550 1174 5603 si
1201 5549 1399 5604 faceret
1428 5555 1586 5606 etiam
1617 5554 1759 5622 quod
1792 5553 2049 5675 Dorqinus

531 5708 547 5737 ι
584 5705 714 5765 Apud
738 5711 811 5752 Fr.
839 5702 985 5765 Lugd.
1012 5710 1130 5751 Ven.
1166 5708 1295 5761 Lov.,
1319 5702 1413 5765 hic.
1478 5712 1533 5752 st.

527 5770 548 5800 ¹
583 5764 715 5825 Etliti,
742 5764 868 5824 quod
893 5766 955 5812 ad
996 5777 1151 5811 meum
1175 5764 1529 5824 prominentem
1556 5770 1733 5818 attinet.
1762 5772 2047 5821 tioneinnius

460 5828 593 5885 Mss,
621 5824 742 5888 quod
766 5827 829 5875 ad
853 5840 1006 5875 nicum
1021 5824 1359 5886 pi‘oli'ssilmcnt
1378 5828 1554 5877 attiln't.

1472 390 1558 447 DE
1599 387 1753 446 FIDE
1795 386 1885 443 ET
1925 384 2289 453 OPERIBUS,
2331 386 2387 443 S.
2432 389 2797 447 AUGUSTINI

2204 503 2425 571 addidit,
2452 506 2657 573 dicens,
2690 506 2751 563 Si
2789 508 2860 563 vis
2885 509 3135 579 perfectus
3172 526 3300 578 esse,
3329 512 3476 580 vade,
3503 517 3663 572 unde
3688 532 3816 571 ous-

2202 599 2286 648 nia
2309 611 2423 665 quat
2450 598 2600 652 habes
2620 639 2634 663 ,
2662 608 2710 652 et
2738 599 2807 652 da
2833 600 3139 670 pauperibus
3157 643 3173 670 ,
3204 610 3252 657 et
3272 602 3476 659 habebis
3502 607 3812 661 thesaurum

2199 689 2254 742 in
2273 687 2437 755 creto;
2467 699 2514 743 et
2542 691 2673 759 veni,
2703 708 2906 762 sequere
2930 709 3009 747 me
3038 692 3253 761 (Matth.
3278 712 3390 764 xix,
3419 696 3640 768 16-21);
3665 698 3813 755 aedi-

2201 782 2383 837 ticaret
2409 796 2571 853 super
2591 784 2720 839 illud
2748 784 3185 852 fundamentum,
3229 802 3421 844 aurum
3442 830 3458 857 ,
3491 799 3809 861 argentum,

2199 872 2403 942 lapides
2431 875 2694 944 pretiosns
2721 893 2734 932 :
2765 891 2875 931 non
2904 878 3047 933 enim
3068 880 3328 949 cogitaret
3351 920 3367 943 ,
3395 881 3501 936 nisi
3525 898 3643 952 quae
3672 892 3813 938 sunt

2200 963 2311 1028 Dei,
2339 965 2607 1035 quomodo
2636 967 2871 1036 placeret
2892 968 3036 1035 Deo;
3068 978 3122 1024 et
3150 970 3232 1025 hie
3264 972 3616 1042 cogitationes
3640 984 3808 1038 sunt,

2194 1065 2447 1123 quantum
2465 1057 2738 1125 existimo,
2761 1071 3286 1131 aurum,argcntum,
3312 1062 3515 1132 lapides
3538 1064 3803 1133 pretiosi.

2195 1147 2370 1203 Porro
2397 1148 2443 1204 si
2472 1150 2615 1205 circa
2637 1150 2858 1206 divitias
2880 1167 3006 1207 suas
3034 1153 3233 1208 carnali
3254 1152 3484 1224 quodam
3515 1162 3806 1209 teneretur

2198 1237 2412 1304 atl‘ectu,
2437 1242 2680 1309 quamvis
2720 1256 2787 1296 ex
2824 1243 2903 1298 eis
2944 1244 3137 1301 multas
3163 1244 3536 1318 elecmosynas
3559 1245 3801 1313 faceret,

2194 1345 2292 1385 nec
2330 1330 2397 1385 ad
2436 1345 2530 1387 eas
2563 1332 2833 1403 augendas
2870 1334 3076 1392 fraudis
3111 1336 3310 1407 aliquid
3344 1338 3656 1408 rapiamque
3679 1354 3807 1393 mo-

2190 1422 2405 1491 liretur,
2447 1434 2540 1480 aut
2576 1443 2761 1484 earum
2803 1430 3207 1486 minucndarum
3246 1431 3332 1487 vel
3370 1432 3802 1489 antittendarum

2186 1526 2333 1572 metu
2358 1520 2411 1573 in
2429 1519 2647 1590 aliquod
2668 1520 2877 1578 facinus
2893 1522 3220 1594 ﬂagitiumve
3242 1524 3801 1596 laberetur(alioquin

2180 1608 2289 1677 jam
2315 1624 2377 1664 se
2404 1609 2508 1665 isto
2536 1612 2697 1667 modo
2724 1613 2792 1668 ab
2818 1614 2957 1669 illius
2981 1613 3312 1669 fundamenti
3339 1614 3624 1671 stabilitate
3648 1617 3802 1672 sub-

2184 1698 2475 1772 traheret),
2503 1702 2597 1757 sed
2629 1712 2845 1774 propter
2869 1706 3163 1771 carnalem,
3192 1714 3249 1760 ut
3272 1705 3402 1770 dixi,
3426 1721 3583 1775 quem
3611 1708 3669 1762 in
3694 1708 3788 1763 eis

2183 1788 2404 1845 haberet
2432 1791 2701 1858 affectum,
2727 1809 2837 1865 quo
2859 1795 3050 1850 talibus
3071 1793 3224 1851 bouis
3243 1801 3361 1852 sine
3380 1796 3564 1851 dolore
3583 1812 3795 1853 carere

2181 1896 2286 1934 non
2317 1894 2527 1951 posset;
2570 1886 2861 1942 aadilicaret
2896 1903 3057 1957 super
3093 1886 3500 1943 fundamentum
3545 1888 3679 1942 illud
3718 1889 3799 1943 li-

2180 1986 2303 2041 gna,
2338 1974 2559 2041 fenum,
2591 1976 2840 2046 stipulam
2871 1994 2884 2030 :
2917 1980 3149 2035 maxime
3174 1979 3218 2033 si
3247 1988 3302 2034 et
3328 1994 3547 2034 uxorem
3579 1979 3659 2033 sic
3686 1978 3796 2033 ha-

2180 2066 2359 2132 beret,
2410 2078 2466 2122 ut
2502 2069 2663 2125 etiam
2692 2078 2907 2140 propter
2936 2071 3104 2140 ipsam
3126 2072 3384 2141 cogitaret
3408 2086 3471 2126 ea
3510 2087 3627 2142 quae
3652 2078 3797 2126 sunt.

2179 2159 2385 2226 mundi,
2414 2161 2682 2231 quomodo
2710 2162 2946 2232 placeret
2981 2164 3155 2217 uxori.
3183 2163 3308 2218 HCDC
3334 2163 3493 2233 igitur
3515 2164 3783 2233 quoniam

2177 2249 2373 2305 affectu
2426 2250 2622 2307 dilecta
2672 2252 2874 2307 carnali
2907 2268 3014 2308 non
3042 2253 3158 2309 sine
3207 2253 3396 2309 dolore
3442 2254 3789 2320 amittuntur,

2178 2352 2459 2412 propterea
2495 2344 2585 2413 qui
2626 2360 2688 2400 ea
2734 2345 2814 2401 sic
2864 2344 3083 2413 habent,
3121 2354 3181 2401 ut
3229 2345 3459 2400 habeant
3497 2344 3548 2398 in
3586 2342 3792 2399 funda-

2178 2446 2358 2493 mento
2401 2438 2561 2493 ﬁdem
2604 2454 2723 2509 qua:
2770 2453 2865 2509 per
2905 2438 3247 2494 dilectionem
3292 2447 3574 2507 operatur,
3603 2452 3790 2506 neque

2178 2530 2301 2586 huic
2332 2530 2433 2586 ista
2461 2531 2567 2585 ulla
2598 2532 2807 2586 ratione
2824 2532 2907 2586 vel
2923 2531 3213 2601 cupiditate
3238 2538 3575 2602 przeponant,
3606 2530 3660 2583 in
3688 2543 3789 2585 eo-

2178 2636 2294 2674 rum
2322 2621 2609 2676 amissione
2634 2622 2776 2691 passi
2806 2620 3186 2677 detrimentum
3206 2662 3220 2685 ,
3250 2636 3346 2691 per
3375 2622 3553 2691 ignem
3582 2635 3786 2689 quem-

2176 2712 2297 2767 dam
2327 2712 2530 2768 doloris
2551 2715 2870 2782 perveniunt
2896 2713 2961 2768 ad
2983 2713 3231 2768 salutem.
3258 2715 3301 2768 A
3341 2728 3449 2782 quo
3475 2712 3662 2767 dolore
3691 2721 3784 2766 at-

2176 2820 2281 2875 que
2303 2804 2624 2860 detrimento
2662 2813 2809 2861 tanto
2835 2813 2918 2859 est
2945 2805 3170 2874 quisque
3194 2803 3455 2865 securior,
3484 2812 3684 2872 quanto
3714 2816 3783 2857 ea

2176 2898 2260 2952 vel
2296 2898 2473 2953 minus
2501 2897 2783 2964 amaverit,
2816 2896 2897 2951 vel
2930 2905 3179 2967 tanquam
3205 2910 3312 2950 non
3340 2894 3544 2949 habens
3565 2892 3782 2948 habue-

2176 2989 2263 3043 rit.
2294 2989 2394 3057 Qui
2416 3005 2543 3044 vero
2572 2999 2789 3059 propter
2820 2989 2910 3044 illa
2956 2990 3041 3043 vel
3072 2987 3300 3043 tenenda
3341 2986 3423 3041 vel
3462 2986 3777 3055 adipiscen-

2174 3078 2262 3145 da,
2282 3080 2647 3143 homicidium,
2670 3080 3009 3142 adulterium,
3053 3079 3481 3143 fornicationem,
3528 3077 3765 3131 idolola-

2177 3171 2352 3234 triam,
2377 3179 2431 3225 et
2455 3171 2647 3226 similia
2667 3186 2892 3240 quicque
2911 3170 3262 3235 commiserit,
3287 3184 3391 3224 non
3415 3176 3633 3237 propter
3653 3166 3778 3221 fun-

2175 3260 2483 3316 damentum
2515 3276 2608 3330 per
2634 3262 2809 3331 ignem
2834 3261 3128 3316 salvabitur
3150 3302 3166 3327 ,
3208 3259 3305 3316 sed
3342 3258 3544 3315 amisso
3582 3258 3779 3313 funda-

2174 3359 2375 3417 mento,
2406 3362 2607 3407 ωιοιιιο
2640 3354 2759 3423 igne
2789 3353 3137 3422 torquebitur.

2242 3442 2331 3497 28.
2362 3442 2721 3509 Quamobrem
2756 3452 2809 3498 et
2859 3442 2988 3498 illud
3031 3442 3173 3513 quod
3212 3442 3416 3509 dicunt,
3448 3442 3609 3496 veluti
3638 3457 3775 3512 pro-

2176 3532 2302 3588 bare
2352 3534 2627 3602 cnpicntes
2664 3543 2921 3604 quantum
2950 3535 3125 3589 valeat
3172 3534 3283 3588 sola
3320 3534 3473 3600 ﬁdes,
3506 3533 3596 3589 ubi
3622 3538 3776 3605 Apo-

2174 3627 2342 3680 stolus
2383 3627 2533 3693 dicit,
2569 3627 2718 3693 Quod
2736 3628 2780 3681 si
2814 3628 3034 3696 inﬁdelis
3081 3628 3313 3691 discedit,
3351 3627 3623 3691 discedat;
3660 3644 3771 3681 non

2172 3732 2243 3773 est
2268 3721 2399 3774 enim
2423 3722 2646 3775 servituti
2681 3720 2933 3791 subjectus
2959 3721 3117 3790 frater
3150 3722 3227 3774 vel
3246 3737 3388 3775 soror
3408 3721 3462 3773 in
3488 3719 3767 3790 Itujusmo-

2172 3812 2264 3884 di(
2293 3812 2309 3866 l
2340 3812 2459 3868 Cor.
2513 3829 2608 3882 vu,
2640 3814 2707 3869 15
2727 3814 2779 3885 );
2814 3814 2865 3869 id
2887 3822 2990 3881 est,
3036 3824 3094 3869 ut
3122 3824 3337 3883 propter
3381 3812 3538 3868 ﬁdem
3565 3811 3769 3867 Christi

2170 3906 2330 3961 etiam
2360 3908 2469 3976 ipsa
2498 3922 2633 3962 uxor
2652 3908 2883 3977 legitima
2912 3907 3165 3962 societate
3190 3905 3491 3975 conjuncta,
3520 3906 3639 3961 sine
3670 3905 3761 3959 ul-

2172 4000 2218 4054 la
2232 4000 2387 4070 culpa
2414 4001 2763 4069 relinquatur,
2794 4000 2839 4056 si
2882 4014 3003 4054 cum
3051 3999 3165 4053 viro
3196 3998 3512 4061 christiano,
3543 4004 3769 4066 propter

2171 4090 2275 4147 hoc
2310 4092 2431 4160 quia
2478 4088 2801 4146 christianus
2838 4098 2944 4155 est,
2995 4102 3309 4158 permanere
3358 4086 3765 4141 noluerit:non

2170 4180 2531 4237 attendunteo
2552 4179 2712 4236 modo
2736 4181 2877 4236 illam
2903 4179 3198 4234 rectissime
3215 4177 3429 4242 dimitti,
3453 4176 3497 4229 si
3520 4176 3635 4229 viro
3661 4190 3764 4228 suo

2171 4270 2332 4338 dicat,
2357 4270 2473 4327 Non
2502 4286 2597 4327 ero
2644 4286 2778 4325 uxor
2828 4282 2937 4336 tua,
2979 4270 3078 4324 nisi
3107 4269 3237 4323 mihi
3276 4268 3358 4322 vel
3385 4267 3454 4322 de
3479 4267 3764 4321 latrocinio

2170 4362 2379 4418 divitias
2408 4378 2683 4432 congeras.
2711 4362 2918 4416 antnisi
2948 4362 3103 4416 solita
3133 4358 3625 4427 lenocinia,qnibus
3649 4374 3756 4411 no-

2168 4464 2331 4511 stram
2350 4455 2563 4509 domum
2586 4454 3104 4524 transigebas,ctiam
3126 4451 3449 4507 christianus
3470 4463 3758 4514 exerceas;

2168 4555 2261 4601 aut
2287 4546 2330 4601 si
2358 4546 2482 4615 quid
2515 4545 2659 4600 aliud
2692 4546 2774 4599 vel
2819 4544 3173 4598 facinmosum
3214 4544 3298 4597 vel
3350 4541 3672 4611 ﬂagitiosum
3702 4540 3758 4595 in

2168 4640 2285 4695 viro
2309 4639 2584 4702 noverat‘,
2607 4653 2713 4707 quo
2734 4636 2995 4692 delectata
3033 4635 3117 4691 vel
3165 4633 3439 4689 libidinem
3474 4631 3753 4701 explebat,

2166 4730 2251 4785 vel
2273 4730 2478 4786 facilem
2526 4728 2722 4783 victum
2768 4727 3015 4790 habebat,
3049 4725 3133 4781 vel
3173 4726 3331 4779 etiam
3364 4722 3644 4778 incedebat
3664 4738 3759 4776 or-

2167 4822 2358 4877 natior.
2387 4822 2537 4879 Tunc
2564 4821 2705 4876 enim
2749 4822 2834 4875 ille
2861 4819 2947 4874 cui
3000 4818 3101 4873 hoc
3140 4833 3274 4871 uxor
3300 4816 3451 4883 dicit,
3478 4816 3525 4871 si
3553 4817 3760 4871 veraci-

2168 4923 2245 4969 ter
2272 4914 2381 4983 egit
2401 4912 2767 4981 pcenitcntiam
2823 4911 2892 4965 ab
2935 4910 3187 4980 operibus
3240 4909 3486 4974 mortuis,
3534 4908 3754 4979 quando

2163 5008 2388 5062 accessit
2449 5006 2515 5060 ad
2581 5004 2946 5073 Baptismum,
2998 5002 3264 5072 habetque
3306 5002 3359 5055 in
3405 5000 3754 5056 fundamento

2163 5097 2320 5153 ﬁdem
2355 5113 2471 5167 qua“:
2497 5111 2593 5166 per
2648 5096 2990 5150 dilectionem
3026 5101 3298 5164 operatur,
3348 5093 3535 5163 procul
3583 5092 3749 5146 dubio

2161 5192 2281 5261 plus
2302 5190 2567 5245 tenebitur
2586 5205 2767 5244 amore
2792 5188 2985 5243 divinae
3007 5187 3211 5258 gratim,
3236 5202 3392 5254 quam
3419 5185 3596 5239 carnis
3627 5200 3761 5237 nso—

2160 5285 2273 5349 τίω,
2297 5292 2352 5339 et
2378 5283 2671 5337 membrum
2702 5282 2841 5350 quod
2864 5296 2985 5334 eum
3013 5279 3354 5341 scandalizat,
3406 5278 3616 5332 fortiter
3636 5293 3750 5330 an.—

2160 5386 2325 5447 putat.
2351 5376 2750 5444 Quemcumque
2776 5383 2954 5430 autem
2996 5374 3046 5427 in
3071 5374 3168 5427 hac
3193 5370 3549 5441 diremptione
3589 5370 3743 5423 dolo-

2159 5484 2271 5523 rem
2297 5466 2474 5521 cordis
2527 5474 2745 5535 propter
2777 5466 3042 5520 carnalcm
3067 5463 3313 5518 allectum
3353 5460 3595 5530 conjugis
3625 5476 3746 5513 sus-

2159 5559 2362 5623 tinebit,
2393 5558 2494 5612 hoc
2533 5568 2613 5611 est
2654 5556 3029 5611 detrimentum
3072 5553 3212 5624 quod
3257 5552 3506 5622 patietur,
3547 5551 3632 5605 hic
3660 5561 3741 5603 est

2157 5652 2293 5722 ignis
2319 5666 2413 5719 per
2432 5665 2590 5719 quem
2623 5648 2743 5703 feno
2763 5648 2983 5701 ardente
3008 5648 3121 5715 ipse
3142 5647 3451 5701 salvabitur.
3476 5644 3533 5698 Si
3562 5652 3744 5697 autem

2152 5743 2258 5813 jam
2289 5734 2373 5796 sic‘
2397 5742 2622 5794 habebat
2674 5756 2892 5792 uxorem
2938 5750 3183 5801 tanquam
3216 5753 3322 5793 non
3374 5736 3597 5802 habens,
3633 5751 3736 5789 non

2235 5833 2250 5863 ⁸
2277 5835 2527 5881 ttcmcnsis
2550 5839 2650 5892 .‘vts.,
2674 5830 2824 5881 t‘irum
2849 5845 2988 5893 agere
3010 5836 3215 5879 noverat.
