4072 6510
248 415 356 473 ΞΠ

244 539 470 601 propter
492 521 1006 596 concupiscentiam,
1033 519 1129 575 sed
1155 526 1373 590 propter
1393 515 1839 578 misericordiam,

250 638 320 676 ne
350 621 488 674 forte
510 633 629 674 eam
660 616 862 671 salvam
916 613 1135 679 faceret,
1170 611 1402 666 reddens
1456 609 1632 679 potius
1683 624 1844 679 quam

245 716 476 783 exigens
506 710 746 766 debitum
771 707 1085 777 conjugale;
1118 704 1357 774 profecto
1380 717 1478 757 nec
1505 702 1706 756 dolebit
1727 716 1847 756 car-

247 807 645 867 ωιίιρηειιιιι
691 802 759 857 ab
808 801 898 854 illo
935 800 1038 855 tale
1089 796 1416 852 connubinm
1469 794 1843 864 separabitur:

248 914 424 968 neque
445 895 589 952 enim
612 896 664 949 in
696 910 757 950 ea
791 896 806 926 ι
834 893 1120 963 cogitabat,
1149 891 1250 946 nisi
1278 905 1399 961 quae
1422 898 1546 945 sunt
1571 888 1685 955 Dei,
1713 902 1848 957 quo-

247 990 410 1044 modo
462 990 698 1060 placeret
734 985 1044 1057 Deo(1bid.
1091 984 1331 1055 29-54).
1380 983 1459 1039 Ac
1497 998 1593 1052 per
1640 981 1743 1036 hoc
1792 980 1844 1034 in

246 1092 508 1153 quantum
550 1096 770 1147 aurum,
803 1087 1102 1149 argentum,
1131 1085 1186 1133 et
1227 1076 1429 1147 lapides
1456 1074 1720 1146 pretiosos
1741 1071 1847 1128 illis

244 1173 662 1244 cogitationibus
706 1169 1187 1241 supertedilicabat,
1236 1169 1291 1224 in
1322 1178 1525 1224 tantum
1553 1167 1846 1224 detrimen-

247 1274 361 1318 tum
394 1264 597 1319 nullum
630 1272 923 1331 pateretur,
952 1262 1003 1317 in
1022 1270 1224 1315 tantum
1259 1260 1375 1331 ejus
1403 1268 1696 1329 structura,
1724 1276 1843 1331 qua:

243 1374 357 1413 non
389 1367 504 1413 erat
530 1359 701 1420 fenca.
736 1357 884 1411 nullo
913 1354 1159 1411 incendio
1184 1362 1537 1410 cremaretur.

316 1449 552 1504 9.9.Sive
576 1463 705 1517 ergo
727 1447 778 1500 in
809 1447 907 1500 hac
945 1453 1149 1500 tantum
1180 1445 1285 1500 vita
1323 1444 1424 1500 ista
1468 1443 1713 1499 homines
1738 1457 1841 1513 pa-

243 1542 475 1608 tiuntur,
525 1542 638 1595 sive
669 1540 830 1595 etiam
873 1548 995 1609 post
1046 1538 1183 1593 hanc
1227 1537 1390 1592 vitam
1440 1537 1563 1591 talia
1598 1536 1842 1606 quendam

239 1632 443 1702 judicia
493 1633 911 1703 subsequuntur,
946 1644 1051 1684 non
1080 1629 1355 1695 abhorret,
1407 1638 1663 1700 quantum
1703 1628 1842 1682 arbi-

242 1737 380 1790 tror,
411 1741 443 1779 a
469 1726 680 1780 ratione
730 1725 968 1780 veritatis
1011 1724 1114 1779 iste
1139 1722 1440 1778 intellectus
1470 1721 1688 1791 hujusce
1715 1735 1841 1775 scn-

241 1820 448 1873 lentim.
479 1817 859 1873 Verumtamen
895 1816 1055 1871 etiam
1083 1815 1127 1869 si
1155 1824 1238 1869 est
1263 1814 1422 1880 alius,
1452 1815 1541 1883 qui
1569 1812 1697 1866 mihi
1729 1827 1833 1867 non

238 1910 500 1976 occurrit,
523 1910 697 1979 potius
741 1908 1051 1978 eligendus;
1079 1907 1237 1962 istum
1285 1906 1539 1977 quamdiu
1572 1915 1836 1969 tenemus,

240 2018 349 2057 non
378 2004 622 2072 cogimur
649 2002 830 2057 dicere
886 1999 1094 2070 injustis
1113 2039 1130 2065 ,
1160 2015 1265 2053 non
1296 1998 1542 2061 subditis,
1576 1997 1838 2063 scelestis,

237 2095 641 2157 contaminatis,
694 2092 988 2163 parricidis,
1033 2090 1348 2157 matricidis,
1401 2089 1701 2155 homicidis,
1735 2088 1842 2143 for-

241 2186 594 2249 nicatoribus,
644 2186 999 2239 masculorum
1040 2183 1498 2243 concubitoribns,
1544 2180 1837 2252 plagiariis,

242 2276 608 2343 mendacibus,
630 2276 877 2347 pcrjnris,
896 2286 949 2330 et
987 2275 1033 2329 si
1061 2275 1185 2351 quid
1234 2274 1375 2329 aliud
1404 2288 1547 2328 sane
1582 2273 1841 2328 doctrinae

237 2368 579 2432 adversatur,
614 2383 735 2436 qua:
765 2375 845 2421 est
900 2365 1194 2420 secundum
1251 2364 1601 2435 Evangelium
1656 2361 1840 2435 gloria:

239 2458 382 2512 beati
410 2458 500 2513 Dei
537 2460 591 2529 (l
627 2456 757 2511 Tim.
779 2473 813 2521 ι,
859 2457 981 2512 9-H
1012 2457 1065 2527 ):
1094 2456 1151 2512 Si
1203 2455 1569 2510 tantummodo
1596 2455 1648 2510 in
1676 2454 1839 2511 Chri-

237 2556 385 2601 stum
413 2548 667 2612 credatis,
715 2557 769 2602 et
822 2555 1215 2602 sacramentum
1262 2545 1666 2617 Baptismicjus
1693 2545 1838 2600 acci—

240 2642 423 2710 piatis,
454 2642 659 2695 etiamsi
692 2641 851 2695 vitam
882 2641 1036 2695 istam
1067 2639 1356 2711 pessimam
1406 2654 1513 2694 non
1542 2637 1837 2694 mutaveri-

240 2735 333 2795 tis,
366 2734 494 2786 salvi
524 2734 694 2787 eritis.
1006 2718 1007 2721 ‘

314 2825 407 2879 '50.
436 2823 583 2879 Unde
611 2839 711 2878 nec
742 2823 827 2877 illa
856 2822 1008 2878 nobis
1052 2823 1247 2878 mulier
1268 2822 1571 2878 Chanancca
1593 2823 1840 2893 praescri-

236 2915 344 2979 bit,
371 2915 491 2983 quia
523 2914 777 2967 Dominus
805 2912 855 2968 ei
898 2913 1041 2984 quod
1095 2914 1309 2984 petebat
1358 2912 1528 2980 dedit,
1565 2928 1686 2969 cum
1713 2919 1840 2968 ante

234 3008 482 3067 dixisset,
515 3004 632 3059 Non
662 3014 735 3059 est
763 3005 947 3059 bonum
974 3006 1149 3060 tollere
1169 3022 1348 3076 panem
1374 3004 1620 3076 ﬁliorum,
1648 3013 1694 3058 et
1718 3005 1838 3058 mit-

233 3107 346 3151 tere
364 3098 569 3151 canibus
591 3112 611 3161 ;
640 3096 761 3168 quia
794 3097 880 3151 ille
895 3096 1363 3167 cordisinspector
1390 3106 1649 3152 mutatam
1680 3096 1833 3162 vidit,

233 3189 457 3259 quando
483 3188 733 3242 laudavit.
757 3188 824 3242 Et
850 3187 970 3243 ideo
994 3203 1098 3241 non
1128 3187 1222 3255 ait,
1272 3187 1315 3243 Ο
1336 3189 1507 3255 canis,
1537 3203 1726 3258 magna
1754 3196 1837 3242 est

237 3282 376 3335 fides
410 3290 495 3333 tua
522 3282 535 3333 l
559 3280 675 3346 sed,
714 3278 758 3333 0
784 3281 982 3345 mulier,
1007 3296 1192 3350 magna
1233 3287 1308 3334 est
1336 3280 1463 3349 ﬁdes
1488 3280 1606 3349 tua(
1640 3278 1835 3333 Matth.

235 3386 338 3437 xv,
360 3370 453 3436 26,
483 3370 553 3425 28
582 3370 601 3441 )
630 3371 642 3424 !
670 3369 884 3424 Mutavit
914 3370 1254 3438 vocabulum,
1286 3370 1412 3440 quia
1462 3380 1722 3425 mutatum
1754 3370 1837 3424 vi-

232 3464 320 3517 dit
369 3462 639 3527 allcctum,
694 3473 854 3533 atque
893 3463 1034 3517 illam
1069 3465 1462 3533 correptionem
1492 3464 1557 3519 ad
1608 3464 1837 3520 fructum

236 3556 553 3627 pervenisse
607 3557 878 3625 cognovit.
921 3556 1082 3610 Miror
1110 3567 1288 3611 autem
1319 3557 1363 3612 si
1396 3556 1637 3611 laudaret
1671 3558 1721 3610 in
1770 3572 1837 3611 ea

236 3650 404 3703 ﬁdem
436 3650 551 3703 sine
594 3650 882 3717 operibus;
931 3649 982 3703 id
1022 3657 1126 3716 est,
1173 3647 1332 3703 fidem
1362 3664 1468 3703 non
1521 3649 1678 3703 talem
1718 3664 1839 3718 qua!

227 3744 349 3812 jam
380 3758 473 3811 per
497 3743 835 3796 dilectionem
874 3750 1055 3811 posset
1080 3743 1313 3811 operari,
1346 3742 1503 3796 fidem
1551 3750 1836 3809 mortuam,

232 3846 291 3891 ot
326 3835 468 3905 quod
498 3835 730 3889 Iacobus
779 3835 961 3890 dicere
991 3835 1210 3889 minime
1234 3835 1513 3901 dubitavit,
1543 3834 1700 3889 fidem
1730 3850 1836 3890 non

230 3928 672 3984 Christianorum
706 3972 720 3992 ,
766 3929 860 3983 sed
903 3929 1229 3984 daemonum.
1272 3929 1550 3984 Postremo
1592 3930 1639 3985 si
1682 3931 1837 3984 istam

229 4022 598 4078 Chananzeam
636 4024 823 4077 nolunt
862 4023 1158 4093 intelligere
1186 4031 1422 4079 mutasse
1440 4023 1677 4093 perditos
1717 4038 1839 4079 mo-

231 4130 350 4177 res,
377 4115 590 4185 quando
606 4131 724 4171 eam
762 4115 1010 4170 Christus
1041 4116 1436 4171 contemnendo
1464 4126 1518 4172 et
1541 4116 1839 4187 corripien-

228 4208 311 4263 do
361 4207 633 4279 redarguit
662 4225 677 4263 :
706 4222 1067 4277 quoscumque
1116 4208 1417 4262 invenerint
1462 4210 1837 4263 tantummodo

228 4300 500 4365 credere,
554 4302 717 4354 vitam
761 4316 887 4355 vero
932 4301 1409 4371 inquinatissimam
1436 4343 1451 4369 ,
1508 4316 1609 4356 nec
1648 4302 1835 4355 saltem

228 4393 532 4456 occultare,
560 4392 655 4447 sed
672 4392 831 4447 etiam
861 4392 1026 4448 libere
1041 4392 1300 4463 proﬁteri,
1322 4408 1386 4447 ac
1409 4393 1552 4447 nolle
1584 4402 1833 4458 mutare;

228 4496 432 4541 sancnt
461 4483 599 4539 filios
625 4499 836 4549 eorum,
865 4485 910 4540 si
955 4494 1196 4555 possunt,
1248 4486 1385 4540 sicut
1413 4495 1595 4541 sanata
1622 4486 1705 4541 est
1732 4486 1835 4541 lilia

227 4575 561 4631 Chananmze
588 4575 861 4641 mulieris;
886 4592 990 4630 non
1021 4586 1197 4631 tamen
1239 4592 1335 4632 eos
1374 4576 1572 4632 faciant
1597 4578 1836 4633 membra

227 4666 463 4734 Christi,
492 4681 613 4721 cum
648 4666 746 4737 ipsi
773 4681 893 4722 esse
913 4682 1018 4721 non
1042 4667 1290 4723 desinant
1327 4668 1565 4723 membra
1587 4670 1837 4724 meretri-

227 4760 337 4815 cis.
372 4757 506 4813 Illud
546 4773 679 4813 sane
709 4773 813 4812 non
841 4759 1073 4815 absurde
1099 4759 1420 4831 intelligunt,
1446 4775 1571 4815 eum
1615 4775 1837 4831 peccare

232 4852 292 4906 in
318 4850 576 4921 Spiritum
607 4860 871 4916 sanctum,
921 4860 975 4905 et
1000 4865 1120 4906 csse
1146 4851 1263 4907 sine
1289 4854 1442 4906 venia
1472 4868 1621 4908 reum
1649 4854 1835 4909 mtcrni

230 4946 463 5016 rcccati,
495 4946 583 5015 qui
616 4960 784 5015 usque
825 4945 877 4998 in
928 4945 1085 4998 linem
1110 4946 1231 4999 vitae
1280 4946 1511 5001 noluerit
1538 4947 1760 5001 credere
1783 4948 1834 5001 in

230 5036 514 5091 Christum
545 5055 559 5091 :
586 5036 680 5091 sed
703 5036 747 5090 si
773 5046 918 5092 recte
949 5036 1326 5107 intelligerent,
1368 5038 1493 5109 quid
1522 5040 1591 5093 sit
1617 5039 1837 5094 credere

231 5127 289 5183 in
330 5127 633 5183 Christum.
672 5127 788 5182 Non
827 5129 970 5182 enim
1020 5127 1121 5182 hoc
1163 5139 1245 5184 est
1286 5130 1481 5185 habere
1530 5130 1835 5186 daemonum

233 5220 423 5283 ﬁdem,
452 5235 573 5288 qua:
603 5228 748 5272 recte
786 5228 992 5273 mortua
1038 5220 1382 5288 perhibetur;
1411 5224 1504 5277 sed
1537 5222 1694 5277 fidem
1717 5239 1836 5293 qua:

231 5326 333 5381 per
361 5309 704 5365 dilectionem
736 5322 1005 5379 operatur.

304 5401 538 5457 CAPUT
577 5400 740 5455 XVII.
771 5402 947 5457 —3I.
991 5402 1355 5474 Argumentum
1397 5408 1590 5475 frustra
1631 5405 1837 5461 ductum

232 5510 297 5547 ea:
323 5491 585 5562 parabolis
635 5493 949 5547 zizaniorum
977 5503 1025 5549 et
1059 5495 1395 5549 adductorum
1438 5498 1506 5549 ad
1551 5498 1833 5552 convivium

233 5603 329 5655 pro
351 5586 621 5639 obstinatis
662 5585 717 5638 in
758 5596 962 5656 peccato
1011 5586 1336 5641 admittendis
1366 5587 1433 5640 ad
1482 5586 1821 5659 Baptismum.

235 5679 537 5734 Snuilitudo
585 5679 718 5733 servi
746 5680 957 5733 nolentis
991 5697 1199 5751 erogare
1241 5681 1484 5735 talentum
1511 5682 1579 5734 ad
1603 5682 1833 5736 eamdem

244 5878 251 5884 _
300 5815 315 5845 ¹
354 5821 427 5865 Sic
447 5822 550 5864 ηδε.
578 5819 636 5862 At
662 5812 799 5872 editi,
825 5811 912 5864 tali
929 5813 1150 5878 ratijugio
1172 5816 1471 5879 srpumbilur
1504 5830 1689 5880 :uequc
1712 5816 1839 5867 cnim

234 5892 287 5927 III
304 5891 376 5926 ('0.

1674 399 1874 456 LIBER
1915 397 2112 455 UNUS.

3445 411 3550 470 2I8

1958 529 2066 567 rem
2090 513 2305 570 inutilis.
2345 513 2475 586 Qua:
2523 533 2644 575 cum
2687 520 2759 576 ita
2784 521 2915 591 sint,
2944 523 3156 594 quando
3183 524 3316 582 tales
3341 525 3410 582 ad
3440 527 3541 582 Ba-

1956 606 2209 677 ptismum
2258 624 2364 663 non
2405 609 2757 678 admittimus,
2804 630 2908 669 non
2936 624 3058 669 ante
3088 626 3297 688 tempus
3339 616 3541 673 zizania

1955 700 2185 755 evellere
2207 716 2485 771 conamur,
2520 703 2614 759 sed
2642 706 2889 761 nolumus
2918 708 3156 779 insuper,
3187 710 3325 765 sicut
3347 712 3529 765 diabo~

1955 793 2056 857 lus,
2086 794 2287 850 zizania
2315 796 2582 852 seminare
2613 814 2626 851 :
2658 811 2756 853 nec
2782 798 2852 853 ad
2874 797 3144 855 Christum
3174 801 3417 857 volentes
3447 816 3531 856 ve.

1955 886 2069 940 nire
2092 886 2456 955 prohibemus,
2487 888 2580 942 sed
2608 903 2703 944 eos
2750 888 2820 944 ad
2847 888 3119 946 Christum
3144 894 3328 949 venire
3372 892 3541 956 nolle,

1955 976 2067 1046 ipsa
2094 991 2189 1032 sua
2212 977 2545 1047 professione
2573 980 2976 1036 convincimus:
3000 998 3099 1037 nec
3118 994 3359 1038 vetamus
3385 982 3535 1039 Chri~

1952 1077 2036 1124 sto
2063 1069 2306 1137 credere,
2332 1069 2428 1125 sed
2445 1069 2873 1127 dcmoustramus
2896 1088 2989 1129 eos
3018 1074 3159 1130 nolle
3179 1072 3390 1129 Christo
3409 1090 3532 1131 cre-

1952 1158 2101 1223 dere,
2133 1159 2222 1229 qui
2271 1158 2352 1214 vel
2382 1158 2700 1215 adulterium
2730 1160 2917 1216 dicunt
2959 1178 3066 1217 non
3099 1177 3219 1219 esse
3262 1163 3404 1234 quod
3450 1165 3542 1221 ille

1951 1243 2267 1305 adulterium
2293 1250 2424 1307 dicit
2443 1266 2584 1317 esse,
2602 1251 2683 1307 vel
2697 1251 2917 1308 credunt
2940 1252 3210 1310 adulteros
3237 1255 3355 1328 ejus
3371 1271 3543 1311 mem-

1951 1341 2046 1396 bra
2068 1357 2224 1412 posse
2248 1358 2388 1411 esse,
2411 1360 2546 1415 quos
2567 1360 2664 1415 per
2687 1345 3000 1414 Apostolum
3022 1346 3150 1402 dicit
3177 1364 3398 1418 regnum
3434 1349 3533 1404 Dei

1951 1450 2058 1491 non
2082 1436 2373 1507 possidere,
2400 1447 2455 1494 et
2507 1453 2653 1494 sana}
2702 1439 2961 1495 doctrina:
2988 1440 3279 1505 adversari,
3313 1457 3430 1512 qua:
3457 1452 3538 1497 est

1949 1528 2240 1583 secundum
2288 1530 2631 1601 Evangelium
2681 1531 2866 1601 gloriae
2906 1531 3049 1586 beati
3091 1532 3205 1587 Dei.
3252 1531 3404 1588 Unde
3433 1548 3538 1587 non

1948 1626 2074 1673 sunt
2129 1619 2214 1673 isti
2269 1619 2409 1675 inter
2456 1636 2551 1676 eos
2604 1621 2926 1691 deputandi,
2960 1621 3054 1693 qui
3118 1622 3184 1677 ad
3234 1624 3539 1676 cnnvivium

1952 1710 2255 1779 nuptiarum
2291 1722 2595 1779 venerunt;
2626 1713 2719 1769 sed
2741 1714 2878 1769 inter
2908 1729 3003 1769 eos
3019 1715 3108 1783 qui
3140 1715 3322 1769 venire
3351 1716 3536 1769 nolue«

1950 1810 2092 1855 runt.
2124 1800 2258 1856 Cum
2295 1801 2438 1857 enim
2472 1803 2571 1874 ipsi
2598 1803 2854 1860 doctrinae
2897 1804 3097 1860 Christi
3138 1805 3337 1861 audent
3375 1822 3536 1875 aper-

1950 1893 2153 1950 tissime
2220 1896 2626 1965 contradicere,
2673 1907 2727 1954 et
2788 1909 2974 1953 sancto
3024 1899 3296 1954 adversari
3362 1901 3537 1955 Evan~

1946 1987 2089 2056 gelio
2114 2027 2129 2052 ,
2154 2004 2258 2042 non
2315 1990 2590 2045 venientes
2636 1990 3005 2059 repelluntur,
3045 1991 3141 2046 sed
3186 1993 3368 2046 venire
3407 2007 3540 2047 con-

1949 2088 2212 2133 temnunt.
2244 2078 2344 2145 Qui
2389 2090 2564 2135 autem
2608 2082 2805 2136 saeculo
2864 2082 3053 2137 saltem
3108 2084 3303 2148 verbis,
3322 2082 3535 2137 etiamsi

1949 2185 2054 2223 non
2124 2170 2317 2236 laetis,
2360 2174 2666 2228 renuntiant
2697 2215 2713 2242 ,
2768 2174 2990 2229 veniunt
3041 2176 3304 2244 quidem,
3351 2184 3405 2230 et
3453 2177 3537 2229 in-

1947 2271 2031 2318 ter
2073 2262 2306 2318 triticum
2343 2264 2671 2320 seminantur
2701 2306 2715 2331 ,
2748 2274 2803 2321 ct
2837 2266 2891 2320 in
2941 2282 3120 2321 aream
3151 2274 3535 2335 congeruntur,

1946 2364 2002 2409 et
2047 2356 2236 2410 ovibus
2292 2365 2665 2427 aggregantur,
2706 2367 2761 2412 et
2813 2357 2945 2413 retia
2995 2357 3265 2423 subeunt,
3298 2367 3352 2412 et
3407 2372 3541 2412 cono

1948 2453 2244 2508 vivautibus
2294 2452 2692 2518 admiscentur;
2731 2453 2827 2508 sed
2880 2452 3025 2509 intus
3056 2454 3169 2508 sive
3209 2452 3428 2518 lateant,
3460 2452 3540 2507 si-

1943 2559 2011 2600 ve
2067 2554 2308 2615 pareant,
2346 2554 2473 2601 tunc
2497 2544 2599 2601 erit
2641 2547 2775 2600 ratio
2800 2545 3061 2601 tolerandi
3088 2547 3132 2600 si
3161 2554 3396 2616 potestas
3413 2545 3536 2600 nul-

1946 2639 1997 2694 la
2020 2648 2104 2695 est
2131 2639 2454 2710 corrigendi,
2510 2654 2609 2694 nec
2636 2638 2795 2694 debet
2818 2653 2940 2694 esse
2989 2639 3337 2710 praesumptio
3371 2653 3534 2706 sepa-

1944 2729 2118 2785 randi.
2141 2730 2485 2786 Absitautem
2517 2730 2675 2785 utsic
2698 2730 3059 2800 intelligamus
3080 2729 3222 2799 quod
3268 2730 3532 2800 scriptum

1945 2831 2048 2889 est,
2074 2821 2141 2877 ad
2175 2823 2479 2878 convivium
2514 2822 2818 2891 nuptiarum
2860 2821 3138 2887 adductos,
3165 2838 3290 2894 quos
3334 2821 3538 2875 iuvenc-

1943 2926 2061 2971 runt
2077 2916 2232 2971 bonas
2256 2924 2301 2971 et
2327 2915 2507 2987 malos(
2518 2914 2705 2970 Matth.
2729 2931 2859 2982 χχιι,
2886 2914 3065 2986 2-10),
3094 2923 3153 2971 ιιι
3171 2929 3266 2971 eos
3284 2914 3540 2970 adduxis-

1945 3023 2007 3064 se
2033 3008 2339 3075 credantur,
2384 3008 2477 3078 qui
2506 3022 2567 3063 se
2619 3008 2791 3063 malos
2821 3015 3259 3077 perseveraturos
3304 3006 3535 3079 professi

1944 3109 2087 3155 sunt.
2124 3101 2370 3170 Alioquin
2396 3100 2494 3170 ipsi
2514 3100 2654 3155 servi
2675 3099 3070 3170 patrisfamilias
3083 3101 3285 3155 zizania
3303 3101 3539 3155 semina-

1944 3200 2156 3256 verunt,
2189 3191 2486 3261 falsumque
2532 3192 2635 3246 erit
2679 3190 2827 3246 illud.
2855 3190 3102 3247 Inimicus
3140 3201 3308 3246 autem
3362 3191 3451 3262 qui
3476 3207 3539 3245 ea

1946 3284 2239 3352 seminavit,
2269 3284 2500 3339 diabolus
2525 3294 2595 3339 est
2622 3283 2641 3355 (
2672 3282 2758 3337 Id.
2788 3299 2881 3338 xm
2903 3326 2917 3350 ,
2964 3283 3034 3339 59
3066 3282 3106 3353 ).
3137 3282 3243 3338 Sed
3279 3283 3405 3353 quia
3438 3283 3540 3337 hoc

1945 3374 2136 3431 falsum
2161 3391 2280 3431 esse
2310 3392 2414 3430 non
2437 3384 2633 3446 potest,
2659 3374 3141 3430 adduxeruntscrvi
3167 3374 3325 3428 bonos
3353 3384 3399 3427 et
3424 3391 3537 3427 mu-

1944 3471 2042 3537 los,
2063 3472 2176 3525 sive
2220 3471 2309 3540 qui
2346 3471 2593 3535 laterent,
2617 3468 2732 3524 sive
2768 3469 2859 3539 qui
2899 3468 3007 3538 jam
3038 3467 3274 3535 adducti,
3299 3475 3354 3523 et
3375 3467 3545 3522 intro-

1945 3562 2092 3616 missi
2136 3569 2495 3631 apparcrent;
2533 3561 2646 3615 sive
2687 3558 2843 3613 bonos
2893 3568 2940 3613 et
2997 3558 3160 3613 malos
3204 3558 3408 3613 dictum
3456 3567 3541 3615 cst

1945 3652 2237 3708 Secundum
2287 3651 2571 3722 quamdam
2629 3650 2916 3704 humanam
2970 3651 3453 3714 conversationem,
3486 3650 3541 3707 in

1946 3759 2046 3814 qua
2064 3743 2223 3798 etiam
2271 3742 2304 3797 ii
2333 3743 2421 3812 qui
2457 3740 2691 3795 nondum
2717 3738 3085 3804 crediderunt,
3113 3740 3197 3795 vel
3233 3738 3436 3794 laudari
3452 3741 3539 3797 vel

1944 3835 2234 3905 vituperari
2261 3836 2454 3889 solent.
2480 3832 2634 3888 Unde
2658 3832 2915 3888 estctiam
2942 3840 2998 3888 et
3035 3831 3166 3886 illud
3194 3832 3335 3902 quod
3355 3832 3541 3887 Domi-

1945 3942 2045 3983 nus
2072 3934 2254 3981 monet
2301 3924 2611 3993 discipulos,
2657 3939 2794 3994 quos
2846 3923 2913 3977 ad
2968 3923 3309 3993 Evangelium
3344 3922 3542 3993 praedi-

1945 4018 2177 4074 candum
2206 4016 2451 4087 primitus
2474 4015 2657 4081 mittit,
2691 4024 2749 4070 ut
2797 4015 2850 4069 in
2880 4029 3271 4086 quamcumque
3296 4015 3544 4076 venerint

1944 4111 2211 4167 civitatem
2233 4150 2249 4176 ,
2277 4117 2519 4179 qumrant
2542 4107 2661 4177 quis
2689 4107 2795 4163 illic
2820 4106 3016 4177 dignus
3044 4106 3133 4173 sit,
3164 4116 3221 4162 ut
3243 4106 3384 4176 apud
3414 4122 3539 4163 eum

1946 4204 2205 4269 habitent,
2229 4202 2400 4257 donec
2427 4200 2551 4255 inde
2575 4200 3023 4273 proficiscantur(
3054 4199 3140 4254 Id.
3161 4217 3218 4269 x,
3248 4203 3309 4258 Il
3336 4199 3379 4272 ).
3411 4202 3542 4256 Pro-

1945 4297 2085 4353 fecto
2116 4297 2203 4351 ille
2230 4296 2424 4366 dignus
2452 4295 2573 4366 quis
2595 4295 2718 4359 erit,
2751 4294 2853 4351 nisi
2878 4295 2971 4366 qui
2998 4295 3393 4352 existimatione
3414 4311 3541 4350 suo-

1945 4409 2064 4448 rum
2113 4392 2309 4448 civium
2342 4391 2514 4447 bonus
2543 4391 2942 4449 liabchitur?et
2965 4394 3087 4465 quis
3116 4395 3397 4466 indiguus,
3433 4397 3539 4453 nisi

1944 4486 2033 4556 qui
2082 4485 2160 4541 eis
2207 4485 2381 4540 malus
2431 4485 2755 4541 innotuerit?
2786 4486 2863 4541 Ex
2907 4486 3010 4542 hoc
3063 4498 3290 4560 utroque
3340 4505 3542 4559 genere

1944 4577 2165 4632 veniunt
2186 4576 2253 4631 ad
2282 4574 2480 4631 Christi
2539 4575 2721 4642 fidem,
2750 4586 2805 4632 et
2852 4578 2931 4634 sic
2956 4579 3291 4636 adducuntur
3336 4582 3543 4641 boni-et

1944 4668 2070 4723 mali
2099 4685 2112 4722 :
2141 4668 2264 4739 quia
2291 4676 2347 4724 et
2394 4668 2470 4723 illi
2501 4669 2626 4723 mali
2654 4684 2682 4723 a
2726 4670 2950 4725 mortuis
2992 4672 3245 4741 operibus
3272 4674 3540 4743 poeniten-

1945 4762 2073 4817 tiam
2098 4779 2203 4819 non
2255 4772 2526 4820 recusant.
2572 4763 2627 4821 Si
2656 4775 2834 4819 autem
2885 4775 3155 4831 recusant,
3203 4783 3310 4821 non
3339 4768 3544 4824 intrare

1943 4856 2220 4925 cupientes
2245 4857 2594 4926 repelluntur,
2619 4856 2713 4912 sed
2735 4858 2802 4913 ab
2832 4857 3052 4914 introitu
3075 4858 3172 4928 ipsi
3201 4870 3387 4928 aperta
3403 4874 3538 4915 con-

1945 4947 2261 5004 tradictione
2289 4948 2589 5004 discedunt.

2016 5043 2105 5099 32.
2135 5043 2251 5098 Erit
2284 5057 2413 5113 ergo
2442 5053 2496 5099 et
2524 5057 2713 5099 servus
2743 5044 2830 5098 ille
2862 5057 3106 5101 securus.
3138 5056 3237 5099 nec
3284 5043 3424 5100 inter
3446 5045 3539 5117 pi-

1944 5150 2069 5205 gros
2094 5134 2454 5199 damnabitur,
2484 5133 2627 5205 quod
2651 5133 2983 5189 dominicum
3036 5133 3291 5188 talentum
3343 5137 3535 5192 nolue-

1947 5227 2017 5281 rit
2066 5242 2331 5296 erogare;
2363 5224 2792 5297 quaudoqnidem
2824 5224 2897 5278 illi
2927 5224 3216 5280 noluerunt
3238 5228 3379 5296 quod
3416 5245 3539 5284 ero-

1945 5320 2105 5389 gahat
2140 5320 2403 5388 accipere.
2455 5319 2682 5387 Propter
2731 5318 2850 5372 illos
2892 5318 3039 5373 enim
3076 5317 3192 5374 haec
3241 5321 3537 5377 similitudo

1948 5413 2215 5483 proposita
2240 5420 2340 5465 est.
2372 5409 2500 5483 (Id.
2535 5426 2664 5477 xxv,
2690 5409 2919 5484 14-50),
2949 5412 3041 5482 qui
3068 5412 3257 5466 nolunt
3295 5414 3537 5483 suscipe-

1947 5519 2007 5559 re
2058 5503 2111 5557 in
2153 5502 2389 5557 Ecclesia
2459 5501 2845 5571 dispensatoris
2899 5503 3158 5569 ollicinm,
3211 5503 3539 5560 desidiosam

1947 5593 2343 5666 prmtendcntes
2371 5595 2790 5660 excusationem,
2826 5596 2968 5651 nolle
2984 5610 3045 5651 se
3061 5596 3321 5653 rationein
3343 5597 3541 5652 redde-

1949 5702 2008 5742 re
2041 5686 2108 5741 de
2149 5686 2381 5757 peccatis
2418 5687 2642 5751 alienis;
2676 5689 2764 5758 qui
2809 5688 3033 5742 audiunt
3079 5696 3134 5743 et
3177 5702 3283 5741 non
3315 5688 3534 5752 faciunt,

1950 5781 2000 5835 id
2030 5791 2131 5841 est,
2160 5781 2490 5851 accipiuntct
2521 5797 2623 5835 non
2656 5782 2904 5837 reddunt.
2938 5780 3070 5836 Cum
3096 5795 3224 5835 vero
3252 5779 3539 5850 dispensa-

1955 5885 2034 5927 tut'
2067 5872 2236 5926 lidelts
2276 5884 2326 5928 et
2373 5874 2618 5944 diligens,
2676 5874 2728 5927 in
2758 5870 3027 5943 ct‘ogando
3072 5871 3459 5942 paratissimus,
3489 5879 3542 5925 et
