4072 6522
488 434 596 489 illi

494 551 764 601 lucrorum
799 531 1188 598 dominicorum
1236 535 1597 602 avidissimus,
1629 534 1758 588 dicit
1805 529 2068 594 adultero,

492 637 608 694 Noli
655 652 776 693 esse
824 635 1050 699 adulter,
1095 635 1137 688 si
1186 633 1266 686 vis
1310 628 1606 700 baptizari;
1638 625 1797 682 crede
1837 622 2073 686 Christo,

489 729 581 800 qui
619 733 723 783 hoc
763 727 906 799 quod
935 725 1067 782 facis
1093 724 1221 779 dicit
1247 737 1368 778 esse
1406 719 1748 786 adulterium,
1785 717 1832 772 si
1857 717 1937 770 vis
1986 715 2079 770 ba-

493 821 721 890 ptizari;
753 819 861 874 noli
890 833 1012 874 esse
1059 817 1358 872 membrum
1397 813 1714 877 meretricis,
1761 812 1807 868 si
1834 811 1914 864 vis
1955 808 2068 864 fieri

492 912 791 967 membrum
817 911 1012 966 Christi
1039 927 1056 963 :
1089 909 1182 964 ille
1198 918 1373 963 autem
1399 906 1707 977 respondet,
1725 904 1840 959 Non
1863 901 2076 966 obedio,

493 1020 599 1061 non
628 1004 763 1060 facio
788 1022 802 1058 :
835 1004 948 1075 ipse
961 1017 1066 1057 non
1090 1003 1200 1055 vult
1226 1015 1403 1055 veram
1433 997 1713 1069 pecuniam
1757 994 2078 1050 dominicam

491 1097 758 1168 accipere,
783 1097 876 1151 sed
903 1111 1053 1150 suam
1098 1095 1274 1164 potius
1310 1090 1659 1147 adulterinam
1688 1085 2082 1141 vultthesauris

491 1187 777 1243 dominicis
806 1188 1115 1256 importare.
1148 1185 1203 1240 Si
1226 1193 1404 1237 autem
1426 1197 1484 1237 sc
1510 1180 1770 1235 facturum
1794 1176 2080 1248 profitere-

495 1288 601 1347 tur,
623 1294 724 1335 nec
770 1277 988 1344 faceret,
1045 1291 1142 1331 nec
1185 1284 1370 1346 postea
1411 1272 1652 1342 quolibet
1680 1269 1839 1324 modo
1887 1266 2082 1334 corrigi

495 1379 714 1440 posset;
745 1369 1071 1424 inveniretur
1105 1365 1230 1436 quid
1252 1363 1320 1419 dc
1350 1364 1438 1418 illo
1467 1362 1637 1427 fieret,
1668 1375 1734 1414 ne
1761 1359 1880 1412 aliis
1906 1358 2076 1411 inuti-

497 1463 560 1517 lis
583 1471 748 1527 esset,
773 1460 862 1532 qui
882 1459 979 1514 sihi
1007 1458 1151 1513 utilis
1196 1471 1315 1510 esse
1359 1470 1464 1510 non
1494 1462 1674 1524 posset
1705 1469 1717 1505 :
1750 1459 1807 1504 ut
1849 1449 1893 1502 si
1946 1448 2082 1501 intra

497 1554 630 1608 retia
653 1552 859 1606 Domini
888 1550 1024 1604 bona
1054 1549 1212 1618 piscis
1244 1546 1414 1601 malus
1457 1552 1620 1609 esset,
1654 1557 1758 1595 non
1800 1551 1974 1594 tamen
2001 1537 2084 1608 pi-

497 1659 620 1700 sces
641 1642 849 1699 Domini
879 1642 961 1698 sui
1008 1641 1161 1696 tnalis
1183 1639 1384 1694 retibus
1408 1632 1669 1708 irrciiret‘,
1694 1635 1794 1688 hoc
1824 1641 1926 1696 est,
1954 1638 2012 1684 ut
2038 1630 2082 1684 si

498 1735 722 1792 haberet
746 1736 798 1789 in
829 1733 1062 1788 Ecclesia
1095 1733 1256 1786 vitam
1282 1730 1494 1796 malum,
1526 1742 1632 1782 non
1662 1735 1838 1778 tamen
1871 1721 1978 1776 illic
2001 1723 2084 1775 in-

496 1829 744 1883 stitueret
767 1826 1062 1881 doctrinam
1095 1824 1306 1877 malam.
1337 1822 1472 1876 Cum
1495 1821 1638 1875 enim
1662 1818 1797 1872 tales
1817 1817 1951 1870 facta
1981 1829 2080 1868 sua

499 1919 623 1973 talia
651 1918 960 1981 defendunt,
992 1917 1074 1971 vel
1105 1917 1154 1970 in
1179 1916 1256 1970 eis
1282 1930 1341 1969 se
1389 1921 1820 1983 perseveraturos
1856 1908 2083 1978 apertis-

497 2013 632 2066 sime
657 2014 966 2082 profitentes
992 2010 1340 2063 admittuntur
1359 2006 1424 2060 ad
1452 2006 1776 2075 Baptismum
1801 2018 1815 2068 ;
1849 2001 1976 2056 nihil
2009 2001 2086 2053 vi-

500 2103 658 2158 detur
685 2102 823 2156 aliud
875 2101 1149 2170 przrdicari
1176 2101 1216 2165 ¹,
1250 2099 1348 2152 nisi
1404 2097 1750 2151 fornicatores
1777 2102 1831 2148 et
1881 2092 2085 2147 adulte-

497 2211 588 2251 ros
615 2197 772 2251 etiam
796 2210 963 2264 usque
1015 2194 1068 2248 in
1118 2194 1240 2246 viL-e
1268 2191 1427 2259 hujus
1476 2189 1632 2243 linem
1667 2189 1716 2242 in
1748 2203 1808 2242 ea
1850 2185 2083 2254 nequitia

498 2293 912 2356 permanentes,
965 2299 1186 2354 regnum
1241 2283 1330 2336 Dei
1377 2294 1735 2351 possessuros,
1791 2286 1845 2332 et
1894 2277 2085 2331 merito

499 2376 642 2443 fidei,
669 2393 786 2446 quze
816 2375 930 2430 sine
959 2375 1209 2444 operibus
1249 2382 1452 2426 mortua
1482 2380 1583 2434 est,
1616 2369 1680 2422 ad
1726 2368 1885 2423 vitam
1931 2375 2084 2420 teter-

497 2483 620 2522 nam
655 2466 987 2536 salutemque
1015 2474 1290 2520 venturos.
1325 2463 1448 2517 litec
1477 2470 1601 2516 sunt
1627 2460 1763 2514 mala
1791 2459 1941 2522 retia,
1967 2472 2085 2527 qua:

495 2573 687 2613 cavere
734 2557 928 2612 debent
979 2557 1242 2626 praecipue
1292 2554 1584 2624 piscatores
1617 2570 1630 2605 :
1662 2551 1706 2606 si
1773 2559 1949 2605 tamen
1997 2549 2084 2602 illa

497 2647 801 2718 evangelica
851 2646 1197 2701 similitudine
1225 2646 1516 2714 piscatores
1554 2642 1811 2713 episcopi,
1839 2642 1922 2695 vel
1951 2640 2084 2695 infe-

496 2741 651 2794 rioris
667 2739 868 2793 ordinis
901 2738 1253 2792 Ecclesiarum
1279 2735 1545 2806 pl‘ﬂ‘ptlslll
1576 2733 1903 2803 intelligendi
1927 2743 2083 2797 sunt;

414 2890 418 2895 ,
497 2832 621 2900 quia
643 2831 840 2886 dictum
867 2839 969 2894 est,
1022 2828 1215 2894 Venite,
1261 2838 1308 2882 et
1337 2828 1524 2899 faciant
1566 2842 1652 2878 vos
1685 2825 1962 2896 piscatores
1989 2823 2085 2876 ho-

499 2923 691 2976 minum
718 2923 736 2992 (
767 2921 954 2974 Matth.
1005 2937 1081 2984 Iv,
1113 2921 1177 2974 19
1207 2918 1248 2991 ).
1302 2919 1523 2972 Retihus
1562 2917 1704 2970 enim
1759 2915 1921 2970 bonis
1967 2914 2087 2984 capi

499 3021 716 3083 possunt
750 3013 926 3082 pisces
947 3020 1000 3065 et
1038 3011 1162 3065 boni
1183 3020 1235 3065 et
1267 3009 1389 3063 mali
1421 3024 1436 3072 ;
1483 3008 1683 3062 retibus
1711 3016 1889 3061 autem
1934 3005 2088 3060 malis

497 3104 615 3172 rapi
649 3117 755 3156 non
797 3109 1022 3171 possunt
1048 3101 1218 3170 pisces
1262 3099 1404 3153 boni.
1448 3099 1709 3165 Quoniam
1747 3098 1798 3152 in
1845 3097 2087 3152 doctrina

501 3197 638 3247 bona
669 3203 723 3248 ct
747 3193 914 3246 bonus
943 3201 1116 3262 potest
1145 3205 1270 3247 esse
1297 3189 1385 3260 qui
1413 3189 1561 3244 audit
1611 3198 1666 3243 et
1693 3190 1832 3254 facit,
1873 3197 1929 3243 et
1969 3203 2087 3242 ma-

499 3285 581 3338 lus
611 3284 700 3354 qui
727 3283 873 3337 audit
912 3291 971 3338 et
1012 3298 1118 3337 non
1167 3281 1293 3336 facit
1325 3299 1337 3335 :
1369 3282 1421 3336 in
1468 3280 1709 3335 doctrina
1756 3295 1884 3334 vero
1926 3280 2082 3343 mala,

498 3386 554 3432 et
582 3378 672 3448 qui
699 3392 815 3432 eam
845 3392 1022 3432 veram
1055 3384 1222 3446 putat,
1241 3374 1484 3445 quamvis
1512 3374 1560 3428 ei
1589 3389 1691 3428 non
1723 3372 2084 3442 obtemperet,

501 3468 673 3520 malus
701 3475 812 3531 est;
843 3477 896 3520 et
931 3466 1020 3534 qui
1048 3465 1403 3534 obtemperat,
1429 3463 1579 3534 pejor
1604 3473 1708 3518 est.

569 3556 796 3612 CAPUT
823 3555 1170 3612 XVlll.—5'5.
1183 3554 1448 3610 Prohiberi
1463 3557 1740 3628 pertinaces
1759 3555 1920 3609 malos
1935 3573 1966 3608 α
1989 3554 2090 3608 Ba-

501 3651 680 3720 ptismo
725 3667 824 3704 non
851 3665 1054 3704 nouunt.
1105 3649 1232 3702 Illud
1273 3663 1402 3703 sane
1430 3649 1670 3703 mirabile
1698 3647 1958 3718 est,quod
1985 3647 2090 3701 fra-

501 3753 609 3798 tres
639 3743 726 3813 qui
753 3743 908 3796 aliter
931 3743 1138 3810 sapitmt
1163 3783 1177 3806 ,
1211 3757 1331 3795 cum
1361 3741 1591 3795 debeant
1617 3741 1683 3794 ab
1717 3742 1814 3795 ista
1844 3741 1924 3795 vel
1948 3757 2085 3796 nova

500 3833 582 3889 vel
613 3844 818 3898 vetere,
851 3834 1146 3902 perniciosa
1175 3840 1352 3886 tamen
1382 3831 1633 3901 opinione
1659 3831 1952 3898 discedere,
1986 3833 2084 3902 ipsi

499 3927 718 3998 insuper
741 3928 921 3983 dicunt
948 3944 1136 3982 novam
1164 3941 1285 3981 esse
1305 3926 1627 3993 doctrinam,
1649 3943 1750 3996 qua
1774 3929 2086 3998 nequissimi

501 4020 746 4075 homines
771 4021 823 4073 in
852 4019 962 4073 suis
1003 4018 1214 4089 flagitiis
1242 4033 1301 4072 se
1333 4027 1767 4088 perseveratur-os
1796 4018 1848 4072 in
1892 4034 2089 4088 propa-

500 4111 614 4164 tulo
672 4110 980 4179 proﬁtentes
1027 4127 1132 4164 non
1194 4109 1545 4163 admittuntur
1600 4108 1665 4162 ad
1712 4109 2085 4176 Baptismum:

503 4201 655 4270 quasi
687 4202 870 4255 nescio
897 4199 985 4254 ubi
1019 4201 1441 4270 pcregrinentur,
1465 4199 1679 4269 quando
1706 4202 2013 4254 meretrices
2037 4209 2090 4253 et

503 4292 789 4347 histriones
809 4333 823 4354 ,
854 4301 909 4346 et
945 4291 1167 4361 quilibet
1205 4289 1294 4344 alii
1324 4289 1548 4360 publicae
1593 4290 1934 4360 turpitudinis
1963 4305 2090 4360 pro-

503 4385 611 4439 fess
631 4401 756 4450 ires,
781 4386 880 4438 nisi
905 4386 1094 4440 solutis
1114 4394 1206 4438 aut
1228 4384 1483 4454 disruptis
1511 4385 1702 4439 talibus
1729 4385 1954 4439 vinculis
1973 4427 1988 4452 ,
2021 4384 2088 4438 ad

503 4477 792 4530 christiana
837 4487 1169 4531 sacramenta
1213 4491 1317 4530 non
1369 4477 1747 4546 permittuntur
1791 4477 2086 4543 accedere;

501 4569 592 4639 qui
617 4569 799 4638 utique
832 4569 1124 4623 secundum
1169 4569 1390 4623 istorum
1419 4569 1738 4623 sententiam
1779 4584 1967 4624 omnes
1991 4570 2084 4622 ad-

505 4661 876 4723 mitterentur,
911 4660 1009 4714 nisi
1032 4661 1305 4729 antiquum
1342 4669 1395 4715 et
1424 4659 1700 4714 robustum
1733 4676 1935 4716 morem
1961 4676 2088 4714 san-

499 4765 584 4805 cta
614 4750 851 4806 Ecclesia
875 4751 1128 4805 retineret
1150 4792 1164 4813 ,
1196 4768 1258 4804 ex
1289 4751 1372 4805 illa
1397 4751 1602 4806 scilicet
1632 4751 1977 4820 liquidissima
2001 4768 2090 4806 vc-

499 4846 656 4900 ritate
684 4845 1004 4905 venientem,
1036 4859 1140 4913 qua
1169 4852 1372 4899 certum
1407 4843 1581 4907 habet,
1602 4845 1841 4912 quoniam
1864 4846 1951 4917 qui
1966 4846 2091 4899 talia

498 4946 689 5005 agunt,
722 4952 932 5006 regnum
971 4933 1067 4988 Dei
1096 4952 1198 4988 non
1225 4933 1550 5002 possidebunt
1578 4934 1774 5008 (Colat.
1807 4951 1864 5002 γ,
1893 4937 2045 4993 19-21
2069 4979 2086 5005 ,

497 5037 545 5080 et
587 5026 607 5080 1
647 5026 765 5082 Cor.
807 5043 858 5081 νι
884 5069 899 5094 ,
926 5025 960 5082 9
983 5067 999 5092 ,
1029 5025 1137 5097 10).
1168 5024 1236 5080 Et
1264 5025 1363 5082 nisi
1391 5027 1597 5096 egerint
1635 5027 1701 5081 ab
1741 5026 1822 5082 his
1865 5029 2090 5082 mortuis

501 5123 753 5190 operibus
791 5123 1157 5192 paenitentiam
1178 5163 1193 5188 ,
1225 5121 1486 5177 accedere
1525 5120 1591 5174 ad
1622 5121 1951 5190 Baptismum
1979 5137 2086 5176 non

498 5215 780 5268 sinuntur:
808 5217 852 5269 si
877 5224 1055 5270 autem
1083 5216 1486 5286 subrepserint,
1517 5214 1618 5269 nisi
1643 5215 1721 5269 vel
1751 5226 1932 5284 postea
1965 5232 2083 5271 mu-

503 5304 597 5357 tati
642 5305 848 5373 egerint
870 5306 908 5370 ί,
932 5307 1062 5360 salvi
1105 5322 1226 5362 esse
1265 5323 1371 5361 non
1408 5314 1650 5376 possunt.
1703 5306 1809 5362 Sed
1852 5307 2082 5373 ebriosi,

498 5396 667 5459 avari,
701 5395 963 5462 maledici,
995 5408 1048 5452 et
1073 5399 1116 5450 si
1142 5415 1244 5468 qua
1272 5400 1373 5453 alia
1403 5401 1525 5453 vitia
1560 5399 1882 5455 damnabilia
1923 5417 2085 5471 aper-

500 5491 567 5544 tis
599 5488 752 5542 factis
792 5489 1032 5542 convinci
1073 5489 1421 5559 redarguique
1455 5508 1560 5546 non
1592 5500 1848 5562 possunt;
1880 5508 2084 5561 prtece-

501 5581 603 5647 ptis
631 5590 807 5632 tamen
833 5585 888 5632 et
909 5579 1246 5633 catechismis
1272 5581 1595 5637 validissime
1619 5585 1972 5655 ﬂagellantur,
2004 5597 2085 5639 at-

497 5686 601 5739 que
648 5685 838 5724 omnes
895 5669 1030 5723 tales
1085 5679 1283 5724 mutata
1338 5671 1390 5724 in
1437 5674 1627 5729 melius
1683 5678 1955 5732 voluntate
2004 5679 2072 5734 ad

564 5809 581 5881 ξ
621 5813 686 5881 tta
703 5815 811 5881 vss:
836 5805 954 5881 mliti
976 5813 1160 5881 autem,
1184 5803 1304 5881 nihil
1328 5804 1546 5877 ridentur
1567 5807 1702 5881 aliud
1725 5812 2014 5881 prmrlicare.

563 5871 581 5898 ⁸
619 5875 666 5926 ,ιι
685 5868 747 5916 ud
784 5875 853 5917 Er.
885 5869 1030 5932 Lugd.
1057 5877 1156 5917 Ven
1182 5876 1232 5917 et
1255 5875 1385 5927 Ima,
1411 5869 1588 5931 egerint
1612 5868 1952 5934 pa‘nitcntiam.
2022 5886 2073 5924 ιι.

1449 422 1534 477 DE
1575 419 1728 476 FIDE
1769 418 1857 474 ET
1895 414 2251 474 OPERlBUS.
2281 418 2337 473 S.
2381 418 2747 476 AUGUSTI)"

3658 423 3780 480 220

2188 528 2516 600 Baptismum
2546 536 2794 591 videntur
2808 539 3081 596 accedere.
3107 541 3212 598 Sed
3242 542 3286 598 si
3317 543 3453 597 forte
3475 542 3795 608 adulteros,

2188 641 2322 694 quos
2354 643 2458 680 non
2489 629 2572 683 lex
2603 628 2854 696 humana,
2883 633 2978 688 sed
3009 633 3183 689 divina
3214 635 3556 700 condemnat,
3591 637 3638 690 id
3671 646 3794 701 est,

2188 719 2275 787 qui
2300 719 2503 775 alienas
2538 738 2729 778 uxores
2766 733 3013 794 tanquam
3040 741 3164 781 snas
3195 727 3410 796 habent,
3442 729 3526 782 vel
3552 728 3796 784 feminas

2187 828 2306 882 quze
2332 813 2533 868 alienos
2577 815 2794 870 maritos
2816 858 2831 884 ,
2854 817 3044 872 alicubi
3073 820 3423 890 negligentius
3449 820 3654 876 admitti
3685 838 3800 878 sn-

2191 904 2301 958 lere
2326 905 2665 962 adverterunt
2689 924 2702 973 ;
2726 924 2789 963 ex
2814 909 2916 964 illis
2933 912 3092 966 rectis
3114 912 3308 968 debent
3327 916 3508 969 conari
3537 916 3633 970 ista
3658 931 3801 970 cor-

2191 995 2396 1066 rigere,
2427 997 2527 1052 hoc
2561 1010 2677 1065 est,
2709 1008 2767 1054 ut
2790 1001 2950 1055 etiam
2995 1003 3080 1057 isti
3106 1019 3217 1058 non
3251 1005 3636 1073 admittuntur;
3673 1023 3797 1064 non

2189 1101 2253 1140 ex
2285 1085 2366 1140 his
2396 1089 2570 1157 pravis
2592 1090 2679 1144 illa
2718 1099 2861 1146 recta
2902 1093 3196 1165 depravare
3217 1137 3230 1159 ,
3261 1105 3318 1150 ut
3346 1112 3520 1167 neque
3562 1098 3628 1152 de
3663 1115 3800 1154 mo-

2189 1192 2306 1230 rum
2334 1181 2667 1236 correctione
2687 1183 3092 1238 catechizandos
3119 1201 3240 1242 esse
3273 1199 3525 1244 censeant
3543 1190 3798 1261 Compe-

2192 1278 2390 1333 tn-ntes;
2437 1281 2488 1325 et
2526 1285 2918 1344 consequenter
2948 1291 3136 1332 omnes
3159 1280 3317 1334 etiam
3357 1282 3564 1337 illarum
3605 1285 3800 1355 publi-

2190 1363 2371 1414 cat‘tnn
2399 1364 2781 1432 turpitudinum
2803 1376 2855 1421 et
2879 1369 3139 1425 scelerum
3161 1371 3515 1442 professores,
3546 1376 3647 1431 hoc
3675 1386 3792 1441 est,

2191 1453 2518 1518 meretrices,
2546 1455 2786 1521 lenones,
2813 1458 3152 1528 gladiatores,
3173 1477 3236 1517 ac
3256 1463 3300 1518 si
3319 1465 3444 1534 quid
3473 1464 3797 1535 huiusmodi

2193 1552 2292 1608 est,
2317 1545 2477 1600 etiam
2503 1547 2553 1601 in
2585 1548 2692 1603 illis
2719 1551 2873 1605 malis
2916 1563 3292 1622 permanentes
3314 1597 3328 1622 ,
3368 1557 3575 1612 admitti
3609 1575 3794 1628 oper-

2193 1645 2306 1692 tere
2350 1639 2694 1698 arbitrentur.
2741 1641 2928 1698 Omnia
2968 1646 3162 1716 quippe
3205 1648 3290 1701 illa
3335 1665 3453 1718 qua:
3493 1651 3797 1720 Apostolus

2189 1741 2497 1798 enumerat,
2527 1735 2848 1791 concludens
2869 1778 2883 1804 ,
2910 1741 3148 1806 quoniam
3178 1741 3267 1810 qui
3307 1743 3435 1796 talia
3470 1754 3667 1816 agunt,
3703 1762 3794 1799 re-

2190 1841 2344 1894 gnum
2378 1825 2476 1881 Dei
2501 1846 2601 1883 non
2629 1830 2994 1900 possidebunt;
3033 1834 3122 1905 qui
3158 1835 3531 1893 vehementius
3567 1849 3790 1910 agunt,

2193 1917 2526 1974 manifestata
2570 1923 2668 1976 sibi
2697 1936 3052 1994 congruenter
3078 1929 3355 1999 increpant
3378 1932 3418 1999 ¹,
3444 1942 3500 1986 et
3526 1933 3795 1988 resisten-

2194 2017 2276 2061 tes
2300 2018 2459 2079 atque
2489 2011 2541 2065 in
2573 2013 2652 2092 eis
2691 2029 2751 2068 se
2783 2031 3158 2084 permansuros
3187 2021 3500 2090 profitentes
3527 2024 3593 2079 ad
3633 2027 3794 2081 acci-

2194 2102 2442 2171 piendum
2472 2104 2800 2175 Baptismum
2828 2125 2931 2163 non
2961 2110 3270 2165 admittunt.

2267 2218 2347 2268 (ΞΑ
2360 2216 2491 2272 PUT
2532 2218 2648 2272 XIX
2661 2251 2750 2272 .—
2769 2221 2856 2277 54.
2876 2220 2998 2276 Tria
3015 2225 3214 2296 ﬂagitia
3245 2228 3398 2282 etiam
3420 2229 3785 2301 benigniorum

2192 2306 2451 2363 hominum
2493 2327 2739 2366 consensu
2769 2316 3031 2386 mortifera
3066 2326 3112 2371 et
3141 2321 3658 2376 excommunicatione
3682 2341 3792 2393 pu-

2192 2398 2396 2452 nienda.
2441 2399 2590 2456 Unde
2625 2407 2816 2475 factum
2855 2416 2908 2458 ut
2951 2407 3016 2461 de
3054 2407 3354 2464 adulterinis
3383 2413 3632 2484 conjugiis
3676 2432 3788 2468 non

2191 2503 2422 2560 ageretur
2457 2495 2511 2548 in
2539 2497 2875 2555 catechismis.
2907 2497 3294 2556 Matrimonium
3321 2521 3436 2558 cum
3462 2506 3784 2573 inﬁdelibus.

2191 2582 2293 2650 Qui
2365 2594 2542 2640 autem
2605 2589 2892 2658 epinantur
2949 2604 3141 2648 cetera
3201 2596 3559 2666 eleemosynis
3628 2601 3788 2655 facile

2192 2681 2550 2750 compcnsari,
2583 2682 2677 2736 tria
2705 2691 2882 2738 tamen
2929 2686 3200 2741 mortifera
3242 2702 3364 2743 esse
3398 2704 3505 2743 non
3534 2689 3790 2746 dubitant

2193 2782 2248 2826 et
2283 2774 2925 2830 cxcommunicationihus
2951 2778 3243 2846 punienda,
3271 2778 3444 2835 donec
3467 2783 3784 2850 ptenitentia

2194 2863 2478 2920 humiliore
2519 2877 2802 2935 sanentur,
2832 2867 3233 2939 impudicitiam,
3277 2871 3654 2942 idololatriam,
3688 2877 3786 2930 ho-

2193 2959 2487 3014 micidium.
2519 2959 2702 3030 Neque
2739 2977 2881 3017 nunc
2919 2978 3054 3032 opus
3097 2973 3180 3019 est
3217 2981 3459 3035 quaerere
3497 2968 3669 3037 qualis
3714 2971 3786 3024 sit

2192 3067 2378 3107 eorum
2409 3053 2507 3108 ista
2535 3055 2819 3121 sententia,
2847 3069 2902 3110 et
2931 3063 3104 3112 utrum
3131 3059 3466 3128 corrigenda,
3491 3076 3557 3113 ar.
3588 3076 3787 3130 appro-

2192 3144 2365 3200 banda
2387 3187 2402 3212 ,
2431 3162 2499 3202 ne
2533 3163 2666 3217 opus
2694 3159 3002 3219 susceptum
3030 3150 3302 3206 mittamus
3334 3152 3384 3206 itt
3414 3153 3627 3223 longntu
3655 3171 3784 3223 pro-

2193 3246 2312 3306 pter
2335 3253 2452 3293 eam
2475 3239 2843 3309 qursﬁonem,
2875 3257 2996 3310 qua:
3019 3241 3141 3296 huic
3161 3242 3500 3298 absolvenda:
3521 3247 3540 3274 ²
3562 3246 3785 3300 minime

2194 3330 2492 3383 necessaria
2529 3339 2629 3384 est.
2657 3330 2864 3386 Sufficit
2891 3332 3034 3386 enim
3059 3373 3075 3399 ,
3101 3333 3223 3403 quia
3244 3334 3286 3387 si
3315 3334 3492 3388 omnia
3523 3351 3630 3389 non
3658 3347 3785 3390 sunt

2193 3420 2517 3476 admittenda
2562 3423 2628 3477 ad
2693 3423 2945 3494 Baptismi
2995 3434 3420 3490 sacramentum,
3476 3427 3617 3481 inter
3668 3427 3784 3482 hzec

2193 3514 2368 3566 omnia
2390 3525 2470 3568 est
2487 3515 2805 3570 adulterium
2831 3536 2843 3571 :
2861 3519 2904 3572 si
2931 3528 3107 3572 autem
3124 3518 3219 3571 tria
3239 3518 3326 3572 illa
3339 3517 3449 3572 sola
3469 3519 3782 3588 excipienda

2194 3615 2337 3671 sunt,
2378 3607 2538 3660 etiam
2571 3607 2622 3660 in
2666 3607 2748 3662 his
2788 3610 2954 3664 tribus
2992 3618 3076 3666 est
3112 3609 3466 3678 adulterium,
3495 3612 3639 3666 unde
3684 3613 3784 3666 ista

2192 3695 2480 3766 disputatio
2507 3708 2625 3751 nata
2643 3709 2726 3754 ραι
2745 3700 2788 3754 ³.

2265 3812 2353 3866 55.
2385 3810 2491 3866 Sed
2519 3814 2766 3882 quoniam
2809 3815 3071 3870 malorum
3111 3815 3525 3872 Christianorum
3563 3833 3780 3884 mores,

2193 3903 2282 3972 qui
2303 3903 2514 3958 fuerunt
2541 3915 2695 3959 antea
2723 3905 2884 3961 etiam
2912 3909 3156 3976 pessimi,
3189 3907 3440 3964 habuisse
3464 3925 3569 3963 non
3592 3910 3782 3965 viden-

2196 4006 2283 4051 tur
2312 3997 2412 4050 hoc
2443 3999 2636 4052 malum
2657 4039 2672 4063 ,
2697 4007 2754 4052 ut
2781 3998 2984 4054 alienas
3007 4015 3198 4055 uxores
3239 4001 3498 4056 ducerent
3528 4002 3654 4065 viri,
3691 4010 3784 4055 aut

2193 4089 2382 4143 alienis
2430 4090 2560 4142 viris
2597 4089 2809 4144 femina:
2855 4091 3152 4158 nuberent;
3186 4091 3311 4146 inde
3359 4091 3590 4148 fortasse
3643 4093 3782 4160 apud

2193 4180 2449 4248 quasdam
2499 4181 2763 4235 Ecclesiae
2809 4183 3126 4252 negligentia
3163 4183 3262 4236 ista
3303 4183 3602 4253 subrepsit,
3629 4193 3690 4238 ut
3733 4186 3782 4238 ιιι

2195 4272 2532 4327 eatechismis
2549 4272 3092 4342 Compctentiumnec
3128 4284 3496 4344 qua-rercntur
3524 4291 3628 4332 nec
3664 4293 3785 4347 per-

2195 4373 2502 4420 cuterentur
2521 4364 2543 4397 "
2570 4367 2682 4420 haec
2700 4366 2820 4421 vitia
2842 4385 2856 4433 ;
2889 4377 3047 4437 atque
3073 4367 3195 4422 inde
3220 4367 3417 4422 factum
3443 4377 3547 4432 est,
3570 4378 3628 4422 ut
3655 4370 3784 4424 inci-

2199 4467 2384 4526 perent
2407 4467 2460 4514 et
2485 4457 2695 4512 defendi
2727 4476 2740 4512 :
2770 4475 2888 4528 qua:
2921 4468 3095 4515 tamen
3129 4459 3180 4512 in
3209 4459 3487 4527 haptizatis
3509 4475 3632 4514 rara
3659 4471 3784 4516 sunt

2195 4552 2388 4616 adhuc,
2412 4552 2455 4606 si
2477 4567 2540 4606 ea
2567 4567 2665 4606 nos
2692 4549 3007 4620 negligenda
3029 4566 3132 4604 non
3154 4551 3317 4606 densa
3340 4551 3362 4583 ⁸
3388 4551 3667 4608 faciamus.
3691 4553 3783 4607 Ta-

2197 4644 2301 4698 lem
2346 4643 2541 4713 qnippe
2567 4643 2617 4696 iu
2658 4642 2971 4711 quibusdam
3011 4641 3418 4711 negligentiam,
3450 4642 3501 4696 iu
3530 4642 3651 4696 aliis
3683 4643 3780 4696 iut-

2197 4736 2436 4804 peritiam
2459 4777 2474 4800 ,
2501 4736 2550 4788 in
2590 4735 2710 4789 aliis
2746 4734 3097 4803 ignorantiam
3135 4734 3482 4802 probabiliter
3526 4735 3782 4789 Dominus

2195 4830 2366 4882 somni
2397 4829 2612 4882 nomine
2655 4827 2985 4897 significasse
3013 4827 3324 4896 intelligitur
3347 4868 3362 4891 ,
3395 4827 3482 4880 ubi
3513 4829 3588 4881 ait
3619 4847 3632 4882 :
3658 4827 3782 4883 Cum

2195 4931 2362 4974 autem
2385 4921 2662 4974 dormirent
2697 4920 2925 4974 homines
2949 4961 2964 4984 ,
2995 4920 3129 4973 venit
3169 4920 3403 4972 inimirus
3427 4962 3442 4983 ,
3467 4930 3513 4973 et
3543 4938 3782 4990 superse-

2195 5012 2398 5066 minavit
2423 5011 2620 5066 zizania
2658 5010 2870 5078 (Matth.
2916 5026 3042 5075 xm,
3069 5010 3186 5080 25).
3214 5011 3349 5065 llinc
3381 5019 3560 5065 autem
3597 5013 3776 5066 existi-

2197 5103 2443 5156 mandum
2475 5113 2554 5156 est
2586 5119 2690 5156 non
2721 5118 2780 5156 ea
2826 5103 3055 5171 primum
3097 5102 3408 5172 apparuisse
3451 5102 3503 5156 in
3546 5103 3782 5157 moribus

2193 5196 2434 5264 quamvis
2455 5195 2714 5248 malorum
2742 5193 3173 5254 christianornm,
3200 5195 3448 5264 quoniam
3475 5195 3661 5250 beatus
3686 5195 3782 5266 Cy-

2195 5289 2410 5355 prianus
2441 5285 2491 5336 in
2515 5285 2737 5354 epistola
2765 5285 2831 5338 de
2861 5285 3067 5348 Lartsis,
3097 5301 3218 5338 cum
3255 5285 3590 5353 deplorando
3616 5297 3671 5341 et
3696 5304 3780 5340 ar-

2191 5375 2404 5446 guendo
2431 5376 2591 5428 multa
2613 5386 3059 5429 commemoraret
3084 5417 3096 5436 ,
3121 5376 3313 5442 quibus
3333 5379 3527 5430 merito
3553 5378 3684 5432 dicit
3705 5378 3782 5431 in-

2191 5469 2552 5539 d:gnationem
2601 5466 2696 5523 Dei
2751 5468 2913 5522 fuisse
2951 5476 3271 5522 comnmtam
3297 5508 3313 5533 ,
3351 5479 3409 5523 ut
3453 5469 3774 5525 intolerabili

2255 5618 2269 5648 ι
2309 5614 2534 5676 Plerique
2569 5622 2696 5679 Mss,
2720 5613 2972 5679 mmziresta
2993 5611 3087 5679 sibi
3108 5619 3424 5679 congruenter
3448 5613 3720 5679 increpant.

2253 5679 2274 5710 ³
2309 5685 2409 5725 Αιη.
2433 5675 2505 5723 Er.
2533 5683 2586 5725 et
2607 5678 2704 5726 duo
2724 5675 3177 5734 Mss.,absolvcmlo.

2253 5741 2274 5771 ³
2308 5743 2380 5788 sic
2402 5745 2507 5787 Mss.
2533 5738 2649 5785 aliti
2676 5751 2811 5798 vero,
2835 5747 2962 5787 motu
2981 5744 3067 5786 est.

2254 5801 2274 5833 δ
2307 5804 2379 5849 sie
2403 5808 2508 5848 Mss.
2539 5808 2590 5847 Αι
2608 5801 2724 5849 editi
2745 5837 2757 5857 ,
2781 5806 3218 5858 repercuterentur.

2260 5866 2279 5896 ³
2315 5864 2449 5920 Editi,
2486 5863 2697 5923 defensa.
2746 5870 2956 5912 tit-ratum
2992 5868 3236 5923 corrigunt
3261 5870 3462 5912 veteres
3496 5862 3625 5912 libri.
