4072 6536
342 500 442 557 ει

342 614 721 690 persecutione
759 608 1054 667 Eoclesiam
1081 620 1233 662 suam
1266 606 1472 662 sineret
1502 596 1756 670 ﬁagellari
1778 635 1793 658 ,
1825 594 1942 646 haec

346 710 418 764 ibi
447 707 671 764 omnino
695 719 804 759 non
825 702 1067 758 nominat
1091 717 1104 752 :
1130 713 1254 753 cum
1274 695 1434 753 etiam
1459 692 1587 749 illud
1610 706 1717 745 non
1745 696 1938 752 taceat,

342 809 401 854 et
428 797 496 853 ad
525 795 747 854 eosdem
773 807 951 849 mores
979 791 1149 846 malos
1175 787 1445 859 pertinere
1479 783 1793 845 conﬁrmet,
1812 779 1938 849 jun-

342 905 473 961 gere
497 903 620 943 cum
646 885 952 942 inﬁdelibus
976 880 1246 937 vinculum
1268 875 1611 941 matrimonii,
1636 872 1769 928 nihil
1794 870 1941 925 aliud

342 999 467 1038 esse
496 994 749 1036 asserens
769 1018 786 1046 ,
813 991 973 1048 quam
1002 974 1325 1045 prostituere
1363 969 1661 1027 Gentilibus
1700 964 1940 1020 membra

343 1072 587 1127 Christi:
625 1085 746 1139 qure
785 1068 985 1124 nostris
1022 1064 1349 1134 temporibus
1386 1061 1497 1131 jam
1542 1073 1647 1114 non
1688 1066 1944 1129 putantur

350 1179 468 1217 esse
516 1171 767 1231 peccata;
804 1158 1058 1229 quoniam
1097 1172 1281 1211 revera
1311 1155 1364 1209 in
1405 1152 1556 1207 Novo
1599 1149 1944 1204 Testamento

350 1257 480 1310 nihil
509 1254 633 1310 inde
657 1260 988 1324 praeceptum
1014 1261 1115 1315 est,
1139 1260 1192 1303 et
1221 1248 1341 1303 ideo
1368 1256 1461 1301 aut
1486 1246 1649 1301 licere
1678 1242 1941 1298 creditum

343 1359 464 1412 est,
487 1358 579 1403 aut
620 1347 767 1402 velut
796 1345 1020 1401 dubium
1048 1343 1384 1398 derelictum.
1432 1339 1585 1394 Sicut
1614 1337 1776 1394 etiam
1816 1334 1943 1389 illud

345 1443 655 1513 ambiguum
690 1450 777 1497 est
802 1480 818 1507 ,
844 1448 1024 1494 utrum
1070 1435 1309 1493 Herodes
1354 1433 1553 1488 mortui
1596 1430 1847 1496 duxerit,
1876 1443 1943 1482 an

356 1533 459 1587 rivi
509 1532 691 1587 fratris
715 1546 941 1587 uxorem
963 1529 1041 1601 (a)
1071 1547 1084 1583 :
1109 1535 1164 1583 et
1206 1525 1328 1582 ideo
1358 1540 1464 1579 non
1488 1523 1556 1578 ita
1583 1522 1784 1585 claret,
1816 1517 1943 1589 quid

357 1626 598 1681 Joannes
628 1625 678 1681 ei
707 1639 815 1679 non
843 1624 1005 1679 licere
1024 1619 1237 1676 dicebat
1258 1616 1472 1689 (Matth.
1502 1629 1598 1670 xw
1627 1655 1642 1680 ,
1670 1614 1732 1678 3,
1759 1611 1835 1682 4).
1871 1610 1947 1666 De

346 1717 651 1772 concubina
682 1729 922 1785 quoque,
952 1713 997 1768 si
1031 1711 1270 1782 professa
1297 1708 1453 1763 fuerit
1473 1706 1677 1760 nullum
1701 1718 1760 1758 se
1777 1701 1945 1756 alium

346 1809 709 1878 cognituram,
742 1804 952 1860 etiamsi
980 1802 1049 1858 ab
1078 1802 1170 1858 illo
1184 1801 1271 1857 cui
1295 1799 1504 1855 subdita
1522 1806 1602 1852 est
1628 1795 1943 1857 dimittatur,

345 1902 545 1957 merito
574 1900 849 1955 dubitatur
883 1907 1059 1952 utrum
1086 1895 1152 1949 ad
1184 1890 1585 1964 percipiendum
1617 1889 1945 1958 Baptismum

346 2007 457 2047 non
488 1992 682 2047 debeat
709 1990 937 2044 admitti.
974 1986 1225 2057 Quisquis
1251 1986 1411 2040 etiam
1444 1998 1664 2037 uxorem
1707 1981 1758 2035 in
1790 1979 1947 2035 adol-

348 2085 488 2138 terio
528 2082 921 2154 deprehensam
959 2079 1255 2144 dimiserit,
1284 2086 1338 2132 et
1363 2076 1522 2129 aliam
1565 2073 1805 2137 duxerit,
1840 2086 1945 2126 non

347 2178 562 2233 videtur
590 2175 882 2246 :cquandus
906 2176 986 2229 eis
1023 2173 1114 2243 qui
1138 2180 1358 2240 excepta
1395 2183 1556 2223 causa
1583 2165 1832 2222 adulterii
1861 2164 1946 2219 di-

348 2273 574 2327 mittunt
619 2280 674 2325 et
712 2271 958 2325 ducunt:
991 2267 1118 2323 etin
1159 2264 1291 2335 ipsis
1333 2263 1528 2318 divinis
1568 2259 1850 2316 sententiis
1874 2258 1948 2312 ita

347 2365 641 2419 obscurum
684 2371 762 2417 est
811 2370 985 2414 utrum
1033 2368 1086 2414 ct
1114 2358 1243 2421 iste,
1273 2356 1356 2410 cui
1387 2353 1602 2425 quidem
1630 2353 1747 2407 sine
1787 2352 1949 2407 dubio

348 2454 650 2509 adulteram
692 2454 813 2507 licet
852 2451 1145 2516 dimittere,
1171 2447 1382 2502 adulter
1410 2452 1588 2500 tamen
1621 2442 1879 2499 habeatur
1902 2442 1949 2497 si

348 2548 576 2601 alteram
602 2545 817 2600 duxerit
835 2584 847 2606 ,
876 2551 951 2609 ut,
976 2550 1231 2613 quantum
1261 2538 1511 2596 existimo
1531 2580 1546 2603 ,
1572 2536 1852 2591 venialiter
1877 2535 1949 2590 ibi

350 2638 580 2708 quisque
605 2636 841 2690 fallatur.
871 2633 1227 2702 Quamobrem
1257 2645 1376 2701 quae
1398 2629 1674 2683 manifesta
1702 2636 1827 2682 sunt
1852 2627 1951 2681 im-

355 2729 623 2800 pudicitia:
645 2727 892 2789 crimina,
919 2725 1075 2780 omni-
1092 2723 1253 2779 modo
1278 2738 1308 2776 a
1329 2720 1605 2791 Baptismo
1622 2718 1950 2791 prohibenda

355 2830 514 2882 sunt.
551 2821 653 2875 nisi
678 2818 976 2874 mutatione
1015 2816 1307 2871 voluntatis
1338 2823 1393 2871 et
1420 2812 1733 2885 pmnitentia
1776 2812 1953 2866 corri-

354 2924 589 2987 gantur;
623 2929 743 2985 qua:
779 2921 959 2967 autem
1008 2910 1170 2966 dubia
1196 2953 1210 2975 ,
1255 2909 1401 2964 omni
1443 2908 1607 2963 modo
1646 2905 1951 2961 conandum

353 3017 439 3062 est
462 3023 535 3061 ne
556 3006 685 3060 ﬁant
709 3005 845 3060 tales
869 3003 1296 3075 conjunctioncs.
1313 3001 1452 3069 Quid
1468 3001 1610 3056 enim
1636 3013 1771 3069 opus
1797 3005 1880 3053 est
1900 2998 1952 3051 in

354 3111 564 3157 tantum
601 3102 891 3156 discrimen
926 3098 1289 3169 ambiguitatis
1317 3107 1478 3168 caput
1504 3093 1760 3151 mittere?
1781 3093 1835 3150 Si
1858 3108 1958 3148 an.

357 3204 466 3249 tem
490 3193 647 3248 facta:
677 3192 894 3258 fuerint,
926 3191 1108 3246 nescio
1136 3200 1312 3244 utrum
1344 3189 1379 3243 ii
1409 3188 1499 3258 qui
1525 3186 1771 3252 fecerint,
1800 3184 1955 3241 simi-

358 3287 482 3341 liter
507 3286 572 3338 ad
605 3284 931 3353 Baptismum
965 3298 1070 3336 non
1098 3281 1294 3336 debere
1318 3279 1600 3334 videantur
1626 3277 1858 3331 admitti.

430 3378 656 3433 CAPUT
681 3376 965 3432 IUL—36.
997 3374 1138 3429 Ordo
1168 3373 1447 3428 curationis
1468 3388 1588 3443 erga
1623 3367 1957 3439 baptizandos

360 3474 627 3526 tenendus.
658 3471 926 3537 Quantum
967 3469 1158 3523 attinet
1192 3468 1352 3539 igitur
1383 3464 1448 3519 ad
1476 3463 1773 3520 doctrinam
1815 3460 1959 3514 salu-

360 3565 513 3619 brem
544 3563 785 3617 veritatis
805 3603 819 3625 ,
856 3578 921 3613 nc
941 3560 1188 3630 cuiquam
1221 3558 1500 3613 mortifero
1535 3563 1754 3625 peccan
1781 3552 1959 3622 perni-

358 3654 658 3708 ciosissima
700 3653 960 3707 securitas
995 3651 1194 3718 detur,
1222 3649 1304 3705 vel
1347 3648 1505 3703 etiam
1557 3644 1961 3716 pestilentiosis-

362 3748 498 3801 sima
529 3746 793 3800 tribuatur
817 3746 1107 3799 auctoritas
1126 3786 1140 3809 ,
1168 3745 1267 3798 iste
1296 3742 1588 3798 curationis
1616 3739 1749 3793 ordo
1776 3747 1876 3801 est,
1902 3745 1961 3791 ut

361 3839 671 3910 baptizandi
694 3837 918 3893 credant
947 3839 999 3893 in
1031 3838 1197 3893 Deum
1229 3836 1441 3890 Patrem
1471 3833 1735 3889 etFilium
1766 3840 1821 3887 et
1840 3830 1961 3900 Spi-

362 3931 527 3986 ritum
553 3939 795 3986 sanctum
814 3973 828 3996 ,
857 3946 923 3985 eo
943 3930 1050 3984 ritu
1080 3942 1186 4000 quo
1202 3926 1517 3999 Symbolum
1566 3923 1821 3988 traditur;
1854 3930 1908 3977 et
1928 3936 1958 3976 a

362 4026 594 4080 mortuis
635 4025 889 4095 operibus
918 4031 1077 4094 agant
1098 4022 1463 4093 paenitentiam
1486 4062 1501 4084 ,
1529 4018 1875 4086 omniumque
1904 4030 1965 4071 se

361 4119 588 4173 omnino
620 4116 1013 4187 przrteritorum
1041 4113 1415 4170 remissionem
1443 4112 1495 4166 in
1517 4111 1789 4179 Baptismo
1811 4122 1965 4163 acce-

366 4220 555 4278 ptnros
585 4224 709 4264 esse
733 4208 1111 4264 non‘dubitent
1139 4226 1153 4262 :
1184 4222 1289 4261 non
1323 4215 1380 4261 ut
1411 4219 1633 4275 peccare
1662 4205 1839 4263 liceat.
1870 4200 1963 4255 sed

368 4311 428 4354 ut
450 4315 701 4369 peccasse
724 4316 828 4354 non
855 4308 1075 4363 noceat;
1101 4307 1155 4352 ut
1180 4299 1248 4352 sit
1269 4296 1393 4351 facti
1424 4295 1690 4361 remissio,
1712 4311 1816 4348 non
1848 4309 1968 4362 per-

370 4393 562 4446 missio
606 4391 855 4446 faciendi.
893 4391 1045 4445 Tunc
1072 4405 1199 4443 vere
1237 4388 1341 4443 diei
1389 4397 1595 4458 potest,
1628 4386 1788 4441 etiam
1812 4384 1969 4453 spiri-

371 4482 612 4547 tualitcr,
639 4480 771 4535 Ecce
796 4497 952 4535 sanus
981 4482 1146 4548 foetus
1171 4496 1223 4533 es
1246 4522 1260 4545 ,
1284 4479 1397 4548 jam
1428 4479 1535 4532 noli
1556 4493 1765 4549 peccare
1789 4474 1965 4547 (Joan.

368 4590 426 4637 ν,
481 4573 573 4643 Η)
616 4591 629 4627 :
665 4573 807 4641 quod
859 4573 1112 4626 Dominus
1166 4572 1233 4625 de
1267 4570 1534 4641 corporali
1580 4570 1808 4623 sanitate
1852 4566 1971 4622 ideo

372 4667 532 4733 dixit,
559 4667 814 4735 quoniam
848 4665 1051 4719 sciebat
1085 4664 1132 4718 ei
1164 4680 1321 4734 quem
1356 4664 1558 4718 salvum
1592 4662 1826 4727 fecerat,
1856 4676 1970 4715 me—

373 4760 497 4814 ritis
529 4767 873 4829 peccatorum
904 4759 1049 4812 illum
1083 4758 1242 4810 etiam
1266 4757 1442 4812 carnis
1463 4756 1722 4809 accidisse
1752 4754 1973 4823 languo-

373 4866 514 4904 rem.
554 4850 616 4905 lli
648 4859 823 4904 autem
857 4851 905 4904 ei
940 4849 1138 4901 homini
1175 4849 1263 4918 qui
1292 4857 1346 4903 et
1385 4846 1732 4918 baptizandus
1766 4845 1975 4900 adulter

375 4942 789 5013 ingreditur,ct
841 4943 1143 5010 baptizatus
1187 4942 1396 4997 adulter
1447 4942 1751 5011 egreditur,
1810 4940 1977 4994 miror

375 5036 652 5106 quomodo
681 5035 783 5089 dici
827 5037 1153 5099 existiment,
1188 5034 1318 5088 Ecce
1356 5051 1511 5088 simus
1542 5034 1706 5102 [actus
1742 5050 1815 5088 es.
1846 5032 1977 5100 Quis

377 5129 523 5183 extim
556 5128 818 5198 gravis'et
850 5126 1136 5182 exitiabilis
1166 5127 1384 5182 morbus
1411 5127 1551 5190 erit,
1584 5128 1626 5180 si
1654 5125 1976 5180 adulterium

376 5220 583 5275 sanitas
607 5218 749 5275 erit9
972 5203 982 5209 ’

451 5311 536 5365 CA
549 5308 682 5365 PU'I‘
702 5308 1008 5364 XXl.—-57.
1029 5308 1388 5378 Apostolorum
1409 5311 1598 5380 factum
1618 5325 1715 5361 non
1736 5308 1798 5362 iis
1815 5309 1982 5379 favere

381 5404 471 5470 qui
497 5403 673 5455 volunt
702 5402 959 5456 adulteros
991 5402 1192 5454 admitti
1220 5400 1288 5453 ad
1324 5400 1664 5468 Baptismum.
1703 5402 1981 5471 Perperam

380 5494 484 5547 dici
505 5493 718 5547 Iudaeos
740 5502 943 5563 propter
962 5492 1123 5546 solam
1148 5492 1493 5560 inﬁdelitatem
1518 5492 1725 5546 deletos.
1756 5494 1982 5562 Regnum

382 5587 626 5639 cartorum
678 5584 779 5637 vim
811 5584 916 5654 pati
961 5600 1059 5637 non
1099 5584 1287 5636 dictum
1329 5582 1392 5635 de
1430 5583 1531 5650 ﬁde
1570 5583 1681 5637 sine
1709 5583 1979 5636 charitate.

383 5678 492 5734 Sed
542 5678 594 5731 in
664 5676 832 5730 tribus
888 5675 1158 5739 millibus,
1214 5675 1496 5746 inquiunt,
1546 5689 1681 5743 quos
1744 5690 1851 5728 uno
1897 5673 1984 5730 die

450 5833 525 5893 (a)
561 5832 739 5893 Fratris
761 5830 971 5880 Viventis
987 5842 1195 5893 uxorem
1218 5828 1419 5879 duxisse
1444 5828 1587 5893 tradit
1619 5825 1879 5893 .losephus,
1906 5836 1989 5874 .m-

386 5888 475 5957 t’q‘.
510 5888 626 5957 ⁷]ῃά.
664 5892 746 5941 lib.
788 5893 876 5957 18,
904 5893 1093 5957 αιρχᾙ
1137 5890 1281 5953 idque
1315 5892 1363 5941 in
1397 5890 1688 5941 celebritate
1721 5888 1899 5939 Decoll.
1944 5898 1987 5938 5.

394 5955 584 6005 mannis
609 5957 797 6003 canitur
824 5956 868 6002 in
896 5955 1133 6003 ltro-trario
1158 5961 1379 6003 nomano.

1771 472 1973 531 LIBER
2014 472 2217 530 UNUS.

3538 481 3644 537 ΞΩ

2049 589 2296 657 Apostoli
2326 590 2665 661 baptizarunt
2688 634 2703 660 ,
2731 602 2785 649 et
2813 595 2864 650 in
2889 602 2967 649 tot
3001 594 3237 650 millibus
3262 593 3596 651 credentium
3629 637 3639 651 .

2051 683 2107 737 in
2135 682 2325 753 quibus
2352 684 2641 754 Apostolus
2669 684 2737 738 ab
2759 684 3055 741 Jerusalem
3095 701 3264 756 usque
3284 684 3338 743 in
3370 684 3641 758 Illyricum

2050 772 2395 843 Evangelium
2421 774 2645 843 replevit
2672 774 2850 846 (Rom.
2876 791 2969 841 xv,
2992 776 3108 845 t9),
3140 786 3298 832 erant
3325 778 3506 847 utique
3535 777 3638 830 ali-

2047 864 2136 934 qui
2166 864 2357 920 alienis
2382 865 2634 920 uxoribus
2654 866 2885 935 c0pulati
2910 906 2926 931 ,
2955 867 3041 921 vel
3066 868 3276 922 femina:
3299 867 3491 922 alienis
3521 882 3639 920 ma-

2046 958 2164 1013 ritis
2189 976 2203 1013 :
2230 957 2283 1013 in
2310 959 2501 1028 quibus
2524 958 2763 1029 regulam
2793 959 3031 1028 Apostoli
3065 960 3392 1014 constituere
3430 958 3639 1013 debue-

2047 1057 2211 1116 runt,
2240 1065 2361 1120 qua:
2389 1049 2643 1118 deinceps
2688 1048 2739 1103 in
2782 1049 3040 1104 Ecclesiis
3083 1059 3389 1105 servaretur
3410 1092 3427 1113 ,
3461 1058 3636 1104 utrum

2048 1156 2157 1195 non
2183 1140 2600 1196 admitterentur
2635 1139 2703 1194 ad
2728 1140 3060 1209 Baptisnmm
3086 1182 3100 1207 ,
3131 1140 3232 1195 nisi
3258 1141 3344 1194 illa
3375 1139 3637 1194 adulteria

2036 1232 2428 1287 'correxissent.
2470 1231 2632 1299 Quasi
2669 1246 2776 1286 non
2807 1231 3054 1286 similiter
3091 1231 3347 1285 adversus
3394 1244 3489 1286 eos
3531 1230 3639 1284 dici

2048 1323 2222 1393 possit
2241 1323 2381 1392 quod
2413 1337 2518 1377 non
2559 1322 2838 1377 inveniunt
2861 1323 3091 1393 aliquem
3122 1330 3595 1378 commemoratum
3620 1362 3639 1387 ,

2047 1415 2280 1484 quicum
2310 1415 2428 1469 talis
2464 1424 2636 1484 esset,
2668 1416 2938 1472 admissus
2981 1426 3080 1472 est.
3126 1417 3234 1471 Aut
3257 1431 3386 1471 vero
3430 1416 3641 1486 possint

2048 1504 2383 1576 singulorum
2412 1506 2687 1562 hominum
2717 1509 2941 1564 crimina
2965 1549 2981 1574 ,
3007 1507 3149 1578 quod
3193 1506 3457 1563 inﬁnitum
3481 1516 3598 1562 erat
3620 1546 3638 1574 ,

2049 1599 2491 1665 commemorari;
2518 1615 2639 1654 cum
2668 1599 2936 1670 generalis
2965 1600 3055 1654 illa
3081 1600 3263 1670 regula
3292 1600 3421 1655 satis
3453 1615 3641 1669 super-

2050 1705 2153 1760 que
2204 1690 2473 1756 sufﬁciat,
2502 1691 2591 1746 ubi
2613 1692 2806 1748 Petrus
2851 1692 3091 1762 pluribus
3118 1691 3299 1747 verbis
3344 1691 3639 1747 testiﬁcans

2052 1781 2381 1851 baptizandis
2411 1783 2503 1845 ait,
2529 1782 2728 1854 Eripite
2752 1800 2840 1837 vos
2867 1782 2929 1837 ab
2970 1784 3065 1837 hoc
3093 1784 3279 1838 sarculo
3320 1799 3476 1854 pravo
3502 1782 3639 1853 (Act.

2054 1889 2109 1937 ιι,
2142 1874 2232 1936 40,
2264 1872 2377 1945 41).
2407 1874 2539 1943 Quis
2564 1876 2706 1930 enim
2732 1875 2939 1931 dubitet
2965 1875 3032 1930 ad
3062 1875 3217 1946 hujus
3256 1876 3436 1931 saeculi
3468 1876 3645 1945 pravi-

2054 1974 2214 2020 tatem
2262 1966 2523 2022 adulteria
2572 1968 2880 2037 pertinere,
2912 1976 2967 2023 et
3009 1968 3126 2023 illos
3174 1968 3269 2039 qui
3297 1968 3557 2038 elegerint
3582 1969 3639 2022 in

2054 2056 2241 2111 eadem
2273 2057 2551 2128 iniquitate
2580 2058 2905 2127 persistere?
2930 2057 3186 2114 Similiter
3210 2068 3387 2114 autem
3414 2058 3517 2113 dici
3546 2074 3644 2128 po-

2054 2156 2157 2202 test
2184 2147 2419 2216 publieas
2451 2149 2763 2204 meretrices
2783 2190 2797 2210 .
2826 2164 2958 2219 quas
2987 2150 3169 2220 utique
3198 2149 3263 2204 ad
3288 2150 3643 2219 Baptismum,

2053 2241 2154 2295 nisi
2184 2241 2252 2295 ab
2277 2241 2365 2296 illa
2396 2230 2721 2311 turpitudine
2764 2242 3041 2309 liberatas,
3087 2243 3228 2299 nulla
3272 2242 3506 2297 admittit
3544 2242 3648 2297 Ec-

2052 2333 2238 2401 clesia,
2279 2335 2521 2404 potuisse
2559 2334 2792 2390 inveniri
2820 2335 2872 2388 in
2904 2342 2982 2389 tot
3008 2334 3243 2389 millibus
3273 2343 3399 2388 tunc
3423 2332 3649 2389 creden-

2055 2426 2183 2479 tium
2216 2441 2311 2495 per
2334 2433 2411 2479 tot
2436 2434 2646 2494 gentes,
2676 2434 2731 2480 et
2758 2425 2826 2481 de
2851 2425 2935 2481 his
2963 2426 3320 2495 suscipiendis
3352 2425 3437 2481 vel
3467 2424 3649 2494 prohi—

2054 2517 2244 2573 bendis
2315 2518 2644 2572 constituere
2710 2518 2996 2586 Apostolos
3066 2518 3309 2586 exempla
3369 2516 3642 2571 debuisse.

2055 2609 2434 2664 Verumtamen
2488 2609 2557 2664 de
2623 2608 2939 2679 quibusdam
3011 2609 3308 2663 minoribus
3365 2623 3650 2678 possumus

2053 2700 2361 2771 conjectare
2392 2700 2618 2770 majora.
2655 2698 2713 2755 Si
2758 2700 2901 2754 enim
2948 2699 3016 2754 ad
3060 2700 3382 2769 baptismum
3428 2699 3651 2754 Joannis

2055 2795 2334 2851 venientes
2381 2794 2650 2864 publicani
2696 2792 2950 2864 prohibiti
3002 2803 3128 2848 sunt
3171 2792 3372 2864 aliquid
3421 2792 3652 2863 amplius

2055 2887 2270 2957 exigere
2290 2927 2304 2951 ,
2335 2901 2498 2956 quam
2526 2885 2668 2956 quod
2696 2886 2774 2940 eis
2810 2884 2983 2940 fuerat
3010 2885 3354 2940 constitutum
3377 2882 3397 2954 (
3414 2881 3540 2937 Luc.
3570 2898 3648 2947 ιιι,

2058 2980 2183 3051 15);
2244 2980 2410 3035 miror
2455 2978 2501 3035 si
2556 2978 2894 3035 venientibus
2949 2976 3017 3032 ad
3078 2976 3399 3047 baptismum
3451 2975 3654 3029 Christi

2058 3081 2244 3145 posset
2270 3072 2504 3143 permitti
2530 3071 2876 3127 adulterium.

2129 3163 2219 3220 38.
2260 3162 2830 3219 Commemoraverunt
2847 3162 3009 3217 etiam
3030 3159 3300 3216 Israelitas
3322 3159 3487 3215 multa
3515 3157 3655 3213 mala

2061 3266 2116 3312 et
2137 3256 2319 3328 gravia
2350 3264 2706 3327 perpetrasse,
2731 3262 2787 3308 et
2812 3253 3063 3309 eﬁ‘udisse
3089 3253 3312 3308 multum
3342 3251 3653 3323 sanguinem

2060 3346 2480 3417 prophetarum,
2514 3359 2614 3400 nec
2653 3351 2830 3399 tamen
2871 3358 2938 3399 ex
2982 3342 3066 3397 his
3106 3342 3259 3397 factis
3288 3342 3498 3411 penitus
3538 3355 3655 3396 me-

2064 3439 2234 3493 ruisse
2257 3436 2446 3500 deleri.
2474 3435 2569 3492 sed
2595 3450 2660 3491 ex
2682 3434 2993 3491 inﬁdelitate
3014 3433 3127 3489 sola
3144 3474 3160 3501 ,
3186 3448 3286 3503 qua
3316 3433 3366 3487 in
3386 3432 3655 3487 Christum

2062 3529 2283 3585 credere
2330 3528 2618 3583 noluerunt
2657 3543 2671 3580 :
2714 3540 2820 3581 non
2874 3525 3147 3580 intuentes
3196 3522 3320 3595 quia
3380 3532 3656 3594 peccatum

2064 3635 2250 3676 eorum
2296 3633 2402 3673 non
2449 3619 2550 3673 hoc
2589 3617 2762 3673 solum
2814 3615 2933 3683 fuit,
2982 3615 3103 3685 quia
3138 3614 3192 3669 in
3235 3614 3503 3670 Christum
3548 3629 3659 3668 non

2064 3713 2429 3778 crediderunt,
2455 3726 2638 3766 verum
2667 3709 2825 3765 etiam
2857 3708 2979 3778 quia
3006 3706 3278 3763 Christum
3306 3705 3656 3770 occiderunt;

2065 3819 2298 3873 quomm
2318 3817 2481 3857 unum
2510 3801 2740 3872 pertinet
2763 3798 2830 3854 ad
2859 3798 3061 3854 crimen
3094 3798 3498 3859 incredulitatis,
3528 3798 3659 3853 alte-

2066 3909 2185 3951 rum
2212 3891 2280 3948 ad
2320 3893 2523 3948 crimen
2563 3889 2913 3946 crudelitatis.
2946 3888 3076 3942 Illud
3103 3903 3231 3959 ergo
3258 3896 3340 3942 est
3367 3898 3554 3942 contra
3595 3888 3661 3941 ﬁ-

2066 3984 2188 4040 dem
2238 3994 2463 4049 rectam,
2508 3981 2652 4037 istud
2700 3988 2888 4035 contra
2936 3979 3131 4035 bonam
3185 3980 3367 4033 vitam.
3422 3976 3663 4048 Utroque

2066 4060 2246 4132 autem
2292 4076 2420 4130 vitio
2457 4081 2607 4130 caret
2646 4072 2735 4145 qui
2781 4072 2939 4127 fidem
2968 4071 3161 4126 Christi
3198 4070 3380 4137 habet,
3410 4085 3514 4125 non
3544 4070 3663 4125 sine

2069 4171 2326 4240 Operibus
2365 4176 2630 4223 mortuam
2652 4208 2666 4231 ,
2712 4182 2831 4236 qua:
2860 4167 3019 4221 etiam
3052 4166 3101 4219 in
3133 4163 3472 4219 da-monibus
3513 4162 3663 4217 inve-

2074 4263 2215 4316 nitur
2248 4259 2448 4332 (Jacobi
2478 4275 2535 4323 ιι,
2565 4258 2657 4325 90,
2688 4255 2813 4329 19);
2845 4256 2938 4311 sed
2972 4256 3127 4309 ﬁdem
3170 4254 3377 4326 gratim,
3424 4268 3543 4324 quae
3571 4269 3667 4322 per

2071 4354 2411 4410 dilectionem
2441 4360 2693 4421 operatur
2719 4347 2918 4420 (Galat.
2949 4363 3005 4414 v,
3035 4347 3114 4415 6).

2146 4448 2234 4502 39.
2270 4445 2394 4500 llaec
2415 4453 2498 4499 est
2528 4443 2661 4498 ﬁdes
2688 4441 2756 4496 de
2780 4457 2880 4511 qua
2906 4440 3099 4493 dicitur
3123 4455 3138 4503 ;
3171 4437 3398 4507 Regnum
3426 4436 3666 4491 actorum

2074 4542 2206 4595 intra
2252 4556 2337 4593 vos
2379 4547 2455 4591 est
2496 4535 2642 4607 (Luc.
2676 4551 2782 4589 xm
2809 4576 2823 4596 ,
2867 4534 2984 4603 2|).
3027 4532 3139 4586 lloc
3182 4531 3324 4587 enim
3368 4528 3664 4597 diripiunt‘

2074 4634 2163 4702 qui
2196 4634 2298 4686 \‘im
2328 4629 2531 4685 faciunt
2560 4627 2850 4691 credendo,
2882 4627 3229 4693 ill‘tpClt‘atths
3253 4623 3507 4691 Spiritum
3534 4620 3667 4676 cha-

2078 4726 2249 4781 ritatis
2269 4766 2284 4787 ,
2330 4722 2419 4777 ubi
2450 4731 2534 4776 est
2565 4719 2834 4788 plenitudo
2864 4717 2996 4787 legis
3024 4717 3198 4787 (Rom.
3234 4732 3362 4780 xm,
3399 4716 3482 4777 10)
3505 4756 3519 4779 ,
3551 4714 3668 4768 sine

2078 4832 2182 4886 qua
2207 4816 2291 4868 lex
2326 4815 2379 4867 in
2410 4813 2583 4866 littera
2608 4825 2728 4864 reos
2750 4809 2974 4862 faciebat
3002 4807 3160 4861 etiam
3196 4804 3665 4875 praevaricationis.

2080 4908 2193 4962 Non
2234 4908 2411 4976 itaque
2449 4902 2739 4974 putandum
2780 4910 2861 4956 est
2900 4901 3018 4954 ideo
3048 4899 3246 4952 dictum
3270 4939 3283 4959 ,
3311 4896 3541 4966 Regnum
3566 4913 3670 4950 ca:-

2081 5001 2247 5054 lorum
2272 4998 2369 5051 vim
2410 4996 2634 5067 patitur,
2678 5004 2722 5047 et
2750 4993 2837 5063 qui
2868 4992 2963 5044 vim
2996 4990 3187 5061 facitmt
3209 5031 3222 5047 .
3256 4988 3500 5056 diripiunt
3537 4987 3670 5041 illud

2083 5089 2297 5156 (Matth.
2327 5103 2413 5154 ιι,
2448 5085 2535 5156 12)
2565 5102 2581 5151 ;
2629 5083 2749 5154 quia
2790 5083 2952 5136 etiam
2992 5080 3116 5133 mali
3162 5078 3527 5133 tantummodo
3550 5095 3673 5134 cre-

2083 5178 2262 5236 dendo
2314 5188 2370 5233 et
2416 5176 2651 5247 pessime
2697 5172 2925 5227 vivendo
2975 5169 3291 5240 perveniunt
3342 5169 3393 5224 in
3448 5186 3671 5239 regnum

2084 5274 2343 5329 caelorum
2378 5289 2391 5322 :
2419 5267 2514 5322 sed
2541 5266 2662 5336 quia
2692 5272 2872 5318 reatus
2897 5263 2985 5317 illc
3018 5260 3486 5330 pra-varicationis,
3516 5279 3674 5330 quem

2086 5367 2199 5420 sola
2226 5364 2307 5418 lex
2333 5403 2348 5428 ,
2383 5361 2435 5415 id
2461 5368 2543 5415 est
2563 5400 2578 5426 ,
2610 5359 2785 5412 littera
2811 5357 2927 5412 sine
2955 5356 3143 5425 spiritu
3163 5354 3401 5425 jubeudo
3426 5354 3675 5419 faciebat,

2087 5456 2356 5513 credendo
2386 5453 2640 5517 solvitur,
2688 5461 2741 5505 et
2767 5449 3015 5505 violentia
3052 5449 3173 5503 fidei
3207 5449 3438 5518 Spiritus
3462 5461 3680 5501 sant-ms

2090 5552 2433 5619 impetratur;
2484 5561 2578 5615 per
2612 5560 2768 5614 quem
2808 5542 2998 5599 diﬂusa
3030 5542 3289 5597 charitate
3338 5542 3388 5595 in
3431 5540 3681 5594 cordibus

2093 5645 2289 5700 nostris
2321 5642 2491 5713 (Rom.
2525 5658 2577 5705 γ,
2608 5642 2687 5710 5),
2719 5642 2801 5696 lex
2832 5656 2937 5696 non
2961 5641 3153 5695 timore
3185 5652 3376 5707 panic,
3400 5637 3492 5692 sed
3516 5635 3678 5706 justi-

2093 5739 2180 5791 tia:
2206 5750 2389 5789 amore
2413 5734 2732 5804 cetnpletur.

2104 5891 2198 6003 di
2219 5895 2268 5957 In
2296 5889 2469 6000 aditis,
2518 5899 2646 5939 Hauc
2682 5887 2806 5939 enim
2847 5885 3097 5951 diripiunt.
3126 5892 3180 5937 At
3208 5886 3257 5935 in
3277 5893 3404 5948 δίει,
3444 5893 3539 5935 uec
3563 5880 3687 5934 enim

2136 5964 2301 6003 trttmu
2342 5986 2350 5994 .

2136 5964 2350 6004 ll‘lDllUU.
