4072 6554
424 497 532 550 2‘23

495 605 718 664 CAPUT
735 603 899 660 XXII.
921 631 993 642 —
1007 599 1096 657 40.
1122 598 1351 670 Cognitio
1378 595 1470 650 Dei
1487 609 1718 664 quianam
1740 608 1855 646 vera
1876 600 1921 644 et
1941 587 2009 642 ad

426 704 576 756 vitam
604 709 842 754 cateruam
883 698 1188 750 conducens.
1233 688 1566 760 Indulgentia
1595 703 1696 740 non
1723 682 2006 749 obstinatis,

423 795 512 848 sed
541 811 572 846 a
605 800 806 862 peccato
840 787 1180 844 recedentibus
1201 781 1472 854 speranda.
1509 780 1852 848 Nequaquam
1882 790 2012 846 ergo

422 898 575 938 mens
600 883 808 936 incauta
842 880 1085 944 fallatur,
1128 885 1186 930 ιιι
1221 892 1279 930 se
1307 874 1578 929 existimet
1616 871 1782 926 Deum
1812 882 2010 937 cogno-

421 975 561 1028 visse
580 1015 595 1039 ,
628 973 672 1028 si
699 988 825 1028 eum
857 971 960 1026 tide
981 977 1210 1030 mortua,
1239 965 1342 1020 hoc
1370 973 1472 1028 est,
1503 963 1618 1016 sine
1648 960 1804 1014 bonis
1827 957 2007 1027 operi-

419 1065 519 1118 bus
559 1064 915 1126 conﬁteatur,
970 1077 1119 1115 more
1164 1060 1508 1121 dzrmonum;
1553 1063 1609 1110 et
1645 1053 1765 1108 ideo
1801 1066 1862 1107 se
1895 1050 2035 1119 jam,

418 1174 527 1212 non
563 1157 771 1212 dubitet
797 1156 862 1210 ad
891 1156 1052 1208 vitam
1096 1162 1351 1206 :cternam
1377 1163 1496 1204 esse
1539 1155 1816 1202 venturam
1836 1184 1854 1208 ,
1882 1142 2006 1212 quia

419 1249 677 1303 Dominus
701 1248 867 1312 dicit,
903 1245 1026 1299 Ilwc
1051 1254 1121 1299 est
1141 1253 1308 1296 autem
1331 1241 1433 1295 vita
1467 1249 1656 1293 aeterna
1682 1276 1696 1300 ,
1723 1246 1778 1290 ut
1817 1250 2009 1306 cogno-

413 1346 560 1393 scant
603 1349 652 1393 te
697 1354 853 1391 unum
895 1352 1067 1390 verum
1111 1334 1304 1398 Deum,
1352 1342 1399 1386 et
1439 1345 1586 1401 quem
1622 1327 1801 1382 misisti
1823 1325 2003 1380 Iesum

413 1429 671 1484 Christum
696 1429 873 1499 (Joau.
905 1443 1012 1482 xvn
1033 1468 1049 1493 ,
1081 1425 1160 1493 5).
1208 1423 1402 1480 Venire
1434 1423 1630 1493 quippe
1657 1419 1817 1476 debet
1840 1417 2001 1474 etiam

413 1522 544 1577 illud
574 1523 626 1576 in
653 1531 884 1576 mentem
907 1561 922 1584 ,
951 1519 1090 1589 quod
1116 1518 1373 1587 scriptum
1400 1524 1504 1580 est,
1533 1513 1559 1567 l
1567 1532 1598 1567 ιι
1623 1514 1717 1567 hoc
1734 1510 1999 1583 cognosci-

413 1631 528 1668 mus
551 1630 701 1676 eum,
746 1614 792 1667 si
817 1613 1054 1665 mandata
1079 1613 1191 1682 ejus
1227 1623 1494 1663 servemus.
1541 1606 1640 1673 Qui
1667 1605 1824 1669 dicit,
1866 1602 2002 1670 Quia

413 1707 627 1777 cognovi
649 1722 781 1767 eum,
811 1715 858 1757 et
898 1704 1140 1757 mandata
1178 1704 1288 1772 ejus
1316 1717 1420 1754 non
1440 1708 1626 1764 servat,
1657 1697 1877 1750 mendax
1902 1703 1996 1760 est,

411 1807 460 1850 et
479 1797 532 1849 in
557 1799 652 1851 hoc
679 1796 861 1849 veritas
886 1812 986 1848 non
1020 1804 1091 1848 est
1121 1795 1162 1866 (Ι
1187 1793 1345 1846 Joan.
1377 1807 1442 1855 ιι,
1476 1791 1530 1855 3,
1562 1791 1642 1861 4).
1673 1789 1737 1844 Ει
1763 1803 1830 1843 ne
1849 1787 1998 1858 quis-

411 1903 569 1957 quam
613 1889 882 1942 existimet
919 1887 1164 1941 mandata
1193 1887 1310 1955 ejus
1349 1885 1417 1940 ad
1446 1884 1616 1939 solam
1643 1882 1798 1938 ﬁdem
1830 1879 1996 1951 perti-

413 1996 541 2036 nere
570 1999 584 2036 :
615 1996 916 2050 quanquam
951 1979 1130 2035 dicere
1174 1981 1275 2033 hoc
1302 1978 1478 2034 nullus
1505 1985 1589 2032 est
1612 1990 1810 2042 ausus,
1856 1988 1996 2045 prae-

409 2074 594 2126 sertim
628 2074 751 2142 quia
785 2072 1026 2126 mandata
1051 2071 1218 2133 dixit,
1247 2085 1366 2140 quae
1392 2086 1460 2126 ne
1488 2067 1822 2124 multitudine
1847 2065 1996 2136 cogi-

409 2165 664 2217 tationem
687 2175 998 2232 spargerent
1029 2166 1069 2229 ί,
1100 2162 1165 2216 In
1187 2163 1290 2217 illis
1315 2160 1510 2215 duobus
1535 2171 1640 2214 tota
1673 2158 1784 2214 Lex
1810 2157 1997 2229 pendet

408 2262 455 2307 et
482 2252 756 2324 Propheta:
793 2252 1001 2324 (Matth.
1032 2270 1142 2308 χχιι
1164 2293 1179 2318 ,
1209 2253 1303 2322 40)
1333 2269 1347 2306 :
1381 2252 1502 2308 licet
1531 2260 1675 2307 recte
1695 2251 1798 2304 dici
1832 2250 1997 2320 possit

406 2344 476 2398 ad
503 2347 670 2400 solam
711 2345 867 2400 ﬁdem
899 2346 1167 2413 pertinere
1199 2345 1289 2398 Dei
1320 2343 1600 2408 mandata,
1633 2343 1677 2396 si
1713 2355 1820 2396 non
1845 2355 1993 2395 mor-

408 2445 515 2498 tua,
559 2435 651 2489 sed
683 2437 798 2490 viva
821 2436 906 2489 illa
936 2435 1256 2506 intelligatur
1283 2434 1416 2488 lides
1437 2474 1452 2500 ,
1481 2448 1601 2502 qua:
1632 2447 1725 2502 per
1753 2431 1994 2486 dilectio-

405 2543 530 2583 nem
570 2538 860 2598 operatur;
914 2539 1089 2583 tamen
1132 2538 1315 2597 postea
1345 2527 1580 2582 Joannes
1622 2526 1734 2594 ipse
1780 2521 1988 2594 aperuit

403 2619 529 2688 quid
569 2619 805 2681 diceret,
851 2635 973 2672 cmn
1005 2619 1077 2673 ait
1107 2637 1119 2672 :
1151 2617 1264 2672 Hoc
1302 2627 1374 2671 est
1416 2617 1712 2671 mandatum
1739 2618 1848 2687 ejus
1870 2658 1885 2681 ,
1935 2626 1990 2670 ut

402 2707 665 2761 credamus
693 2710 885 2762 nomini
915 2709 1042 2763 Filii
1077 2711 1188 2780 ejus
1214 2707 1344 2763 Jcsu
1367 2709 1552 2764 Christi
1576 2749 1592 2775 ,
1629 2718 1678 2764 et
1719 2709 1993 2779 diligamus

401 2798 609 2852 invicem
639 2800 678 2870 (Ι
703 2800 859 2854 Joan.
892 2816 970 2867 ιιι,
993 2801 1108 2871 95).

473 2892 561 2945 ll.
598 2892 707 2947 Hoc
752 2893 932 2963 itaque
962 2893 1211 2962 prodest,
1259 2893 1312 2946 in
1345 2893 1510 2947 Deum
1547 2900 1689 2947 recta
1732 2889 1836 2947 ﬁde
1870 2906 1992 2947 cre-

401 2982 564 3048 dere,
593 2983 759 3038 Deum
789 2985 967 3040 colere
985 3026 999 3050 ,
1037 2985 1200 3038 Deum
1228 2999 1387 3039 nosse
1410 3024 1425 3048 ,
1459 2992 1595 3039 utet
1619 2985 1756 3040 bene
1777 2983 1988 3039 vivendi

400 3076 472 3129 ab
501 3077 592 3129 illo
615 3076 684 3129 sit
705 3077 857 3131 nobis
885 3077 1138 3130 auxilium
1164 3117 1178 3140 ,
1205 3076 1327 3130 etsi
1356 3077 1772 3145 peccaverimus,
1803 3076 1872 3131 ab
1900 3076 1990 3130 illo

403 3166 786 3238 indulgentiam
821 3183 1159 3233 mereamur;
1203 3183 1310 3223 non
1342 3167 1393 3222 in
1424 3166 1579 3222 factis
1615 3183 1733 3237 quae
1757 3167 1871 3222 odit
1899 3181 1989 3221 se-

401 3259 516 3313 curi
565 3270 1005 3328 perseverantes,
1058 3261 1151 3316 sed
1196 3261 1264 3316 ab
1305 3261 1383 3316 eis
1436 3260 1786 3329 recedentes,
1834 3261 1990 3332 eique

403 3351 644 3406 dicentes
663 3393 677 3416 ,
711 3352 819 3423 Ego
841 3352 950 3405 dixi
969 3395 983 3418 ,
1015 3351 1234 3407 Domine
1254 3395 1270 3420 ,
1299 3355 1530 3408 miserere
1556 3356 1654 3408 mei
1670 3369 1691 3419 ,'
1727 3371 1854 3408 sana
1879 3357 1992 3409 ani-

403 3458 538 3495 mum
567 3459 751 3509 meam,
776 3445 1014 3513 quoniam
1050 3446 1252 3515 peccavi
1277 3445 1366 3498 tibi
1397 3445 1566 3516 (Psal.
1596 3463 1682 3513 XL,
1714 3446 1770 3517 5)
1803 3466 1815 3501 :
1848 3447 1989 3518 quod

404 3549 511 3588 non
544 3534 740 3589 habent
765 3535 849 3589 cui
889 3535 1104 3600 dicant,
1155 3537 1244 3606 qui
1275 3551 1379 3590 non
1419 3538 1472 3590 in
1501 3553 1619 3592 eum
1647 3539 1906 3603 credunt;
1937 3547 1992 3594 et

405 3627 598 3682 frustra
621 3628 801 3680 dietmt
828 3629 915 3696 qui
943 3643 1061 3683 cum
1095 3639 1201 3683 tam
1229 3629 1386 3699 longe
1407 3631 1474 3685 ab
1503 3631 1591 3686 illo
1613 3633 1738 3699 sint,
1772 3648 1800 3685 a
1821 3634 1990 3702 gratia

405 3719 707 3775 llodiatoris
742 3722 899 3776 alieni
944 3732 1088 3776 sunt.
1136 3724 1270 3778 llinc
1301 3725 1388 3778 illa
1419 3727 1579 3780 verba
1615 3736 1740 3781 sunt
1771 3729 1820 3782 in
1850 3728 1989 3783 libro

406 3811 694 3880 Sapientia:
717 3853 732 3878 ,
755 3828 874 3883 quae
910 3816 1090 3868 nescio
1116 3817 1386 3885 quomodo
1417 3817 1663 3887 intelligit
1688 3819 1988 3887 perniciosa

407 3903 666 3957 securitas
701 3922 714 3958 :
750 3905 814 3957 Et
851 3906 896 3960 si
939 3908 1337 3977 peccaverimns,
1371 3909 1445 3961 tui
1471 3925 1687 3973 sumus;
1735 3911 1987 3980 quoniam

405 3992 610 4048 scilicet
648 3993 842 4049 bonum
873 4005 928 4050 et
967 4012 1213 4066 magnum
1250 3998 1528 4052 Dominum
1570 3999 1826 4056 habemus
1850 4042 1863 4064 ,
1897 4002 1987 4072 qui

403 4093 457 4137 et
502 4085 629 4138 velit
675 4095 834 4155 atque
882 4087 1047 4157 possit
1093 4090 1462 4159 ptenitcntium
1514 4103 1726 4160 peccata
1773 4108 1986 4157 sanare,

406 4192 510 4228 non
553 4179 641 4245 qui
681 4179 898 4232 minime
939 4180 1133 4234 audeat
1177 4193 1549 4249 permanentes
1581 4185 1631 4237 in
1663 4186 1989 4254 nml-ignitatc

405 4267 735 4336 disperdere.
769 4270 1002 4338 Denique
1029 4287 1148 4326 cum
1171 4272 1413 4340 dixisset,
1446 4275 1518 4327 tui
1539 4291 1741 4338 sumus;
1765 4277 1987 4342 addidit,

405 4358 615 4411 scientes
632 4360 905 4427 potentiam
923 4370 1060 4413 tuam
1083 4379 1102 4416 :
1130 4364 1306 4432 utique
1334 4366 1645 4432 potentiam,
1670 4367 1753 4419 cui
1776 4383 1834 4419 se
1860 4368 1990 4421 sub-

409 4447 622 4501 trahere
650 4459 879 4518 nequeat
915 4460 1006 4504 aut
1043 4454 1311 4508 occultare
1341 4465 1606 4524 peccator.
1653 4456 1878 4526 ldquue
1898 4472 1986 4512 se-

407 4549 562 4593 cutus
582 4539 824 4608 adjunxit
855 4558 868 4595 :
904 4541 1022 4595 Non
1049 4545 1361 4611 peccabioms
1395 4557 1560 4600 autem
1579 4589 1594 4612 ,
1623 4547 1834 4604 scientes
1859 4565 1988 4618 quo-

408 4631 548 4686 niam
575 4630 649 4683 tui
673 4648 846 4684 sumus
867 4632 1090 4701 deputati
1106 4633 1257 4705 (Sap.
1288 4651 1375 4702 xv,
1402 4636 1484 4706 2).
1509 4637 1638 4704 Quis
1658 4639 1800 4693 enim
1830 4639 1989 4708 digne

405 4722 646 4792 cogitans
696 4721 1072 4778 habitationem
1117 4725 1257 4794 apud
1305 4726 1466 4781 Deum
1497 4768 1513 4793 ,
1560 4727 1610 4782 in
1656 4744 1758 4798 qua
1803 4744 1989 4785 omnes

407 4815 872 4886 pne-destinatione
899 4825 1020 4869 sunt
1053 4814 1326 4883 deputati,
1351 4817 1440 4886 qui
1470 4819 1762 4873 secundum
1793 4835 1989 4889 prepoo

405 4907 563 4961 situm
591 4907 761 4961 vocati
804 4914 960 4972 sunt,
1008 4923 1112 4959 non
1153 4907 1382 4961 enitatur
1418 4909 1487 4962 ita
1530 4909 1744 4976 vivere,
1799 4921 1855 4965 ut
1899 4911 1987 4965 tali

407 4996 720 5051 habitationi
766 4997 1066 5066 congruat?
1119 4997 1268 5064 Quod
1303 5015 1430 5070 ergo
1460 5011 1509 5054 et
1557 5000 1792 5056 .loannes
1838 5003 1985 5071 dicit,

409 5086 533 5140 Haec
553 5089 733 5158 scripsi
759 5089 911 5154 vobis,
936 5099 1107 5143 utnon
1139 5093 1348 5161 peccetis
1371 5109 1392 5158 ;
1420 5102 1467 5146 et
1489 5093 1536 5146 si
1559 5095 1672 5163 quis
1690 5097 1984 5165 peccaverit,

405 5180 704 5234 advocatum
750 5182 988 5237 habemus
1031 5184 1172 5252 apud
1220 5183 1464 5250 Patrem,
1505 5184 1686 5239 Jesttm
1731 5187 1987 5242 Christum

395 5272 629 5342 justum;
658 5281 704 5325 et
730 5273 836 5342 ipse
857 5283 930 5326 est
956 5277 1178 5329 exoratio
1203 5295 1294 5347 pro
1316 5281 1531 5346 peccatis
1548 5281 1733 5334 nostris
1759 5281 1801 5350 (Ι
1823 5280 1982 5336 Joan.

406 5379 441 5419 It
461 5405 478 5428 ,
513 5365 534 5418 ί
559 5405 575 5431 ,
607 5363 664 5424 2)
701 5381 714 5418 :
746 5380 847 5418 non
875 5367 925 5419 id
943 5368 1104 5436 agit’,
1136 5381 1194 5422 ut
1215 5386 1331 5424 cum
1354 5374 1639 5427 securitate
1665 5388 1981 5444 peccemus;

404 5458 499 5512 sed
531 5467 588 5512 ut
627 5458 938 5513 recedentes
961 5478 987 5512 a
1018 5475 1259 5531 peccato,
1301 5467 1343 5520 si
1376 5469 1518 5538 quod
1550 5470 1838 5526 admissum
1880 5483 1983 5538 est,

406 5557 622 5618 propter
647 5548 791 5601 illum
822 5548 1156 5618 advocatum,
1189 5569 1343 5623 quem
1367 5573 1468 5612 non
1502 5559 1697 5616 habent
1721 5562 1983 5632 inﬁdeles,

403 5643 621 5698 tninime
645 5641 713 5696 de
741 5641 1058 5710 indulgentia
1090 5644 1450 5713 desperemus.

476 5733 701 5788 CAPUT
731 5733 918 5787 XXIII.
942 5764 1011 5772 —
1048 5735 1135 5788 42.
1162 5736 1326 5789 Locus
1355 5741 1575 5806 Apostoli
1595 5745 1656 5797 ab
1687 5747 1988 5802 adversariis

469 5849 486 5913 ξ
518 5848 595 5913 sic
616 5847 863 5913 \_Iss._F.diti
886 5860 1004 5896 vero
1023 5887 1035 5907 ,
1063 5848 1370 5913 cogitationes
1397 5864 1634 5913 parerent.

469 5911 490 5940 θ
511 5909 636 5959 ιειιιιί
659 5946 669 5966 ,
697 5907 796 5970 ait;
822 5922 908 5970 Iro
930 5923 1025 5972 quo
1049 5907 1174 5970 Μδέ..
1195 5911 1307 5977 agit.

1419 481 1508 538 DE
1548 479 1704 536 FIDE
1745 477 1832 533 ET
1869 473 2235 547 OPERIBUS,
2276 479 2334 536 S.
2376 481 2746 541 AUGUSTINI

3603 497 3720 550 224

2118 589 2251 644 male
2295 592 2594 649 intellectus.
2649 596 2912 652 Iudicium
2952 600 3008 655 in
3047 601 3331 672 Scripturis
3369 623 3465 676 pro
3514 619 3717 663 retenta

2111 681 2459 742 damnatione.
2510 689 2590 742 An
2623 689 2720 743 soli
2744 691 2920 758 ﬁdeles
2950 693 3072 746 mali
3109 693 3427 767 intelligendi
3453 700 3554 752 sint
3581 701 3718 754 ituri

2112 773 2167 826 in
2193 778 2611 833 resurrectionem
2649 780 2871 850 judicii,
2916 792 2971 836 ut
2999 783 3257 854 judicium
3295 804 3399 842 non
3421 789 3490 844 sit
3513 801 3716 846 teterua

2112 864 2391 920 damnatio.
2420 868 2528 924 Nec
2559 871 2627 926 de
2651 871 2737 927 bis
2763 873 2922 944 igitur
2946 876 3124 932 verbis
3144 877 3324 934 mitior
3349 881 3453 935 ulla
3468 883 3718 938 conditio

2111 960 2471 1026 promittenda
2495 973 2572 1017 est
2596 1005 2611 1028 ,
2639 965 2720 1020 sic
2747 965 2800 1020 in
2832 967 3000 1022 Deum
3032 970 3264 1028 credere.
3283 972 3606 1042 volentibus,
3649 985 3716 1030 ut

2109 1064 2457 1121 permaneant
2503 1073 2554 1110 ιιι
2601 1059 2820 1127 perditis
2865 1061 3105 1116 moribus
3136 1080 3150 1116 :
3178 1063 3346 1119 multo
3391 1067 3568 1120 minus
3619 1067 3701 1123 de

2108 1141 2215 1197 illis
2243 1143 2330 1198 ubi
2359 1147 2647 1215 Apostolus
2673 1149 2768 1214 ait,
2798 1149 2896 1216 Qui
2920 1152 3030 1206 sine
3054 1151 3190 1225 Lege
3217 1168 3562 1221 peccaverunt,
3589 1160 3716 1213 sine

2106 1232 2242 1305 Lege
2269 1236 2538 1304 peribunt;
2567 1241 2653 1310 qui
2680 1250 2847 1294 autem
2872 1243 2923 1295 in
2951 1241 3085 1314 Lege
3107 1236 3454 1314 peccaverunt,
3485 1265 3575 1318 per
3596 1248 3713 1302 Lev

2104 1342 2218 1397 gem
2247 1327 2613 1396 judicabuntur
2651 1331 2831 1401 (Roin.
2875 1348 2947 1398 tt,
2984 1334 3110 1402 i2);
3161 1344 3408 1406 tanquam
3450 1337 3552 1394 hoc
3577 1340 3714 1394 loco

2103 1417 2302 1487 aliquid
2328 1418 2492 1474 distet
2519 1420 2661 1476 inter
2692 1422 2867 1491 perire
2895 1433 2950 1478 et
2968 1425 3196 1494 judicari
3215 1469 3232 1492 ,
3258 1441 3380 1482 cum
3401 1428 3506 1482 alio
3530 1431 3712 1484 verbo

2104 1506 2208 1562 hoc
2233 1507 2374 1564 idem
2401 1511 2754 1580 signiﬁcatum
2782 1514 2872 1569 sit.
2901 1514 3085 1570 Solent
3110 1517 3254 1571 enim
3286 1497 3574 1587 Scrijiiui-zc
3597 1521 3705 1589 ju-

2103 1600 2302 1654 dicium
2332 1603 2492 1656 etiam
2533 1619 2629 1672 pro
2655 1613 2855 1658 mterna
2892 1605 3236 1662 damnatione
3277 1623 3474 1676 ponere
3504 1627 3520 1663 :
3551 1612 3708 1667 sicut

2102 1691 2156 1747 in
2193 1691 2482 1763 Evangelio
2514 1696 2767 1750 Dominus
2805 1697 3036 1768 loquitur
3056 1739 3073 1764 ,
3112 1699 3282 1754 Veniet
3310 1704 3469 1770 hora,
3509 1704 3564 1758 in
3587 1721 3709 1776 qua

2099 1802 2271 1840 onmes
2305 1787 2392 1855 qui
2414 1797 2531 1841 sunt
2559 1789 2610 1842 in
2637 1791 2968 1846 monumentis
2993 1791 3197 1846 audient
3242 1809 3408 1847 vocem
3446 1795 3594 1865 ejus;
3644 1806 3706 1851 es

2100 1877 2366 1946 proccdent
2395 1879 2482 1947 qui
2509 1879 2628 1933 bene
2651 1883 2874 1950 fecerunt
2904 1882 2957 1935 in
2986 1885 3397 1938 resurrectionem
3425 1886 3574 1951 vitta;
3600 1888 3706 1958 qui

2097 1978 2266 2022 autem
2292 1970 2423 2026 male
2447 1981 2652 2041 egerunt
2689 1972 2740 2024 in
2769 1974 3180 2028 resurrectionem
3205 1976 3394 2046 judicii
3420 1976 3595 2047 (Joan.
3634 1993 3701 2046 ν,

2099 2059 2190 2125 28,
2212 2060 2328 2132 29).
2361 2061 2543 2132 Neque
2564 2062 2650 2118 hic
2677 2064 2692 2094 ί
2721 2063 2921 2118 dictum
2947 2075 3052 2131 est,
3081 2065 3193 2120 lloc
3212 2067 3302 2136 qui
3322 2068 3696 2135 crediderunt,

2097 2151 2227 2206 illud
2264 2162 2440 2207 autem
2490 2153 2578 2223 qui
2620 2169 2726 2207 non
2772 2154 3140 2221 crediderunt;
3179 2156 3312 2222 sed,
3356 2157 3468 2212 Hoc
3498 2159 3576 2212 illi
3597 2161 3700 2229 qui

2095 2245 2217 2300 bene
2234 2255 2476 2316 egerunt,
2508 2245 2636 2301 illud
2662 2247 2751 2317 qui
2777 2247 2909 2302 male
2936 2259 3162 2320 egerunt.
3205 2249 3575 2319 lnseparabilis
3598 2262 3695 2307 est

2093 2339 2288 2408 quippe
2316 2339 2455 2392 bona
2497 2338 2600 2393 vita
2629 2354 2659 2393 a
2687 2340 2790 2395 ﬁde
2817 2355 2937 2410 quae
2979 2356 3074 2410 per
3110 2341 3452 2398 dilectionem
3492 2358 3697 2414 opera-

2095 2438 2216 2494 tur;
2251 2431 2358 2484 imo
2386 2445 2512 2484 vero
2535 2445 2598 2484 ea
2631 2432 2740 2501 ipsa
2769 2443 2849 2487 est
2880 2432 3015 2486 bona
3047 2435 3172 2487 vita.
3217 2434 3474 2492 Videmus
3502 2437 3694 2507 itaque

2095 2519 2547 2574 resurrectionem
2584 2520 2768 2590 judicii
2812 2521 3010 2576 dixisse
3040 2523 3322 2577 Dominum
3366 2541 3463 2594 pro
3502 2542 3695 2581 resur-

2095 2611 2333 2665 rectione
2373 2609 2733 2666 damnationis
2786 2622 3022 2668 arteriae.
3085 2615 3157 2668 De
3195 2616 3444 2672 omnibus
3484 2618 3693 2687 quippe

2092 2702 2475 2758 resurrecturis
2519 2703 2645 2772 (ubi
2695 2705 2878 2773 procul
2927 2704 3091 2759 dubio
3139 2717 3296 2760 crunt
3334 2709 3493 2762 etiam
3525 2710 3560 2762 ii
3588 2709 3690 2776 qui

2090 2797 2307 2850 omnino
2349 2811 2456 2850 non
2501 2795 2760 2863 credunt;
2810 2812 2985 2868 neque
3013 2797 3157 2852 enim
3198 2800 3296 2869 ipsi
3341 2815 3445 2859 non
3471 2811 3597 2855 sum
3623 2801 3688 2857 in

2091 2893 2488 2963 monumentis)
2514 2895 2646 2950 duas
2675 2905 2855 2966 partes
2882 2896 3008 2952 fecit
3029 2938 3042 2963 ,
3073 2897 3207 2952 alios
3237 2897 3290 2951 in
3328 2897 3687 2952 resurrectio-

2091 2998 2211 3038 nem
2243 2985 2395 3052 vitte,
2430 2987 2564 3040 alios
2591 2987 2642 3041 in
2673 2989 3118 3044 resurrectionem
3137 2988 3320 3059 judicii
3347 2999 3688 3046 resurrectu-

2089 3087 2179 3129 ros
2221 3090 2340 3130 esse
2366 3076 2662 3133 declarans.

2161 3165 2252 3220 43.
2285 3165 2438 3233 Quod
2464 3168 2510 3222 si
2537 3168 2720 3225 dicunt
2745 3184 2850 3224 non
2881 3170 2956 3225 ibi
2996 3171 3366 3242 intelligendos
3395 3174 3556 3228 etiam
3582 3190 3686 3232 eos

2089 3256 2179 3326 qui
2229 3258 2449 3313 omnino
2498 3275 2604 3313 non
2656 3259 2924 3326 credunt,
2968 3261 3062 3316 sed
3103 3277 3197 3318 eos
3225 3264 3314 3333 qui
3363 3280 3459 3333 per
3502 3265 3684 3335 ignem

2093 3349 2223 3403 salvi
2253 3359 2441 3414 erunt,
2473 3351 2595 3421 quia
2616 3351 2985 3421 crediderunt,
3011 3355 3217 3409 etiamsi
3245 3356 3384 3412 male
3410 3358 3682 3424 vixerunt,

2090 3450 2150 3494 ut
2185 3457 2370 3496 eorum
2401 3444 2759 3498 transitoriam
2796 3459 3008 3513 pinnam
3045 3445 3230 3515 judicii
3275 3450 3492 3504 nomine
3514 3451 3688 3520 signi-

2094 3533 2303 3586 licatam
2338 3533 2687 3588 arbitrentur.
2737 3534 3051 3605 Quanquam
3097 3540 3198 3593 hoc
3225 3539 3686 3607 impudentissime

2091 3623 2331 3689 dicatur,
2371 3639 2492 3678 cum
2519 3628 2738 3680 omnino
2770 3625 3024 3680 Dominus
3045 3643 3233 3683 onmes
3261 3641 3683 3696 resurrecturos,

2091 3715 2146 3769 in
2179 3716 2370 3785 quibus
2394 3717 2513 3771 sine
2541 3716 2702 3772 dubio
2725 3728 2778 3772 et
2806 3719 3062 3774 increduli
3101 3730 3290 3788 erunt,
3336 3723 3386 3777 in
3413 3723 3521 3779 duo
3548 3724 3689 3778 divi-

2091 3807 2254 3872 serit,
2299 3807 2449 3860 vitam
2492 3818 2547 3862 et
2569 3809 2866 3878 judicium;
2912 3811 2984 3865 ita
3016 3812 3199 3866 volens
3223 3813 3482 3881 judicium
3517 3823 3685 3869 tetrar-

2091 3892 2488 3969 num'intelligi
2510 3941 2524 3965 ,
2567 3901 2812 3969 quamvis
2853 3901 2956 3957 hoc
3001 3920 3105 3957 non
3133 3903 3431 3972 addiderit,
3463 3905 3604 3961 sicut
3626 3917 3688 3962 et

2091 3989 2274 4042 vitam.
2310 3988 2494 4058 Neque
2519 3992 2662 4045 enim
2689 3993 2784 4058 ait,
2815 3993 2870 4045 in
2893 3995 3342 4050 resurrectionem
3376 3996 3498 4050 vitae
3522 4005 3686 4051 teter-

2092 4097 2213 4144 naz;
2275 4097 2396 4134 cum
2441 4081 2583 4135 aliud
2639 4083 2822 4152 utique
2875 4083 3093 4154 intelligi
3151 4085 3401 4140 noluerit.
3455 4085 3687 4142 Videant

2095 4183 2273 4228 tamen
2301 4173 2427 4244 quid
2453 4177 2758 4244 responsuri
2788 4185 2912 4231 sunt
2933 4217 2950 4243 ,
2984 4178 3070 4231 ubi
3100 4179 3204 4244 ait,
3251 4179 3353 4244 Qui
3385 4190 3554 4233 autem
3578 4197 3684 4234 non

2091 4267 2276 4332 credit,
2311 4269 2424 4338 jatn
2438 4267 2702 4337 judicatus
2725 4279 2797 4324 est
2824 4268 2932 4339 (Id.
2959 4286 3048 4336 ιιι,
3078 4272 3188 4340 18).
3218 4270 3350 4327 Nam
3379 4272 3467 4328 hic
3495 4275 3683 4342 procul

2092 4357 2256 4413 dubio
2279 4399 2295 4424 ,
2323 4368 2416 4412 aut
2440 4358 2698 4428 judicium
2731 4376 2828 4428 pro
2851 4376 3007 4430 pmna
3033 4374 3231 4417 :etcrna
3269 4365 3498 4432 positum
3524 4366 3683 4420 intelv

2096 4447 2283 4516 ligunl,
2314 4458 2404 4502 aut
2433 4464 2528 4517 per
2548 4450 2722 4519 ignem
2749 4452 2926 4506 salvos
2953 4454 3161 4508 futuros
3189 4455 3348 4508 etiam
3376 4456 3683 4512 incredulos

2091 4537 2271 4593 dicere
2297 4538 2598 4594 audebunt'
2640 4543 2930 4610 quoniam,
2961 4543 3062 4609 Qui
3101 4562 3202 4598 non
3242 4546 3436 4613 credit,
3485 4548 3679 4617 inquit,

2082 4630 2198 4701 jam
2231 4631 2496 4702 judicatus
2535 4642 2641 4697 est,
2677 4633 2777 4688 hoc
2799 4643 2920 4700 est,
2959 4635 3069 4705 jam
3105 4636 3307 4706 judicio
3335 4638 3632 4694 destinatus
3663 4661 3678 4696 :

2091 4730 2148 4776 et
2191 4737 2296 4776 non
2326 4722 2427 4777 erit
2467 4723 2611 4794 quod
2652 4739 2750 4794 pro
2793 4741 2984 4796 magno
3032 4727 3292 4783 beneﬁcio
3331 4729 3682 4798 polliceantur

2091 4813 2430 4872 credentibus
2460 4817 2807 4888 nequiterque
2833 4819 3162 4886 viventibus,
3193 4823 3408 4892 quando
3433 4833 3488 4878 et
3517 4825 3548 4878 ii
3582 4827 3677 4894 qui

2092 4921 2199 4960 non
2249 4907 2474 4962 credunt
2523 4924 2627 4962 non
2667 4919 2826 4964 erunt
2877 4912 3172 4980 perdendi,
3233 4915 3328 4969 sed
3381 4917 3678 4983 judicandi.

2090 4998 2241 5067 Quod
2267 5000 2310 5053 si
2342 5001 2519 5055 dicere
2540 5016 2646 5055 non
2678 5003 2903 5067 audent,
2941 5021 3045 5056 non
3085 5007 3316 5060 audeant
3353 5008 3550 5076 aliquid
3581 5010 3683 5062 nii-

2093 5090 2196 5144 lius
2222 5091 2461 5160 polliceri
2500 5093 2578 5146 cis
2605 5091 2673 5146 dc
2697 5093 2888 5162 quibus
2913 5094 3111 5148 dictum
3137 5106 3217 5150 cst
3234 5137 3249 5161 ,
3279 5113 3369 5165 per
3388 5096 3571 5167 Legem
3588 5101 3677 5168 ju-

2091 5182 2436 5248 dicabuntur;
2477 5185 2598 5253 quia
2629 5195 2839 5239 constat
2871 5185 3127 5255 judicium
3164 5191 3323 5242 cliattt
3357 5206 3451 5258 pro
3477 5203 3664 5246 interm

2090 5274 2432 5330 danmatioue
2473 5275 2649 5332 solere
2678 5278 2964 5333 nominari.
2995 5280 3130 5347 Quid
3151 5321 3168 5346 ,
3204 5283 3345 5350 quod
3378 5283 3659 5336 inveniam.

2090 5383 2195 5422 non
2226 5369 2398 5422 solum
2427 5368 2646 5424 minime
2693 5371 2922 5425 mitioris
2946 5412 2961 5437 ,
2994 5388 3177 5426 verum
3212 5373 3370 5428 etiam
3399 5374 3680 5428 deterioris

2089 5460 2410 5515 conditionis
2435 5475 2553 5516 esse
2600 5461 2716 5518 illos
2743 5465 2832 5532 qui
2872 5465 3102 5519 scientes
3143 5466 3406 5534 peccant?
3456 5467 3520 5520 ili
3557 5477 3680 5521 sunt

2091 5553 2235 5606 enim
2263 5554 2493 5608 maxime
2517 5555 2606 5624 qui
2634 5555 2803 5628 legem
2844 5571 2985 5624 accc;
3009 5567 3184 5612 erunt.
3229 5559 3362 5612 Nam
3387 5561 3524 5613 sicut
3549 5562 3679 5614 scri-

2093 5653 2239 5714 ptum
2270 5657 2369 5712 cSI,
2408 5644 2508 5700 Ubi
2534 5647 2617 5700 lea:
2643 5664 2743 5700 non
2772 5660 2863 5710 est,
2892 5665 2982 5701 nec
3008 5651 3363 5717 prtevaricatio
3392 5649 3568 5721 (llam.
3605 5667 3673 5710 iv,

2094 5735 2208 5802 15).
2243 5735 2375 5788 llinc
2399 5747 2478 5789 est
2505 5746 2558 5790 et
2591 5736 2716 5789 illud
2735 5777 2748 5800 ,
2792 5737 3257 5806 Concupiscentiam
3282 5743 3558 5794 nesciebam
3585 5744 3677 5796 nisi

2097 5827 2175 5880 lca:
2203 5826 2408 5892 diceret,
2442 5827 2558 5880 Non
2587 5831 2922 5896 concupisces.
2961 5829 3236 5886 Occasione
3259 5833 3426 5901 itaque
3449 5844 3669 5905 accepta,

2172 5930 2184 5959 ³
2217 5928 2434 5988 ApudlLt'.
2463 5930 2609 5988 Lugd.
2640 5939 2735 5978 \‘cn
2783 5938 2888 5980 Iov.
2930 5944 2940 5978 :
2982 5941 3136 5991 Neque
3161 5933 3304 5983 illud.
3370 5941 3426 5983 Μ.
