4072 6510
325 396 435 455 225

326 519 590 583 peccatum
631 523 719 577 per
762 504 1059 559 mandatum
1111 511 1373 571 apemtum
1413 508 1485 553 est
1515 499 1567 553 in
1606 516 1685 553 me
1724 512 1923 553 onmem

322 598 783 669 concupiscentiam
810 596 985 664 (Rom.
1012 609 1106 661 vn,
1134 593 1191 660 7,
1209 592 1305 663 8);
1334 600 1388 646 et
1417 590 1517 644 alia
1543 590 1707 645 multa
1726 605 1844 660 qua:
1862 588 1931 643 de

327 692 427 743 hac
462 705 520 743 re
562 687 701 743 idem
728 686 1003 757 apostolus
1031 683 1181 739 dicit.
1229 680 1311 736 Ab
1345 679 1449 735 hoc
1490 689 1644 735 reatu
1678 681 1931 751 graviore

324 782 517 836 liberat
540 780 707 850 gratia
740 778 968 849 Spiritus
995 778 1164 832 sancti
1196 790 1291 845 per
1318 772 1501 829 Jesum
1525 771 1795 828 Christum
1829 772 1931 824 Do-

327 871 535 924 minum
578 878 819 925 nostrum
847 910 863 937 ,
909 883 1029 939 qua:
1071 865 1260 921 diﬁ'usa
1297 864 1562 921 eharitate
1601 864 1653 918 in
1678 862 1930 918 cordibus

330 963 532 1017 nostris
560 962 721 1017 donat
754 960 977 1031 justiti-.1:
1003 958 1413 1014 delectationem
1445 959 1461 989 ¹
1481 998 1497 1023 ,
1528 971 1632 1028 qua
1660 955 1927 1011 immode-

326 1056 465 1109 ratio
491 1053 941 1124 concupiscentiae
982 1059 1284 1121 superetur.
1337 1050 1473 1104 llinc
1514 1050 1693 1119 itaque
1727 1048 1927 1103 conﬁr-

329 1158 511 1201 matur
540 1162 645 1201 non
694 1146 868 1200 solum
898 1144 1028 1199 nihil
1070 1143 1290 1207 mitius,
1348 1140 1442 1196 sed
1476 1142 1688 1212 gravius
1731 1138 1925 1209 aliquid

323 1234 731 1307 intelligendum
758 1274 775 1300 ,
822 1233 891 1289 de
935 1233 1127 1303 quibus
1167 1231 1371 1287 dictum
1418 1240 1532 1298 est,
1583 1229 1683 1295 Qui
1711 1229 1765 1283 in
1794 1228 1929 1300 Lege

328 1335 702 1398 peccaverunt,
743 1344 834 1398 per
869 1325 1051 1397 Legem
1082 1324 1496 1396 judicabuntur;
1539 1337 1699 1394 quam
1726 1322 1793 1376 de
1822 1321 1928 1377 illis

324 1419 419 1489 qui
447 1420 564 1473 sine
589 1418 728 1489 Lege
760 1427 1044 1488 peccantes
1071 1417 1188 1472 sine
1214 1414 1356 1486 Lege
1381 1414 1630 1486 peribunt
1661 1432 1676 1471 :
1703 1430 1803 1470 nec
1831 1429 1927 1484 pro

324 1525 485 1581 pmna
516 1509 819 1565 transitoria
855 1509 956 1564 hoc
994 1509 1113 1563 loco
1141 1508 1340 1563 dictum
1369 1506 1664 1576 judicium,
1707 1506 1803 1562 sed
1828 1521 1927 1577 pro

324 1616 391 1655 ea
422 1618 524 1671 qua
568 1600 728 1655 etiam
754 1614 863 1654 non
890 1598 1174 1653 credentes
1204 1597 1602 1669 jndicabuntur.

402 1693 493 1747 Μ.
542 1691 672 1746 Nam
701 1691 794 1761 qui
836 1689 937 1745 hac
973 1698 1193 1745 utuntur
1219 1688 1484 1744 sententia
1507 1688 1572 1743 ad
1608 1688 1923 1759 promitten—

324 1785 453 1840 dam
503 1786 728 1840 salutem
774 1800 869 1855 per
908 1784 1124 1854 ignem,
1176 1783 1279 1837 illis
1322 1782 1601 1853 quietiam
1642 1780 1925 1837 credentes

324 1877 563 1949 pessime
590 1877 794 1938 vivunt,
828 1884 886 1929 ut
920 1874 999 1929 eis
1023 1874 1234 1932 dicant.
1271 1872 1371 1938 Qui
1395 1873 1504 1927 sine
1529 1872 1660 1943 Lege
1690 1888 1927 1941 peccave-

320 1980 475 2038 runt,
511 1970 621 2024 sine
655 1968 786 2040 Lege
826 1968 1058 2038 peribunt
1083 1984 1104 2033 ;
1133 1968 1218 2037 qui
1245 1976 1415 2020 autem
1446 1966 1501 2021 in
1527 1965 1659 2038 Lege
1690 1981 1927 2037 peccave-

326 2072 451 2117 runt
474 2103 489 2127 ,
522 2078 614 2132 per
640 2059 822 2131 Legem
846 2057 1221 2130 judicabantur
1243 2099 1258 2125 ,
1309 2067 1556 2129 tanquam
1603 2058 1802 2112 dictum
1832 2058 1921 2122 sit,

324 2168 433 2209 non
465 2152 749 2222 peribunt,
792 2149 887 2205 sed
917 2164 1012 2219 per
1053 2149 1227 2218 ignem
1257 2149 1389 2203 salvi
1416 2158 1607 2214 erunt;
1650 2164 1751 2204 nec
1794 2148 1923 2204 illud

328 2245 610 2301 attendere
632 2251 952 2315 potuerunt,
984 2241 1090 2298 hoc
1116 2243 1429 2313 Apostolum
1456 2243 1524 2298 de
1561 2243 1662 2298 illis
1690 2243 1779 2313 qui
1807 2243 1924 2299 sine

325 2340 470 2411 Lege
508 2350 563 2394 et
608 2340 714 2393 illis
742 2338 830 2408 qui
860 2338 913 2392 in
953 2337 1095 2409 Lege
1135 2346 1489 2407 peccaverunt
1515 2336 1749 2403 dixisse,
1798 2350 1922 2391 eum

322 2432 395 2487 de
440 2431 699 2488 Gentibus
746 2444 801 2489 et
843 2435 909 2489 de
950 2434 1150 2490 Judaeis
1191 2440 1405 2504 ageret;
1466 2441 1521 2487 ut
1564 2447 1670 2487 non
1718 2440 1921 2487 tantum

323 2525 613 2592 Gentibus,
647 2526 742 2581 sed
772 2527 1008 2598 utrisque
1032 2527 1258 2598 gratiam
1290 2525 1525 2594 Christi,
1552 2541 1655 2597 qua
1686 2526 1920 2581 liberen-

327 2624 417 2670 tur
442 2657 459 2683 ,
521 2618 877 2673 necessariam
939 2618 1332 2675 demonstraret
1364 2636 1377 2674 :
1419 2619 1560 2689 quod
1620 2628 1728 2673 tota
1758 2619 1778 2650 ¹¹
1808 2619 1920 2688 ipsa

330 2707 573 2777 Epistola
601 2708 671 2765 ad
718 2709 989 2767 Romanos
1028 2713 1307 2768 evidenter
1348 2711 1601 2768 ostendit.
1648 2710 1767 2767 lam
1795 2726 1922 2782 ergo

325 2802 491 2857 etiam
528 2801 728 2859 Judzeis
778 2804 829 2857 in
862 2804 977 2875 lege
1009 2806 1382 2875 peccantibus,
1409 2804 1475 2860 de
1504 2804 1697 2873 quibus
1721 2803 1919 2859 dictum

326 2901 435 2957 est.
462 2909 551 2964 per
579 2893 764 2964 Legem
784 2894 1172 2965 judicabuntur,
1207 2911 1317 2950 non
1346 2911 1440 2951 eos
1469 2896 1730 2951 liberante
1751 2896 1918 2964 gratia

326 2982 563 3049 Christi,
602 2984 952 3055 promittant,
997 2986 1041 3040 si
1070 2985 1274 3054 placet,
1324 3002 1418 3055 per
1446 2986 1621 3057 ignem
1652 2985 1919 3051 salutem;

323 3075 580 3145 quoniam
608 3076 674 3130 de
701 3074 785 3130 his
823 3076 1022 3131 dictum
1047 3085 1162 3142 est,
1196 3094 1286 3147 per
1317 3075 1504 3148 Legem
1529 3076 1918 3146 judicabuntur.

323 3167 479 3232 Quod
526 3168 571 3222 si
613 3182 717 3222 non
755 3168 990 3235 faciunt,
1041 3184 1107 3223 ne
1138 3178 1322 3223 contra
1353 3185 1410 3223 se
1450 3168 1596 3238 ipsos
1625 3169 1840 3223 veniant
1868 3168 1918 3234 ³,

330 3261 422 3331 qui
470 3276 563 3315 eos
614 3260 930 3331 gravissimo
985 3261 1310 3315 inﬁdelitatis
1361 3261 1584 3315 crimine
1635 3260 1921 3316 obstrictos

325 3366 453 3407 esse
490 3352 675 3407 dicunt
707 3370 719 3406 :
751 3352 934 3423 utquid
978 3352 1305 3407 transferunt
1332 3353 1397 3407 ad
1442 3352 1685 3408 inﬁdeles
1711 3361 1766 3408 et
1791 3352 1924 3407 lide-

322 3442 405 3499 les
444 3443 497 3499 in
535 3460 601 3500 eo
628 3443 771 3515 quod
799 3444 865 3500 ad
898 3445 1053 3500 ﬁdem
1097 3445 1292 3500 Christi
1331 3447 1553 3509 attinet.
1606 3446 1737 3500 illud
1776 3447 1918 3518 quod

322 3534 531 3589 dictum
567 3542 654 3590 est
697 3535 764 3589 de
802 3535 867 3590 iis
895 3536 984 3607 qui
1030 3537 1147 3590 sine
1182 3537 1322 3607 Lege
1365 3549 1417 3593 et
1464 3538 1527 3591 iis
1566 3538 1653 3607 qui
1696 3539 1746 3591 in
1780 3538 1921 3608 Lege

320 3635 700 3694 peccaverunt,
731 3640 851 3682 cum
879 3626 945 3682 de
970 3626 1165 3683 Judwis
1193 3637 1245 3681 et
1274 3628 1340 3682 de
1367 3628 1625 3687 Centihns
1651 3637 1917 3699 ageretur,

326 3726 388 3771 ut
415 3718 485 3773 ad
531 3718 724 3773 Christi
755 3721 981 3789 gratiam
1009 3721 1224 3791 utrique
1250 3722 1635 3778 invitarentur?

397 3811 629 3867 CAPUT
676 3812 867 3868 XXIV.
900 3842 971 3854 —
1018 3813 1249 3868 Libertas
1293 3814 1415 3883 ﬁdei
1456 3831 1557 3869 non
1593 3815 1658 3870 sit
1688 3815 1921 3884 ﬁdelibus

321 3902 554 3957 velamen
583 3902 811 3957 malitiae.
860 3902 1045 3974 Neque
1073 3904 1216 3959 enim
1256 3903 1455 3960 dictum
1485 3913 1606 3969 est,
1656 3905 1756 3974 Qui
1805 3907 1921 3961 sine

324 3993 434 4049 ﬁde
464 4003 854 4063 peccaverunt,
904 3996 1023 4052 sine
1050 3995 1156 4052 ﬁde
1194 3997 1479 4067 peribunt;
1526 3997 1618 4068 qui
1656 4008 1834 4053 autem
1866 3999 1919 4053 in

324 4086 432 4141 ﬁde
454 4096 813 4157 peccaverunt
834 4130 850 4156 ,
894 4104 994 4159 per
1020 4089 1177 4146 ﬁdem
1204 4090 1582 4160 judicabuntur
1609 4110 1624 4147 :
1655 4093 1773 4160 sed,
1813 4093 1924 4148 sine

323 4175 462 4247 Lege
497 4177 697 4232 dictum
730 4188 838 4246 est,
875 4194 929 4235 et
952 4222 966 4245 ,
995 4180 1049 4234 in
1084 4180 1251 4253 Lege;
1291 4190 1349 4236 ut
1376 4183 1508 4238 satis
1535 4192 1819 4254 appareret
1853 4185 1919 4240 il—

321 4268 433 4322 lam
484 4283 701 4323 causam
755 4271 932 4342 tangi,
986 4287 1105 4341 qua:
1158 4273 1299 4327 inter
1349 4272 1550 4331 Gentes
1598 4284 1653 4330 et
1704 4274 1922 4332 Judaeos

324 4358 621 4427 agebatur,
687 4378 793 4416 non
851 4379 969 4434 qua:
1019 4364 1161 4421 inter
1210 4365 1381 4421 bonos
1434 4368 1715 4439 malosque
1764 4366 1917 4424 Chri-

320 4460 547 4505 stranos.

395 4542 485 4597 45.
515 4542 830 4614 Quanquam
875 4544 921 4600 si
963 4545 1055 4601 illo
1094 4545 1213 4602 loco
1257 4548 1426 4619 legem
1472 4565 1568 4619 pro
1608 4550 1711 4606 ﬁde
1751 4552 1921 4625 accipi

321 4632 543 4698 volunt,
582 4636 725 4704 quod
772 4637 931 4692 nimis
972 4637 1334 4707 importunum
1376 4649 1431 4695 et
1468 4642 1756 4697 absurdum
1798 4652 1916 4710 est,

322 4723 485 4778 etiam
522 4724 648 4780 hinc
687 4728 1079 4795 apertissimam
1117 4740 1342 4799 possunt
1382 4732 1562 4802 legere
1599 4736 1918 4790 sententiam

322 4818 549 4887 apostoli
579 4819 719 4875 Petri
741 4864 755 4885 ,
780 4821 869 4891 qui
897 4837 1018 4876 cum
1045 4823 1353 4895 loqueretur
1378 4825 1446 4881 de
1469 4827 1533 4882 iis
1558 4829 1647 4899 qui
1678 4829 1731 4884 in
1761 4845 1919 4886 occa-

322 4908 528 4964 sionem
551 4912 729 4965 carnis
750 4923 1069 4983 acceperant
1088 4956 1103 4980 ,
1130 4915 1258 4971 etin
1282 4917 1640 4973 velamentum
1663 4921 1880 4977 malitia:
1899 4962 1915 4987 ,

324 5000 464 5070 quod
493 5002 752 5071 scriptum
782 5012 886 5067 est,
922 5021 1014 5058 nos
1040 5005 1107 5060 ad
1134 5006 1339 5062 Novum
1368 5009 1768 5066 Testamentum
1800 5030 1921 5082 per-

323 5094 578 5159 tinentes,
605 5110 705 5148 non
730 5096 935 5150 ancilla:
963 5097 1101 5152 lilios
1123 5113 1272 5165 esse,
1304 5100 1394 5154 sed
1423 5100 1610 5167 liberte,
1642 5120 1741 5173 qua
1765 5105 1917 5160 libero

322 5194 425 5237 tate
461 5184 693 5240 Christus
731 5203 824 5241 nos
852 5187 1078 5243 liberavit
1112 5189 1308 5261 (Galat.
1338 5208 1411 5259 tv,
1444 5193 1569 5264 5l);
1600 5206 1653 5249 et
1691 5206 1915 5265 putave-

322 5290 447 5334 rant
494 5279 597 5334 hoc
636 5296 759 5337 esse
801 5281 967 5338 libere
1006 5284 1224 5350 vivere,
1271 5295 1327 5340 ut
1368 5295 1617 5359 tanquam
1660 5289 1727 5344 de
1772 5300 1917 5346 tanta

323 5370 696 5441 redemptione
719 5374 915 5438 securi,
939 5373 1199 5446 quidquid
1235 5375 1425 5433 liberet
1451 5378 1612 5434 licere
1638 5380 1738 5436 sibi
1770 5381 1917 5435 arbi-

324 5472 627 5527 trarentur,
673 5479 778 5518 non
829 5465 1099 5524 intuentes
1138 5467 1279 5539 quod
1315 5468 1515 5524 dictum
1555 5482 1674 5536 est,
1730 5472 1826 5527 Vos
1866 5475 1918 5528 in

321 5556 603 5611 libertatem
626 5557 790 5611 vocati
810 5559 928 5612 estis
947 5599 962 5623 ,
1001 5563 1218 5631 fratres;
1249 5571 1444 5617 tantum
1473 5579 1536 5619 ne
1559 5564 1836 5621 libertatem
1865 5569 1918 5622 in

392 5692 411 5726 ¹
431 5691 652 5742 Nonnulli
674 5692 897 5754 codices,
921 5694 1239 5749 dilectionem.

391 5754 413 5784 ’
440 5755 512 5803 sic
536 5763 641 5805 MSS.
671 5763 725 5804 Αι
758 5757 895 5815 editi,
919 5764 1083 5808 totum.

363 5816 413 5883 ﬂ
441 5817 559 5889 editi
582 5818 764 5889 omissa
790 5820 1047 5889 particula,
1070 5834 1146 5883 ne,
1181 5822 1393 5885 habent,
1423 5830 1591 5875 contra
1614 5838 1663 5875 sc
1689 5825 1814 5889 ipros
1841 5841 1916 5879 rc-

317 5880 474 5927 ns'tmt.
501 5880 830 5929 [intendantur
847 5892 877 5930 a
901 5888 1003 5931 Mss.

1749 387 1950 445 LIBER
1990 386 2193 446 UNUS.

3528 395 3633 452 2'38

2033 511 2347 552 occasionem
2375 500 2545 554 carnis
2576 500 2703 556 detis
2732 501 2845 574 (Id.
2874 519 2908 559 ν
2927 544 2942 569 ,
2974 505 3097 572 15);
3127 506 3270 563 unde
3299 518 3354 564 et
3383 508 3497 579 ipse
3526 511 3633 566 Pe-

2040 595 2154 644 trus
2173 588 2321 655 dicit,
2336 590 2523 656 Liberi,
2544 609 2643 647 non
2662 595 2793 648 sicut
2812 596 3146 652 velamentum
3167 601 3376 656 malitia:
3396 601 3633 658 habentes

2037 679 2313 737 libertatem
2344 682 2401 755 (l
2430 683 2571 738 Petr.
2600 701 2664 751 tt,
2700 685 2790 759 16)
2822 689 2937 743 :ait
2967 689 3036 746 de
3075 691 3182 746 illis
3219 700 3271 746 et
3308 693 3361 746 in
3398 695 3629 748 secunda

2033 772 2273 844 Epistola
2300 790 2395 830 sua
2415 816 2431 842 ,
2462 776 2536 830 Hi
2563 787 2679 831 sunt
2698 779 2863 848 fontes
2884 780 3005 835 sicci
3022 821 3039 849 ,
3071 791 3118 835 et
3154 781 3349 836 nebula!
3373 800 3406 837 a
3435 785 3633 838 turbine

2034 866 2318 935 exagitatae,
2349 867 2529 937 quibus
2552 869 2715 940 caligo
2745 870 3063 925 tenebrarum
3102 872 3355 926 reservata
3381 882 3456 934 est
3484 891 3503 928 :
3534 893 3624 929 su-

2032 957 2187 1026 perba
2208 959 2341 1013 enim
2360 961 2597 1015 vanitatis
2620 960 2876 1031 loquentes
2895 965 3114 1019 illiciunt
3133 967 3186 1020 in
3206 968 3627 1037 concupiscentiis

2032 1050 2200 1105 carnis
2220 1051 2550 1123 impudicitia:
2568 1070 2652 1108 eos
2672 1058 2759 1127 qui
2781 1056 3048 1123 paululum
3069 1057 3373 1129 effugerunt,
3386 1060 3440 1114 in
3458 1073 3633 1113 errore

2031 1142 2311 1195 conversati
2329 1184 2345 1209 ,
2376 1143 2657 1198 libertatem
2688 1146 2792 1200 illis
2823 1148 3199 1215 promittentes,
3232 1165 3346 1204 cum
3375 1150 3474 1221 ipsi
3497 1154 3627 1206 servi

2029 1230 2133 1285 sint
2156 1234 2519 1303 corruptionis.
2548 1236 2591 1288 Α
2621 1252 2721 1306 quo
2747 1237 2879 1291 enim
2905 1239 3020 1309 quis
3048 1238 3271 1293 devictus
3295 1249 3367 1294 est
3386 1280 3403 1305 .
3436 1240 3555 1294 huic
3573 1252 3622 1296 et

2030 1339 2202 1379 servus
2226 1325 2462 1380 addictus
2487 1337 2579 1383 est.
2612 1328 2674 1383 Si
2702 1330 2835 1383 enim
2860 1331 3166 1402 refugientes
3194 1332 3627 1403 coinquinationes

2030 1416 2209 1468 numdi
2229 1416 2280 1470 in
2300 1418 2606 1487 agnitionent
2630 1418 2834 1473 Domini
2856 1423 3015 1475 nostri
3045 1431 3092 1475 et
3112 1424 3476 1477 conservatoris
3495 1423 3527 1474 ,Ι
3536 1440 3625 1477 esu

2032 1504 2251 1574 Christi,
2277 1508 2356 1562 his
2393 1526 2569 1564 rursus
2597 1512 2805 1581 implexi
2841 1524 3150 1582 superantur
3168 1554 3183 1577 ,
3207 1519 3347 1585 facta
3372 1525 3489 1568 sunt
3520 1515 3625 1569 illis

2030 1598 2308 1666 posteriora
2333 1600 2584 1655 deteriora
2607 1602 2879 1671 prioribus.
2910 1602 3096 1658 Melius
3116 1606 3247 1659 enim
3272 1616 3380 1659 erat
3401 1607 3503 1661 illis
3524 1624 3625 1661 non

2030 1705 2327 1760 cognoscere
2353 1692 2485 1746 viam
2508 1694 2753 1761 iustitite,
2785 1711 2937 1762 quam
2966 1706 3320 1766 cognoscentes
3348 1707 3626 1751 retrorsum

2029 1783 2217 1852 reﬂecti
2237 1799 2268 1835 a
2293 1785 2479 1838 tradito
2501 1786 2597 1840 sibi
2623 1796 2799 1841 sancto
2828 1787 3087 1841 mandato.
3119 1788 3336 1859 Contigit
3362 1791 3493 1843 enim
3519 1789 3626 1844 illis

2028 1891 2109 1928 res
2146 1876 2249 1929 veri
2282 1879 2558 1947 proverbii,
2591 1877 2743 1935 Canis
2763 1895 2990 1934 reversus
3014 1881 3083 1934 ad
3112 1899 3263 1935 suum
3282 1885 3544 1946 vomitum,
3575 1893 3624 1937 et

2028 1982 2116 2019 sus
2156 1967 2259 2021 lota
2298 1969 2351 2022 in
2394 1970 2669 2025 volutabris
2714 1971 2860 2024 comi.
2901 1971 3039 2038 Quid
3083 1973 3259 2027 adhuc
3300 1975 3627 2044 promittitur

2028 2069 2214 2113 contra
2242 2061 2396 2116 istam
2430 2062 2921 2118 manifestissimam
2951 2065 3232 2120 veritatem
3255 2065 3491 2120 conditio
3512 2082 3625 2120 me-

2028 2148 2133 2204 lior
2157 2151 2222 2205 iis
2249 2153 2336 2222 qui
2365 2163 2731 2223 cognoverunt
2762 2155 2898 2209 viam
2921 2155 3164 2225 justitiee,
3191 2157 3292 2211 hoc
3312 2166 3415 2223 est,
3442 2158 3623 2212 Domi—

2028 2255 2157 2295 num
2187 2241 2457 2297 Christum
2482 2286 2497 2311 ,
2531 2254 2583 2299 ct
2611 2245 2819 2315 perdite
2846 2246 3060 2312 vivunt,
3095 2263 3251 2317 quant
3282 2248 3327 2302 si
3358 2249 3373 2279 ί
3405 2249 3626 2302 omnino

2028 2348 2135 2389 non
2176 2338 2587 2406 cognovissent;
2621 2355 2741 2393 cum
2785 2341 3123 2410 apertissime
3163 2343 3399 2409 dicatur,
3432 2342 3619 2397 Melius

2027 2436 2136 2480 erat
2164 2428 2268 2482 illis
2295 2446 2394 2483 non
2415 2420 2714 2500 cognoscere
2732 2432 2864 2485 viam
2876 2434 3111 2500 justitiw,
3137 2450 3290 2503 quam
3310 2452 3541 2505 cognosci
3557 2454 3621 2488 u-

2028 2528 2099 2572 tes
2126 2530 2400 2574 retrorsum
2423 2523 2613 2592 reﬂecti
2646 2541 2676 2576 a
2703 2524 2887 2578 tradito
2908 2524 3003 2578 sibi
3028 2538 3202 2579 sancto
3234 2528 3473 2581 mandato
3492 2529 3518 2581 ?

2099 2610 2323 2667 CAPUT
2347 2611 2511 2667 XXV.
2530 2644 2600 2654 —
2615 2614 2704 2669 46.
2724 2614 2975 2671 Sanctum
2994 2617 3289 2672 mandatum
3311 2618 3450 2689 quid,
3474 2620 3625 2689 idque

2026 2712 2378 2772 cognoscentes
2398 2720 2458 2757 ac
2478 2707 2899 2777 transgredientes
2918 2724 3032 2778 qua:
3051 2725 3199 2781 paena
3221 2722 3441 2764 maneat.
3463 2710 3623 2765 Pruna

2027 2795 2318 2849 transitoria
2360 2795 2629 2867 baptizatis
2669 2797 2911 2853 scelerate
2947 2801 3223 2856 viventibus
3266 2819 3367 2855 non
3413 2804 3626 2872 promit-

2028 2887 2198 2941 tenda.
2256 2887 2443 2960 Neque
2494 2890 2637 2945 enim
2688 2891 2819 2947 illud
2872 2892 2976 2947 ltoc
3032 2893 3151 2949 loco
3219 2892 3623 2965 intelligendum

2026 2987 2111 3033 681,
2153 2989 2401 3035 sanctum
2444 2980 2792 3048 mandatum,
2834 2997 2940 3053 quo
2979 2994 3304 3054 prmccptum
3349 2994 3431 3039 est
3475 2995 3531 3039 ιιι
3570 3002 3624 3039 Ill

2029 3071 2198 3125 Deum
2227 3072 2544 3141 credamus;
2584 3090 2887 3146 quanquam
2921 3091 2986 3131 eo
3031 3076 3146 3146 ipso
3176 3087 3342 3132 totum
3380 3080 3626 3135 contine-

2029 3170 2144 3225 tur,
2177 3164 2220 3215 si
2251 3178 2371 3219 eam
2405 3164 2766 3235 intelligamus
2794 3165 2953 3223 ﬁdem
2981 3168 3316 3223 credentium
3342 3210 3357 3237 ,
3386 3186 3505 3239 qua:
3530 3186 3628 3241 per

2025 3254 2368 3311 dilectionem
2396 3267 2650 3325 operatur
2689 3275 2701 3309 :
2744 3258 2839 3313 sed
2876 3268 3060 3327 aperte
3087 3261 3356 3330 espressit
3382 3260 3509 3330 quid
3538 3261 3625 3315 di—

2026 3354 2173 3400 ceret
2200 3354 2441 3399 sanctum
2470 3347 2800 3414 mandatum,
2828 3348 2878 3403 id
2909 3358 2990 3403 est
3009 3391 3022 3413 ,
3056 3365 3162 3420 quo
3193 3360 3515 3422 praeceptum
3542 3363 3625 3406 est

2026 3443 2085 3490 ιιι
2112 3436 2178 3489 ab
2204 3435 2360 3505 hujus
2382 3438 2566 3491 mundi
2593 3439 3114 3509 coinquinationibus
3138 3441 3448 3496 recedentes
3474 3453 3621 3497 casta

2026 3527 2437 3583 conversatione
2463 3528 2725 3583 vivamus.
2754 3528 2842 3584 Sic
2867 3530 3009 3583 enim
3038 3529 3112 3584 ait
3155 3547 3169 3583 :
3215 3531 3276 3585 Si
3312 3533 3446 3585 enini
3486 3533 3627 3602 refu-

2025 3619 2217 3689 gientes
2259 3619 2691 3689 coinquinationes
2736 3621 2914 3674 mundi
2955 3622 3007 3674 in
3056 3623 3366 3695 agnitionem
3417 3624 3625 3679 Domini

2027 3710 2187 3764 nostri
2221 3721 2266 3767 ct
2294 3712 2659 3765 conservatoris
2692 3710 2817 3765 Jesu
2848 3713 3073 3778 Christi,
3102 3714 3182 3769 his
3211 3732 3386 3770 rursus
3414 3717 3624 3786 implexi

2026 3810 2351 3870 superantur,
2385 3802 2522 3869 facta
2554 3812 2669 3854 sunt
2698 3802 2801 3856 illis
2840 3805 3122 3871 posteriora
3158 3806 3409 3859 deteriora
3437 3807 3625 3876 priori-

2029 3891 2136 3944 bus.
2170 3890 2282 3944 Non
2322 3892 2430 3955 ait,
2466 3892 2786 3960 refugientes
2814 3893 3167 3963 ignorantiam
3203 3896 3294 3949 Dei
3317 3938 3330 3960 ,
3361 3907 3454 3951 aut
3480 3900 3624 3952 relu—

2026 3982 2234 4051 gientes
2276 3981 2647 4037 inﬁdelitatem
2693 3983 2911 4049 saeculi,
2943 3985 3028 4039 vel
3067 3985 3171 4040 tale
3210 3986 3447 4055 aliquid;
3486 3989 3619 4053 sed,

2027 4070 2455 4142 coinquinationcs
2498 4071 2707 4137 mundi,
2754 4072 2809 4127 in
2850 4073 3044 4142 quibus
3086 4086 3168 4130 est
3219 4077 3401 4145 utique
3446 4079 3622 4132 omnis

2029 4163 2362 4217 immunditia
2387 4163 2731 4234 ﬂagitiorum.
2751 4164 2883 4219 Nam
2906 4164 2972 4220 de
2994 4165 3080 4221 his
3102 4169 3348 4237 superius
3370 4169 3619 4241 loquens,

2027 4253 2189 4319 dixit,
2225 4252 2559 4325 Coepulantcs
2606 4256 2897 4322 vobiscum,
2945 4258 3118 4313 oculos
3162 4259 3397 4315 [tabentes
3447 4263 3622 4332 plenos

2026 4346 2266 4399 adulterii
2307 4357 2352 4400 et
2391 4347 2722 4402 indesinentis
2760 4349 2952 4419 peccati
2992 4349 3072 4421 (ll
3106 4348 3255 4404 Petr.
3295 4367 3366 4418 tt,
3405 4353 3619 4422 15-32).

2028 4435 2151 4490 ldeo
2175 4437 2335 4491 etiam
2361 4437 2533 4492 fontes
2555 4438 2728 4493 siccos
2747 4454 2842 4494 eos
2862 4440 3092 4508 appellat
3116 4458 3130 4495 :
3154 4442 3328 4496 fontes
3350 4444 3618 4510 videlicet,

2026 4527 2167 4597 quod
2208 4531 2516 4599 acceperint
2550 4532 2875 4601 agnitionem
2916 4532 3127 4586 Domini
3167 4534 3401 4600 Christi;
3445 4538 3619 4591 SiCCtJS

2025 4631 2244 4686 autem,
2296 4623 2415 4690 quin
2469 4637 2575 4675 non
2629 4632 2988 4692 congruenter
3036 4625 3239 4679 vivunt.
3294 4627 3371 4681 De
3428 4629 3619 4681 talibus

2025 4715 2219 4783 quippe
2241 4716 2399 4769 etiam
2422 4714 2589 4771 ludas
2609 4717 2884 4785 apostolus
2909 4717 3155 4788 loquens,
3180 4718 3231 4772 li
3250 4730 3365 4774 sunt
3381 4762 3397 4786 ,
3422 4721 3615 4791 inquit,

2024 4808 2111 4879 qui
2147 4810 2199 4861 in
2230 4807 2579 4864 dilectionibus
2618 4810 2791 4864 vestris
2831 4812 3071 4866 maculati
3110 4812 3475 4882 coepulantur,
3509 4814 3617 4867 sine

2025 4904 2201 4953 timore
2223 4902 2516 4971 semctipsos
2540 4910 2800 4967 pascentes
2821 4942 2836 4967 ,
2874 4904 3027 4955 nubes
3061 4902 3168 4955 sine
3197 4918 3327 4971 aqua
3354 4901 3529 4973 (Iuda:
3565 4920 3613 4971 ι,

2028 4991 2147 5063 12);
2187 5000 2238 5047 et
2266 5003 2481 5047 caztera.
2521 4991 2673 5059 Quod
2714 4991 2856 5046 enim
2901 4992 3091 5046 Petrus
3130 4993 3235 5055 ait.
3279 4992 3617 5062 Coepuluntes

2024 5088 2299 5152 vobiscum,
2329 5085 2504 5140 oculos
2524 5086 2761 5139 habentes
2790 5084 2964 5154 plenos
2993 5086 3265 5147 adulterii;
3293 5086 3391 5140 hoc
3416 5086 3580 5141 Judns
3599 5132 3613 5155 ,

2024 5176 2093 5232 In
2152 5179 2506 5233 dilectionibus
2552 5178 2726 5232 vestris
2775 5179 3018 5231 maculati
3067 5179 3419 5248 rocpulantur.
3468 5181 3613 5236 Mixti

2025 5280 2149 5323 sunt
2175 5269 2317 5323 enim
2352 5270 2506 5323 bonis
2527 5268 2583 5324 in
2607 5269 2779 5338 epulis
2800 5267 3267 5323 Sacramentorum
3292 5281 3343 5324 et
3370 5271 3615 5327 dilectio-

2027 5363 2179 5418 nibus
2210 5363 2463 5432 plebium.
2498 5361 2567 5417 Et
2589 5361 2732 5432 Quod
2765 5359 2957 5415 Petrus
2982 5361 3074 5424 ait,
3111 5360 3302 5417 Fontes
3326 5365 3481 5431 sicci;
3512 5365 3616 5421 hoc

2024 5455 2188 5510 Jndas
2208 5496 2221 5517 .
2257 5454 2307 5509 Ν
2314 5454 2430 5510 ubcs
2455 5455 2564 5509 sine
2600 5470 2769 5523 aqua;
2796 5454 2899 5511 hoc
2922 5455 3152 5511 Jacobus
3172 5497 3189 5523 ,
3225 5457 3381 5514 Fides
3418 5472 3617 5514 mortua

2027 5548 2232 5620 (Jacobi
2257 5564 2322 5610 tt,
2351 5546 2468 5618 20).

2096 5642 2188 5696 47.
2230 5639 2344 5694 Νοιι
2374 5639 2550 5709 itaque
2583 5638 2925 5708 promittatur
2949 5654 3105 5712 poma
3141 5640 3276 5710 ignis
3311 5643 3615 5698 transitoria

2030 5733 2256 5802 turpiter
2297 5731 2666 5802 scelerateque
2708 5731 3043 5797 viventibus,
3071 5747 3193 5801 quia
3233 5732 3371 5787 viam
3394 5733 3617 5803 justitiio

2095 5890 2109 5918 ι
2149 5894 2195 5937 to
2216 5902 2234 5937 ι
2250 5888 2425 5948 seusis,
2455 5885 2608 5951 quasi.
2634 5886 2805 5937 verius
2820 5886 2869 5937 in
2886 5892 3013 5949 .\tss.,
3034 5896 3178 5947 quam
3195 5897 3254 5937 si.
