4072 6516
466 432 571 486 ἳιὲἹ

470 551 862 616 cognoverunt,
914 541 1105 609 quibus
1154 538 1347 593 melius
1388 546 1503 592 erat
1550 552 1655 590 non
1695 545 2055 605 cognoscere,

472 640 613 692 sicut
638 635 978 690 voracissima
1005 632 1281 701 Scriptura
1314 639 1558 685 testatur.
1584 629 1659 683 De
1684 626 1877 682 talibus
1903 624 2059 693 quip-

470 745 538 798 pe
558 731 717 783 etiam
745 726 1003 781 Dominus
1032 726 1127 792 ait,
1160 723 1227 777 Et
1256 733 1398 777 erant
1424 722 1694 777 novissima
1720 720 1859 773 illius
1892 716 2058 771 homi—

471 820 548 871 nis
570 820 744 889 pejora
764 834 913 885 quam
936 826 1077 869 erant
1100 816 1265 884 prima
1288 813 1498 883 (Matth.
1525 828 1595 866 xn
1613 855 1626 877 ,
1656 812 1744 882 45)
1769 826 1783 875 ;
1809 809 2057 879 quoniam

473 910 801 979 purgationis
839 924 950 961 sua:
982 908 1341 961 habitatorem
1387 905 1640 973 Spiritum
1680 912 1921 957 sanctmn
1956 915 2059 953 non

475 1002 760 1071 recipiens,
786 1001 908 1055 fecit
936 1000 988 1053 in
1012 1014 1069 1054 se
1093 997 1427 1053 immundum
1450 996 1694 1065 Spiritum
1718 992 2062 1063 multipliciu-

473 1108 588 1145 rem
612 1092 807 1145 redire.
833 1090 944 1145 Nisi
966 1088 1104 1144 forte
1124 1089 1242 1142 ideo
1263 1098 1387 1143 sunt
1410 1089 1491 1141 isti
1514 1128 1528 1152 ,
1554 1087 1618 1140 de
1642 1085 1832 1155 quibus
1852 1085 2055 1153 agitur,

476 1184 730 1238 meliores
754 1182 1003 1247 habendi,
1021 1182 1139 1252 quia
1164 1197 1268 1234 non
1292 1179 1565 1234 redierunt
1586 1178 1649 1231 ad
1674 1175 2064 1230 immunditiam

473 1271 859 1329 adulteriorum
884 1315 899 1339 ,
944 1272 1039 1327 sed
1079 1271 1146 1325 ab
1186 1286 1247 1325 ea
1281 1287 1383 1323 non
1419 1278 1784 1331 recesserunt;
1818 1280 1915 1319 nec
1942 1280 2068 1333 pur-

472 1368 581 1436 gati
620 1382 678 1421 se
709 1381 895 1420 rursus
923 1365 1333 1435 inquinaverunt
1356 1406 1370 1427 ,
1401 1363 1493 1417 sed
1535 1360 1752 1433 purgari
1780 1373 2067 1414 recusave-

475 1468 621 1512 runt.
653 1458 832 1527 Neque
861 1457 1003 1511 enim
1026 1498 1040 1521 ,
1067 1467 1122 1510 ut
1149 1456 1383 1510 relevata
1422 1453 1746 1507 conscientia
1777 1452 1977 1505 intrent
2001 1447 2067 1501 ad

481 1549 808 1617 Baptismum
831 1590 845 1612 ,
886 1547 1173 1617 dignantur
1213 1546 1403 1600 saltem
1432 1558 1651 1599 vomere
1678 1544 1931 1613 pristinas
1964 1541 2067 1593 im-

479 1639 771 1692 munditias
795 1679 809 1702 ,
851 1654 983 1708 quas
1021 1653 1213 1691 canum
1246 1652 1393 1690 more
1425 1636 1615 1689 iterum
1660 1634 1941 1696 sorbeant;
1975 1630 2068 1685 sed

480 1728 535 1781 in
566 1728 761 1782 lavacri
798 1726 964 1797 ipsius
987 1728 1268 1782 sanctitate
1296 1726 1637 1796 pertinaciter
1664 1724 1829 1779 crudo
1855 1733 2070 1793 pectore

482 1818 798 1891 indigestam
828 1819 1117 1888 nequitiam
1148 1829 1329 1873 tenere
1351 1817 1681 1873 centendunt
1710 1833 1724 1869 :
1758 1830 1859 1870 nec
1886 1815 2070 1869 occul-

483 1920 598 1965 tant
624 1926 740 1965 eam
772 1910 1153 1981 pollicitatione
1181 1910 1262 1963 vel
1294 1908 1436 1974 ﬁcta,
1466 1907 1560 1962 sed
1591 1906 1917 1975 impudentia
1950 1920 2070 1973 pro-

483 2004 732 2059 fessionis
770 2012 1016 2058 eructant
1054 2021 1069 2057 :
1107 2018 1206 2057 nec
1242 2012 1497 2056 exeuntes
1538 2001 1606 2055 de
1646 1998 1893 2055 Sodomis
1924 2014 2072 2051 more

484 2095 666 2149 uxoris
698 2094 859 2160 Loth,
890 2094 941 2147 in
966 2093 1233 2163 praeterita
1260 2091 1451 2146 iterum
1476 2090 1755 2144 attendunt
1782 2086 1932 2159 (Gen.
1957 2103 2070 2152 xtx,

482 2185 600 2255 26),
634 2184 727 2239 sed
757 2185 975 2238 omnino
1003 2184 1068 2238 de
1098 2182 1348 2238 Sodomis
1377 2182 1733 2251 dedignantur
1762 2180 1936 2242 exire;
1967 2178 2073 2231 imo

484 2280 552 2332 ad
590 2276 861 2332 Christum
903 2292 1022 2331 cum
1058 2275 1307 2330 Sodomis
1338 2284 1601 2329 conantur
1632 2275 1848 2327 intrare.
1879 2272 2074 2327 Paulus

483 2370 759 2440 apostolus
781 2369 930 2433 dicit,
965 2370 1062 2433 Qui
1092 2368 1233 2437 prius
1262 2368 1339 2437 fni
1368 2367 1691 2436 blasphemus
1715 2376 1761 2421 et
1784 2376 2075 2436 persecutor

484 2473 531 2514 et
566 2461 877 2530 injuriosus;
905 2462 992 2513 sed
1025 2460 1422 2513 misericordiam
1450 2468 1745 2513 consecutus
1783 2474 1896 2511 sum
1916 2499 1929 2521 ,
1955 2458 2075 2527 quia

484 2553 725 2623 ignorans
760 2554 857 2621 [cci
895 2554 947 2606 in
988 2553 1339 2606 incredulitate
1375 2552 1430 2621 (Ι
1458 2550 1593 2605 Tim.
1622 2567 1673 2617 ι,
1709 2550 1798 2622 15)
1832 2559 1925 2605 :et
1960 2549 2075 2603 istis

482 2644 700 2709 dicitur,
731 2645 882 2699 Tunc
910 2646 1087 2715 potius
1116 2644 1539 2699 misericordiam
1570 2641 1997 2712 consequemini,
2030 2640 2075 2693 si

485 2734 716 2790 scientes
738 2737 877 2790 male
903 2738 1142 2791 vixeritis
1166 2738 1217 2790 in
1243 2737 1356 2805 ipsa
1390 2735 1513 2789 ﬁde.
1540 2735 1709 2788 Nimis
1730 2734 1948 2803 longum
1970 2741 2074 2799 est,

485 2836 541 2881 et
558 2843 692 2897 pene
710 2827 975 2882 inﬁnitum
998 2829 1175 2881 omnia
1199 2826 1503 2881 testimonia
1528 2826 1920 2895 Scripturarum
1943 2824 2077 2878 velle

489 2920 742 2990 colligere
762 2962 777 2987 ,
807 2920 1000 2990 quibus
1029 2930 1249 2989 apparet
1279 2935 1384 2972 non
1415 2919 1586 2972 solum
1618 2934 1724 2971 non
1754 2932 1873 2971 esse
1896 2916 2077 2969 mitio-

487 3024 603 3063 rem
630 3026 844 3065 causam
870 3026 1056 3064 eorum
1087 3011 1174 3078 qui
1203 3010 1454 3074 scientes,
1480 3024 1636 3078 quam
1664 3008 1751 3077 qni
1781 3007 2080 3061 nescientes

492 3100 653 3153 vitam
696 3100 1074 3169 nequissimam
1106 3108 1160 3153 et
1196 3099 1584 3167 iniquissimam
1626 3097 1863 3159 ducunt,
1891 3111 2077 3150 verum

487 3193 650 3247 etiam
680 3193 779 3247 hoc
809 3193 925 3263 ipso
955 3207 1074 3247 esse
1102 3193 1403 3262 graviorem
1434 3208 1448 3245 :
1478 3190 1698 3261 proinde
1728 3191 1826 3243 ista
1850 3188 2079 3245 suffece-

491 3285 619 3339 rint.

564 3373 791 3431 CAPUT
813 3373 1005 3429 XXVI.
1022 3405 1089 3413 ——
1106 3374 1194 3429 48.
1215 3373 1476 3443 Baptismo
1506 3373 1601 3427 nisi
1626 3374 1725 3426 vita
1750 3372 2077 3443 respondeat,

496 3483 599 3520 non
626 3465 929 3520 obtinebatur
964 3482 1174 3537 regnum
1214 3466 1471 3518 (telorum.
1514 3463 1729 3517 I’ecrata
1757 3465 1965 3535 triplicis
1991 3482 2081 3536 ge—

496 3557 631 3611 neris
678 3557 866 3626 triplici
908 3557 1129 3610 reniedio
1170 3556 1421 3609 sananda.
1473 3555 1774 3608 Caveamus
1824 3569 1951 3625 ergo
1996 3555 2083 3608 di-

497 3648 723 3718 ligenter
762 3648 813 3700 in
856 3647 1137 3717 adjutorio‘
1162 3647 1370 3701 Domini
1418 3646 1511 3700 Dei
1559 3645 1728 3699 nostri
1767 3663 1873 3699 linit
1908 3645 2083 3700 facere

496 3738 743 3793 homines
767 3740 904 3795 male
931 3755 1170 3806 securos,
1198 3739 1438 3793 dicentes
1459 3740 1536 3793 eis
1560 3740 1701 3809 quod
1732 3739 1774 3792 si
1810 3738 2004 3792 fuerint
2028 3739 2079 3791 in

492 3828 708 3883 Christo
735 3830 985 3899 baptizati
1008 3874 1022 3895 ,
1053 3830 1458 3900 quomodolibet
1488 3830 1539 3883 in
1572 3845 1634 3883 ea
1676 3829 1779 3883 ﬁde
1817 3829 2081 3895 vixerint,

495 3936 590 3975 eos
619 3922 683 3975 ad
716 3923 942 3977 salutem
973 3931 1229 3977 mteruam
1254 3937 1375 3976 esse
1395 3931 1647 3975 venturos
1681 3939 1693 3974 :
1724 3937 1789 3975 ne
1818 3922 1896 3975 sic
1926 3921 2086 3976 facia-

498 4029 617 4068 mus
645 4014 979 4069 Cltristianos
1000 4057 1015 4081 ,
1042 4014 1311 4085 quomodo
1336 4014 1505 4068 Judmi
1536 4014 1831 4084 proselytos
1852 4055 1867 4079 ,
1893 4012 2086 4083 quibus

502 4101 761 4155 Dominus
786 4103 879 4165 ait,
922 4100 1013 4155 νω
1047 4100 1184 4153 vobis
1204 4142 1217 4165 ,
1251 4100 1444 4155 Scribat
1473 4109 1519 4153 et
1561 4099 1843 4165 Phariswi,
1876 4100 1960 4169 qui
1988 4100 2089 4151 cir-

499 4196 699 4249 cumitis
725 4211 862 4249 mare
894 4205 941 4248 et
971 4205 1175 4254 terram,
1208 4198 1372 4265 facere
1401 4211 1562 4248 unum
1598 4194 1944 4264 proselgtum;
1974 4210 2087 4246 cum

497 4299 664 4340 autem
690 4288 923 4356 feceritis,
953 4287 1116 4358 facitis
1142 4302 1253 4341 eam
1283 4288 1443 4355 [ilium
1471 4288 1711 4357 gehennae
1732 4286 1890 4358 duplo
1913 4301 2063 4356 quan;

458 4428 471 4435 κ
500 4396 589 4433 vos
616 4378 735 4433 estis
765 4377 977 4446 (Matth.
1010 4395 1142 4432 xxm
1164 4422 1178 4444 ,
1209 4377 1319 4450 15).
1350 4379 1455 4433 Sed
1482 4380 1655 4449 p0tius
1675 4394 1857 4435 sanam
1886 4380 2083 4435 doctri-

503 4486 626 4525 nam
668 4471 762 4524 Dei
801 4471 1043 4541 magistri
1084 4474 1136 4526 in
1182 4482 1410 4541 utroque
1451 4481 1763 4537 teneamus;
1809 4482 1866 4526 ut
1904 4484 2092 4527 saneto

504 4561 777 4630 Baptismo
812 4576 1049 4615 consona
1090 4561 1158 4614 sit
1198 4562 1301 4616 vita
1337 4560 1622 4615 christiana
1644 4603 1659 4625 ,
1706 4576 1806 4615 nec
1842 4564 2091 4633 cuiquam

503 4654 727 4718 homini,
755 4652 801 4707 si
832 4654 1141 4708 utrumlibet
1163 4653 1415 4719 defuerit,
1438 4655 1546 4707 vita
1573 4655 1914 4724 promittatur
1937 4666 2095 4710 ceter-

503 4764 589 4802 na.
619 4746 719 4813 Qui
745 4748 889 4801 enim
916 4746 1075 4809 dixit,
1108 4745 1224 4800 Nisi
1252 4746 1364 4809 quis
1392 4757 1598 4801 renatus
1624 4747 1777 4816 fuerit
1808 4765 1870 4801 ex
1894 4766 2025 4819 aqua
2048 4760 2093 4802 et

502 4842 706 4911 Spiritu
741 4839 781 4905 ί,
812 4855 914 4891 non
942 4837 1148 4891 intrabit
1177 4838 1231 4891 in
1260 4854 1471 4909 regnum
1508 4839 1749 4892 cazlorum
1787 4838 1965 4907 (Joan.
2004 4856 2091 4906 ιιι,

501 4933 591 5004 Ei);
633 4933 744 5002 ipse
771 4930 930 4985 etiam
969 4929 1134 4995 dixit,
1173 4927 1289 4982 Nisi
1330 4928 1659 4982 abundaverit
1690 4931 1892 4998 justitia
1934 4939 2094 4983 vestra

499 5042 652 5094 super
679 5023 974 5078 Scribarum
1000 5032 1044 5074 et
1079 5020 1456 5074 Pharisworum
1482 5062 1494 5081 ,
1524 5038 1622 5073 non
1655 5020 1907 5074 inti-abitis
1932 5022 1982 5073 in
2014 5037 2096 5074 re-

503 5131 656 5184 gnum
694 5116 932 5167 calorum
974 5112 1185 5183 (Matth.
1226 5129 1291 5177 v,
1332 5112 1443 5181 20).
1490 5113 1563 5165 De
1604 5113 1705 5164 illis
1742 5112 1935 5180 quippe
1972 5113 2045 5165 ait
2078 5130 2090 5165 :

506 5198 698 5250 Scriba:
736 5208 782 5251 et
827 5198 1075 5252 I’hariswi
1116 5214 1269 5267 super
1312 5196 1603 5249 cathedram
1650 5196 1817 5266 Moysi
1862 5197 2034 5250 sedent
2075 5213 2093 5250 :

504 5303 615 5355 qmv
651 5287 849 5350 dicunt,
886 5291 1064 5355 facite;
1096 5306 1209 5358 qua:
1236 5300 1402 5341 autent
1441 5289 1637 5357 faciunt
1658 5332 1671 5352 ,
1700 5290 1869 5359 facere
1898 5290 2051 5343 nolite
2074 5306 2093 5344 :

504 5380 676 5430 dicunt
704 5379 834 5430 enim
854 5389 899 5431 ct
922 5396 1020 5431 non
1045 5380 1233 5448 faciunt
1262 5380 1371 5451 (Id.
1407 5397 1564 5447 xxut,
1590 5380 1645 5443 ξι,
1672 5381 1747 5448 5).
1776 5381 1914 5451 Ergo
1938 5381 2097 5449 justi-

504 5471 575 5522 tia
610 5486 795 5522 eorum
830 5479 906 5523 est
928 5513 943 5533 ,
973 5472 1152 5523 dicere
1181 5484 1236 5525 et
1267 5488 1372 5525 non
1406 5475 1579 5527 facere
1609 5492 1621 5527 :
1654 5490 1715 5528 ac
1744 5490 1839 5543 per
1868 5476 1969 5529 hoc
2001 5491 2097 5527 no-

506 5572 669 5612 stram
700 5574 819 5614 esse
845 5561 1007 5613 voluit
1037 5562 1395 5615 abundantem
1425 5581 1587 5635 super
1622 5567 1834 5619 illorum
1858 5610 1871 5631 ,
1914 5566 2094 5621 dicere

506 5663 557 5705 et
584 5651 787 5715 facere;
818 5669 935 5719 qua:
959 5654 1000 5705 si
1026 5669 1129 5706 nou
1157 5655 1328 5718 luerit,
1356 5674 1456 5709 non
1486 5659 1770 5712 intrabitur
1793 5660 1844 5713 in
1870 5677 2091 5730 regnum

511 5759 665 5796 coetui
683 5759 790 5795 um.
820 5742 935 5796 Non
968 5744 1089 5813 quia
1129 5745 1407 5814 quisquam
1447 5748 1514 5799 ita
1547 5749 1706 5803 debet
1744 5751 1926 5805 extolli
1954 5794 1967 5817 ,
2002 5764 2092 5821 ut,

573 5881 591 5912 ι
629 5887 833 5930 Veteres
856 5881 983 5942 libri,
1007 5894 1070 5931 ex
1094 5882 1185 5947 spi.
1204 5882 1274 5933 itu
1296 5893 1459 5934 sancto
1486 5898 1501 5934 :
1526 5899 1723 5947 ouusso,
1746 5902 1875 5953 aqua
1890 5896 1951 5938 et.

1235 423 1321 477 oe
1354 420 1509 476 FIDE
1551 420 1635 475 er
1674 416 2032 483 oremous,
2072 414 2132 470 s.
2175 415 2540 472 AUGUSTINI
2581 419 2780 474 LIBER
2822 419 3023 477 unus.

3657 422 3762 479 228

2172 545 2275 582 non
2321 531 2491 585 dicam
2533 532 2671 601 apud
2712 535 2845 589 alios
2882 534 3117 603 jactare.
3160 535 3255 591 sed
3293 538 3432 607 apud
3480 553 3538 593 se
3585 539 3763 609 ipsum

2172 630 2355 690 putare
2380 623 2573 677 audeat
2602 640 2659 678 se
2689 626 2737 678 in
2768 628 2865 679 liae
2897 627 3003 679 vita
3044 641 3163 681 esse
3204 628 3320 682 sine
3359 639 3584 700 peccato
3620 649 3631 683 :
3665 630 3761 684 sed

2170 714 2270 766 nisi
2298 723 2477 767 essent
2503 714 2744 783 quzedam
2776 716 2845 768 ita
2875 717 3079 785 gravia,
3110 725 3167 770 ut
3193 719 3356 773 etiam
3388 722 3766 774 excommuni—

2169 805 2379 859 ratione
2418 806 2692 873 plectenda
2725 808 2860 870 sint,
2902 822 3007 861 non
3041 809 3242 863 diceret
3268 810 3593 879 Apostolus,
3628 812 3764 867 Con-

2168 896 2387 965 grcgatis
2417 895 2551 949 vobis
2574 906 2617 949 et
2641 913 2748 950 meo
2773 898 2955 965 spiritu
2986 898 3186 952 tradere
3211 900 3464 969 ejusmodi
3488 911 3685 956 satana:
3709 904 3763 957 iis

2169 985 2425 1038 interitum
2460 987 2662 1051 carnis,
2693 998 2748 1040 ut
2781 988 2992 1058 spiritus
3031 991 3200 1044 salvus
3241 992 3304 1044 sit
3342 992 3393 1045 in
3434 992 3516 1045 die
3551 991 3765 1047 Domini

2169 1076 2293 1131 Jcsu
2323 1078 2376 1148 (l
2405 1075 2523 1132 Cor.
2551 1094 2616 1145 v,
2644 1080 2677 1133 4
2697 1121 2711 1145 ,
2750 1076 2826 1151 5).
2858 1078 3010 1134 Unde
3046 1081 3205 1135 etiam
3246 1082 3376 1138 dicit
3401 1101 3416 1138 :
3447 1082 3531 1136 Ne
3561 1085 3763 1154 lugeam

2172 1173 2385 1234 multos,
2414 1172 2499 1240 qui
2523 1182 2639 1225 ante
2668 1182 3028 1241 peccaverunt,
3059 1183 3105 1227 et
3141 1191 3241 1227 non
3276 1185 3484 1245 egerunt
3513 1178 3763 1245 paeniten-

2172 1264 2293 1316 tiam
2322 1280 2473 1333 super
2500 1264 2873 1318 immunditiam
2912 1275 2960 1320 et
2999 1266 3385 1335 fornicationem
3419 1286 3569 1337 quam
3596 1286 3767 1340 gesse-

2172 1365 2288 1407 runt
2314 1354 2389 1428 (ΙΙ
2419 1354 2539 1410 Cor.
2576 1372 2648 1410 xn
2669 1398 2683 1421 ,
2713 1356 2827 1427 21).
2867 1356 2997 1412 Item
3037 1358 3139 1411 nisi
3168 1368 3349 1413 essent
3378 1359 3622 1429 qumdam
3656 1377 3763 1415 non

2173 1463 2236 1500 ca
2271 1448 2568 1503 humilitate
2596 1448 2921 1517 poenitentiae
2947 1450 3205 1516 sananda,
3238 1450 3409 1521 qualis
3440 1451 3490 1504 in
3518 1452 3761 1506 Ecclesia

2173 1540 2331 1595 datur
2366 1545 2444 1595 eis
2472 1542 2561 1612 qui
2595 1542 2808 1611 pr0prie
2845 1543 3165 1612 poenitentes
3192 1552 3483 1609 vocantur,
3515 1544 3612 1597 sed
3647 1544 3769 1613 qni-

2176 1630 2397 1684 busdam
2420 1633 2815 1700 correptionum
2842 1632 3267 1699 medicamentis,
3292 1650 3399 1688 non
3422 1634 3625 1689 diceret
3651 1636 3768 1704 ipse

2178 1721 2433 1775 Dominus
2459 1738 2471 1774 :
2498 1721 2708 1793 Corripe
2732 1738 2845 1776 eum
2869 1724 3004 1778 inter
3024 1733 3071 1777 te
3092 1733 3137 1778 et
3164 1724 3331 1794 ipsum
3354 1725 3548 1788 solum;
3578 1734 3626 1777 et
3651 1727 3695 1778 si
3720 1736 3769 1779 te

2175 1813 2425 1879 audierit,
2458 1814 2683 1869 lucratus
2712 1832 2763 1869 es
2789 1819 3000 1887 fratrem
3037 1825 3178 1870 tuum
3209 1816 3421 1890 (Matth.
3451 1835 3581 1873 xvtn
3604 1860 3617 1883 ,
3653 1818 3765 1892 15).

2177 1904 2455 1960 Postremo
2494 1907 2594 1961 nisi
2630 1916 2809 1962 essent
2844 1907 3088 1977 quaedam
3123 1909 3239 1963 sine
3272 1910 3464 1979 quibus
3504 1910 3620 1964 haec
3659 1914 3766 1966 vita

2177 2009 2283 2049 non
2330 1997 2535 2065 agitur,
2582 2013 2689 2052 non
2729 1998 3089 2069 quotidianam
3135 1999 3398 2055 medelam
3440 2015 3665 2070 poneret
3710 2005 3764 2058 in

2177 2087 2417 2141 oratione
2446 2102 2605 2159 quam
2632 2088 2843 2154 docuit,
2878 2099 2936 2144 ut
2962 2090 3201 2145 dicamus
3232 2109 3245 2144 :
3276 2090 3485 2145 Dimitte
3508 2093 3653 2147 nobis
3679 2100 3771 2147 de-

2178 2176 2279 2229 bita
2319 2187 2491 2231 nostra
2510 2219 2527 2245 ,
2556 2178 2687 2233 sicut
2714 2189 2760 2233 et
2787 2196 2877 2234 nos
2907 2180 3206 2235 dimittimus
3235 2182 3543 2237 debitoribus
3583 2187 3773 2240 nostris

2183 2264 2292 2337 (Id.
2324 2282 2407 2327 vr,
2442 2266 2550 2336 ιε).

2250 2360 2475 2415 CAPUT
2512 2359 2726 2415 XXVII.
2745 2393 2817 2401 —
2842 2363 2929 2417 49.
2960 2362 3207 2434 Epilogus
3236 2366 3617 2433 pra'tlictorum.
3646 2368 3764 2424 Jam

2179 2457 2344 2523 satis,
2378 2466 2631 2526 quantum
2678 2457 2928 2524 arbitror,
2963 2458 3028 2512 de
3069 2468 3175 2513 tota
3222 2459 3306 2513 illa
3356 2461 3609 2531 opinione
3640 2464 3768 2532 quid

2180 2546 2311 2601 mihi
2341 2546 2613 2601 videretur
2649 2548 2905 2616 exposui,
2935 2548 3023 2601 ubi
3067 2558 3174 2602 tres
3217 2552 3540 2617 quastiones
3585 2570 3769 2608 move-

2181 2648 2306 2693 runt
2333 2657 2347 2694 :
2372 2654 2530 2693 unam
2572 2638 2639 2693 de
2669 2640 3022 2709 permixtione
3063 2640 3113 2694 in
3155 2640 3393 2695 Ecclesia
3425 2641 3688 2697 htinOrum
3721 2654 3774 2698 et

2182 2731 2477 2797 malorum,
2510 2741 2755 2801 tanquam
2784 2732 2943 2786 tritici
2983 2741 3037 2786 et
3076 2733 3399 2786 zizaniorum
3427 2753 3440 2788 :
3465 2735 3552 2787 ubi
3578 2750 3773 2789 caven-

2182 2823 2307 2877 dum
2335 2833 2452 2890 est,
2483 2838 2549 2877 ne
2576 2822 2697 2879 ideo
2732 2833 2975 2893 putemus
3001 2839 3121 2879 esse
3148 2826 3443 2894 propositas
3468 2826 3596 2879 istas
3622 2828 3774 2880 simi-

2182 2902 2468 2983 litudines,
2496 2916 2579 2971 vel
2612 2916 2749 2971 hanc
2770 2958 2783 2981 ,
2816 2918 2897 2971 vel
2930 2917 2996 2971 de
3028 2917 3315 2971 immundis
3344 2918 3395 2972 in
3422 2934 3543 2973 arca
3572 2921 3773 2974 anima-

2185 3007 2324 3064 libus
2345 3050 2359 3075 ,
2391 3007 2475 3064 vel
2514 3023 2860 3079 qumcumque
2886 3008 2987 3062 alia
3020 3008 3159 3063 idem
3188 3009 3522 3079 signiﬁcant,
3556 3021 3613 3063 ut
3650 3011 3778 3065 dor-

2186 3099 2317 3156 miat
2340 3101 2591 3156 Eccleshe
2621 3100 2929 3170 disciplina,
2964 3100 3030 3155 de
3057 3115 3158 3171 qua
3199 3100 3251 3155 in
3285 3100 3448 3172 ﬁgura
3480 3102 3619 3158 illius
3658 3118 3775 3157 mu-

2185 3191 2333 3249 lieris
2376 3191 2577 3247 dictum
2620 3200 2736 3258 est,
2765 3191 2966 3246 Severo;-
3006 3199 3124 3245 sunt
3164 3193 3567 3245 convcrsationes
3597 3192 3778 3247 domus

2184 3284 2299 3355 ejus
2333 3281 2512 3355 (Prov.
2540 3298 2614 3351 ιι,
2644 3281 2744 3348 18,
2772 3298 2881 3338 sec.
2922 3281 3119 3353 LXX);
3150 3282 3241 3337 sed
3271 3292 3327 3337 ut
3355 3299 3461 3337 non
3504 3299 3570 3337 eo
3610 3301 3778 3354 usque

2187 3374 2558 3445 progrediatur
2585 3373 2869 3429 dementia:
2894 3375 3069 3444 potius
3099 3375 3403 3441 temeritas,
3436 3391 3594 3445 qnam
3622 3391 3778 3431 seve-

2188 3466 2315 3520 ritas
2346 3465 2669 3535 diligentim,
2702 3474 2761 3519 ut
2788 3466 2936 3536 quasi
2979 3464 3149 3520 bonos
3188 3482 3215 3519 a
3258 3468 3411 3520 malis
3450 3482 3545 3537 per
3576 3467 3775 3521 nefaria

2187 3558 2474 3613 schismata
2518 3573 2767 3627 separare
2798 3566 3103 3627 prmsumat.
3132 3556 3313 3628 Neque
3357 3558 3499 3611 enim
3543 3574 3638 3627 per
3684 3557 3778 3610 has

2188 3648 2563 3705 similitudines
2605 3655 2661 3703 et
2704 3647 3181 3718 praenuntiationes
3224 3648 3509 3703 consilium
3555 3647 3778 3702 desidize

2190 3740 2369 3793 datum
2420 3749 2502 3793 est
2542 3740 2728 3806 bonis,
2756 3755 2857 3809 qua
2888 3739 3161 3809 negligant
3186 3738 3325 3809 quod
3364 3738 3652 3808 prohibere
3682 3741 3779 3792 de-

2190 3832 2349 3895 bent;
2379 3831 2471 3886 sed
2522 3830 2820 3900 patientim,
2853 3845 2954 3900 qua
3009 3828 3279 3899 perferant
3326 3830 3475 3883 salva
3529 3829 3778 3883 doctrina

2191 3924 2434 3979 veritatis
2464 3923 2602 3993 quod
2629 3923 2916 3978 emendare
2946 3938 3051 3977 non
3094 3922 3291 3977 valent.
3326 3921 3433 3977 Nec
3481 3923 3606 3991 quia
3650 3924 3782 3976 scri—

2193 4028 2340 4088 ptum
2372 4026 2455 4071 est
2494 4018 2743 4073 introisse
2771 4016 2835 4070 ad
2865 4016 2975 4071 Noe
3004 4017 3058 4070 in
3086 4031 3264 4070 aream
3301 4017 3460 4070 etiam
3508 4016 3780 4070 immunda

2193 4109 2438 4163 animalia
2468 4108 2618 4179 (Gen.
2647 4124 2751 4172 vn,
2775 4108 2854 4175 2),
2885 4107 3003 4162 ideo
3035 4107 3302 4177 prtepositi
3346 4118 3527 4161 vetare
3556 4123 3662 4160 non
3690 4109 3781 4161 de-

2195 4203 2417 4266 bent,si
2462 4201 2551 4272 qui
2598 4199 3007 4255 immundissimi
3047 4196 3113 4254 ad
3155 4198 3482 4269 Baptismum
3513 4199 3679 4251 velint
3704 4199 3784 4252 in-

2198 4302 2342 4348 trare
2372 4292 2655 4358 saltantes,
2680 4290 2819 4361 quod
2843 4298 2927 4345 est
2946 4298 3091 4345 certe
3117 4290 3298 4344 mitius
3322 4306 3481 4360 quam
3510 4288 3783 4344 mmchan-

2196 4396 2276 4441 tes
2306 4404 2319 4439 ε
2348 4386 2439 4441 sed
2473 4401 2566 4455 per
2608 4385 2746 4439 hanc
2789 4384 3011 4454 ﬁguram
3052 4383 3131 4438 rei
3168 4392 3333 4453 gesta:
3372 4383 3781 4452 praenuntiatum

2197 4489 2279 4534 est
2311 4477 2614 4532 innnundos
2651 4478 2703 4531 in
2731 4477 2966 4530 Ecclesia
2996 4475 3199 4529 futuros
3230 4483 3448 4543 propter
3489 4472 3785 4527 tolerantire

2197 4571 2489 4633 rationem,
2525 4585 2628 4623 non
2676 4576 2892 4637 pr0pler
2935 4565 3193 4621 doctrina:
3230 4565 3665 4634 corruptionem,
3701 4563 3783 4616 vel

2200 4661 2497 4730 dlsciplinm
2525 4660 2949 4714 dissolutionem.
2978 4657 3091 4711 Non
3114 4657 3254 4711 enim
3278 4671 3612 4725 quacumque
3635 4655 3786 4708 libuit

2201 4756 2536 4807 intraverunt
2567 4750 2835 4805 imnnmda
2880 4750 3127 4803 animalia
3178 4764 3315 4802 area:
3356 4762 3614 4817 cmnpage
3656 4762 3783 4800 cun-

2200 4844 2364 4899 fracta
2386 4886 2399 4911 ,
2434 4843 2527 4897 sed
2554 4858 2615 4897 ea
2646 4843 2849 4911 integra
2883 4857 2978 4909 per
3002 4856 3164 4893 unum
3191 4850 3349 4909 atque
3378 4839 3517 4893 idem
3549 4839 3743 4892 Ostium
3770 4880 3783 4900 ,

2199 4937 2339 5007 quod
2372 4934 2563 4989 artifex
2592 4934 2805 4988 fecerat.
2850 4934 3026 4987 Altera
3069 4934 3291 5002 qmestio
3320 4941 3431 4996 est,
3468 4931 3519 4985 in
3563 4947 3664 5000 qua
3713 4930 3788 4984 eis

2200 5032 2371 5084 visum
2404 5038 2486 5083 est
2530 5028 2685 5081 ﬁdem
2728 5028 2894 5079 solam
2928 5025 3259 5094 baptizandis
3285 5040 3405 5079 esse
3439 5023 3786 5086 tradendam,

2202 5134 2382 5194 postea
2407 5138 2534 5177 vero
2553 5122 2661 5189 jam
2687 5121 2979 5189 baptizatos
3004 5117 3272 5172 docendos
3294 5132 3412 5171 esse
3434 5116 3500 5171 de
3528 5116 3785 5171 moribus.

2201 5216 2305 5271 Sed
2333 5216 2463 5268 satis
2503 5214 2924 5267 demonstratum
2955 5220 3069 5275 est,
3098 5210 3198 5264 nisi
3250 5208 3428 5275 fallor,
3462 5219 3586 5262 tunc
3625 5207 3790 5275 magis

2203 5308 2467 5377 pertinere
2494 5304 2559 5357 ad
2593 5319 2772 5357 curam
2818 5301 3197 5371 speculatoris,
3225 5316 3344 5353 cum
3392 5314 3580 5352 omnes
3612 5299 3702 5367 qni
3736 5300 3792 5349 ﬁ-

2200 5398 2399 5452 delium
2432 5402 2740 5463 competunt
2765 5392 3169 5448 Sacramentmn
3196 5435 3210 5456 ,
3244 5392 3420 5444 omnia
3452 5407 3571 5459 quae
3601 5390 3790 5443 dienn-

2203 5499 2287 5541 tur
2334 5486 2586 5539 intentius
2637 5494 2691 5539 et
2742 5483 3018 5537 sollicitius
3068 5483 3314 5544 audiunt,
3350 5498 3452 5536 non
3505 5491 3685 5535 tacere
3728 5479 3790 5533 de

2205 5595 2357 5649 pinna
2400 5594 2559 5647 quam
2605 5577 2747 5629 male
2774 5575 3075 5627 viventibus
3109 5574 3367 5626 Dominus
3395 5572 3788 5632 comminatur;

2204 5692 2269 5729 ne
2289 5675 2339 5725 in
2359 5673 2471 5740 ipso
2490 5671 2761 5739 Baptismo
2786 5670 2859 5721 rei
2890 5670 2996 5721 sint
3018 5667 3456 5737 gravissimorum
3480 5666 3787 5728 criminum,

2203 5782 2307 5837 quo
2338 5767 2555 5817 veniunt
2586 5770 2641 5814 nt
2672 5762 2968 5814 remittatur
3001 5762 3015 5791 ι
3048 5768 3224 5814 reatus
3263 5757 3498 5811 omnium
3548 5765 3790 5826 peceato-

2271 5886 2285 5915 ³
2324 5880 2487 5930 [Ιυι-υιι
2517 5884 2641 5935 Mss,
2665 5877 2984 5926 remittantur.
