4072 6518
322 450 427 505 229

318 582 463 623 rum.
495 563 675 619 Tertia
710 560 937 631 qn.estio
980 567 1062 611 est
1093 555 1566 625 perieulosissima,
1598 568 1701 622 qua
1730 568 1917 623 parum

317 656 697 717 considerata,
736 663 793 708 et
844 669 949 705 non
1004 648 1294 703 secundum
1349 647 1586 701 divinum
1644 646 1916 715 eloquium

320 757 673 821 pertractata,
702 755 811 799 tota
856 744 940 796 illa
970 740 1152 812 opinio
1191 739 1318 793 mihi
1362 739 1570 793 videtur
1609 748 1793 793 exorta
1815 778 1831 801 ,
1864 737 1916 791 in

318 856 423 909 qua
457 837 788 907 promittitur
815 833 1196 889 scelestissime
1238 830 1649 900 turpissimeque
1689 830 1917 884 viventi-

319 935 452 995 bus,
476 928 686 984 etiamsi
707 944 772 983 eo
799 927 958 982 modo
986 927 1164 981 vivere
1192 931 1567 995 perseverent,
1599 931 1652 976 et
1680 931 1917 976 tantum-

320 1022 483 1077 inodo
512 1019 736 1075 credant
761 1019 813 1071 in
837 1017 1107 1071 Christum
1126 1058 1141 1078 ,
1169 1015 1393 1085 ejusque
1418 1014 1763 1070 Sacramenta
1793 1028 1918 1082 per-

320 1112 551 1182 cipiant,
582 1125 677 1165 eos
702 1109 768 1163 ad
804 1108 1031 1163 salutem
1061 1106 1329 1175 vitamque
1357 1115 1614 1159 :eternam
1640 1118 1761 1158 esse
1790 1120 1919 1157 ven-

322 1214 479 1257 turos
504 1220 517 1255 :
541 1211 728 1255 contra
768 1199 1157 1269 apertissimam
1203 1197 1409 1251 Domini
1444 1197 1760 1251 sententiam
1784 1237 1798 1255 ,
1829 1196 1917 1264 qui

321 1292 649 1349 desideranti
684 1293 844 1347 vitam
883 1301 1138 1344 aeternam
1184 1288 1491 1358 respondit,
1526 1287 1586 1343 Si
1635 1288 1707 1342 vis
1752 1289 1921 1341 venire

322 1384 397 1435 ad
426 1385 594 1443 vitam,
623 1398 765 1435 serva
783 1381 1028 1433 mandata
1044 1397 1063 1444 ;
1086 1390 1139 1434 et
1158 1378 1599 1435 commemoravit
1623 1395 1741 1448 qua:
1768 1393 1917 1431 man-

322 1474 448 1527 data
482 1472 692 1544 (Matth.
722 1488 845 1537 nx,
879 1472 1086 1541 17-19),
1119 1471 1204 1524 nbi
1236 1486 1295 1524 ea
1337 1470 1539 1525 scilicet
1582 1478 1801 1539 peccata
1836 1469 1917 1522 vi-

327 1576 531 1630 lantur,
560 1565 755 1633 quibus
781 1565 965 1617 nescio
988 1563 1257 1632 quomodo
1287 1564 1432 1617 salus
1463 1572 1663 1617 aeterna
1697 1565 1919 1633 promit-

323 1657 456 1710 titur
497 1666 712 1725 propter
740 1656 898 1709 lidem
943 1656 1060 1711 sine
1104 1656 1356 1726 operibus
1410 1668 1695 1710 mortuam.
1731 1658 1803 1710 De
1834 1656 1918 1712 bis

322 1747 497 1801 tribus
521 1746 908 1815 quwstionibus
947 1748 1105 1813 satis,
1132 1756 1386 1816 quantum
1426 1748 1704 1814 existimo,
1739 1748 1920 1819 dispu-

322 1840 431 1893 tavi
464 1856 476 1892 :
507 1839 980 1910 demonstravique
1010 1840 1088 1895 sic
1114 1840 1420 1895 tolerandos
1451 1842 1502 1895 in
1534 1842 1771 1897 Ecclesia
1801 1857 1917 1895 ma-

320 1931 435 1991 los,
476 1940 533 1983 ut
577 1946 683 1983 non
728 1930 1027 2000 negligatur
1075 1931 1435 1986 ecclesiastica
1485 1932 1799 2001 disciplina;
1842 1933 1921 1987 sic

318 2020 730 2075 catecbizandos
765 2036 860 2075 eos
888 2021 975 2091 qui
1004 2020 1329 2091 Baptismum
1352 2030 1571 2091 petunt,
1604 2032 1661 2075 ιιι
1686 2038 1795 2077 non
1826 2036 1919 2076 so-

326 2110 439 2165 lum
471 2111 689 2165 audiant
731 2119 893 2181 atque
937 2112 1232 2182 suscipiant
1271 2112 1400 2184 quid
1446 2113 1701 2180 credere,
1730 2128 1915 2169 verum

320 2202 485 2257 etiam
516 2202 746 2272 qualiter
776 2204 956 2257 vivere
984 2203 1247 2271 debeant;
1282 2204 1361 2260 sic
1390 2204 1628 2276 promitti
1671 2205 1918 2263 fidelibus

1292 434 1664 493 ADMONITIO
1703 434 1766 489 IN
1807 432 2359 502 SUBSEQUENTEM
2399 435 2681 491 LIBRUM.

3512 444 3620 500 9.30

2026 546 2187 602 vitam
2216 557 2506 613 aeternam,
2541 558 2724 603 utnon
2769 550 2927 604 etiam
2974 565 3066 619 per
3103 551 3260 605 fidem
3308 563 3573 609 mortuam
3601 597 3614 616 .

2022 654 2143 707 qua:
2193 638 2309 693 sine
2356 640 2607 710 operibus
2644 640 2851 695 salvare
2890 657 2993 696 non
3045 651 3254 711 potest,
3284 643 3349 695 ad
3392 661 3510 697 eam
3556 659 3616 699 se

2022 730 2249 801 quisque
2281 731 2555 800 pervenire
2583 746 2739 801 posse
2776 733 3085 799 arbitretur,
3116 733 3212 787 sed
3243 749 3336 803 per
3366 735 3510 788 illam
3544 736 3612 789 li-

2022 824 2145 879 dem
2162 825 2371 893 gratim,
2390 840 2508 893 quae
2534 840 2629 894 per
2648 824 2985 879 dilectionem
3003 834 3273 894 operatur.
3296 824 3414 879 Non
3444 827 3620 897 itaque

2023 919 2307 986 eulpcntur
2344 916 2742 986 dispensatores
2773 917 2983 983 fideles,
3015 934 3120 972 non
3158 933 3253 972 sua
3302 920 3620 989 negligentia

2024 1009 2106 1062 vel
2139 1008 2348 1077 pigritia
2370 1049 2385 1072 ,
2414 1008 2505 1062 sed
2540 1007 2891 1077 quorumdam
2923 1009 3095 1077 potius
3126 1011 3461 1065 contumacia
3485 1052 3499 1076 ,
3532 1011 3621 1080 qui

2026 1099 2305 1168 pecuniam
2333 1099 2653 1155 dominicam
2693 1107 2947 1153 recusant
2972 1100 3218 1168 accipere
3240 1142 3254 1165 ,
3283 1110 3337 1154 ct
3356 1100 3621 1175 adulteri-

2026 1207 2147 1253 nam
2168 1205 2317 1244 suam
2341 1199 2537 1259 cogunt
2564 1206 2748 1245 servos
2769 1190 3066 1245 dominicus
3092 1207 3340 1259 erogare,
3372 1191 3497 1244 dum
3523 1208 3620 1246 no-

2025 1280 2141 1335 lunt
2165 1282 2354 1336 saltem
2385 1282 2519 1336 tales
2544 1297 2663 1337 esse
2687 1281 2832 1345 mali,
2862 1282 3048 1351 quales
3076 1291 3289 1334 sanctus
3320 1282 3621 1352 Cyprianus

2024 1380 2412 1426 commemorat
2432 1370 2624 1443 (Serm.
2650 1373 2712 1425 de
2736 1371 2970 1443 Lapsis),
2995 1373 3191 1425 s;eCu|o
3219 1373 3394 1426 verbis
3414 1372 3544 1426 solis
3569 1383 3622 1427 et

2026 1476 2130 1515 non
2157 1462 2308 1515 factis
2331 1463 2730 1527 renuntiantes;
2755 1462 2967 1530 quando
2991 1477 3089 1515 nec
3110 1462 3286 1515 verbis
3309 1461 3618 1516 renuntiare

2025 1552 2225 1606 diaboli
2250 1552 2501 1622 operibus
2525 1552 2707 1606 volunt
2729 1594 2743 1617 ,
2768 1567 2889 1606 eum
2912 1568 2969 1606 se
2998 1552 3046 1605 in
3077 1552 3340 1605 adulterio
3372 1567 3622 1620 perman-

2025 1657 2179 1696 snros
2200 1659 2331 1698 voce
2355 1643 2691 1711 apertissima
2724 1642 3059 1713 proﬁtentur.
3086 1642 3141 1698 Si
3164 1643 3287 1710 quid
3310 1643 3378 1696 ab
3410 1643 3489 1695 eis
3511 1642 3618 1696 dici

2026 1737 2197 1801 solet,
2226 1736 2367 1806 quod
2391 1736 2525 1791 forte
2551 1735 2873 1805 disputando
2902 1752 3007 1789 non
3039 1734 3222 1804 attigi,
3256 1735 3360 1788 tale
3389 1748 3510 1787 esse
3531 1748 3625 1786 ar-

2027 1827 2253 1881 bitratus
2273 1843 2390 1882 sum
2412 1869 2426 1892 ,
2458 1827 2542 1881 cui
2572 1842 2690 1881 mea
2724 1827 3003 1896 responsio
3034 1824 3333 1879 necessaria
3363 1841 3465 1878 non
3489 1823 3624 1878 fuis-

2027 1928 2142 1982 set;
2168 1920 2281 1974 sive
2304 1920 2447 1989 quod
2470 1919 2533 1973 ad
2572 1937 2682 1974 rem
2706 1920 2772 1973 de
2804 1934 2905 1988 qua
2937 1918 3134 1988 agitur,
3167 1932 3271 1970 non
3295 1918 3587 1987 pertineret
3607 1958 3624 1979 ,

2026 2015 2140 2069 slve
2166 2012 2304 2083 quod
2334 2023 2440 2068 tam
2469 2013 2583 2069 leve
2605 2021 2773 2077 esset,
2808 2021 2862 2065 ut
2887 2026 2915 2064 a
2937 2010 3176 2080 quolibet
3204 2008 3449 2078 redargui
3473 2008 3620 2063 iacil-

2027 2103 2151 2158 litne
2181 2116 2357 2172 posset
2384 2106 2425 2157 ¹.

2092 2216 2108 2248 ι
2144 2222 2195 2264 in
2212 2217 2463 2267 veteribus
2485 2216 2641 2265 libris.
2664 2215 2874 2275 additur,
2905 2222 3006 2264 Deo
3027 2209 3231 2277 gratias.

338 2343 3606 2400 Ἢ

661 2385 1029 2396 ——~———-——-
3408 2384 3525 2396 α*-

661 2385 1029 2396 ——~———-——-
1137 2384 1917 2396 —_—;

2028 2384 2073 2385 κέ
2130 2384 2137 2385 ,
2170 2384 2173 2385 ,
2202 2384 2415 2385 ,,,,,,,,,
2524 2384 2545 2385 η
2588 2384 2617 2385 κέ
2668 2384 2677 2385 κ
2708 2384 2765 2385 7,
2870 2384 2873 2385 ,

1409 2482 2482 2595 ADMONITIO

1423 2670 1501 2730 IN
1547 2669 2173 2745 SUBSEQUENTEM
2216 2672 2541 2733 LIBRUM.

1683 2827 1948 2881 εθζθὲφθε
1958 2827 2265 2881 δβΣε-οῆϐθ

401 2964 744 3021 Enchiridion
766 2966 835 3021 ad
865 2965 1207 3021 Laurentium
1237 2967 1376 3021 inter
1401 2975 1699 3036 postremas
1721 2980 1845 3021 suas
1873 2965 2268 3021 lucubrationes
2289 2964 2558 3020 recensuit
2585 2964 2979 3035 Augustinusin
3010 2964 3145 3019 libro
3164 2963 3617 3019 Retraetationmn

322 3057 584 3123 secundo,
609 3066 839 3129 postque
875 3072 969 3113 sex
1000 3066 1185 3113 contra
1212 3058 1482 3113 Iulianum
1506 3058 1693 3126 libros,
1742 3057 1833 3129 qui
1861 3058 1932 3135 ad
1974 3073 2173 3112 annum
2203 3057 2416 3112 circiter
2464 3056 2562 3112 421
2622 3056 2917 3128 pertinent,
2959 3055 3263 3109 collocavit.
3296 3055 3451 3109 ilunc
3475 3061 3625 3109 certe

321 3146 519 3200 librum
549 3148 756 3203 labente
782 3163 926 3202 anno
954 3147 1060 3203 420
1104 3148 1338 3203 nondum
1384 3148 1703 3219 perfecerat.
1741 3148 1878 3204 Nam
1929 3149 2335 3220 Hieronymum,
2369 3149 2459 3220 qui
2484 3164 2628 3203 anno
2669 3148 2858 3203 eodem
2906 3147 3033 3212 420,
3082 3148 3230 3217 juxta
3278 3148 3623 3216 Prosperum.

324 3239 498 3307 pridie
524 3240 775 3295 calendas
795 3240 1031 3295 octobris
1056 3239 1207 3307 obiit,
1234 3241 1343 3310 jam
1370 3251 1540 3298 morte
1562 3241 1801 3297 functum
1828 3241 2080 3299 laudabat
2107 3258 2228 3313 cap.
2260 3242 2352 3309 87,
2406 3244 2460 3297 in
2491 3240 2606 3296 haec
2625 3240 2789 3296 verba
2816 3258 2829 3295 :
2856 3238 3063 3296 Sancta:
3090 3241 3348 3296 memoria:
3375 3239 3632 3311 Hierony-

322 3346 439 3383 mus
460 3330 717 3401 presbyter
738 3332 989 3402 scriptum
1013 3332 1235 3401 reliquit.

399 3422 720 3476 Laurentius
748 3436 936 3493 porro,
966 3423 1054 3477 cui
1081 3422 1311 3493 scriptus
1329 3422 1487 3489 liber,
1510 3423 1675 3480 frater
1691 3424 1911 3480 Dulcitii
1937 3424 2239 3495 appellatur
2264 3425 2316 3480 in
2344 3426 2483 3482 libro
2511 3425 2579 3482 de
2606 3428 2729 3483 oc'to
2748 3425 2959 3481 Dulcitii
2987 3424 3406 3493 Qumstionibus,
3426 3433 3621 3495 quaest.

327 3518 381 3577 1,
413 3533 468 3569 n.
497 3516 565 3571 10
590 3531 606 3582 ;
636 3517 760 3587 quia
781 3516 1172 3588 prepinquitate
1195 3526 1249 3573 et
1276 3518 1619 3588 cognatione,
1647 3519 1722 3572 uti
1750 3517 2100 3585 arbitramur,
2132 3518 2382 3585 naturali,
2419 3534 2523 3573 nou
2554 3518 2849 3574 christiana
2873 3526 3082 3573 tantmn
3131 3517 3364 3571 Dulcitio
3398 3516 3631 3585 conjun-

322 3619 450 3662 ctus
474 3616 611 3663 erat.
672 3608 855 3663 Virum
885 3608 954 3664 ab
978 3608 1279 3665 eruditione
1306 3620 1362 3666 et
1413 3627 1443 3666 a
1473 3611 1575 3681 piis
1602 3611 1795 3667 studiis
1844 3611 2059 3682 egregie
2097 3611 2460 3680 commendat,
2492 3612 2590 3668 sed
2637 3629 2666 3667 a
2714 3612 2971 3667 laicorum
2998 3611 3231 3665 fidelium
3260 3626 3418 3681 grege
3464 3610 3633 3665 nihilo

327 3699 563 3755 secernit
591 3702 939 3771 Augustinus,
962 3703 1051 3773 qui
1086 3712 1140 3757 et
1164 3702 1355 3773 Operis
1386 3704 1536 3758 initio
1562 3704 1729 3758 filium
1760 3704 1933 3773 ipsum
1964 3712 2141 3768 vocat,
2168 3703 2223 3759 et
2254 3706 2309 3759 in
2343 3703 2450 3759 ﬁne
2476 3720 2598 3759 eum
2638 3704 2739 3759 sibi
2771 3705 2822 3758 in
2854 3703 3051 3760 Christi
3095 3703 3350 3757 membris
3370 3704 3623 3757 dilectum

328 3793 481 3847 dicit.
511 3791 696 3863 Neque
724 3793 998 3849 Laurentii
1025 3795 1257 3864 dignitas
1286 3790 1562 3866 explorata
1591 3805 1673 3850 est
1711 3805 1765 3850 et
1792 3797 2016 3866 probata
2051 3796 2181 3850 satis
2206 3811 2272 3851 ex
2298 3797 2512 3866 vulgato
2542 3797 2662 3850 libri
2718 3797 2890 3851 titulo.
2942 3796 3151 3865 Quippe
3200 3795 3416 3850 codices
3464 3796 3632 3849 nostri

327 3884 661 3953 antiquiores
713 3885 912 3939 habent
964 3896 1191 3961 tantum,
1237 3885 1427 3956 Incipit
1480 3885 1816 3940 Enchiridion
1844 3887 1979 3957 :qui
2032 3902 2161 3942 vero
2207 3887 2288 3940 Ad
2330 3888 2662 3940 Laurentium
2709 3887 3050 3957 primicerium
3098 3885 3322 3950 addunt,
3364 3887 3637 3955 aliquanto

333 3976 675 4035 recentiores
698 3988 845 4045 sunt,
874 3990 1033 4049 atque
1060 3978 1146 4033 isti
1172 3994 1353 4034 secum
1398 3980 1624 4034 invicem
1650 3979 1789 4033 haud
1818 3980 2037 4033 omnino
2075 3980 2491 4035 consentientes.
2538 3978 2984 4034 Carcassonensis
3025 3976 3262 4048 praefert,
3298 3977 3377 4030 Ad
3400 3976 3635 4032 Lauren-

335 4076 464 4126 tium
495 4071 848 4141 primicerium
892 4070 1204 4124 notariorum
1250 4071 1387 4123 urbis
1444 4068 1642 4123 Romw.
1676 4068 1826 4125 Unus
1851 4086 1882 4125 e
1923 4069 2196 4125 Vaticanis
2240 4070 2292 4125 in
2326 4071 2498 4124 fronte
2536 4070 2748 4139 Operis,
2790 4070 2871 4123 Ad
2914 4067 3249 4125 Laurentium
3288 4070 3635 4141 primicerium

336 4166 589 4221 Romana:
634 4164 919 4229 Ecclesiaa;
959 4173 1013 4219 et
1054 4162 1120 4216 ad
1149 4162 1351 4217 calcem
1391 4162 1569 4228 habet,
1617 4162 1697 4215 Ad
1725 4161 2055 4217 Laurentium
2081 4163 2423 4233 primicerium
2446 4161 2691 4217 Ecclesia:
2716 4161 2853 4215 urbis
2883 4162 3148 4217 Romana.
3177 4160 3552 4216 Cistereiensis
3575 4173 3632 4217 et

341 4260 433 4312 alii
474 4257 689 4327 quidam
746 4256 873 4311 Mss.
918 4255 987 4309 ad
1017 4254 1341 4309 Laurentium
1390 4256 1728 4325 primicerium
1751 4271 1771 4308 :
1802 4254 2018 4324 Regius,
2042 4264 2174 4323 etc.,
2203 4256 2272 4308 ad
2296 4253 2646 4321 Laurentium,
2676 4254 2914 4325 nihilque
2952 4269 3147 4324 supra;
3178 4253 3446 4322 quomodo
3480 4256 3639 4311 etiam

346 4350 617 4405 editiones
643 4347 981 4403 Amerbachii
1013 4357 1067 4402 et
1094 4347 1324 4401 Erasmi.
1359 4348 1427 4400 At
1458 4346 1873 4402 Lovauiensium
1906 4346 2070 4401 editio
2095 4346 2246 4400 titulo
2293 4345 2513 4411 addidit,
2548 4348 2891 4413 primicerium
2934 4346 3074 4400 urbis
3131 4344 3327 4399 Romw.
3362 4343 3417 4398 In
3450 4356 3631 4399 vetere

337 4444 481 4499 libro
527 4441 940 4512 Compendicnsi
969 4440 1182 4511 legitur,
1212 4440 1290 4494 Ad
1341 4438 1671 4494 Laurentium
1700 4440 1957 4494 notarium
2015 4440 2154 4494 urbis
2205 4439 2402 4495 Romar.
2435 4439 2491 4496 ln
2530 4440 2701 4496 altero
2728 4456 2759 4496 e
2794 4439 3138 4504 Colbertinis,
3189 4436 3271 4491 Ad
3302 4435 3634 4491 Laurentium

338 4538 637 4591 diaconum.

415 4628 657 4684 Tametsi
688 4643 815 4683 vero
840 4627 976 4682 liber
1003 4634 1147 4681 recte
1171 4626 1469 4696 appelletur
1498 4624 1841 4679 Enebiridion
1871 4625 2047 4695 ipsius
2073 4641 2334 4682 concessu
2368 4625 2650 4699 Augustini
2675 4627 2725 4681 in
2744 4642 2864 4697 cap.
2898 4625 3021 4691 122.
3047 4630 3169 4699 quia
3213 4632 3416 4687 scilicet
3445 4629 3644 4686 Euchi-

340 4723 519 4778 ridion
548 4722 906 4791 postulaverat
936 4719 1275 4780 Laurentius.
1311 4718 1362 4772 id
1416 4728 1519 4786 est,
1550 4718 1861 4788 opusculum
1895 4720 2034 4774 mole
2068 4720 2317 4789 exiguum
2363 4720 2430 4775 de
2456 4720 2573 4790 ejus
2617 4722 2864 4777 manibus
2894 4739 2998 4777 non
3031 4739 3372 4781 recessurum
3404 4743 3416 4777 :
3448 4726 3639 4778 ibidem

344 4827 528 4871 tamen
552 4814 898 4883 Augustinus,
929 4814 1162 4883 itemque
1184 4813 1235 4866 in
1268 4811 1772 4875 Retractationibus,
1807 4813 1858 4866 in
1884 4812 2021 4866 libro
2045 4812 2113 4866 de
2150 4826 2273 4867 ueto
2306 4814 2514 4868 Dulcitii
2541 4814 2957 4885 Qumstiouibus,
2999 4826 3052 4873 ct
3082 4819 3131 4872 in
3158 4819 3391 4890 Epistula
3421 4819 3544 4882 25!,
3570 4816 3637 4872 ad

346 4908 567 4963 Darium
598 4916 912 4962 constanter
943 4913 1100 4961 vocat
1120 4905 1316 4960 librum
1344 4904 1413 4960 de
1457 4904 1739 4974 Fide,Spe
1766 4914 1822 4959 et
1861 4903 2133 4959 Charitatc
2164 4923 2179 4969 ;
2219 4922 2317 4961 nec
2332 4906 2487 4961 aliter
2512 4907 2787 4963 Possidius
2826 4909 2994 4964 lndic.
3026 4926 3143 4980 cap.
3168 4911 3216 4965 6.
3252 4910 3331 4963 Ad
3360 4909 3472 4963 haec
3493 4912 3637 4966 enim

345 5004 448 5056 tria
470 5000 811 5057 commodum
842 4999 1014 5054 visum
1042 5008 1125 5053 est
1145 4999 1203 5054 S.
1235 4997 1450 5054 Doctori
1479 5013 1733 5053 revocare
1779 4998 2052 5052 Laurentii
2085 5000 2412 5068 quaistiones
2438 5016 2647 5067 omnes,
2668 5003 2756 5072 qui
2787 5004 3062 5071 sapientia:
3091 5003 3265 5057 studio
3289 5004 3556 5068 incensus,
3581 5020 3643 5060 ac

345 5104 571 5159 nostrae,
597 5107 755 5163 quam
777 5091 1147 5161 profitebatur,
1176 5106 1359 5145 amore
1394 5089 1686 5160 religionis,
1712 5090 1924 5144 volebat
1966 5088 2020 5142 iu
2062 5091 2248 5159 primis
2278 5100 2483 5146 eertum
2539 5093 2921 5161 propriumque
2962 5094 3082 5147 lidei
3133 5095 3409 5149 catbolic~.e
3456 5096 3644 5150 funda—

346 5195 611 5249 mentum,
644 5184 806 5239 totius
824 5182 1128 5237 christiana:
1166 5181 1425 5235 doctrinas
1454 5196 1738 5245 summam,
1770 5191 1824 5234 et
1850 5182 2137 5235 universim
2184 5184 2435 5253 quidquid
2462 5184 2756 5239 orthodoxa
2805 5184 2905 5237 fide
2932 5201 2995 5238 ac
3036 5186 3289 5254 religione
3318 5204 3347 5241 a
3377 5190 3546 5257 primo
3576 5189 3641 5243 ad

347 5278 600 5332 ultimum
629 5285 919 5343 teneretur,
958 5276 1025 5330 ab
1058 5275 1353 5345 Augustino
1401 5274 1663 5344 accipere,
1704 5290 1875 5344 eoque
1929 5275 2185 5344 magistro
2216 5275 2419 5329 institui
2459 5286 2512 5330 et
2551 5275 2743 5330 umniri
2801 5284 2986 5331 contra
3039 5278 3279 5333 diversas
3310 5279 3542 5334 hmresos
3570 5298 3630 5335 ea

352 5379 673 5442 tempestate
710 5380 1035 5440 grassantes.

424 5466 601 5521 Prima
632 5465 845 5536 quidem
876 5474 929 5519 et
957 5477 1114 5531 quam
1141 5462 1372 5517 maxima
1399 5461 1519 5515 libri
1549 5472 1698 5531 parte
1723 5464 2043 5532 Augustinus
2073 5478 2189 5533 qure
2214 5462 2481 5517 credenda
2512 5463 2617 5516 sint
2643 5463 2819 5531 docet,
2852 5477 3061 5519 servato
3084 5466 3319 5538 Symboli
3339 5470 3545 5529 ordine.
3578 5483 3643 5523 ac

354 5559 528 5615 varias
558 5560 793 5615 haereses
822 5557 1257 5623 Manichmorum,
1289 5556 1810 5625 Apollinaristarum,
1848 5556 2397 5619 Priscillianistarum,
2420 5556 2761 5623 Arianorum,
2794 5560 3168 5629 praecipueque
3202 5562 3626 5632 Pelagianortnu,

353 5654 517 5706 tat-ito
544 5667 730 5706 earum
780 5650 1015 5717 nomine,
1065 5650 1259 5720 passim
1317 5645 1530 5702 refellit.
1573 5646 1877 5702 Secundam
1920 5658 2155 5717 partem,
2214 5647 2281 5703 de
2340 5648 2403 5702 iis
2457 5663 2574 5718 qua:
2601 5648 2665 5703 ad
2715 5649 2877 5720 Spem
2934 5652 3198 5721 pertinent
3227 5652 3317 5716 ,in
3365 5651 3644 5707 dominica:

351 5746 613 5801 orationis
673 5746 1009 5815 expositione
1059 5758 1218 5815 quam
1267 5741 1580 5797 brevissima
1635 5740 1913 5811 impendit.
1961 5741 2197 5797 Tertiam
2248 5751 2559 5812 postremo,
2621 5757 2721 5799 nec
2763 5759 2880 5800 eam
2918 5744 3183 5817 prolixam
3218 5784 3235 5810 ,
3281 5743 3518 5815 adjungit
3566 5741 3634 5799 de

353 5839 652 5895 Chzirltate.
