4024 6502
521 438 621 495 ‘25!

1056 423 1517 491 ENCHHHDION,
1550 421 1698 478 SIV'E
1744 419 1829 473 DE
1858 416 2034 486 FIDE,
2074 415 2201 472 SPE
2240 415 2326 472 ET
2355 414 2772 479 CHARITATE,
2814 414 2869 468 S.
2914 412 3277 469 AUGUSTINI

3710 410 3813 465 23%

586 556 732 623 Opus
758 551 808 605 in
836 549 1046 619 scriptis
1078 542 1354 601 codicibus
1383 541 1791 611 capitulattones
1818 550 1873 590 et
1909 534 2173 590 sectiones
2195 546 2300 588 non
2330 530 2549 587 easdem
2585 530 2827 584 sortitum
2878 538 2977 584 cst.
3013 526 3070 582 In
3099 526 3415 598 quibusdam
3458 538 3677 582 centmn
3711 530 3811 584 tri-

511 621 656 716 ginta
686 651 943 713 quatuor,
962 646 1053 693 aut
1077 644 1293 693 centum
1332 634 1517 704 viginti
1536 647 1650 694 sex,
1674 631 1777 696 vel,
1803 638 1862 683 ut
1909 629 1960 682 in
1987 627 2165 693 editis,
2216 632 2432 680 centum
2475 624 2657 694 viginti
2684 622 2859 685 duas;
2899 623 2951 677 in
2999 621 3123 677 aliis
3164 622 3500 693 septuaginta
3532 630 3586 689 et
3619 638 3808 688 unam,

515 714 571 791 in
600 732 867 788 nonnullis
884 728 1265 800 quinquaginta
1292 734 1538 795 quatuor,
1577 730 1668 777 aut
1685 722 1913 775 rariores
1944 718 2121 773 habet.
2155 726 2209 771 et
2241 717 2293 770 iu
2332 714 2650 786 quibusdam
2677 715 2872 768 nullas.

592 849 673 909 In
696 845 1113 909 Enchiridion
1145 840 1284 903 vide
1306 839 1415 901 lib.
1443 837 1506 912 2,
1532 853 1666 916 cap.
1694 835 1797 908 63,
1828 829 2400 900 Retractationum,
2429 837 2575 889 tom.
2616 831 2669 901 l,
2703 826 2821 888 col.
2853 825 2995 901 655,
3019 846 3057 887 a
3077 825 3301 895 verbis,
3339 825 3577 904 Scripsi
3608 827 3805 886 etiam

470 914 475 931 δ
506 950 771 1023 librum,
802 966 991 1028 usque
1020 944 1101 1006 ad
1120 941 1325 1012 verba,
1358 941 1498 1001 Tua
1521 914 1879 998 eruditione
1905 933 2201 995 delecter.

2419 929 2507 991 M.

530 1095 3767 1171 WE

1000 1248 1162 1395 S.
1287 1232 2108 1389 AURELII
2211 1232 3243 1382 AUGUSTIN
3254 1240 3322 1380 Ι

1483 1474 2246 1562 HIPPONENSIS
2285 1472 2817 1558 EPISCOPI

1326 1648 2929 1818 ENCHIRIDION

1524 1955 1735 2058 AD
1796 1947 2802 2054 LAURENTIUM

2050 2123 2230 2187 SIVE

795 2290 1035 2403 nn
1147 2286 1568 2400 rma
1602 2348 1654 2428 ,
1715 2280 2042 2395 sps:
2127 2282 2140 2393 :

2224 2280 2364 2392 ιτ
2449 2277 3540 2398 ΕΗΔΒῙΤΔΤΕ

1578 2470 2054 2579 LIBER
2130 2466 2567 2575 UNU'S
2622 2467 2743 2578 (α).

1518 2716 2084 2751 μ--ι-Θ

588 2839 814 2897 CAPUT
853 2835 1135 2893 PRIMUM.
1165 2863 1239 2874 —
1259 2833 1309 2886 1.
1331 2829 1610 2899 Sapientia:
1653 2842 1781 2881 vera:
1804 2826 1993 2878 donum
2029 2840 2119 2879 ex-

517 2942 662 3005 optat
690 2930 984 2986 Laurentio.
1016 2927 1128 2982 Dici
1155 2941 1260 2980 non
1287 2930 1479 2993 potest,
1507 2919 1851 2975 dilectissime
1869 2917 1937 2971 lili
1973 2917 2116 2972 Lau-

513 3023 675 3086 renti,
704 3029 957 3091 quantum
1001 3029 1088 3072 tua
1131 3014 1429 3071 eruditione
1469 3011 1723 3077 delecter,
1761 3024 2025 3079 quamque
2065 3018 2117 3065 te

513 3112 729 3183 cupiam
749 3126 869 3166 esse
886 3109 1178 3179 sapientem
1205 3124 1217 3159 :
1242 3120 1347 3161 non
1371 3120 1435 3160 ex
1466 3119 1649 3160 eorum
1681 3117 1904 3157 numero
1927 3101 1993 3156 de
2005 3101 2114 3171 qui-

514 3197 617 3253 bus
630 3195 844 3259 dicitur,
875 3194 971 3249 Ubi
996 3192 1235 3265 sapiens?
1255 3189 1339 3244 ubi
1361 3188 1561 3244 scriba?
1582 3187 1667 3241 ubi
1689 3188 1997 3257 conquisitor
2018 3186 2114 3241 Im-

508 3288 598 3357 jus
619 3285 792 3341 swculi
813 3286 839 3340 .9
869 3285 1055 3338 Nonne
1082 3283 1288 3337 stultam
1320 3281 1433 3352 fecit
1456 3279 1593 3333 Deus
1628 3279 1927 3348 sapientiam
1960 3278 2113 3348 hujus

517 3379 698 3433 mundi
727 3376 747 3452 (
774 3377 795 3432 Ι
818 3378 942 3434 Cor.
962 3378 1014 3443 1,
1036 3375 1145 3447 20)
1183 3381 1207 3435 ?
1235 3373 1329 3430 sed
1357 3389 1423 3428 ex
1448 3387 1635 3428 eorum
1660 3371 1726 3426 de
1756 3370 1949 3441 quibus
1974 3370 2111 3426 scri-

515 3478 663 3541 ptum
677 3478 777 3536 est,
795 3468 848 3522 Μ
858 3468 1072 3523 altitudo
1088 3465 1389 3536 sapientium
1407 3464 1596 3516 sanitas
1617 3473 1688 3517 est
1710 3463 1843 3517 orbis
1863 3472 2110 3517 terrarum

516 3562 537 3635 (
563 3561 694 3631 Sap.
722 3577 794 3620 γι,
824 3558 949 3631 26);
990 3567 1046 3614 et
1082 3558 1267 3628 quales
1290 3555 1404 3610 vult
1431 3554 1717 3624 Apostolus
1753 3553 1888 3620 lieri,
1920 3554 2111 3622 quibus

517 3652 679 3719 dicit,
720 3650 846 3706 Volo
876 3660 1043 3704 autem
1067 3665 1153 3703 vos
1192 3648 1442 3717 sapientes
1486 3644 1685 3715 quidem
1712 3660 1818 3699 esse
1862 3645 1913 3698 in
1943 3644 2071 3697 bono
2092 3686 2107 3710 ,

516 3746 768 3816 simplices
789 3755 954 3798 autem
982 3744 1034 3797 in
1055 3742 1188 3797 malo
1220 3740 1393 3814 (Rom.
1413 3754 1527 3805 3m,
1558 3738 1670 3809 19).
1708 3735 1897 3810 [Sicut
1930 3746 2107 3791 autem

518 3856 677 3894 nemo
706 3854 733 3892 a
758 3854 815 3893 se
843 3839 957 3910 ipso
984 3852 1101 3892 esse
1131 3842 1335 3905 potest;
1366 3832 1436 3887 ita
1471 3832 1629 3886 etiam
1656 3845 1814 3885 nemo
1838 3845 1867 3884 a
1895 3844 1952 3884 se
1993 3830 2108 3899 ipso

516 3930 730 4000 sapiens
754 3944 874 3984 esse
905 3935 1099 3998 potest,
1139 3926 1232 3981 sed
1286 3924 1355 3979 ab
1405 3923 1497 3978 illo
1528 3922 1841 3986 illustrante,
1890 3920 1958 3975 de
2002 3934 2108 3989 quo

514 4023 770 4093 scriptum
800 4032 901 4086 est,
934 4021 1109 4075 Omnis
1138 4018 1387 4090 sapientia
1412 4034 1442 4068 α
1469 4015 1576 4069 Deo
1604 4017 1702 4069 est‘
1725 4013 1908 4085 (Eccli.
1938 4029 1973 4076 I,
2006 4011 2103 4083 1)].

587 4114 813 4172 CAPUT
856 4115 916 4169 ll.
946 4145 1016 4155 —
1045 4114 1313 4185 Sapientia
1346 4110 1597 4174 hominis,
1634 4110 1814 4181 pietas.
1864 4108 2107 4163 Hominis

515 4216 690 4260 autem
724 4206 983 4276 sapientia
1010 4206 1179 4275 pietas
1205 4212 1307 4259 est.
1340 4201 1522 4257 Habes
1552 4201 1651 4255 hoc
1681 4201 1733 4253 in
1766 4201 1901 4255 libro
1937 4198 2107 4253 sancti

512 4296 616 4351 Job
643 4314 655 4350 :
686 4310 808 4350 nam
837 4294 908 4349 ibi
936 4294 1147 4364 legitur,
1177 4292 1317 4364 quod
1350 4292 1462 4361 ipsa
1489 4290 1758 4359 Sapientia
1785 4289 1979 4344 dixerit
2010 4289 2107 4342 Ιιο-

515 4386 667 4450 mini,
719 4384 852 4439 Ecce
880 4386 1039 4456 pietas
1083 4392 1156 4439 est
1212 4382 1462 4454 sapientia
1490 4378 1624 4453 (Job
1654 4396 1853 4445 xxvm,
1902 4379 2019 4450 28).
2048 4379 2104 4433 Si

513 4483 691 4530 autem
724 4491 928 4546 qua‘ras
957 4490 1113 4545 quam
1139 4474 1331 4529 dixerit
1357 4487 1423 4527 co
1453 4472 1571 4527 loco
1614 4470 1862 4541 piclatem
1886 4512 1900 4534 ,
1920 4470 2108 4525 distin-

512 4568 656 4622 etius
676 4568 726 4622 in
748 4582 923 4637 grmco
946 4566 1178 4638 reperies
1198 4575 1484 4632 θεοσέϐειαν,
1510 4565 1597 4635 qui
1642 4574 1724 4620 est
1762 4565 1855 4619 Dei
1907 4565 2102 4619 cultus.

526 4656 728 4715 Dicitur
749 4659 890 4715 enim
921 4674 1094 4730 grznce
1121 4659 1288 4729 pietas
1318 4668 1371 4713 et
1391 4659 1566 4726 aliter,
1597 4656 1648 4713 id
1679 4663 1981 4713 estzbzécua
2002 4672 2106 4728 quo

513 4755 731 4809 nomine
772 4753 1102 4823 signiﬁcatur
1146 4752 1317 4806 bonus
1369 4752 1563 4816 cultus,
1604 4751 1845 4821 quamvis
1898 4760 1952 4805 et
2004 4751 2106 4806 hoc

514 4848 779 4918 prtrcipue
807 4846 1072 4901 referatur
1095 4843 1162 4899 ad
1184 4844 1469 4900 colendum
1501 4845 1687 4899 Deum.
1716 4842 1822 4900 Sed
1864 4845 1993 4898 nihil
2024 4854 2107 4899 est

510 4942 847 5025 commodﬁs
876 4942 965 4997 illo
998 4940 1237 5006 nomine,
1261 4956 1365 5009 quo
1390 4939 1663 4995 evidenter
1691 4938 1783 4994 Dei
1806 4938 1980 4992 cultus
2008 4953 2102 4991 ex-

2089 2711 2185 2757 θ

2191 2717 2761 2752 ba

2226 2840 2442 2896 pressus
2462 2838 2562 2897 est,
2594 2846 2714 2885 cum
2733 2832 2855 2900 quid
2891 2843 3032 2888 esset
3062 2833 3260 2888 homini
3305 2836 3561 2906 sapientia
3597 2840 3808 2898 dicere-

2223 2928 2326 2974 tur.
2345 2920 2620 2988 Quzerisue
2644 2923 2840 2994 aliquid
2861 2925 2964 2981 dici
2991 2926 3224 2994 brevius,
3253 2929 3340 2997 qui
3369 2931 3503 2998 petis
3552 2947 3585 2987 a
3625 2949 3718 2989 me
3750 2945 3806 2990 ut

2220 3007 2653 3083 brevitermagna
2681 3016 2959 3071 dicantur?
2981 3017 3061 3071 An
3090 3017 3192 3073 hoc
3222 3018 3394 3088 ipsum
3444 3022 3537 3077 tibi
3577 3021 3808 3082 fortasse

2218 3098 2494 3159 desideras
2518 3104 2751 3161 breviter
2777 3108 2994 3177 aperiri,
3016 3117 3175 3178 atque
3201 3110 3254 3163 in
3280 3125 3587 3168 sermonem
3629 3116 3808 3188 colligi

2220 3194 2458 3261 brevem,
2479 3213 2707 3266 quonam
2736 3200 2896 3255 modo
2922 3201 2991 3255 sit
3014 3202 3272 3258 colendus
3304 3204 3486 3259 Deus?

2288 3288 2513 3344 CAPUT
2553 3289 2637 3343 Ill.
2666 3321 2739 3330 —
2758 3290 2919 3346 Deum
2944 3292 3043 3347 coli
3072 3294 3193 3361 ﬁde,
3217 3311 3306 3366 spe
3342 3305 3388 3348 et
3416 3297 3684 3351 cltaritate.
3716 3300 3809 3356 ilic

2216 3380 2260 3435 si
2284 3381 2631 3450 respondero.
2664 3383 2787 3450 lidc,
2835 3399 2950 3453 spe,
2979 3385 3240 3441 cltaritate
3265 3388 3547 3443 colendum
3596 3391 3805 3458 Deum;

2216 3471 2458 3542 profecto
2484 3474 2722 3530 dicturus
2755 3492 2834 3540 es,
2863 3476 3078 3532 brevius
3118 3477 3221 3533 hoe
3258 3477 3454 3533 dictum
3486 3494 3609 3534 esse
3647 3498 3806 3553 quam

2215 3566 2379 3621 velles
2412 3584 2425 3619 :
2453 3582 2515 3621 ac
2542 3567 2734 3623 deinde
2754 3569 3017 3639 petiturus
3039 3585 3104 3625 ea
3136 3570 3228 3625 tibi
3256 3571 3488 3625 breviter
3511 3574 3803 3641 explicari,

2214 3672 2332 3726 qua:
2358 3656 2423 3711 ad
2449 3658 2653 3728 singula
2677 3659 2774 3714 tria
2806 3660 2904 3714 ista
2933 3661 3235 3730 pertineant
3260 3677 3275 3726 ;
3302 3661 3427 3730 quid
3472 3662 3805 3718 credendum

2212 3751 2435 3817 scilicet,
2461 3751 2586 3822 quid
2635 3753 2977 3822 sperandum,
3025 3753 3148 3822 quid
3193 3754 3477 3809 amandum
3524 3756 3615 3808 sit.
3654 3755 3805 3822 Quod

2214 3858 2331 3897 eum
2363 3844 2556 3910 fecero,
2594 3845 2662 3899 ibi
2694 3856 2851 3901 erunt
2880 3848 3055 3901 (nnnia
3086 3847 3173 3900 illa
3209 3862 3327 3916 qua:
3375 3846 3428 3900 in
3458 3847 3685 3915 cpistola
3724 3859 3807 3900 tua

2214 3940 2507 4009 quaerendo
2527 3942 2542 3971 ¹
2571 3941 2791 4010 posuisti
2820 3958 2831 3993 :
2861 3940 3013 4010 cujus
3038 3940 3337 4009 exemplum
3356 3938 3402 3994 si
3431 3948 3513 3993 est
3540 3956 3705 4007 penes
3734 3949 3802 4003 ιο,

2212 4029 2365 4086 facile
2390 4040 2470 4085 est
2497 4040 2627 4086 utea
2651 4031 2893 4086 revolvas
2918 4040 2971 4085 ct
2997 4024 3270 4099 relcgns’;
3294 4029 3340 4083 si
3365 4040 3540 4084 autem
3565 4046 3672 4083 non
3700 4040 3802 4093 est,

2210 4131 2664 4177 commemorante
2692 4138 2778 4177 me
2807 4122 3036 4177 recolas.

2281 4212 2504 4271 CAPUT
2555 4213 2739 4269 IV.—
2794 4214 3107 4280 Quwstiones
3160 4212 3439 4266 Laurentii.
3495 4210 3807 4281 Responsio-

2212 4322 2299 4361 nes
2341 4305 2631 4375 Augustini.
2681 4304 2775 4359 Vis
2831 4304 2971 4358 enim
3034 4304 3161 4369 tibi,
3213 4311 3271 4357 ut
3336 4302 3562 4367 scribis,
3620 4300 3803 4354 librum

2210 4412 2243 4449 a
2294 4412 2372 4449 me
2417 4396 2568 4463 fieri,
2606 4411 2753 4464 quem
2799 4394 3134 4448 Enchiridion
3189 4394 3280 4463 (ut
3318 4392 3525 4461 dicunt)
3582 4390 3803 4455 habeas,

2212 4495 2255 4538 et
2283 4485 2344 4538 de
2374 4486 2472 4538 tuis
2509 4484 2741 4537 manibus
2770 4501 2870 4537 non
2899 4484 3096 4537 recedat
3125 4483 3420 4536 :continens
3448 4482 3725 4551 postulata,
3754 4482 3807 4533 id

2212 4586 2305 4642 est,
2334 4576 2457 4645 quid
2483 4576 2790 4645 sequendum
2836 4575 3091 4636 maxime,
3146 4573 3269 4644 quid
3321 4580 3525 4641 propter
3580 4571 3805 4624 diversas

2212 4666 2558 4736 principaliter
2602 4666 2813 4719 haereses
2839 4666 2902 4719 sit
2933 4666 3262 4735 fugiendum;
3294 4664 3348 4716 iu
3377 4672 3624 4733 quantum
3673 4663 3805 4714 ratio

2210 4774 2303 4827 pro
2331 4755 2572 4828 religione
2599 4755 2888 4821 contendat,
2920 4758 2994 4810 vel
3019 4755 3140 4825 quid
3174 4756 3229 4807 in
3258 4755 3451 4806 ratione
3473 4793 3487 4816 ,
3520 4769 3637 4805 cum
3678 4754 3805 4821 fides

2209 4848 2273 4902 sit
2292 4848 2423 4913 sola,
2447 4864 2548 4901 non
2578 4846 2837 4901 conveniat
2863 4847 2917 4913 3;
2947 4848 3068 4918 quid
3095 4847 3313 4917 primunt
3341 4887 3355 4909 ,
3409 4845 3529 4913 quid
3568 4845 3804 4898 ultimum

2215 4946 2463 5005 teneatur,
2493 4954 2604 5007 qua:
2630 4939 2780 4991 totius
2806 4938 3115 5005 deﬁnitionis
3142 4953 3338 4991 summa
3370 4938 3469 5002 sit;
3513 4936 3653 5003 quod
3701 4954 3807 4989 crr—

1683 5066 1970 5109 ADHONITIO
2007 5067 2090 5105 PP.
2130 5066 2609 5106 BENEDICTINORUM.

576 5146 872 5196 Enebiridion
888 5181 903 5207 ,
928 5160 1019 5196 seu
1041 5145 1219 5196 librum
1242 5144 1308 5195 de
1332 5144 1471 5207 Fide,
1494 5151 1588 5207 Spe
1613 5150 1666 5193 et
1700 5143 1953 5207 (maritate
1964 5145 2337 5207 recognovimus
2359 5143 2415 5189 ad
2442 5148 2643 5207 veteres
2663 5141 2857 5207 codices
2881 5142 3076 5207 triginta
3098 5155 3215 5207 sex;
3243 5143 3465 5207 nimirum
3489 5142 3549 5190 ad
3576 5149 3717 5207 nomn
3740 5155 3803 5190 ms

518 5207 756 5271 Vaticante
778 5203 1082 5271 hiblizibeea:
1101 5215 1325 5271 quatuor,
1341 5206 1405 5271 ad,
1418 5203 1722 5271 Parisienscs
1734 5205 1903 5271 viginti
1926 5204 2066 5271 duos,
2077 5203 2134 5253 su
2156 5212 2295 5271 Ms.\’.
2313 5204 2559 5271 (:.Antonii
2574 5204 2961 5271 li‘anre,do_ctoris
2996 5203 3206 5264 theologi
3218 5203 3479 5271 iiut-uitatis
3503 5205 3804 5271 tjarisiensis,

518 5272 571 5315 ct
592 5266 649 5315 ad
672 5267 792 5315 alios
810 5268 930 5317 infra
960 5264 1227 5319 recensitos
1246 5269 1342 5319 col.
1366 5269 1476 5326 275,
1501 5275 1614 5318 nota
1635 5269 1683 5317 5.
1711 5264 1829 5316 ltein
1846 5267 1905 5314 ad
1928 5267 2166 5316 lectiones
2198 5267 2440 5316 variantes
2460 5264 2985 5328 duoruxanelgieorum
3009 5265 3437 5328 alsovaniensibus
3456 5265 3682 5328 vulgatas
3709 5278 3719 5311 :
3752 5274 3801 5311 ct

516 5328 712 5390 demum
743 5329 803 5375 ad
826 5330 1064 5379 editiones
1083 5341 1179 5379 Am.
1205 5337 1279 5378 Er.
1304 5338 1411 5378 Lov.
1438 5324 1554 5380 Dan.
1583 5338 1635 5380 et
1657 5338 1789 5390 Am.,
1810 5329 1857 5377 id
1882 5336 1959 5378 est
1981 5330 2175 5379 Joannis
2192 5327 2487 5377 Amerbacliii
2504 5360 2519 5380 .
2543 5324 2975 5377 Desiderii'tirasmi
2994 5360 3009 5387 ,
3048 5324 3386 5389 lbeologorum
3408 5327 3802 5382 LOVﬂllicUSilltll,

520 5389 761 5437 Laumerti
785 5391 947 5437 Dantei
969 5398 1021 5440 et
1042 5394 1224 5463 antonii
1242 5392 1448 5441 Arualdi.

598 5470 1104 5549 Comparavimus
1126 5484 1427 5550 praeterea
1455 5492 1553 5533 eas
1585 5491 1788 5533 omnes
1819 5471 2121 5533 editiones
2154 5470 2343 5533 initio
2367 5471 2539 5530 Retr.
2570 5474 2625 5527 et
2645 5466 2931 5529 Confess.
2975 5477 3021 5528 t.
3052 5469 3109 5540 1,
3143 5475 3530 5529 memoratas.
3632 5469 3719 5529 M.

584 5594 1028 5702 ’rnacgcntentia,
1069 5605 1179 5656 qua:
1214 5596 1351 5643 uncis
1389 5597 1680 5657 continetur,
1718 5604 1885 5646 carent
1911 5602 2111 5645 veteres

584 5668 714 5702 IlL‘t'S

523 5667 714 5705 etum-cs
737 5667 843 5702 uss.

586 5718 660 5778 (α)
684 5718 891 5776 scriptus
912 5725 1038 5763 anno
1060 5713 1165 5775 421,
1193 5722 1275 5764 aut
1298 5714 1439 5777 paulo
1462 5724 1586 5777 post.

2286 5596 2546 5703 :Blgléov.
2575 5600 2627 5644 et
2660 5602 2771 5643 Arn.
2790 5602 2845 5645 At
2882 5603 2983 5644 Am.
3015 5600 3092 5645 Er.
3134 5602 3187 5644 et
3222 5601 3335 5644 Dan.
3373 5607 3430 5643 ae
3467 5592 3638 5657 plures
3664 5598 3795 5656 1155.,

2332 5670 2356 5703 r
2453 5670 2503 5703 α.

2221 5666 2503 5720 querenda.
3075 5704 3079 5713 ,

2219 5720 2455 5831 ιρᾶαδΑιη.
2488 5724 2558 5765 Er.
2605 5723 2722 5765 Dan.
2748 5724 2799 5768 et
2830 5725 2935 5768 tres
2977 5724 3081 5768 Mss.
3110 5752 3125 5779 ,
3159 5724 3211 5768 ut
3253 5729 3361 5768 eam
3397 5716 3609 5767 revolvas
3640 5724 3687 5768 et
3731 5730 3814 5767 re-

2237 5793 2476 5892 quietus
2514 5840 2669 5890 codex
2702 5842 3071 5903 Germanensis,
3117 5844 3166 5891 tu
3206 5839 3432 5902 religione
3455 5854 3565 5891 cum
3583 5840 3715 5902 ﬁdes
3728 5840 3802 5891 sit.
