4072 6522
256 514 353 568 233
1686 513 1885 568 LIBER
1927 513 2127 573 UNUS.

216 639 357 688 tium
390 626 756 697 propriumque
785 626 903 697 ﬁdei
956 625 1221 683 catholica
1273 629 1681 698 fundamentum.
1724 627 1849 682 Hrec

214 708 430 791 {omnia
448 734 568 788 qure
616 719 845 788 requiris
893 720 1077 788 procul
1126 719 1289 775 dubio
1343 721 1515 789 scies,
1567 721 1849 792 diligenter

214 798 223 830 ί
252 810 476 865 sciendo
503 810 629 880 quid
645 810 813 875 credi,
837 811 964 881 quid
986 813 1191 881 sperari
1214 812 1436 881 debeat,
1482 813 1608 885 quid
1651 814 1839 868 amari.

214 910 218 915 '
256 902 383 956 llaec
404 902 545 958 enim
570 904 822 970 maxime,
857 904 965 959 imo
1008 919 1137 959 vero
1176 905 1288 959 sola
1334 905 1388 959 in
1432 907 1690 977 religione
1729 908 1744 938 ¹
1768 921 1851 960 se-

254 995 471 1061 quenda
500 1005 644 1050 sunt.
680 996 772 1051 llis
796 997 885 1067 qui
916 997 1254 1065 contradicit,
1286 1006 1379 1053 aut
1404 1000 1624 1054 omnino
1647 1014 1675 1052 a
1698 997 1851 1053 Chri-

254 1088 326 1141 sti
347 1088 563 1142 nomine
584 1088 791 1143 alienus
821 1100 925 1155 est,
952 1100 1045 1145 aut
1076 1092 1381 1146 haereticus.
1402 1090 1528 1147 llzec
1583 1100 1708 1146 sunt
1749 1090 1847 1145 de-

254 1178 527 1234 tendenda
569 1179 798 1242 ratione,
822 1181 907 1235 vel
929 1182 945 1212 ί
972 1198 1000 1236 a
1041 1182 1288 1237 sensibus
1314 1182 1555 1252 corporis
1578 1182 1846 1246 inchoata,

252 1272 342 1327 vel
372 1272 441 1327 ab
470 1272 818 1344 intelligentia
850 1275 1042 1329 mentis
1062 1274 1301 1331 inventa.
1352 1274 1483 1341 Quae
1525 1283 1703 1332 autem
1751 1291 1850 1330 nec

254 1381 525 1435 corporeo
550 1382 711 1422 sensu
735 1369 938 1438 experti
970 1384 1174 1435 sumus,
1202 1385 1302 1425 nec
1324 1379 1502 1427 mente
1522 1372 1733 1443 assequi
1760 1387 1851 1425 va-

256 1457 459 1512 luimus
483 1466 572 1512 aut
600 1459 858 1527 valemus,
919 1460 999 1515 eis
1043 1461 1161 1517 sine
1216 1462 1321 1517 ulla
1356 1461 1682 1518 dubitatione
1729 1478 1849 1520 crc-

258 1548 442 1603 denda
471 1558 594 1603 sunt
634 1550 880 1616 testibus,
912 1567 941 1604 a
968 1551 1162 1622 quibus
1186 1568 1247 1608 ea
1277 1569 1397 1624 qua:
1448 1553 1625 1609 divina
1672 1555 1846 1609 vocari

249 1640 369 1710 jam
400 1642 613 1707 meruit,
646 1641 921 1713 Scriptura
944 1642 1191 1699 confecta
1220 1653 1302 1699 est
1331 1662 1343 1698 :
1373 1645 1461 1715 qui
1509 1659 1571 1701 ea
1598 1647 1711 1701 sive
1756 1661 1850 1716 per

253 1746 484 1801 corpus,
514 1732 626 1786 sive
653 1747 748 1802 per
768 1733 1025 1796 animum,
1057 1733 1312 1789 divinitus
1341 1734 1528 1803 adjnti,
1569 1736 1655 1790 vel
1702 1736 1849 1792 vide-

254 1837 338 1888 re,
362 1822 447 1877 vel
475 1824 635 1877 etiam
667 1824 966 1893 praevidere
988 1832 1298 1894 potuerunt.

330 1914 561 1970 CAPUT
592 1915 739 1970 V.—
777 1914 1056 1986 Responsio
1086 1917 1156 1970 ad
1188 1934 1238 1986 ᾳ.
1271 1918 1304 1971 5
1342 1927 1388 1970 et
1426 1918 1493 1971 ad
1530 1936 1578 1989 q.
1627 1919 1682 1974 4.
1717 1917 1851 1974 Cum

253 2015 440 2059 autem
461 2007 612 2063 initio
638 2007 757 2063 ﬁdei
782 2024 899 2077 qua:
929 2024 1024 2079 per
1052 2009 1398 2065 dilectionem
1428 2019 1700 2080 operatur,
1744 2010 1847 2065 im-

257 2095 393 2151 buta
421 2112 574 2152 mens
600 2097 779 2164 fuerit,
814 2100 979 2154 tendit
1008 2101 1145 2156 bene
1174 2100 1402 2156 vivendo
1429 2102 1589 2157 etiam
1616 2101 1682 2156 ad
1727 2116 1851 2171 spe-

256 2190 403 2245 ciem
429 2191 731 2262 pervenire,
764 2192 851 2246 ubi
882 2200 963 2247 est
990 2193 1187 2247 sanctis
1216 2202 1271 2248 et
1315 2192 1567 2263 perfectis
1600 2192 1851 2249 cordibus

259 2290 391 2338 nota
429 2282 712 2338 ineﬁ'abilis
758 2284 1117 2353 pulchritudo,
1171 2285 1323 2355 cujus
1375 2286 1531 2356 plena
1586 2286 1721 2341 visio
1770 2295 1852 2341 est

258 2388 472 2427 summa
500 2373 741 2429 felicitas.
779 2375 888 2430 Iloc
935 2384 1017 2430 est
1067 2377 1318 2430 nimirum
1376 2376 1517 2447 quod
1568 2377 1800 2448 requiris
1834 2418 1848 2441 ,

259 2466 387 2533 quid
412 2466 649 2534 primum,
678 2466 802 2538 quid
842 2469 1076 2521 ultimum
1120 2477 1389 2526 teneatur:
1420 2470 1661 2525 inchoari
1713 2470 1848 2536 ﬁde,

258 2558 447 2625 perlici
464 2559 661 2627 specie.
695 2559 821 2614 lhrc
844 2561 1004 2615 etiam
1037 2562 1198 2617 totius
1223 2561 1551 2618 deﬁnitionis
1577 2571 1661 2619 est
1699 2579 1849 2620 sum-

259 2665 372 2701 ma.
405 2650 620 2705 Certum
646 2667 777 2706 vero
803 2654 1180 2722 prOpriumquc
1199 2653 1320 2710 ﬁdei
1352 2654 1631 2711 catholica:
1662 2655 1853 2711 funda-

258 2750 502 2794 mentum
526 2740 772 2798 Christus
798 2752 880 2798 est
913 2762 924 2797 :
964 2743 1375 2800 Fundamentum
1418 2747 1551 2801 enim
1588 2749 1752 2810 aliud,
1778 2749 1853 2803 ait

256 2832 571 2901 Apostolus,
606 2850 752 2888 nemo
779 2846 939 2907 potest
961 2853 1164 2908 ponere,
1197 2846 1379 2908 prteter
1407 2838 1461 2891 id
1479 2838 1615 2908 quod
1635 2840 1851 2911 positum

253 2933 358 2985 est,
382 2924 513 2991 quod
537 2934 610 2978 est
632 2923 862 2980 Christus
881 2925 1031 2981 Jesus
1066 2928 1083 2998 (
1103 2926 1119 2980 l
1146 2926 1262 2982 Cor.
1285 2945 1363 2994 tn,
1399 2930 1506 3001 11).
1536 2930 1719 3002 Neque
1746 2931 1850 2988 hoc

257 3014 385 3070 ideo
414 3018 712 3087 negandum
736 3026 820 3073 est
839 3021 1111 3089 proprium
1142 3020 1545 3079 fundamentum
1577 3040 1697 3082 esse
1723 3026 1851 3084 ﬁdei

256 3108 565 3173 catholicm,
594 3111 717 3181 quia
747 3114 917 3183 putari
953 3124 1128 3183 potest
1158 3115 1426 3186 aliquibus
1454 3116 1724 3176 han-elicis
1750 3120 1853 3178 hoc

256 3197 541 3254 nobiscum
569 3216 691 3256 esse
718 3218 1022 3261 commune.
1049 3204 1102 3261 Si
1139 3208 1281 3262 enim
1323 3207 1611 3280 diligenter
1628 3228 1750 3284 qua:
1785 3215 1851 3270 ad

253 3288 533 3344 Christum
563 3294 829 3363 pertinent
851 3296 1174 3367 cogitentur,
1206 3300 1421 3357 nomine
1450 3310 1607 3359 tenus
1642 3303 1853 3361 inveni-

252 3389 349 3435 tur
371 3381 616 3438 Christus
644 3385 781 3455 apud
810 3388 1077 3456 quoslibet
1107 3388 1387 3447 haereticos
1409 3435 1421 3458 ,
1477 3394 1568 3465 qui
1609 3410 1667 3450 se
1711 3395 1853 3451 chri-

252 3473 468 3527 stianos
490 3475 670 3529 vocari
698 3476 901 3543 volunt;
932 3494 990 3533 re
1013 3478 1125 3550 ipsa
1148 3497 1276 3537 vero
1307 3499 1412 3539 non
1441 3496 1524 3540 est
1557 3486 1696 3557 apud
1733 3504 1846 3545 eos.

251 3561 415 3631 Quod
436 3565 719 3622 ostendere
750 3568 909 3623 nimis
939 3569 1157 3641 longum
1186 3582 1303 3639 est;
1336 3575 1588 3645 quoniam
1618 3594 1853 3635 commc-

252 3655 536 3709 morandae
556 3666 680 3711 sunt
700 3674 887 3715 omnes
919 3661 1173 3727 hmreses,
1199 3664 1313 3720 sive
1339 3670 1457 3736 Qua:
1488 3667 1718 3749 fuerupt,
1740 3672 1853 3726 sive

252 3761 382 3815 qua:
433 3756 577 3813 sunt,
605 3749 718 3804 sive
762 3766 880 3820 qua:
917 3754 1240 3821 potuerunt'
1274 3770 1395 3812 esse
1447 3759 1546 3813 sub
1593 3760 1852 3818 vocabulo

247 3838 575 3906 christiano,
600 3850 654 3894 et
678 3858 835 3912 quam
867 3844 935 3899 sit
965 3844 1067 3901 hoc
1092 3863 1279 3903 verum
1300 3865 1394 3920 per
1421 3851 1658 3923 singulas
1687 3871 1849 3924 quas-

249 3946 364 3999 que
423 3933 853 3987 monstrandum.
896 3935 1025 4003 Qua:
1068 3937 1360 4007 disputatio
1407 3950 1511 3995 tam
1563 3944 1847 4001 multorum

252 4029 339 4073 est
364 4023 719 4089 votuminum,
748 4032 804 4078 ut
825 4026 983 4081 etiam
1012 4027 1217 4083 inﬁnita
1252 4030 1515 4087 videatur.

322 4112 563 4169 CAPUT
606 4114 690 4169 Vl.
730 4147 802 4158 —
848 4118 995 4183 Quod
1041 4120 1173 4175 mole
1215 4123 1452 4193 exiguum
1489 4128 1645 4197 possit
1696 4146 1850 4183 manu

240 4205 527 4259 ’contineri.
554 4205 632 4259 Tu
674 4219 850 4264 autem
910 4210 1247 4267 Enr/tiridion
1292 4231 1318 4267 a
1368 4217 1521 4271 nobis
1566 4220 1802 4289 postulas
1832 4264 1847 4287 ,

250 4298 304 4353 id
356 4310 442 4353 est
464 4340 479 4365 ,
507 4300 641 4369 quod
679 4318 834 4355 manu
860 4305 1015 4372 possit
1044 4306 1317 4377 astringi‘,
1348 4326 1448 4362 non
1502 4312 1638 4378 quod
1679 4330 1849 4367 arma-

248 4390 329 4441 ria
386 4389 545 4458 possit
593 4407 820 4445 onerare.
864 4391 932 4447 Ut
978 4393 1136 4464 igitur
1162 4396 1227 4448 ad
1257 4397 1342 4450 illa
1368 4398 1465 4452 tria
1516 4399 1800 4456 redeamus
1827 4445 1842 4470 ,

248 4498 348 4551 per
381 4498 502 4552 qme
528 4483 757 4538 diximus
784 4486 1067 4541 colendum
1100 4487 1284 4554 Deum,
1319 4489 1499 4558 ﬁdem,
1523 4508 1694 4562 spem,
1713 4494 1844 4549 cha-

247 4576 499 4638 ritatcm;
531 4574 684 4631 facile
712 4586 792 4631 est
818 4588 875 4633 ut
900 4578 1108 4633 dicatur
1154 4582 1277 4650 quid
1326 4584 1650 4640 credendum
1671 4628 1687 4653 ,
1716 4586 1841 4658 quid

246 4667 602 4734 sperandum,
634 4668 760 4739 quid
802 4671 1088 4725 amandum
1114 4674 1219 4727 sit:
1249 4673 1343 4728 sed
1392 4678 1842 4746 quemadmodum

245 4758 513 4813 adversus
540 4774 725 4814 eorum
755 4764 841 4832 qni
875 4762 1085 4819 diversa
1126 4766 1358 4821 sentiunt
1411 4769 1704 4826 calumnias
1748 4771 1847 4829 de-

244 4934 370 5013 sola,
393 4946 489 5013 'non
512 4935 683 4986 veniat.
720 4938 1227 5013 meliuspolbertipus,
1250 4942 1575 5013 iurationem,
1599 4962 1710 5000 cum
1726 4947 1850 5013 ﬁdes

243 4996 307 5073 sit
328 4995 566 5073 solasnon
588 5007 763 5073 veniat.
778 5002 878 5073 Qui
892 5001 1088 5073 lectioni
1111 4995 1277 5073 favent
1298 4995 1843 5073 negiszcépHiiiéliéi;

242 5061 656 5135 gelnune‘tieensis
675 5070 726 5111 et
748 5061 957 5135 alii.duoi
976 5072 1083 5114 Mss.
1110 5061 1393 5135 habentes:
1403 5069 1455 5120 in
1480 5061 1698 5135 ratione,
1739 5061 1850 5127 cum

242 5120 377 5195 ﬁdes
401 5120 462 5195 sit
481 5121 600 5195 sola,
620 5134 719 5191 non
741 5123 919 5195 veniat:
938 5130 1334 5195 Compendiensis
1356 5120 1478 5182 vero
1494 5120 1755 5195 pr's',”:}5n'
1769 5120 1847 5188 iiii

241 5182 351 5253 aiat
378 5182 585 5253 ;rhabet,
870 5182 1328 5253 Altercblbertiuus
1343 5200 1396 5243 et
1417 5182 1543 5244 umis
1558 5182 1849 5251 e'V'atican'is

244 5244 422 5314 lerunt
438 5277 453 5301 ,
494 5244 542 5294 in
568 5247 771 5314 ratione,
789 5262 919 5314 cum
939 5249 1065 5314 ﬁdes
1087 5250 1147 5302 sit
1169 5252 1297 5314 sola,
1318 5244 1577 5306 conveniat.
1616 5244 1849 5312 Antonius

244 5306 489 5384 Arnaidus
524 5309 890 5384 restituendum
919 5306 1137 5384 censuit,
1161 5306 1457 5384 inratione,
1482 5332 1593 5368 cum
1615 5306 1847 5384 aliis};

242 5368 309 5417 sit
343 5370 613 5448 solatium
646 5372 908 5448 conveniat.
944 5368 1175 5448 audacior
1214 5381 1374 5448 153mb.
1415 5368 1626 5430 D'anaaus'
1640 5368 1846 5448 ᾗῇ)ὲᾷάὲ

242 5432 548 5507 auctoritate
578 5434 812 5507 restituit,
828 5434 879 5484 in
901 5435 1085 5487 ratione
1102 5452 1213 5488 cum
1229 5437 1328 5503 ﬁde
1350 5452 1444 5489 non
1465 5444 1709 5495 conveniat
1763 5432 1846 5497 ie:-

241 5494 392 5553 iectas
414 5494 579 5543 verbis
595 5530 609 5551 ,
645 5495 709 5545 sit
732 5494 849 5545 sola.

312 5556 329 5624 ξ
370 5564 471 5601 Αιη.
497 5562 570 5624 lar.
592 5563 645 5605 et
663 5563 798 5617 Dan.,
822 5558 925 5609 sola
946 5558 1210 5624 religione;
1233 5564 1438 5623 omisso,
1462 5565 1531 5615 in.

309 5616 333 5688 ξ
370 5623 573 5688 θαι-ΕΓ.
599 5625 714 5667 Dan.
738 5616 791 5688 et
822 5616 1316 5688 quatuor'uss.,'quw
1338 5616 1428 5675 rel.‘

312 5678 335 5753 ξ
367 5680 595 5753 sic_Dau.
622 5690 675 5730 et
719 5678 945 5745 plerique
991 5693 1096 5734 Mss.
1128 5678 1184 5736 Αἱ
1219 5678 1322 5735 λιιι.
1365 5695 1437 5737 Er.
1479 5695 1583 5739 Lov.
1618 5699 1667 5740 et
1711 5702 1840 5753 Arn.,

307 5747 338 5787 lt
358 5748 489 5789 runt.

241 5753 338 5831 poi.
525 5802 662 5874 guod
677 5804 900 5877 minibus
922 5808 1067 5877 possit
1088 5809 1307 5877 astringi.
1331 5820 1383 5861 At
1410 5820 1533 5877 Mss,
1559 5814 1685 5877 quod
1702 5830 1846 5866 manu

242 5864 392 5934 lassi!
415 5864 638 5942 astringi.
677 5873 727 5915 Et
754 5881 830 5942 ωεΔ
850 5864 932 5939 bis
949 5872 1115 5933 plures
1132 5864 1264 5933 loco:
1278 5875 1482 5938 astringi
1497 5864 1744 5942 ,rhiihcut,
1770 5864 1843 5931 te?

242 5931 350 5975 πίνη
369 5939 386 5988 ;
411 5936 464 5978 et
486 5931 706 5991 quidam,
726 5932 927 5991 portari.

508 6016 790 6075 PATROL.
832 6018 948 6078 XL.

3444 532 3551 589 234

1964 628 2229 695 fendatur,
2258 636 2586 702 operosioris
2623 639 2989 713 uberiorisque
3018 642 3278 701 doctrinae
3305 656 3410 714 est;
3432 665 3550 719 quae

1960 733 2017 777 ut
2047 723 2325 793 habeatur,
2350 742 2456 782 non
2486 729 2633 785 brevi
2664 732 2962 790 enchiridio
2990 752 3179 794 manus
3225 739 3385 796 debet
3434 742 3536 795 im-

1958 814 2115 883 pleri,
2148 816 2241 872 sed
2263 819 2448 888 grandi
2478 820 2652 877 studio
2680 834 2866 895 pectus
2895 828 3135 882 accendi.

2027 906 2255 965 CAPUT
2272 909 2381 965 VH.
2400 912 2538 967 -2,
2558 914 2855 984 Symbolum
2875 926 2924 971 et
2944 920 3105 974 oratio
3128 920 3380 977 dominica
3408 941 3547 978 com-

1960 999 2246 1067 plectuntur
2267 1002 2441 1071 ﬁdem,
2460 1021 2601 1075 spem
2628 1016 2677 1061 et
2697 1008 3013 1063 charitatem.
3048 1010 3177 1065 Nam
3221 1028 3345 1069 ecce
3392 1015 3485 1069 tibi
3520 1017 3537 1047 ³

1957 1098 2039 1145 est
2064 1088 2377 1163 Symbolum
2400 1103 2456 1149 et
2479 1095 2743 1153 dominica
2769 1100 2961 1166 oratio;
2991 1102 3116 1171 quid
3139 1102 3353 1159 brevius
3392 1106 3545 1161 audi-

1959 1190 2052 1254 tur~
2074 1192 2165 1237 aut
2194 1183 2574 1256 legitur?quid
2623 1187 2828 1244 facilius
2881 1192 3155 1247 memoria:
3199 1197 3545 1252 commenda-

1960 1271 2085 1325 tur?
2114 1272 2247 1341 Quia
2267 1275 2410 1329 enini
2435 1276 2503 1332 de
2544 1287 2789 1347 peccato,
2821 1282 2969 1349 gravi
2999 1284 3214 1339 miseria
3268 1286 3547 1354 premeba-

1959 1372 2043 1417 tur
2069 1378 2238 1433 genus
2253 1365 2562 1433 humanum,
2585 1379 2636 1424 et
2656 1369 2832 1425 divina
2857 1372 3130 1444 indigebat
3154 1376 3543 1446 misericordia,

1956 1455 2141 1522 gratia:
2172 1456 2265 1510 Dei
2311 1464 2520 1528 tempus
2555 1462 2819 1531 propheta
2870 1464 3170 1534 priedicens
3196 1466 3291 1532 ait,
3322 1467 3386 1522 Et
3409 1469 3502 1523 erit
3528 1487 3548 1534 ;

1957 1545 2120 1599 onmis
2142 1548 2226 1619 qui
2257 1548 2558 1605 invocaverit
2584 1568 2765 1607 nomen
2792 1553 3032 1621 Domini,
3063 1558 3232 1613 salvus
3260 1560 3354 1613 erit
3391 1559 3542 1631 (Joel

1956 1652 2013 1702 ιι,
2045 1636 2136 1711 52)
2172 1655 2186 1695 :
2218 1650 2435 1712 propter
2459 1642 2562 1699 hoc
2589 1645 2821 1701 oratio'.
2846 1646 2953 1702 Sed
2978 1650 3266 1718 Apostolus
3318 1666 3440 1706 cum
3477 1653 3545 1707 ad

1958 1729 2127 1799 ipsam
2177 1733 2400 1802 gratiam
2453 1737 2935 1793 commendandam
3016 1740 3118 1795 hoc
3175 1743 3547 1812 propheticum

1957 1835 2433 1881 commemorasset
2489 1828 2855 1884 testimonium
2891 1873 2905 1897 ,
2986 1833 3243 1888 continuo
3286 1834 3545 1904 subjecit.

1960 1912 2227 1979 Quomodo
2248 1927 2416 1973 autem
2442 1920 2765 1986 invocabant,
2816 1924 2869 1977 in
2912 1940 3060 1993 quem
3085 1942 3185 1979 non
3230 1927 3550 1982 crediderunt

1962 2006 2149 2081 (Rom.
2186 2027 2241 2078 ι,
2275 2011 2402 2083 14)ἳ
2431 2022 2650 2084 propter
2680 2014 2783 2069 hoc
2810 2014 3147 2087 Symbolum.
3180 2018 3235 2072 lu
3290 2018 3373 2073 his
3415 2019 3550 2074 duo-

1957 2100 2058 2157 bus
2088 2103 2188 2157 tria
2222 2104 2309 2157 illa
2342 2104 2553 2160 intuere
2582 2122 2595 2158 :
2622 2106 2754 2162 ﬁdes
2803 2107 2993 2175 credit,
3028 2124 3153 2179 spes
3206 2121 3262 2164 ct
3315 2110 3550 2166 Charitas

1957 2203 2133 2250 orant.
2162 2194 2267 2251 Sed
2290 2200 2407 2252 sine
2435 2197 2539 2253 ﬁde
2565 2213 2686 2254 esse
2717 2214 2821 2254 non
2849 2212 3107 2270 possunt;
3138 2219 3201 2258 ac
3231 2217 3328 2272 per
3370 2201 3473 2258 hoc
3495 2212 3549 2258 rt

1959 2286 2089 2341 ﬁdes
2111 2297 2249 2343 orat.
2279 2289 2572 2360 PrOptcrea
2595 2291 2790 2362 quippe
2811 2292 3007 2346 dictum
3034 2304 3139 2360 est,
3175 2296 3439 2361 Quomodo
3464 2297 3549 2350 in-

1957 2376 2221 2443 vocabunt,
2246 2379 2299 2432 in
2327 2396 2473 2449 quem
2501 2397 2600 2434 non
2621 2382 2979 2436 crediderunt?

2026 2468 2255 2526 CAPUT
2295 2469 2430 2525 Vlll.
2457 2502 2527 2510 —
2569 2470 2830 2527 Generalis
2875 2473 3147 2544 explicatio
3198 2475 3339 2545 ﬁdei,
3365 2479 3472 2547 spei
3500 2491 3549 2533 et

1957 2562 2239 2630 charitatis,
2268 2571 2313 2617 et
2336 2581 2507 2618 earum
2532 2581 2710 2619 nexus.
2741 2566 2881 2635 Quid
2915 2577 3095 2623 autem
3126 2583 3280 2637 spera
3294 2570 3336 2623 ri
3370 2578 3548 2639 potest

1957 2656 2098 2725 quod
2126 2671 2233 2711 non
2276 2658 2555 2713 creditur?
2586 2658 2753 2714 Porro
2791 2660 2990 2731 aliquid
3037 2662 3198 2717 etiam
3244 2663 3385 2733 quod
3433 2680 3542 2720 non

1959 2758 2224 2819 speratur,
2252 2750 2399 2806 credi
2427 2759 2625 2820 potest.
2656 2750 2785 2818 Quis
2813 2768 3044 2823 namque
3094 2753 3327 2809 ﬁdelium
3357 2770 3546 2826 pmnas

1960 2855 2064 2894 non
2092 2840 2265 2895 credit
2291 2841 2609 2911 impiorum?
2640 2859 2737 2898 nec
2766 2852 2948 2913 sperat
2977 2853 3178 2910 tamen,
3212 2853 3267 2900 et
3307 2847 3548 2917 quisquis

1959 2946 2051 2986 eas
2073 2932 2353 2988 imminere
2381 2934 2483 2989 sibi
2501 2934 2672 2989 credit
2695 2950 2759 2990 ac
2786 2935 2956 3006 fugaci
2978 2947 3126 2991 motu
3156 2938 3321 2992 animi
3351 2939 3543 2994 exhor-

1958 3032 2062 3090 ret,
2090 3025 2293 3080 rectius
2320 3025 2511 3081 timere
2536 3025 2732 3081 dicitur
2769 3042 2928 3097 quam
2979 3042 3218 3099 sperare.
3260 3028 3390 3097 Qua:
3441 3030 3549 3087 duo

1959 3115 2175 3187 quidam
2206 3116 2538 3189 distinguens
2556 3117 2576 3149 ³
2610 3118 2717 3173 ait:

2451 3231 2609 3283 Liceat
2629 3244 2833 3294 sperare
2856 3234 3062 3283 timenti.

2658 3294 2920 3356 (Lucanus,
2947 3295 3165 3346 rharsal.
3192 3295 3275 3347 lib.
3300 3296 3347 3360 2,
3375 3312 3419 3350 v.
3449 3299 3555 3365 l5.)

1959 3393 2075 3450 Non
2105 3404 2281 3451 autem
2302 3396 2370 3452 ab
2386 3398 2490 3451 alio
2518 3407 2694 3468 poeta,
2738 3400 2987 3470 quamvis
3025 3401 3248 3458 meliore
3270 3444 3289 3471 ,
3337 3408 3548 3477 proprie

1959 3486 2158 3541 dictum
2190 3497 2271 3542 est
2295 3505 2309 3543 :

2051 3609 2183 3651 nunc
2208 3614 2304 3665 ego
2324 3603 2366 3653 si
2391 3603 2530 3675 potui
2550 3610 2738 3675 tantum
2757 3617 2959 3675 sperare
2981 3606 3218 3675 dolorem.

2510 3664 2739 3730 (t’irgil.,
2766 3664 2948 3717 A'Eneid.
2974 3667 3053 3718 lib.
3079 3669 3126 3731 4,
3152 3682 3194 3720 υ.
3216 3671 3347 3735 419.)

1958 3763 2197 3835 Denique
2221 3767 2461 3821 nonnulli
2517 3770 2566 3821 in
2626 3778 2741 3824 arte
2786 3774 3132 3840 grammatica
3183 3776 3329 3830 verbi
3384 3776 3539 3846 hujus

1957 3866 2179 3912 utuntur
2205 3860 2452 3930 exemplo
2482 3860 2549 3915 ad
2577 3862 2961 3918 Ostendendam
2982 3865 3329 3936 impropriam
3357 3869 3551 3923 dictio-

1956 3966 2101 4017 nem,
2132 3960 2185 4006 et
2210 3953 2378 4019 aiunt,
2403 3952 2626 4023 Sperare
2649 3952 2783 4009 dixit
2841 3970 2939 4024 pro
2984 3956 3191 4012 timere.
3237 3958 3334 4013 Est
3370 3960 3548 4031 itaque

1958 4043 2089 4098 ﬁdes
2117 4044 2447 4099 etmalarum
2481 4060 2684 4112 rerum,
2713 4054 2767 4101 et
2793 4047 3056 4103 bonarum
3090 4068 3103 4104 ε
3135 4051 3257 4120 quia
3300 4062 3355 4107 et
3408 4053 3545 4109 bona

1957 4133 2268 4202 creduntur,
2296 4145 2348 4188 et
2372 4135 2532 4202 mala;
2557 4146 2610 4191 et
2636 4135 2740 4193 hoc
2771 4138 2874 4194 ﬁde
2892 4138 3055 4208 bona,
3088 4156 3195 4196 non
3243 4145 3404 4199 mala.
3452 4147 3546 4201 Est

1957 4228 2117 4283 etiam
2150 4227 2280 4282 ﬁdes
2305 4238 2359 4282 et
2400 4230 2785 4298 praeteritarum
2816 4246 2995 4286 rerum
3025 4269 3043 4300 ,
3074 4243 3129 4289 et
3160 4238 3503 4305 praesentium
3528 4282 3545 4306 ,

1957 4331 2013 4375 et
2046 4319 2364 4375 futurarum.
2407 4319 2691 4378 Credimus
2740 4325 2883 4379 enim
2933 4325 3207 4382 Christum
3236 4340 3544 4395 mortuum;

1957 4413 2099 4483 quod
2123 4413 2233 4484 jam
2288 4414 2581 4484 praeteriit;
2623 4414 2892 4471 credimus
2931 4417 3122 4505 sedete
3162 4420 3229 4474 ad
3269 4421 3545 4477 dexteram

1958 4506 2323 4577 Patris;quod
2351 4523 2488 4561 nunc
2509 4516 2591 4561 est
2616 4525 2629 4560 :
2656 4508 2925 4563 credimus
2978 4518 3261 4567 venturum
3298 4512 3365 4568 ad
3397 4513 3548 4584 judi—

1934 4596 2252 4664 candum‘;
2285 4597 2426 4667 quod
2449 4599 2678 4652 futurum
2704 4608 2803 4654 est.
2829 4597 2960 4655 Item
2989 4601 3120 4657 ﬁdes
3140 4614 3192 4658 et
3220 4619 3436 4659 suarum
3465 4621 3549 4660 re-

1958 4706 2075 4745 rum
2104 4700 2206 4759 est,
2238 4692 2623 4746 etalienarum.
2650 4690 2781 4746 Nam
2811 4701 2866 4747 et
2889 4707 2948 4748 se
2986 4696 3212 4766 quisque
3237 4696 3407 4751 credit
3450 4698 3549 4751 ali-

1958 4782 2170 4853 quando
2199 4797 2318 4837 esse
2340 4783 2590 4853 coepisse,
2623 4798 2722 4838 nec
2743 4782 2905 4839 fuisse
2926 4784 3106 4856 utique
3131 4787 3545 4857 'sempiternum;

1956 4883 2010 4930 et
2038 4876 2190 4943 alios,
2219 4884 2378 4946 atque
2400 4877 2503 4930 alia
2532 4877 2551 4907 ⁸
2579 4895 2591 4931 :
2626 4892 2724 4932 nec
2747 4879 2917 4933 solum
2963 4878 3029 4933 de
3080 4880 3199 4935 aliis
3243 4880 3547 4937 hominibus

1957 4966 2144 5033 multa,
2174 4982 2293 5037 quin
2323 4966 2386 5022 ad
2417 4967 2729 5039 religionem
2785 4971 3056 5041 pertinent
3080 4971 3121 5036 °,
3154 4986 3339 5026 verum
3379 4972 3541 5027 etiam

2019 5144 2032 5174 ¹
2073 5141 2257 5205 Aliquot
2286 5151 2413 5199 3:55.,
2437 5152 2559 5205 Nam
2577 5157 2686 5194 ecce
2706 5143 2797 5195 iiii.
2825 5145 3039 5203 Quidam,
3067 5154 3184 5194 Nam
3202 5160 3312 5197 ecce
3329 5154 3373 5196 ct
3399 5148 3483 5200 ibi.

2019 5206 2039 5235 ³
2073 5204 2222 5264 Editi,
2265 5204 2505 5255 dominica
2544 5205 2713 5255 oratio.
2752 5208 2927 5265 Abest,
2964 5205 3220 5266 dominica,
3244 5221 3272 5257 ε
3299 5208 3549 5275 plerisque

1953 5272 2064 5315 MSS.

2018 5329 2039 5359 ³
2070 5326 2122 5392 ln
2149 5328 2605 5392 excusis,_Lucmtus
2641 5326 2954 5392 distinguens.
2991 5337 3086 5379 Non
3105 5334 3377 5383 nominatur
3402 5343 3549 5385 Lucu-

1953 5400 2043 5457 πυτς
2065 5390 2272 5457 in_at_ss.,
2293 5390 2382 5438 sed
2408 5391 2515 5451 ejus
2540 5390 2745 5457 nominis
2763 5389 2872 5457 loco
2887 5391 3113 5457 habetur,
3139 5392 3355 5457 quidam.

2018 5452 2039 5481 δ
2073 5450 2210 5509 aditi,
2241 5458 2366 5512 post,
2391 5450 2642 5501 venturum
2662 5452 2729 5501 ad
2754 5450 3328 5518 judicandum,aildunt,
3348 5457 3476 5508 viros
3499 5466 3544 5508 et

1953 5518 2078 5561 mort
2083 5524 2164 5561 υοδ
2170 5548 2182 5559 .

2016 5575 2038 5606 ³
2070 5574 2208 5642 aditi,
2227 5580 2272 5624 et
2306 5572 2405 5623 alia
2417 5580 2567 5642 atque
2585 5573 2701 5642 alia.
2732 5584 2784 5626 At
2806 5584 2937 5635 Mss,
2960 5584 3007 5628 et
3049 5579 3169 5629 altos
3193 5580 3400 5642 (supple
3417 5616 3434 5642 ,
3459 5582 3545 5630 ho-

1952 5636 2154 5705 mines),
2194 5642 2339 5697 atque
2378 5634 2521 5705 aliut
2545 5637 2733 5705 scilicet
2757 5634 2931 5689 rerum
2946 5653 3136 5703 genera
3159 5634 3544 5705 esse'éaepisse.

1953 5710 2047 5767 nec
2070 5697 2217 5767 tuisse
2239 5698 2592 5767 sempiterna).

1995 5760 2038 5810 ι⁸
2068 5759 2198 5827 _ls_tu_d
2218 5796 2233 5819 ,
2258 5760 2455 5827 quaead
2476 5759 2755 5827 religionem
2774 5762 3009 5827 pertinent
3021 5798 3036 5823 ,
3057 5767 3306 5827 reperitur
3322 5779 3373 5815 tu
3396 5770 3544 5815 omni-

1952 5820 2048 5871 bus
2067 5821 2203 5870 libris
2224 5820 2414 5877 scriptis
2440 5830 2491 5872 et
2528 5820 2743 5874 eicusis.
2768 5820 3146 5876 Glossema'esse
3168 5826 3363 5877 volebat
3384 5834 3542 5877 tamn.

1954 5889 2160 5950 Danazus
2175 5920 2188 5942 ,
2215 5886 2296 5947 qui
2324 5884 2453 5950 hunc
2476 5893 2529 5934 et
2541 5884 2661 5950 alios
2681 5886 2994 5950 quamplures
3013 5884 3146 5938 locos
3167 5892 3328 5940 animo
3351 5895 3540 5942 vexavit

1953 5946 2153 5995 minime
2169 5958 2311 6009 aequo
2337 5956 2389 5997 et
2410 5947 2618 5997 liberali.

2866 6034 3085 6108 (Huit.
3101 6038 3129 6105 )
