4024 6516
531 494 632 549 935

536 602 815 673 deangrlis
842 595 1124 652 credimus.
1156 589 1286 659 Spes
1328 594 1502 638 autem
1548 597 1652 635 non
1698 575 1798 631 nisi
1842 574 2101 673 bonarum

536 664 715 754 rerum
739 700 837 753 est,
872 703 968 743 nec
994 684 1094 741 nisi
1117 682 1433 741 futurarum,
1480 686 1534 729 et
1562 672 1627 726 ad
1661 684 1782 725 eum
1838 664 2109 735 pertinen-

536 792 664 846 tium
690 785 776 857 qui
803 795 987 837 earum
1007 792 1158 849 spem
1183 787 1371 846 gerere
1398 768 1723 837 perhibetur.
1751 760 2016 857 Quacum
2035 755 2107 857 ita

536 844 659 948 sint,
688 844 903 948 propter
924 872 1021 927 has
1039 844 1241 924 .causas
1294 857 1676 948 distinguenda
1705 853 1837 948 erit“
1852 847 1996 948 .l‘ides
2021 844 2110 948 Aab

502 940 701 1059 rspon-
738 940 878 1022 sicut
924 959 1217 1022 vocabulo,
1258 955 1331 1010 ita
1366 963 1421 1007 et
1462 944 1759 1005 rationabili
1788 940 2109 1059 diﬂ'e‘rentia.

508 1032 839 1129 ﬁamquod
867 1054 1056 1110 attinet
1075 1049 1141 1105 ad
1168 1063 1275 1103 non
1300 1044 1501 1104 videre.
1529 1040 1641 1096 sive
1656 1052 1775 1109 quae
1802 1032 2111 1129 creduntur,

510 1126 519 1207 ’λ
537 1154 654 1207 sive
675 1118 794 1221 quae
820 1151 1121 1217 Sperantnr,
1148 1139 1270 1195 ﬁdei
1311 1136 1533 1206 speique
1578 1141 1861 1221 commune
1908 1118 2114 1221 estLIu

1020 471 1473 538 ENCIIIRIDION,
1514 467 1668 525 SIVE
1709 465 1800 521 DE
1838 458 2019 525 FIDE,
2061 454 2187 513 SPE
2227 456 2314 511 ET
2353 457 2770 529 CIIARITATE,
2810 460 2868 515 S.
2912 458 3280 517 AUGUSTINI

540 1212 770 1315 Epistola
794 1212 989 1311 quippe
1014 1235 1079 1290 ad
1109 1233 1364 1287 llehraros
1383 1269 1399 1295 ,
1430 1241 1532 1297 qua
1560 1232 1695 1315 teste
1712 1220 1809 1315 qusi
1831 1223 1955 1272 sunt

541 1303 687 1391 stlres
709 1303 985 1388 catholica:
1011 1324 1226 1395 Regula:
1245 1323 1266 1353 ¹
1294 1318 1626 1379 defensores,
1658 1310 1788 1364 ﬁdes
1829 1320 1949 1362 esse
1977 1303 2116 1395 dicta

414 1434 485 1505 ἐν)
545 1437 629 1483 est
653 1421 908 1493 Convictio
937 1433 1102 1472 rerum
1131 1428 1243 1485 quis
1262 1428 1363 1465 non
1403 1408 1634 1463 videntur
1668 1403 1687 1473 (
1710 1400 1867 1455 Hebr.
1911 1395 2049 1505 ut}!
2076 1392 2117 1462 ).

544 1489 796 1587 Quamvis
814 1511 1023 1584 quando
1049 1524 1107 1563 se
1131 1507 1353 1577 quisque
1379 1516 1484 1556 non
1504 1497 1704 1563 verbis,
1739 1509 1844 1587 non
1872 1488 2119 1553 testibus,

508 1654 511 1655 ν
549 1584 652 1668 non
680 1608 910 1676 denique
935 1603 1057 1657 ullis
1076 1594 1419 1669 argumentis,
1452 1590 1547 1645 sed
1577 1584 1921 1658 praesentium
1942 1591 2123 1676 rerum

444 1732 455 1755 .-
550 1668 1158 1759 evidentim'credidissc,
1188 1688 1291 1741 hoc
1316 1693 1399 1739 est
1425 1725 1441 1749 ,
1480 1680 1643 1735 ﬁdem
1688 1668 2127 1730 accommodassc

450 1824 453 1831 ν
548 1797 695 1860 dicit,
724 1806 828 1846 non
856 1790 926 1843 ita
955 1785 1162 1839 videtur
1187 1777 1452 1835 absurdus
1471 1774 1512 1841 ³,
1539 1778 1754 1826 utrecte
1772 1758 2124 1860 reprehenda-

747 1880 934 1943 verbo,
962 1876 1116 1944 eique
1136 1871 1364 1931 dicatur,
1390 1863 1607 1929 .Yidisti;
1640 1873 1771 1929 ergo
1796 1871 1901 1911 non
1955 1849 2129 1906 credi-

549 1975 672 2031 disti
707 1992 719 2026 :
745 1968 881 2037 unde
906 1964 1078 2037 putari
1110 1968 1283 2032 potest
1305 1972 1409 2012 non
1431 1967 1550 2010 esse
1578 1960 1913 2037 consequens
1940 1951 2120 2037 utnon

551 2036 790 2121 videatur
815 2032 1268 2125 res—qumeumque
1315 2045 1570 2101 creditur.
1615 2039 1722 2096 Sed
1768 2036 1958 2092 melius
1997 2032 2133 2086 hanc

553 2156 885 2229 appellamus
913 2148 1093 2217 ﬁdem,
1120 2156 1278 2213 quam
1310 2139 1509 2229 divina
1539 2132 1751 2204 eloquia
1775 2128 2095 2229 _docuerunt
2114 2164 2130 2190 ,

553 2224 741 2307 eorum
761 2244 964 2297 scilicet
990 2252 1169 2292 rerum
1191 2248 1310 2304 qua:
1337 2246 1439 2285 non
1468 2228 1729 2281 videntur.
1775 2224 1849 2277 Dc
1874 2234 1971 2290 spe
1998 2232 2133 2288 quo-

555 2314 661 2408 que
688 2337 762 2390 ait
800 2329 1128 2401 Apostolus:
1156 2324 1288 2395 Spes
1326 2337 1438 2392 qua:
1462 2319 1675 2383 videtur,
1718 2331 1820 2369 non
1866 2322 1936 2366 est
1978 2326 2091 2408 spes
2116 2323 2136 2363 :

554 2400 689 2499 quod
708 2400 999 2481 eninrvidet
1026 2417 1156 2491 quis,
1189 2413 1311 2483 quid
1330 2411 1539 2482 sperat?
1566 2408 1627 2463 Si
1655 2414 1822 2459 autent
1860 2400 2135 2499 quodnnon

559 2490 780 2572 videmus
806 2490 1089 2584 speramus,
1121 2522 1210 2578 per
1254 2501 1544 2575 patientiam
1569 2504 1918 2565 exspectamus
1944 2490 2134 2563 (Rom.

560 2625 670 2673 vni,
697 2606 789 2673 24,
814 2603 931 2675 25).
952 2599 1085 2656 Cum
1113 2614 1240 2667 ergo
1286 2596 1424 2649 bona
1469 2590 1623 2646 nobis
1664 2587 1836 2642 futura
1866 2598 1988 2640 esse
2016 2596 2138 2637 cre-

562 2701 780 2762 duntur,
812 2693 943 2749 nihil
969 2690 1109 2745 aliud
1136 2703 1296 2759 quam
1324 2691 1632 2755 sperantur.
1674 2680 1790 2734 Jam
1834 2677 1903 2732 de
1956 2688 2140 2731 amore

562 2788 688 2860 quid
716 2786 912 2850 dicam,
935 2783 1051 2837 sine
1070 2794 1175 2850 quo
1221 2777 1355 2831 fides
1383 2775 1512 2829 nihil
1562 2768 1813 2843 prodest?
1843 2768 1978 2838 Spes
2014 2781 2142 2821 vero

563 2896 683 2937 esse
710 2879 826 2933 sine
845 2887 1027 2929 amore
1048 2888 1153 2926 non
1179 2877 1374 2939 potest.
1411 2864 1666 2934 Denique,
1698 2870 1758 2917 ut
1796 2860 1871 2913 ait
1933 2866 2145 2926 aposto-

564 2974 650 3027 lus
665 2971 915 3027 Jacobus.
961 2965 1026 3018 Et
1055 2965 1309 3017 daemones
1356 2957 1607 3020 credunt,
1665 2964 1713 3009 et
1764 2951 2145 3007 contremiscunt

569 3058 782 3133 (Jacobi
812 3073 868 3123 n,
902 3055 989 3125 19)
1021 3068 1036 3106 :
1066 3066 1168 3108 nec
1196 3060 1374 3106 tamen
1400 3054 1621 3119 sperant
1665 3044 1750 3099 vel
1790 3051 2004 3107 amant;
2051 3039 2145 3095 sed

562 3153 744 3225 potius
765 3147 907 3219 quod
936 3157 1213 3215 speramus
1259 3149 1314 3197 et
1353 3152 1596 3194 amamus
1643 3134 1912 3225 credendo
1950 3142 2145 3225 ventu-

552 3222 684 3298 .rum
709 3253 826 3294 esse
845 3234 1148 3291 formidant.
1182 3231 1413 3300 Propter
1438 3226 1584 3298 quod
1630 3223 1907 3296 apostolus
1949 3222 2145 3278 Paulus

568 3331 725 3386 ﬁdem
751 3343 868 3399 quae
893 3341 987 3397 per
1009 3322 1348 3379 dilectionem
1378 3327 1656 3388 operatur,
1701 3314 1966 3387 approbat
1989 3323 2148 3384 atque

567 3419 907 3477 commendat
932 3414 1140 3488 (Galat.
1165 3428 1223 3482 v,
1254 3411 1336 3485 6),
1368 3426 1488 3483 quae
1528 3410 1711 3479 utique
1751 3408 1868 3463 sine
1906 3420 2001 3477 spe
2041 3421 2147 3461 non

575 3521 749 3583 potest
773 3523 912 3565 esse.
931 3504 1165 3563 Proinde
1198 3518 1298 3560 nec
1323 3516 1476 3557 amor
1506 3500 1623 3556 sine
1650 3513 1746 3570 spe
1768 3508 1871 3566 est,
1895 3511 1995 3554 nec
2034 3498 2150 3551 sine

575 3618 759 3661 amore
784 3616 937 3671 spes,
955 3612 1058 3655 nec
1084 3607 1370 3665 utrumque
1395 3596 1513 3649 sine
1541 3591 1666 3647 (ide.

642 3692 867 3751 CAPUT
898 3690 1066 3748 lX.——
1091 3690 1144 3744 5.
1175 3686 1310 3755 Quid
1339 3683 1665 3747 credendum,
1698 3690 1892 3736 servato
1921 3678 2150 3752 Symboli
2201 3688 2211 3698 '

578 3786 773 3848 ordine,
805 3783 1038 3852 deinceps
1065 3779 1367 3848 explicatur.
1398 3773 1517 3828 Non
1542 3789 1668 3843 apus
1706 3787 1809 3825 esse
1830 3771 2028 3824 curiosa
2065 3770 2150 3823 in-

570 3878 840 3949 quisitione
864 3889 1032 3929 rerum
1060 3868 1394 3925 naturalium.
1413 3865 1699 3921 Christiano
1730 3862 1951 3933 suﬁicere
1974 3861 2018 3916 si
2044 3877 2152 3915 cre-

571 3972 658 4025 dat
684 3987 713 4021 a
737 3982 926 4022 summe
964 3965 1094 4018 bona
1114 3954 1364 4016 Trinitate
1402 3959 1573 4013 omnia
1619 3965 1787 4010 creata
1813 3966 1919 4009 esse
1939 3995 1954 4021 ,
2001 3969 2154 4022 eaque

572 4063 721 4115 bona.
767 4059 900 4113 Cum
947 4069 1074 4124 ergo
1118 4052 1379 4123 qumritur
1412 4048 1539 4120 quid
1559 4046 1888 4103 credendum
1920 4043 2152 4115 sitquod

575 4152 640 4206 ad
664 4150 972 4219 religionem
1014 4145 1301 4215 pertineat,
1363 4156 1468 4195 non
1516 4154 1691 4193 rerum
1735 4148 1922 4191 natura
1971 4136 2038 4189 ita
2075 4135 2151 4189 ri-

566 4241 765 4296 rmanda
799 4248 881 4293 est
913 4277 928 4301 ,
976 4232 1426 4305 quemadmodum
1470 4230 1539 4284 ab
1584 4232 1663 4284 eis
1716 4244 1849 4299 quos
1904 4227 2154 4300 physicos

563 4334 983 4388 (lrreei’vocant:
1013 4341 1113 4382 nec
1142 4323 1486 4380 metuendum
1515 4330 1597 4376 est
1625 4320 1667 4387 ⁸,
1704 4337 1768 4375 ne
1790 4320 1988 4390 aliquid
2014 4320 2079 4375 de
2102 4321 2151 4375 vi

569 4436 626 4479 et
656 4435 878 4478 numero
905 4419 1314 4481 elementorum,
1342 4414 1411 4468 de
1462 4422 1609 4468 motu
1659 4422 1818 4482 atque
1864 4412 2051 4466 ordine
2100 4421 2156 4467 et

572 4512 868 4568 defectibus
899 4509 1155 4574 siderum,
1181 4506 1248 4562 de
1276 4506 1439 4576 ﬁgura
1462 4504 1607 4569 caeli,
1654 4504 1723 4559 de
1776 4504 2059 4574 generibus
2102 4513 2155 4558 et

574 4605 775 4660 naturis
795 4600 1126 4665 animalium,
1170 4598 1455 4662 ‘l'ruticum,
1489 4595 1747 4667 lapidum,
1772 4594 2019 4661 fontium,
2052 4594 2154 4649 llu-

577 4700 803 4766 minum,
828 4695 1109 4761 montium,
1139 4692 1209 4749 de
1234 4690 1420 4763 spatiis
1458 4690 1697 4746 locorum
1726 4698 1781 4744 et
1812 4698 2107 4757 temporum
2133 4729 2149 4755 ,

574 4793 643 4850 de
670 4791 837 4862 signis
866 4786 1251 4844 imminentium
1272 4789 1672 4853 tempestatum,
1703 4789 1756 4835 et
1775 4780 1878 4833 alia
1905 4788 2156 4835 sexcenta

576 4886 646 4940 de
670 4884 736 4939 iis
760 4881 921 4937 rebus
946 4892 1080 4950 quas
1122 4876 1197 4932 illi
1224 4874 1311 4931 vel
1342 4875 1662 4929 invenerunt
1688 4872 1769 4926 vel
1800 4872 2066 4926 invenisse
2098 4886 2157 4926 se

576 4974 900 5037 existimant,
933 4966 1254 5025 christianus
1284 4966 1530 5036 ignoret;
1554 4963 1678 5035 quia
1711 4977 1807 5016 nec
1850 4962 1947 5030 ipsi
1977 4963 2153 5015 omnia

579 5074 891 5137 repererunt
915 5072 1061 5118 tanto
1089 5059 1411 5116 excellentes
1449 5056 1662 5126 ingenio
1682 5097 1696 5117 ,
1729 5054 2013 5123 ﬂagrantes
2040 5064 2153 5107 stu-

578 5157 685 5222 dio,
708 5154 1039 5211 abundantes
1065 5150 1196 5217 otio,
1223 5158 1278 5205 et
1306 5147 1551 5219 quaedam
1584 5147 1814 5199 humana
1853 5144 2156 5212 conjectura

582 5248 979 5319 investigantes,
998 5243 1242 5316 quaedam
1264 5257 1392 5297 vero
1410 5239 1667 5297 historica
1686 5237 2008 5306 experientia
2034 5252 2151 5306 per-

582 5345 987 5402 serutantes,et
1022 5335 1075 5390 in
1122 5335 1204 5389 eis
1251 5349 1371 5404 qua:
1408 5347 1470 5389 se
1514 5331 1790 5386 invenisse
1839 5328 2159 5398 gloriantur,

587 5429 737 5496 plura
766 5426 1045 5496 opinantes
1071 5424 1247 5493 potius
1271 5438 1429 5492 quam
1462 5421 1711 5477 scientes.
1740 5419 1880 5474 Satis
1917 5429 1996 5472 est
2018 5418 2159 5473 chri-

647 5628 662 5657 ι
692 5622 855 5672 rlures
877 5627 1002 5679 Mss,
1022 5617 1359 5681 distingwfnda
1375 5615 1618 5681 eratﬁdes
1639 5616 1699 5666 ab
1719 5627 1819 5681 spe.

646 5689 666 5717 .
690 5695 895 5743 Qum..-
914 5742 925 5751 .
1107 5676 1354 5751 ειιξιιριίςας
1527 5691 1582 5751 qc
1608 5676 1820 5751 regule;
1843 5676 1972 5751 M306
2000 5684 2163 5751 “$9.-

584 5738 761 5796 stinuin
781 5742 957 5806 negula
981 5738 1091 5791 ﬁdei
1114 5741 1241 5806 solet
1260 5741 1351 5806 dici
1373 5738 1867 5806 Symbolumfutinl‘ra
1892 5740 1941 5787 in
1958 5738 2156 5801 cap.56.

649 5811 667 5840 ³
690 5812 760 5856 sic
791 5798 1022 5855 meliores
1037 5809 1142 5852 uss.
1168 5802 1286 5850 Editi
1309 5798 1443 5859 vero,
1466 5798 1748 5849 absurdum.

648 5876 666 5900 ⁸
692 5873 770 5918 Hic
791 5868 916 5931 apud
941 5877 1042 5931 am.
1075 5871 1149 5931 F._r.
1175 5870 1281 5913 Lov.
1308 5873 1359 5912 ct
1390 5861 1736 5931 armadditur,
1759 5861 2160 5931 quartadmodimt

585 5931 645 5979 ab
667 5922 843 5982 eisdem
873 5942 889 5979 :
914 5927 1040 5991 quod
1063 5926 1302 5990 glossema
1325 5937 1419 5975 non
1441 5924 1625 5973 habent
1646 5930 1846 5971 veteres
1865 5922 1990 5971 libri.

3679 458 3788 513 236

2216 570 2386 622 stiano
2418 587 2593 625 rerum
2621 582 2920 627 creatarnm
2950 587 3163 627 causam
3181 612 3197 635 .
3221 572 3331 626 sive
3357 569 3657 626 ctelestiutu
3679 570 3797 623 sive

2220 664 2547 717 terrestrium
2573 705 2588 729 ,
2620 665 2736 720 sive
2777 665 3064 720 visibilium
3109 665 3221 720 sive
3266 664 3645 731 invisibilium,
3690 678 3798 717 non

2220 753 2319 806 nisi
2346 753 2632 810 bonitatem
2660 756 2881 812 credere
2909 756 3181 813 Creatoris
3200 798 3214 824 ,
3262 757 3351 827 qui
3381 765 3463 812 est
3490 756 3634 811 Deus
3664 771 3804 809 unus

2218 855 2272 899 et
2297 860 2484 911 verus;
2517 847 2823 918 nullamque
2850 864 2970 903 esse
2995 857 3241 903 naturam
3266 863 3384 919 qua:
3414 864 3521 901 non
3569 855 3659 900 aut
3688 846 3802 915 ipse

2220 936 2309 1003 sit,
2335 947 2424 991 aut
2446 937 2511 992 ab
2550 938 2665 1007 ipso
2694 956 2707 992 :
2736 956 2964 1010 eumque
3015 956 3136 995 esse
3188 939 3501 995 Trinitatem
3528 980 3545 1005 ,
3588 938 3804 993 Patrem

2219 1026 2442 1093 scilicet,
2470 1036 2525 1083 et
2552 1027 2742 1083 Filium
2765 1046 2793 1083 a
2820 1030 2976 1085 Patre
2998 1031 3257 1100 genitum,
3286 1040 3341 1085 et
3378 1028 3634 1100 Spiritum
3676 1043 3803 1081 san-

2221 1125 2363 1173 ctum
2382 1118 2450 1174 ab
2477 1119 2663 1176 eodem
2690 1120 2846 1175 Patre
2876 1121 3251 1190 procedentem
3286 1122 3325 1190 ¹,
3346 1120 3442 1176 sed
3462 1136 3623 1175 unum
3653 1135 3808 1175 eum-

2223 1209 2451 1282 demque
2479 1212 2732 1285 Spiritum
2757 1212 2929 1268 Patris
2949 1223 3001 1267 et
3020 1213 3164 1269 Filii.

2295 1302 2521 1360 CAPUT
2546 1303 2615 1358 X.
2641 1334 2713 1345 —
2739 1302 2925 1359 Contra
2955 1304 3354 1359 Manichaeorum
3375 1304 3605 1359 Imesim
3625 1302 3688 1357 de
3706 1304 3811 1358 ori-

2226 1393 2342 1464 gine
2368 1395 2510 1449 ntali.
2542 1394 2624 1450 Ab
2652 1395 2750 1450 hac
2772 1410 2979 1452 summe
2999 1397 3019 1427 ¹
3050 1406 3101 1450 et
3122 1398 3396 1466 .equaliter
3420 1405 3474 1450 et
3502 1396 3812 1450 immutabi-

2230 1483 2352 1539 liter
2378 1484 2516 1539 bona
2539 1485 2796 1540 Trinitate
2821 1496 2995 1541 creata
3019 1494 3136 1539 sunt
3164 1487 3361 1550 omnia,
3380 1496 3433 1540 et
3453 1500 3550 1541 nec
3566 1500 3776 1541 summe
3793 1526 3810 1551 ,

2231 1590 2331 1631 nec
2367 1577 2676 1647 :equaliter,
2725 1592 2824 1633 nec
2866 1578 3267 1632 intlnntahilitcr
3306 1579 3478 1646 bona,
3509 1578 3603 1632 sed
3632 1587 3811 1632 tamen

2233 1667 2371 1723 bona
2411 1668 2569 1723 etiam
2601 1670 2809 1739 singula
2841 1688 2854 1725 :
2884 1671 3041 1726 simul
3070 1688 3196 1728 vero
3226 1673 3467 1727 universa
3497 1671 3649 1726 valde
3676 1672 3812 1725 bona

2234 1759 2387 1831 (Gen.
2411 1776 2456 1826 ι,
2497 1760 2587 1835 ’51)
2612 1780 2627 1827 ;
2658 1764 2780 1833 quia
2810 1780 2871 1818 ex
2905 1766 3154 1819 omnibus
3179 1764 3425 1820 consistit
3451 1763 3815 1818 universitatis

2234 1851 2558 1907 admirabilis
2590 1853 2947 1922 pulchritudo.

2305 1944 2531 2002 CAPUT
2575 1946 2663 2002 XI.
2691 1978 2763 1988 —-
2808 1947 2950 2003 Mala
2988 1966 3080 2004 cur
3119 1967 3225 2005 esse
3259 1951 3391 2006 sinat
3421 1948 3582 2005 Deus.
3613 1949 3817 2003 Malum

2237 2034 2365 2088 nihil
2401 2035 2545 2089 aliud
2584 2038 2683 2091 nisi
2717 2040 2929 2107 privatio
2956 2040 3093 2094 boni.
3123 2039 3176 2093 ln
3203 2055 3305 2112 qua
3329 2041 3487 2096 etiam
3520 2040 3647 2095 illud
3677 2041 3818 2110 quod

2237 2128 2434 2183 malum
2462 2127 2656 2183 dicitur
2673 2171 2689 2196 ,
2716 2128 2852 2186 bene
2885 2131 3183 2186 ordinatum
3211 2141 3263 2186 et
3290 2132 3407 2187 loco
3432 2146 3530 2186 suo
3553 2131 3783 2202 positum
3802 2172 3818 2193 ,

2239 2219 2561 2274 eminentius
2608 2221 2945 2276 commendat
2988 2221 3158 2289 bona,
3206 2232 3265 2277 ut
3306 2224 3473 2294 magis
3503 2224 3745 2291 placeant
3770 2232 3822 2278 et

2243 2309 2591 2366 laudabiliora
2652 2313 2761 2368 sint
2815 2313 2940 2369 dum
2993 2323 3370 2384 comparantur
3420 2316 3592 2371 malis.
3643 2315 3825 2386 Neque

2240 2403 2382 2458 enim
2423 2403 2563 2458 Deus
2602 2405 2970 2475 omnipotens,
3012 2406 3152 2476 quod
3182 2404 3341 2460 etiam
3374 2406 3616 2461 inﬁdeles
3648 2406 3825 2461 faten-

2245 2506 2348 2563 tur,
2386 2511 2568 2551 rerum
2596 2495 2681 2552 cui
2709 2511 2913 2552 summa
2941 2506 3178 2568 potestas
3209 2497 3450 2571 (Virgil.,
3484 2498 3701 2553 zEneid.
3733 2501 3821 2553 lib.

2243 2586 2332 2652 10,
2374 2587 2411 2658 Ῡ
2435 2626 2449 2640 .
2484 2585 2641 2660 100),
2667 2602 2785 2643 cum
2816 2602 3024 2643 summe
3057 2588 3227 2643 bonus
3255 2589 3345 2655 sit,
3369 2589 3475 2643 ullo
3504 2589 3666 2644 modo
3690 2590 3829 2644 sinc-

2246 2685 2327 2732 ret
2368 2678 2493 2733 mali
2538 2677 2736 2749 aliquid
2780 2693 2901 2733 esse
2948 2679 3001 2733 in
3040 2679 3292 2750 operibus
3329 2680 3477 2745 suis,
3522 2681 3623 2735 nisi
3663 2697 3828 2750 usque

2244 2768 2379 2824 adeo
2418 2778 2561 2825 esset
2597 2770 2936 2841 omnipotens
2973 2780 3028 2826 et
3060 2771 3234 2827 bonus
3257 2813 3272 2838 ,
3304 2780 3363 2827 ut
3389 2772 3527 2827 bene
3550 2772 3754 2827 faceret
3778 2783 3829 2828 et

2246 2860 2313 2916 de
2336 2863 2475 2917 malo
2498 2861 2539 2916 ³.
2567 2861 2704 2932 Quid
2733 2871 2816 2917 est
2844 2870 3020 2917 autem
3046 2862 3188 2917 aliud
3213 2863 3354 2933 quod
3384 2863 3578 2917 malum
3601 2862 3828 2929 dicitur,

2250 2953 2352 3008 nisi
2397 2954 2620 3023 privatio
2662 2953 2830 3010 boni?
2858 2953 2991 3009 Nam
3020 2956 3157 3009 sicut
3186 2954 3499 3026 corporibus
3524 2955 3830 3009 animalium

2250 3045 2381 3100 nihil
2423 3056 2517 3123 est
2531 3045 2675 3102 aliud
2703 3047 2903 3104 morbis
2931 3055 2988 3103 et
3013 3047 3321 3102 vulneribus
3343 3048 3522 3115 allici,
3552 3064 3715 3119 quam
3746 3065 3832 3104 sa-

2252 3139 2416 3194 nitate
2454 3139 2654 3212 privari
2701 3138 2893 3211 (neque
2922 3139 3064 3194 enim
3097 3138 3149 3194 id
3175 3140 3347 3209 agitur
3366 3180 3380 3204 ,
3408 3155 3527 3195 cum
3553 3140 3833 3196 adhibetur

2252 3232 2491 3297 curatio,
2543 3238 2600 3285 ut
2640 3231 2777 3285 mala
2806 3231 2903 3285 ista
2934 3246 3052 3303 qua:
3081 3233 3322 3296 inerant,
3349 3232 3401 3287 id
3428 3241 3508 3287 est
3528 3273 3545 3299 ,
3577 3234 3753 3288 morbi
3775 3248 3835 3289 ac

2252 3322 2471 3377 vulnera
2518 3321 2773 3377 recedant
2815 3321 2973 3385 hinc.
3020 3332 3074 3378 et
3112 3323 3237 3378 alibi
3268 3324 3413 3388 sint;
3448 3323 3542 3378 sed
3574 3324 3758 3392 utique
3783 3334 3834 3379 ut

2253 3428 2359 3470 non
2382 3414 2507 3467 sint.
2533 3412 2648 3468 Non
2680 3414 2822 3469 enim
2850 3415 2957 3469 ulla
2988 3414 3305 3479 substantia,
3332 3413 3425 3469 sed
3454 3415 3683 3469 carnalis
3713 3416 3831 3469 sub-

2252 3505 2463 3559 stantia:
2499 3504 2685 3560 vitium
2724 3514 2807 3560 est
2836 3506 3032 3560 vulnus
3059 3515 3151 3561 aut
3174 3507 3394 3560 morbus
3425 3522 3439 3558 :
3467 3522 3587 3560 eum
3616 3522 3744 3562 caro
3772 3508 3832 3561 sit

2254 3596 2366 3668 ipsa
2410 3596 2707 3653 substantia
2728 3637 2745 3665 ,
2790 3596 3029 3667 profecto
3058 3598 3270 3669 aliquod
3302 3598 3497 3653 bonum
3526 3598 3548 3630 ⁸
3576 3600 3663 3653 cui
3696 3602 3828 3656 acci-

2254 3687 2388 3743 dunt
2410 3688 2509 3743 ista
2527 3688 2663 3742 mala
2684 3729 2701 3756 ,
2729 3686 2782 3743 id
2808 3696 2890 3743 cst
2914 3689 3240 3760 privationes
3261 3688 3377 3760 ejus
3402 3689 3526 3745 boni
3547 3691 3690 3761 quod
3713 3693 3841 3746 dicL

2255 3787 2339 3835 tur
2363 3778 2581 3851 sanitas)
2609 3796 2624 3847 ;
2652 3779 2722 3835 ita
2751 3787 2806 3835 et
2826 3780 3126 3835 animorum
3153 3794 3500 3851 quaecumque
3525 3791 3653 3836 sunt
3680 3783 3835 3847 vitia,

2256 3872 2576 3927 naturalium
2619 3880 2743 3927 sunt
2769 3872 3096 3944 privationes
3125 3872 3386 3928 bonorum
3416 3890 3431 3927 :
3458 3889 3575 3943 qua:
3600 3888 3725 3928 cum
3754 3891 3837 3928 sa-

2256 3974 2469 4029 nantur,
2486 3978 2590 4018 non
2612 3963 2786 4033 aliquo
2804 3962 3222 4029 transferuntur;
3241 3962 3337 4018 sed
3353 3978 3412 4018 ea
3432 3979 3549 4033 qua:
3573 3964 3645 4019 ibi
3664 3976 3837 4029 erant,

2257 4069 2517 4124 nusquam
2556 4063 2749 4120 erunt,
2791 4052 3003 4124 quando
3047 4052 3101 4109 in
3132 4054 3219 4108 illa
3252 4053 3478 4109 sanitate
3506 4070 3612 4109 non
3657 4068 3838 4112 erunt.

2326 4143 2552 4201 CAPUT
2599 4143 2714 4200 XII.
2744 4173 2816 4185 —
2843 4145 2896 4199 4.
2920 4141 3175 4200 Creaturte
3201 4161 3369 4200 omnes
3398 4143 3573 4211 (tome,
3607 4148 3698 4200 sed
3726 4150 3838 4218 quia

2257 4254 2357 4291 non
2409 4252 2602 4290 summe
2644 4235 2820 4301 bonae,
2848 4235 2960 4291 ideo
3000 4234 3367 4307 corruptibiles.
3419 4235 3630 4292 Natura:
3683 4238 3840 4308 igitur

2257 4342 2443 4383 omnes
2467 4367 2483 4393 ,
2528 4327 2775 4396 quoniam
2802 4334 3107 4380 naturarum
3135 4340 3351 4395 prorsus
3378 4327 3614 4381 omnium
3641 4328 3839 4383 Condi-

2258 4430 2341 4475 tor
2366 4434 2573 4475 summe
2600 4419 2770 4474 bonus
2794 4426 2908 4485 est,
2940 4417 3091 4473 bona:
3113 4427 3238 4473 sunt
3267 4435 3280 4470 :
3310 4417 3403 4472 sed
3424 4419 3543 4490 quia
3572 4435 3678 4474 non
3704 4420 3840 4475 sicut

2257 4528 2441 4569 earum
2467 4511 2721 4567 Conditor
2745 4525 2951 4567 summe
2971 4521 3129 4581 atque
3153 4510 3657 4567 iucommutabiliter
3683 4514 3838 4567 bona:

2258 4612 2419 4671 sunt,
2469 4602 2589 4658 ideo
2632 4602 2684 4657 in
2723 4602 2801 4657 eis
2837 4611 2892 4657 et
2928 4602 3095 4656 minui
3124 4602 3323 4658 bonum
3351 4612 3404 4658 et
3432 4606 3613 4674 augeri
3640 4617 3835 4676 potest.

2258 4694 2363 4751 Sed
2404 4695 2602 4749 bonum
2624 4694 2645 4725 ⁸
2675 4693 2838 4748 minui
2867 4693 3064 4749 malum
3093 4704 3214 4762 est;
3244 4696 3487 4766 quamvis
3510 4738 3524 4761 ,
3551 4710 3837 4767 quantum-

2259 4802 2487 4858 cumque
2532 4786 2831 4853 minuatur,
2880 4796 3155 4841 remaneat
3191 4786 3389 4857 aliquid
3418 4803 3637 4844 necesse
3662 4799 3746 4843 cst
3774 4790 3840 4861 (si

2258 4879 2433 4935 adhuc
2477 4887 2664 4932 natura
2706 4874 2811 4950 est)
2852 4876 2991 4931 unde
3034 4886 3221 4931 natura
3256 4878 3344 4932 sit.
3371 4877 3555 4948 Neque
3584 4880 3765 4945 enim,
3796 4882 3840 4935 si

2260 4972 2661 5042 qualiscumque
2705 4978 2759 5024 et
2797 4970 3277 5039 quantulacumque
3320 4980 3503 5024 natura
3544 4981 3668 5037 est,
3711 4988 3840 5027 con-

2261 5064 2397 5118 sumi
2441 5064 2640 5117 bonum
2688 5076 2792 5133 quo
2818 5061 2838 5091 ⁶
2875 5071 3059 5115 natura
3103 5070 3185 5115 est
3221 5101 3235 5125 ,
3283 5077 3383 5117 nrsr
3421 5072 3473 5115 et
3503 5063 3613 5132 ipsa
3642 5079 3841 5120 consu-

2328 5289 2340 5318 '
2370 5295 2469 5336 Duo
2488 5298 2549 5336 ex
2570 5284 2803 5334 Vaticanis
2825 5291 2951 5341 Mss,
2971 5287 3016 5332 et
3041 5280 3161 5331 tilio
3184 5281 3531 5344 procedentem.

2326 5351 2345 5380 ⁸
2368 5356 2475 5413 Lov.
2504 5356 2556 5413 et
2579 5356 2708 5406 Arn.,
2726 5357 2933 5413 summa.
2960 5345 3130 5413 Aptius.
3146 5342 3261 5393 editi
3283 5342 3365 5392 alii
3405 5352 3457 5393 et
3488 5352 3619 5406 3135.,
3643 5359 3843 5398 sumne.

2265 5417 2315 5460 Et
2336 5412 2406 5461 sic
2430 5411 2476 5458 in
2506 5411 2521 5458 l
2553 5415 2683 5456 Sent.
2707 5408 2756 5456 d.
2782 5408 2857 5463 46,
2884 5419 2927 5454 c.
2955 5413 3030 5455 Est
3053 5408 3196 5454 enim.

2329 5474 2347 5504 ³
2370 5471 2500 5533 Apud
2519 5480 2617 5533 am.
2634 5474 2715 5533 _Er.
2745 5475 2797 5517 et
2836 5468 2993 5533 Lamb.
3019 5476 3129 5533 Dan.
3152 5465 3339 5533 additur
3362 5467 3453 5533 hoc
3476 5466 3612 5516 loco:
3635 5470 3848 5533 Bellona

2262 5528 2447 5583 natura:
2458 5528 2880 5591 vitiatoipseVDeus
2909 5531 3023 5579 bene
3033 5528 3482 5591 [acinriformando
3504 5538 3583 5591 aut
3608 5531 3847 5591 puniendo

2264 5595 2506 5654 vitiatum;
2544 5604 2603 5642 ac
2624 5605 2709 5655 per
2728 5590 2815 5640 hoc
2825 5604 2939 5655 ergo
2962 5587 3143 5655 malum
3164 5587 3250 5640 nec
3274 5591 3438 5640 vitium
3456 5590 3567 5650 erit,
3592 5587 3707 5654 auia
3730 5593 3843 5644 nihil

2266 5665 2331 5708 est
2355 5671 2465 5705 cum
2486 5654 2760 5706 evacuatur.
2780 5654 2997 5715 Ineptum
3019 5654 3276 5715 glossema.
3836 5694 3839 5695 ,

2326 5724 2347 5749 ι
2372 5720 2504 5775 Editi,
2530 5718 2698 5765 bonum
2731 5722 2817 5765 est.
2844 5717 3068 5772 Verbum,
3097 5720 3181 5776 est.
3212 5727 3290 5776 exi
3308 5715 3536 5764 unximus
3558 5719 3847 5766 auctoritate

2264 5774 2690 5841 utamtscriptorum
2714 5778 2920 5841 plurium
2944 5784 2996 5841 et
3019 5774 3289 5841 meliorum.

2326 5845 2345 5875 ⁵
2374 5837 2727 5889 Vetustissimos
2749 5840 2873 5888 liber
2894 5837 3211 5894 Colbertinus,
3234 5837 3367 5888 bona.

2328 5903 2349 5933 ⁸
2375 5910 2437 5951 tta
2463 5914 2586 5950 unus
2610 5914 2671 5949 ex
2698 5901 2947 5951 Vaticanis.
2974 5907 3027 5951 At
3049 5906 3154 5949 Mss.
3181 5900 3259 5948 alii
3286 5906 3335 5949 et
3360 5898 3496 5958 editi,
3522 5907 3668 5960 quau.
