4072 6512
451 546 558 603 239

454 664 524 715 ad
569 654 875 725 felicitatem.
925 646 1057 714 Quae
1096 654 1219 697 cum
1256 636 1329 692 ita
1368 634 1508 698 sint,
1535 626 1747 700 quando
1767 622 1922 679 nobis
1942 620 2049 675 Ma-

458 764 603 807 I'OIIIS
632 744 721 800 ille
747 751 933 794 versus
959 734 1175 805 placet,

583 854 716 906 Felix
740 852 825 916 qui
845 846 1003 914 Ροῑιιίι
1022 854 1190 894 ι’θωω
1206 838 1713 962 ωῆἓὲξξξῗῆίῗξθξξ
1735 887 1871 952 490.)

466 1039 570 1079 non
600 1016 757 1075 nobis
782 1012 1030 1070 videatur
1055 1006 1123 1062 ad
1152 1003 1459 1060 felicitatem
1482 991 1911 1064 consequendam
1935 1002 2058 1059 per-

464 1120 637 1171 tinere
660 1155 675 1179 ,
705 1110 751 1165 si
773 1107 1005 1163 sciamus
1026 1112 1215 1156 causas
1236 1105 1549 1164 magnarum
1571 1090 1625 1143 in
1646 1084 1846 1141 mundo
1867 1094 2058 1151 corpo-

465 1175 671 1265 raliunr
697 1203 995 1260 motionum
1021 1239 1036 1265 ,
1078 1208 1198 1267 qua:
1235 1183 1583 1246 abditissimis
1616 1188 1822 1236 natura:
1855 1175 2060 1233 sinibus

468 1300 789 1375 occuluntur
817 1311 833 1361 ;

596 1410 728 1461 unde
751 1416 936 1459 tremor
958 1402 1125 1461 terris,
1155 1409 1252 1461 qua
1269 1395 1318 1446 vi
1334 1392 1484 1468 maria
1616 1386 1905 1468 ξιξιξξξξςξξυι,

596 1445 1028 1535 BBﬁEiB'uéiﬁbu‘é,
1055 1445 1327 1535 rursusque
1350 1457 1407 1535 in
1420 1445 1854 1535 seli‘psa‘ge‘sidant.

1150 1510 1331 1587 (ibid,
1352 1530 1426 1568 vv.
1455 1510 1567 1575 479.
1590 1510 1724 1571 480.)

473 1651 528 1696 et
558 1648 753 1693 caetera
790 1626 1099 1702 huiusmodi
1140 1642 1155 1679 :
1198 1621 1295 1679 sed
1329 1621 1588 1675 bonarum
1614 1622 1669 1668 et
1692 1608 1955 1666 malarum
1982 1618 2069 1659 re—

476 1746 596 1787 rum
625 1742 812 1783 causas
839 1738 997 1779 nosse
1020 1718 1279 1775 debemus
1303 1755 1318 1780 ,
1342 1722 1397 1767 et
1426 1710 1477 1764 id
1499 1708 1776 1768 hactenus,
1804 1708 2069 1771 quatenus

478 1837 571 1879 eas
612 1817 816 1875 homini
845 1816 896 1870 in
924 1814 1026 1868 hac
1049 1810 1155 1866 vita
1183 1804 1456 1864 erroribus
1480 1797 1840 1864 :erumnisque
1869 1788 2070 1861 plenis-

479 1917 635 1977 sima,
666 1911 734 1967 ad
756 1908 974 1965 eosdem
996 1916 1209 1961 errores
1229 1906 1284 1954 et
1304 1908 1567 1953 aerumnas
1588 1886 1893 1947 evadendas
1915 1896 2074 1938 nosse

481 2004 812 2062 conceditur.
858 2000 940 2055 Ad
980 1998 1125 2052 illam
1168 1993 1365 2065 quippe
1406 1987 1711 2043 felicitatem
1749 1977 2072 2037 tendendum

483 2109 597 2163 est,
629 2096 721 2151 ubi
749 2094 893 2149 nulla
920 2089 1222 2162 quatiamur
1244 2096 1481 2139 {erumna
1502 2120 1518 2145 ,
1540 2078 1685 2132 nullo
1709 2088 1892 2131 errore
1920 2070 2074 2125 falla-

483 2162 625 2245 mur.
651 2187 783 2242 Nam
806 2185 851 2240 si
875 2197 1052 2239 causa:
1080 2175 1440 2248 corporalium
1470 2172 1763 2226 motionum
1790 2162 2076 2221 noscenda:

485 2281 641 2337 nobis
660 2286 841 2334 essent
860 2316 876 2343 ,
904 2273 1078 2330 nullas
1099 2268 1268 2340 magis
1287 2279 1448 2322 nosse
1468 2277 1627 2334 quam
1651 2270 1848 2316 nostra:
1868 2256 2077 2311 valetu-

486 2374 626 2429 dinis
667 2370 1003 2427 deberemus.
1048 2363 1182 2419 Cum
1218 2372 1348 2415 vero
1386 2356 1465 2411 eis
1503 2352 1758 2424 ignoratis
1783 2391 1797 2415 ,
1840 2346 2079 2404 medicos

486 2465 808 2535 quaerimus,
854 2459 975 2528 quis
1015 2469 1123 2510 non
1162 2451 1339 2506 videat
1372 2448 1512 2519 quod
1539 2447 1606 2501 de
1630 2444 1852 2499 secretis
1878 2441 2000 2497 celi
2026 2446 2082 2495 et

489 2532 645 2609 terra:
671 2569 768 2607 nos
794 2551 922 2604 latet
941 2589 956 2615 ,
984 2553 1181 2617 quanta
1207 2543 1278 2597 sit
1302 2538 1558 2611 patientia
1583 2532 1971 2591 nesciendum?

558 2642 785 2700 CAPUT
826 2640 989 2696 XVII.
1028 2663 1101 2678 —-
1141 2633 1302 2689 Error
1336 2631 1458 2702 quid
1482 2630 1566 2683 sit.
1598 2626 1720 2682 Non
1745 2626 1909 2680 omnis
1937 2638 2082 2678 error

488 2738 692 2792 noxius.
738 2731 1005 2805 Augustini
1044 2744 1186 2784 error
1231 2725 1356 2795 felix
1381 2723 1434 2777 in
1462 2721 1609 2776 bivio.
1640 2718 1894 2788 Quamvis
1936 2716 2081 2772 enim

489 2848 640 2887 error
668 2837 863 2900 quanta
893 2835 1175 2896 possumus
1199 2833 1324 2874 cura
1351 2813 1622 2872 cavendus
1649 2814 1753 2879 sit,
1776 2826 1883 2866 non
1906 2808 2082 2864 solum

490 2922 543 2975 in
584 2918 875 2988 majoribus
898 2956 915 2983 ,
942 2927 1125 2969 verum
1152 2910 1315 2965 etiam
1341 2908 1395 2961 in
1426 2904 1725 2960 minoribus
1752 2904 1916 2958 rebus
1940 2942 1955 2967 ,
1980 2915 2082 2955 nec

490 3013 596 3067 nisi
636 3023 814 3064 rerum
856 3004 1153 3076 ignorantia
1196 2999 1365 3070 possit
1403 2997 1612 3061 errari;
1658 3010 1763 3050 non
1794 3001 1877 3050 est
1905 3002 2084 3047 tamen

491 3113 828 3171 consequens
854 3106 915 3151 ut
940 3096 1195 3151 continuo
1221 3100 1367 3147 erret
1389 3089 1630 3160 quisquis
1656 3086 1854 3157 aliquid
1875 3084 2083 3147 nescit,

493 3195 589 3253 sed
620 3192 860 3264 quisquis
885 3203 944 3243 se
969 3187 1239 3244 existimat
1264 3183 1402 3238 scire
1425 3180 1567 3252 quod
1593 3180 1766 3236 nescit
1797 3196 1810 3233 :
1840 3192 1939 3250 pro
1958 3192 2086 3233 vero

492 3287 691 3355 quippe
728 3280 989 3352 approbat
1024 3277 1214 3332 falsum
1240 3316 1255 3340 ,
1285 3274 1425 3345 quod
1449 3283 1533 3329 est
1557 3272 1757 3328 erroris
1787 3270 2084 3340 proprium.

493 3378 876 3433 Verumtamen
915 3372 968 3425 in
997 3384 1102 3441 qua
1128 3383 1186 3423 re
1215 3367 1440 3438 quisque
1468 3372 1645 3429 erret,
1676 3364 1899 3418 interest
1924 3360 2089 3431 pluri-

494 3482 663 3522 mum.
707 3463 839 3519 Nam
881 3463 935 3516 in
972 3476 1073 3516 una
1100 3458 1394 3527 eademque
1424 3472 1483 3511 re
1509 3465 1563 3512 et
1586 3454 1848 3510 nescienti
1873 3453 2050 3509 sciens
2071 3493 2086 3517 ,

495 3568 553 3615 et
590 3555 790 3613 erranti
834 3568 939 3609 non
981 3565 1167 3607 errans
1192 3591 1205 3615 ,
1252 3556 1395 3603 recta
1424 3548 1630 3601 ratione
1658 3545 2002 3615 praeponitur.
2030 3542 2087 3597 In

496 3651 721 3706 diversis
750 3657 926 3702 autem
949 3645 1110 3700 rebus
1133 3684 1148 3710 ,
1176 3642 1229 3697 id
1255 3650 1371 3707 est,
1400 3654 1521 3695 cum
1547 3639 1646 3694 iste
1675 3639 1807 3692 sciat
1831 3637 1933 3690 alia
1954 3677 1970 3704 ,
2002 3637 2091 3692 ille

500 3741 606 3795 alia
631 3757 645 3807 ;
686 3748 740 3794 et
768 3738 869 3793 iste
892 3736 1134 3800 utiliora,
1169 3734 1257 3788 ille
1283 3734 1457 3786 minus
1483 3729 1629 3784 utilia
1648 3770 1662 3794 ,
1695 3729 1780 3784 vel
1806 3729 1966 3785 etiam
1995 3742 2090 3783 no—

500 3834 584 3889 xia
612 3851 625 3887 :
654 3834 773 3901 quis
793 3843 899 3883 non
924 3828 975 3881 in
1002 3826 1081 3881 eis
1101 3841 1219 3896 qum.
1246 3824 1332 3879 ille
1353 3823 1486 3887 scit,
1512 3822 1561 3877 ei
1584 3820 1832 3891 praeferat
1848 3820 2093 3876 nescien-

497 3925 649 3981 tem?
690 3925 826 3980 Sunt
858 3922 998 3977 enim
1032 3918 1273 3991 quzedam
1305 3932 1423 3987 qua:
1448 3916 1656 3971 nescire
1682 3931 1839 3986 quam
1863 3918 2002 3973 scire
2023 3918 2092 3972 sit

496 4018 710 4072 melius.
760 4014 997 4081 Itemque
1040 4010 1310 4065 nonnullis
1337 4022 1516 4062 errare
1543 4006 1741 4078 profuit
1767 4007 2053 4078 aliquando
2074 4050 2088 4075 ,

498 4108 594 4162 sed
623 4106 779 4160 invia
798 4103 991 4174 pedum
1012 4143 1026 4165 ,
1056 4116 1163 4155 non
1189 4101 1240 4153 in
1264 4099 1346 4151 via
1375 4113 1604 4152 morum.
1629 4097 1763 4152 Nam
1785 4099 1940 4153 nobis
1964 4100 2093 4167 ipsis

498 4196 693 4253 accidit
718 4203 774 4248 ut
799 4195 849 4247 in
877 4191 1106 4263 quodam
1134 4189 1276 4244 bivio
1306 4188 1611 4243 falleremur
1632 4227 1648 4253 ,
1679 4199 1733 4243 et
1758 4204 1863 4242 non
1892 4189 2094 4245 iremus

499 4303 597 4357 per
627 4300 746 4339 cum
775 4283 948 4337 locum
981 4280 1069 4336 ubi
1096 4279 1379 4350 opperiens
1408 4279 1687 4332 transitum
1719 4286 1959 4333 nostrum
1987 4282 2091 4335 Do-

501 4377 814 4432 natistarum
856 4386 1043 4426 manus
1080 4378 1282 4424 armata
1325 4368 1637 4424 subsederat
1674 4368 1750 4441 (ιι)
1782 4387 1795 4424 :
1825 4378 1983 4442 atque
2024 4374 2094 4428 ita

502 4470 698 4524 factum
725 4476 807 4521 est
835 4476 888 4520 ut
912 4480 976 4519 co
1004 4480 1106 4534 quo
1131 4462 1478 4517 tendebamus
1503 4504 1518 4526 ,
1548 4476 1644 4532 per
1662 4461 1877 4518 devium
1905 4466 2096 4519 circui-

503 4573 617 4615 tum
638 4559 945 4613 veniremus
970 4571 984 4620 ;
1009 4553 1343 4625 cognitisque
1365 4552 1571 4607 insidiis
1592 4553 1803 4607 illorum
1820 4596 1835 4620 ,
1862 4569 1957 4609 nos
1976 4570 2097 4623 gra-

502 4656 796 4709 tularemur
821 4663 1029 4704 errasse
1048 4689 1062 4712 ,
1094 4657 1253 4718 atque
1281 4645 1403 4701 inde
1429 4646 1625 4716 gratias
1654 4662 1933 4718 ageremus
1963 4649 2092 4703 Deo.

501 4746 633 4815 Quis
676 4759 803 4812 ergo
843 4742 1099 4796 viatorem
1141 4739 1218 4794 sic
1256 4749 1524 4793 errantem
1564 4739 1640 4794 sic
1665 4756 1768 4794 non
1797 4742 1994 4795 erranti
2023 4742 2097 4794 la-

503 4836 640 4889 troni
686 4848 1000 4904 prmponere
1042 4829 1409 4884 dubitaverit?
1451 4830 1517 4883 Et
1555 4830 1781 4886 fortasse
1812 4831 1930 4888 ideo
1956 4835 2094 4903 apud

504 4930 650 4981 illam
677 4940 944 4980 summum
970 4932 1180 4994 poetam
1206 4921 1431 4992 loquens
1451 4922 1663 4992 quidam
1688 4924 1851 4978 miser
1868 4937 2093 4990 amator,

596 5041 650 5084 t't
675 5032 768 5083 vidi
792 5030 1012 5096 (inquit),
1034 5036 1089 5081 ut
1110 5027 1253 5094 peril,
1278 5033 1333 5077 ut
1355 5040 1435 5078 me
1456 5027 1611 5077 malus
1631 5029 1827 5081 abstulit
1847 5035 2013 5083 error!

1275 5089 1473 5156 (Virgil.
1497 5090 1658 5156 Eclog.
1675 5092 1724 5153 8,
1745 5105 1787 5143 υ.
1809 5094 1912 5157 ll.)

1341 5104 1473 5153 trgtt.
1497 5104 1658 5153 Eetog.
1675 5104 1724 5153 δ,
1745 5105 1787 5143 υ.
1809 5104 1886 5143 41.

501 5201 750 5272 quoniam
772 5209 854 5254 est
877 5207 931 5254 et
949 5211 1102 5253 error
1127 5196 1321 5262 bonus,
1353 5197 1442 5267 qui
1472 5211 1575 5252 non
1619 5198 1791 5253 solum
1824 5200 1953 5256 nihil
1989 5203 2091 5257 ob-

505 5294 595 5357 sit,
627 5305 812 5344 verum
834 5289 993 5345 etiam
1026 5289 1195 5358 prosit
1222 5288 1442 5358 aliquid.
1471 5287 1576 5345 Sed
1607 5288 1916 5361 diligentius
1963 5310 2093 5349 con-

506 5383 737 5435 siderata
765 5379 1010 5446 veritate,
1034 5394 1155 5434 cum
1196 5380 1340 5435 aliud
1391 5380 1523 5436 nihil
1566 5382 1636 5437 sit
1679 5398 1885 5451 errare,
1932 5402 2092 5456 qnam

506 5487 692 5527 verum
717 5482 908 5543 putare
937 5470 1077 5539 quod
1106 5469 1295 5524 falsum
1324 5481 1425 5538 est,
1472 5472 1773 5546 falsumque
1816 5480 1958 5548 quod
2000 5497 2090 5535 ve~

510 5582 627 5619 rum
658 5574 773 5629 est;
807 5562 888 5617 vel
910 5570 1116 5617 certum
1143 5561 1339 5616 habere
1368 5578 1465 5633 pro
1491 5565 1719 5634 incerto,
1764 5568 2095 5628 incertumve

513 5675 608 5731 pro
634 5666 804 5723 certo,
828 5654 941 5711 sive
965 5654 1178 5721 falsum,
1209 5654 1320 5709 sive
1349 5657 1417 5709 sit
1441 5672 1661 5724 verum;
1694 5661 1851 5730 idque
1879 5674 1983 5717 tam
2027 5667 2097 5721 sit

569 5796 641 5855 (ίι)
665 5790 1087 5843 Circumcelliones
1120 5791 1287 5840 armati
1327 5798 1492 5855 contra
1523 5796 1838 5855 Augustinum
1878 5800 1978 5851 vias
2011 5800 2100 5852 all.

505 5853 698 5922 ("toties
734 5856 1054 5922 obsederunt,
1079 5860 1210 5922 teste
1251 5853 1460 5922 Possidio
1489 5855 1538 5903 iu
1710 5859 1831 5922 vita,
1859 5874 1964 5922 cap.
2000 5865 2095 5922 l2;

506 5902 593 5967 diu
612 5902 753 5979 huius
770 5902 924 5965 etiam
946 5902 1228 5963 recordatur
1263 5902 2098 5978 periculi,qttodiltoutiiiisvdiictorji;

506 5996 670 6031 errore
696 5980 851 6029 evasit
874 5980 1183 6041 Augustinus.

962 519 1418 585 ENCIIIRIDION,
1459 515 1613 573 SIVE
1652 514 1740 567 DE
1780 507 1958 576 FIDE,
1997 502 2123 561 SPE
2161 501 2248 557 ET
2288 497 2705 561 CHARITATE,
2748 498 2803 552 S.
2847 492 3214 552 AUGUSTINI

3648 494 3764 552 240

2160 620 2209 672 in
2237 618 2414 671 animo
2452 614 2695 670 deforme
2735 622 2894 683 atque
2942 612 3214 677 indecens,
3266 624 3425 681 quam
3459 609 3763 680 pulchrum

2159 722 2211 764 et
2240 710 2491 763 decorum
2532 722 2652 762 esse
2699 708 2980 769 sentimus,
3007 704 3091 759 vel
3132 704 3184 759 in
3214 702 3504 773 loquendo,
3550 703 3637 757 vel
3693 703 3754 757 in

2160 799 2525 865 assentiendo,
2577 798 2693 863 Est,
2749 806 2841 861 cst,
2890 795 3032 861 Non,
3077 812 3179 849 non
3228 793 3443 865 (Matth.
3483 810 3535 859 v,
3578 795 3653 849 57
3685 793 3707 864 )
3745 809 3763 846 :

2163 896 2401 967 profecto
2449 902 2505 951 et
2530 893 2599 948 ob
2634 893 2735 947 hoc
2766 894 2939 963 ipsum
2982 902 3065 947 est
3111 892 3215 946 vita
3261 891 3455 945 misera
3499 891 3601 944 ista
3651 904 3769 958 qua

2165 989 2427 1055 vivimus,
2472 985 2615 1058 quod
2655 986 2703 1040 ei
2750 1000 3153 1055 nonnunquam,
3200 993 3257 1038 ut
3301 1000 3406 1037 non
3446 983 3763 1045 amittatur,

2165 1095 2318 1135 error
2368 1087 2451 1133 est
2497 1076 2855 1132 necessarius.
2908 1076 3062 1130 Absit
3110 1083 3167 1129 ut
3209 1075 3330 1129 talis
3370 1074 3439 1128 sit
3483 1074 3571 1128 illa
3608 1073 3768 1135 vita,

2168 1173 2255 1228 ubi
2284 1182 2365 1228 est
2383 1173 2577 1227 animae
2604 1179 2806 1225 nostra:
2837 1174 2949 1241 Ipsa
2976 1170 3174 1224 veritas
3193 1168 3336 1223 vita:
3359 1167 3446 1221 ubi
3476 1180 3638 1221 nemo
3667 1164 3778 1220 fal-

2168 1267 2249 1331 lit,
2279 1265 2475 1320 fallitur
2497 1279 2678 1320 nemo.
2713 1264 2810 1319 Ilic
2840 1274 3020 1319 autem
3052 1262 3300 1317 homines
3345 1258 3539 1314 fallunt
3589 1268 3774 1329 atque

2169 1358 2456 1424 falluntur;
2497 1358 2915 1428 miserioresque
2957 1365 3083 1410 sunt
3132 1369 3254 1410 cum
3306 1353 3613 1409 mentiendo
3671 1351 3782 1405 fal-

2173 1450 2308 1514 lunt,
2361 1465 2519 1520 quam
2573 1465 2693 1504 cum
2736 1448 3117 1503 mentientibus
3164 1445 3433 1501 credendo
3480 1445 3777 1499 falluntur.

2176 1541 2353 1612 Usque
2383 1542 2518 1596 adeo
2544 1550 2719 1596 tamen
2749 1540 3025 1594 rationalis
3074 1547 3263 1593 natura
3316 1536 3509 1607 refugit
3556 1534 3784 1591 falsita-

2176 1644 2304 1700 tem,
2334 1644 2388 1689 et
2416 1646 2670 1705 quantum
2702 1632 3100 1704 potestdcvitat
3123 1646 3385 1699 errorem,
3415 1640 3472 1685 ut
3511 1629 3621 1684 falli
3670 1646 3783 1683 no-

2176 1728 2275 1783 lint
2300 1729 2459 1783 etiam
2486 1730 2806 1798 quicumque
2834 1734 3016 1781 amant
3030 1724 3371 1780 fallere.Non
3389 1724 3529 1779 enim
3545 1724 3649 1778 sibi
3681 1726 3783 1793 qui

2178 1820 2435 1875 mentitur
2455 1819 2660 1875 videtur
2676 1834 2880 1886 errare,
2909 1817 3003 1873 sed
3021 1818 3183 1872 alium
3212 1816 3263 1870 in
3290 1830 3528 1871 errorem
3554 1816 3788 1870 mittere

2178 1911 2487 1967 credentem
2512 1910 2635 1966 sibi.
2667 1910 2733 1965 Et
2760 1911 2812 1964 in
2842 1925 2904 1965 ea
2930 1908 3144 1980 quidem
3181 1923 3241 1963 re
3272 1921 3378 1961 non
3418 1917 3562 1961 errat
3605 1921 3784 1976 quam

2180 2002 2457 2058 mendacio
2508 2002 2764 2072 contegit,
2814 2002 2861 2057 si
2906 2001 3053 2055 novit
3098 2000 3213 2070 ipse
3264 1997 3392 2068 quid
3436 2013 3618 2052 verum
3656 1998 3783 2051 sit:

2179 2095 2276 2152 sed
2302 2097 2355 2151 in
2385 2095 2488 2151 hoc
2514 2095 2735 2161 fallitur,
2763 2095 2903 2167 quod
2936 2103 3083 2165 putat
3112 2093 3214 2149 sibi
3239 2108 3396 2148 suum
3427 2107 3533 2146 non
3578 2092 3790 2147 obesse

2182 2191 2547 2259 mendacium;
2575 2207 2697 2249 cum
2724 2193 2892 2264 magis
2914 2190 3127 2247 facienti
3159 2204 3319 2261 quam
3362 2188 3585 2261 patienti
3634 2188 3793 2242 obsit

2182 2301 2343 2341 omne
2366 2294 2664 2356 peccatum.

2254 2378 2481 2435 CAPUT
2502 2379 2666 2434 XVIII
2676 2410 2764 2435 .—
2782 2379 2837 2435 6.
2869 2378 3195 2435 Mendacium
3221 2393 3370 2431 omne
3389 2385 3459 2430 cst
3487 2385 3783 2446 peccatum.

2184 2471 2273 2526 sed
2301 2472 2444 2525 aliud
2472 2471 2575 2525 alio
2602 2473 2823 2543 gravius.
2855 2471 2977 2525 Non
3000 2471 3200 2524 mentiri
3225 2472 3311 2541 qui
3336 2470 3561 2525 nesciens
3586 2469 3791 2538 [alsius

2186 2564 2331 2631 dicit,
2362 2564 2450 2618 sed
2479 2565 2649 2635 potius
2696 2566 2784 2635 qui
2824 2582 2995 2619 verum
3048 2563 3169 2617 dicit
3194 2562 3329 2632 quod
3376 2571 3518 2632 putat
3564 2562 3791 2630 falsum.

2190 2656 2386 2712 Verum
2438 2659 2524 2713 hic
2577 2658 2890 2713 difficillima
2952 2666 3008 2713 et
3055 2658 3475 2713 latebrosissima
3542 2656 3796 2728 gignitur

2188 2753 2432 2821 quazstio,
2460 2751 2527 2807 de
2552 2768 2652 2822 qua
2676 2752 2784 2823 jam
2821 2752 3079 2823 grandem
3125 2754 3341 2817 librum,
3382 2768 3501 2808 cum
3549 2767 3791 2821 reSpon-

2189 2841 2350 2897 dendi
2381 2844 2673 2899 necessitas
2704 2860 2802 2899 nos
2846 2854 3083 2915 urgeret,
3110 2844 3441 2899 absolvimus
3471 2862 3484 2898 :
3514 2853 3699 2897 utrum
3722 2843 3792 2898 ad

2190 2933 2423 2988 officium
2440 2935 2670 2990 hominis
2679 2935 2807 3007 justi
2827 2936 3091 3006 pertineat
3105 2935 3393 3005 aliquando
3406 2936 3797 2991 mentiri.Nono

2190 3026 2320 3081 nulli
2348 3028 2492 3082 enim
2522 3043 2589 3082 eo
2610 3043 2780 3099 usque
2817 3028 3248 3100 progrediuntur,
3276 3039 3332 3084 ut
3359 3040 3415 3085 et
3435 3029 3708 3099 pejerarc,
3739 3040 3799 3085 et

2190 3117 2259 3174 de
2283 3118 2444 3174 rebus
2469 3119 2537 3175 ad
2556 3120 2650 3175 Dei
2675 3121 2877 3175 cultum
2905 3120 3297 3192 pertinentibus
3328 3136 3393 3176 ac
3419 3121 3487 3177 de
3529 3121 3641 3191 ipsa
3694 3122 3796 3177 Dei

2193 3219 2383 3267 natura
2412 3210 2605 3266 falsum
2636 3212 2836 3284 aliquid
2885 3212 3086 3280 dicere,
3142 3228 3526 3283 nonnunquam
3582 3212 3797 3268 bonum

2194 3303 2452 3374 piumque
2479 3319 2613 3373 opus
2641 3319 2763 3359 esse
2789 3303 3117 3359 contendant
3148 3304 3243 3376 (a).
3270 3304 3397 3359 Mihi
3423 3314 3600 3359 autem
3631 3304 3793 3359 vide-

2196 3403 2283 3448 tur
2310 3404 2589 3464 peccatum
2628 3395 2844 3466 quidem
2895 3410 3016 3451 esse
3062 3412 3225 3451 omne
3278 3396 3639 3463 mendacium,
3692 3398 3797 3453 sed

2195 3485 2420 3539 multum
2451 3486 2709 3541 interesse
2736 3502 2843 3557 quo
2868 3487 3049 3541 animo
3078 3498 3131 3541 et
3157 3486 3349 3558 quibus
3374 3488 3441 3542 de
3462 3486 3621 3543 rebus
3642 3489 3801 3557 quis-

2196 3592 2301 3646 que
2339 3578 2647 3632 mentiatur.
2678 3578 2795 3633 Non
2839 3580 3093 3635 enimsic
3132 3589 3317 3651 peccat
3343 3580 3434 3635 ille
3460 3580 3548 3650 qui
3587 3595 3803 3635 consu-

2198 3668 2362 3734 lcndi,
2391 3670 2660 3739 quomodo
2686 3670 2775 3726 ille
2802 3672 2891 3742 qui
2924 3671 3153 3727 nocendi
3190 3673 3463 3727 voluntate
3487 3674 3748 3728 mentitur
3779 3691 3797 3726 :

2196 3771 2289 3815 aut
2314 3778 2440 3815 vero
2472 3763 2488 3793 ⁸
2519 3770 2721 3817 tantum
2744 3774 2903 3821 nocet
2930 3765 3020 3835 qui
3063 3766 3323 3821 viatorem
3376 3766 3689 3821 mentiendo
3738 3768 3798 3823 in

2197 3853 2471 3909 diversum
2503 3856 2605 3910 iter
2633 3857 2816 3924 mittit,
2848 3867 3107 3928 quantum
3127 3860 3171 3914 is
3195 3860 3285 3930 qui
3306 3860 3445 3914 viam
3478 3860 3601 3915 vitae
3632 3876 3797 3916 men-

2199 3947 2352 4003 dacio
2372 3947 2590 4005 fallente
2606 3950 2883 4021 depravat.
2906 3951 3074 4008 Nemo
3101 3968 3232 4008 sane
3255 3953 3520 4008 mentiens
3540 3952 3802 4023 judican-

2200 4040 2300 4095 dus
2325 4050 2429 4107 est,
2460 4042 2548 4112 qui
2577 4041 2708 4097 dicit
2728 4044 2917 4098 falsum
2946 4045 3089 4113 quod
3117 4056 3267 4116 putat
3289 4062 3475 4101 verum
3501 4065 3513 4100 :
3538 4049 3800 4118 quoniam

2200 4143 2457 4204 quantum
2482 4136 2533 4189 in
2561 4136 2677 4207 ipso
2701 4147 2802 4205 est,
2834 4153 2938 4193 non
2966 4139 3106 4194 fallit
3131 4140 3265 4210 ipse,
3300 4140 3396 4196 sed
3426 4141 3644 4197 fallitur.
3672 4141 3799 4197 Non

2203 4228 2380 4298 itaque
2407 4229 2691 4294 mendacii,
2719 4231 2814 4285 sed
2858 4230 3147 4302 aliquando
3197 4234 3513 4289 temeritatis
3556 4251 3800 4305 arguen-

2202 4319 2301 4374 dus
2325 4329 2428 4386 est,
2458 4321 2548 4392 qui
2578 4320 2709 4376 falsa
2742 4322 3003 4378 incautius
3041 4325 3244 4380 credita
3286 4341 3384 4396 pro
3432 4327 3574 4381 veris
3610 4327 3798 4383 habet.

2203 4411 2490 4484 Potinsque
2519 4429 2550 4470 e
2571 4416 2862 4484 contrario,
2885 4426 3140 4487 quantum
3171 4419 3224 4472 in
3256 4419 3373 4489 ipso
3397 4428 3497 4486 est,
3526 4420 3614 4476 ille
3643 4437 3803 4475 men-

2204 4505 2352 4572 titur,
2383 4505 2474 4575 qui
2518 4506 2648 4560 dicit
2685 4523 2867 4563 verum
2895 4510 3038 4579 quod
3078 4520 3227 4581 putat
3269 4512 3481 4566 falsum.
3524 4513 3799 4581 Quantum

2204 4597 2425 4652 enimad
2448 4600 2685 4654 animum
2703 4600 3041 4671 ejusattinet,
3072 4605 3191 4674 quia
3223 4607 3480 4676 nonquod
3505 4608 3667 4661 sentit
3695 4608 3802 4663 hoc

2204 4687 2349 4753 dicit,
2392 4704 2499 4743 non
2528 4705 2711 4744 verum
2756 4692 2908 4761 dicit,
2965 4696 3207 4764 quamvis
3262 4713 3445 4751 verum
3495 4699 3803 4754 inveniatur

2204 4792 2324 4835 esse
2350 4782 2491 4851 quod
2514 4782 2642 4838 dicit
2677 4802 2688 4837 :
2715 4800 2815 4839 nec
2843 4786 2948 4840 ullo
2979 4787 3138 4841 modo
3170 4788 3305 4844 Iiher
3330 4802 3414 4845 est
3439 4806 3467 4843 a
3491 4791 3800 4859 mendacio,

2204 4874 2294 4943 qui
2322 4890 2415 4928 ore
2438 4876 2685 4932 nesciens
2724 4893 2910 4931 verum
2967 4878 3223 4949 loquitur,
3254 4882 3431 4937 sciens
3477 4894 3659 4938 autem
3703 4900 3804 4938 vo-

2208 4966 2409 5021 luntate
2440 4968 2713 5023 mentitur.
2746 4969 2861 5023 Non
2885 4972 3241 5027 consideratis
3281 4975 3460 5045 itaque
3479 4977 3640 5031 rebus
3662 4976 3800 5047 ipsis

2206 5057 2274 5113 de
2300 5061 2491 5128 quibus
2520 5060 2719 5131 aliquid
2738 5062 2955 5129 dicitur,
2982 5063 3079 5118 sed
3117 5064 3230 5119 sola
3263 5066 3562 5122 intentione
3613 5068 3804 5124 dicen-

2208 5150 2296 5219 tis,
2323 5152 2511 5205 melior
2534 5161 2617 5207 est
2636 5155 2724 5224 qui
2757 5156 3002 5211 nesciens
3030 5156 3221 5212 falsum
3270 5158 3418 5223 dicit,
3443 5162 3699 5230 quoniam
3746 5162 3801 5217 id

2208 5257 2392 5297 verum
2432 5252 2602 5314 putat,
2657 5261 2815 5315 quam
2842 5247 2930 5318 qui
2991 5249 3284 5304 mentiendi
3335 5252 3572 5305 animum
3621 5254 3804 5309 sciens

2207 5332 2364 5403 gerit,
2392 5337 2635 5391 nesciens
2660 5352 2849 5392 verum
2884 5354 3006 5395 esse
3045 5340 3188 5411 quod
3234 5341 3383 5397 dicit.
3425 5342 3522 5399 Ille
3559 5360 3803 5415 namque

2209 5442 2314 5480 non
2335 5426 2478 5481 aliud
2506 5428 2663 5483 habet
2683 5429 2736 5483 in
2762 5430 2961 5496 animo,
3001 5430 3141 5487 aliud
3194 5433 3248 5487 in
3279 5435 3441 5490 verbo
3466 5455 3481 5491 :
3510 5435 3634 5490 huic
3671 5451 3805 5491 vero

2208 5519 2596 5591 qualecumque
2628 5536 2722 5587 per
2748 5536 2806 5576 se
2837 5523 3006 5592 ipsum
3052 5525 3123 5577 sit
3171 5525 3312 5595 quod
3359 5527 3426 5582 ab
3460 5542 3529 5582 eo
3576 5527 3800 5596 dicitur,

2272 5742 2288 5772 ¹
2316 5748 2416 5789 Am.
2442 5746 2516 5812 Er:
2542 5746 2651 5811 ων.
2678 5748 2730 5790 et
2752 5748 2901 5812 eam,
2931 5744 3074 5812 Haud
3090 5756 3219 5812 uero.
3255 5750 3312 5794 At
3341 5749 3449 5793 Mss.
3477 5752 3530 5794 et
3562 5752 3693 5803 Arn.,
3720 5751 3805 5794 aut

2204 5816 2317 5854 vero
2342 5815 2359 5851 :
2382 5804 2662 5867 concinuius
2681 5804 2895 5865 quidem,
2918 5806 3011 5855 sed
3027 5808 3200 5856 eodem
3222 5819 3400 5867 sensu;
3424 5819 3535 5855 nam
3556 5818 3586 5855 α
3602 5814 3805 5855 senten-

2208 5868 2272 5917 tia
2307 5864 2623 5940 praecedente
2680 5868 2751 5915 vis
2790 5864 2889 5917 huc'
2926 5881 3083 5930 usque
3129 5864 3393 5935 porrigitur
3432 5868 3687 5934 particula:
3712 5883 3802 5919 ne-

2204 5937 2732 6049 gmeti?i’riscillianistze
2754 5991 3126 6052 redarguuntur.
