4072 6516
267 439 364 494 941

201 523 207 530 Ι
269 549 412 606 aliud
461 557 638 604 tamen
695 545 936 601 clausum
984 540 1036 595 in
1090 546 1328 610 pectore,
1372 531 1514 588 aliud
1571 530 1625 584 in
1668 527 1844 594 lingua

267 650 575 715 promptum
603 648 727 704 est;
757 635 898 709 quod
929 633 1124 686 malum
1151 637 1234 684 est
1261 625 1532 697 pr0prium
1560 618 1844 715 mentien-

267 708 355 792 iis.
385 708 444 788 ni
469 733 705 802 ipsarum
755 708 934 782 autem
978 738 1097 794 quae
1137 720 1385 774 dicuntur
1426 708 1852 806 consideratione

267 840 448 878 rerum
477 801 681 876 tantum
711 819 951 878 interest,
972 828 1074 883 qua
1102 811 1155 865 in
1179 825 1239 865 re
1267 807 1490 877 quisque
1513 801 1722 856 fallatur
1740 801 1852 852 sive

270 916 581 978 mentiatur,
612 920 810 965 utcum
836 905 943 960 falli
964 918 1122 975 quam
1154 899 1366 956 mentiri
1405 896 1582 950 minus
1627 894 1694 945 sit
1736 903 1848 942 ma-

268 1009 400 1069 lum,
433 1013 690 1076 quantum
724 999 950 1069 pertinet
1002 993 1067 1050 ad
1107 989 1338 1045 hominis
1386 986 1743 1046 voluntatem;
1772 991 1852 1032 ta-

269 1113 393 1152 men
421 1097 576 1165 longe
602 1090 926 1148 tolerabilius
947 1088 1016 1143 sit
1046 1086 1098 1141 in
1122 1084 1203 1138 his
1230 1096 1350 1152 quas
1391 1094 1422 1134 a
1449 1076 1704 1172 religione
1730 1080 1855 1172 sunt

267 1161 538 1257 seiuncta,
563 1182 799 1249 mentiri,
830 1195 988 1252 quam
1021 1179 1072 1232 in
1101 1176 1165 1230 iis
1190 1173 1306 1229 sine
1343 1161 1571 1240 quorum
1621 1165 1724 1219 ﬁde
1768 1161 1855 1217 vel

271 1279 465 1333 notitia
495 1277 630 1332 Deus
657 1274 760 1329 coli
789 1288 894 1327 non
919 1278 1110 1341 potest,
1144 1266 1252 1321 falli
1282 1265 1322 1317 ¹.
1354 1261 1507 1331 Quod
1529 1267 1588 1314 ut
1624 1258 1855 1313 illustre-

271 1381 362 1425 tur
389 1367 668 1438 exemplis,
697 1366 998 1419 intueamur
1020 1359 1176 1430 quale
1203 1357 1292 1423 sit,
1335 1354 1378 1410 si
1424 1351 1682 1424 quiSpiam
1730 1346 1855 1438 dum

269 1436 559 1524 mentitur,
580 1459 760 1513 vivere
787 1454 994 1510 nuntiet
1030 1451 1262 1520 aliquem
1307 1452 1593 1507 mortuum;
1625 1447 1680 1495 ct
1721 1436 1857 1491 alius

267 1554 402 1609 dum
426 1551 644 1615 l'allitur,
675 1548 858 1604 credat
885 1547 1076 1600 iterum
1121 1540 1388 1596 Christum
1421 1546 1541 1608 post
1567 1531 1858 1604 quamlibet

270 1647 431 1712 longa
461 1652 699 1710 tempora
731 1637 1083 1692 moriturum:
1115 1645 1292 1687 nonne
1317 1629 1407 1684 illo
1448 1625 1606 1680 modo
1645 1621 1857 1678 mentiri

267 1751 435 1806 quam
457 1736 560 1789 isto
591 1732 750 1787 modo
782 1729 888 1784 falli
927 1721 1429 1794 imeomparabiliter
1457 1725 1692 1789 praestat,
1716 1714 1857 1769 mul-

269 1837 437 1896 toque
463 1824 684 1878 minoris
707 1821 826 1875 mali
855 1828 936 1874 est
963 1819 1014 1872 iu
1047 1817 1193 1871 illum
1233 1827 1472 1869 errorem
1514 1809 1745 1878 aliquem
1779 1806 1860 1860 in-

267 1920 496 1982 ducere,
527 1931 682 1984 quam
713 1914 764 1966 in
796 1913 953 1966 istum
979 1909 1044 1964 ab
1065 1908 1243 1977 aliquo
1268 1902 1478 1959 induci?

345 2007 574 2063 CAPUT
597 2005 738 2060 XIX.
761 2033 835 2044 —
857 2002 1019 2056 Error
1069 2001 1200 2053 alius
1239 1995 1438 2068 quidem
1482 1995 1584 2048 alio
1609 1990 1858 2063 pernicio-

267 2101 400 2166 sior,
443 2098 530 2151 sed
554 2111 750 2167 semper
769 2104 841 2149 est
866 2091 1050 2146 malus.
1097 2089 1153 2144 lu
1179 2086 1494 2160 quibusdam
1539 2100 1666 2155 ergo
1696 2082 1858 2138 rebus

269 2207 490 2263 magno,
552 2191 604 2245 in
637 2188 949 2260 quibusdam
1001 2199 1188 2258 parvo,
1237 2182 1291 2237 in
1339 2178 1652 2262 quibusdam
1709 2176 1859 2230 nullo

271 2286 438 2351 malo,
469 2285 521 2338 in
571 2281 888 2354 quibusdam
930 2277 1186 2334 nonnullo
1212 2275 1371 2330 etiam
1415 2274 1556 2328 bono
1607 2270 1857 2326 fallimur.

272 2377 409 2431 Nam
435 2390 626 2445 magno
651 2375 793 2428 malo
822 2373 1019 2426 fallitur
1039 2370 1220 2433 homo,
1249 2382 1370 2422 cum
1408 2366 1510 2420 hoc
1537 2379 1642 2418 non
1691 2360 1864 2417 credit

271 2468 418 2539 quod
445 2467 509 2522 ad
533 2468 693 2520 vitam
716 2465 861 2520 ducit
881 2472 1155 2526 aeternam,
1184 2460 1263 2515 vel
1292 2459 1393 2514 hoc
1420 2455 1592 2512 credit
1631 2452 1772 2525 quod
1795 2452 1861 2506 ad

273 2570 507 2615 mortem
532 2558 977 2613 ducitrcternam.
1020 2554 1188 2607 Parvo
1228 2560 1406 2606 autem
1444 2547 1587 2602 malo
1635 2546 1857 2611 fallitur,

272 2655 367 2724 qui
410 2652 598 2708 falsum
629 2665 726 2720 pro
767 2664 893 2704 vero
931 2645 1274 2718 approbando
1323 2643 1511 2698 incidit
1559 2640 1614 2694 in
1659 2638 1864 2708 aliquas

275 2746 552 2799 molestias
579 2742 924 2811 temporales,
954 2739 1144 2810 quibus
1167 2747 1342 2791 tamen
1385 2733 1622 2788 adhibita
1652 2729 1864 2785 ﬁdelis'

276 2836 530 2908 patientia
574 2832 839 2889 convertit
897 2846 988 2886 eas
1041 2829 1092 2883 in
1149 2841 1301 2882 usum
1341 2827 1557 2880 bonum.
1611 2821 1771 2878 Velut
1819 2820 1863 2874 si

275 2927 558 2997 quisquam
600 2926 800 2979 bonum
828 2922 1099 2976 hominem
1152 2917 1387 2988 putando
1422 2915 1512 2986 qui
1543 2913 1720 2968 malus
1759 2919 1862 2978 est,

274 3018 480 3088 aliquid
509 3017 576 3072 ab
601 3031 666 3072 eo
699 3017 928 3086 patiatur
955 3013 1098 3067 mali.
1131 3010 1233 3079 Qui
1285 3023 1415 3064 vero
1457 3007 1656 3062 malum
1695 3002 1868 3058 homi-

280 3125 404 3164 nem
431 3109 500 3162 ita
533 3107 729 3162 bonum
751 3105 941 3167 credit,
965 3115 1023 3159 ut
1052 3103 1188 3158 nihil
1215 3102 1282 3157 ab
1325 3116 1391 3156 eo
1427 3099 1657 3170 patiatur
1696 3096 1824 3152 mali
1848 3136 1864 3162 ,

276 3201 431 3256 nullo
457 3199 598 3254 malo
636 3199 658 3230 ³
695 3197 894 3252 fallitur
924 3214 937 3250 :
968 3210 1068 3250 nec
1097 3195 1150 3248 in
1193 3208 1313 3248 cum
1342 3191 1486 3247 cadit
1517 3190 1604 3244 illa
1631 3187 1867 3260 prophe-

279 3295 384 3350 tica
406 3291 707 3356 detestatio,
746 3287 834 3344 Va:
861 3287 923 3342 iis
949 3289 1034 3358 qui
1075 3287 1250 3340 dicunt
1291 3286 1426 3355 quod
1466 3282 1659 3338 malum
1683 3291 1756 3336 est
1781 3281 1868 3336 bo-

237 3435 248 3442 .
277 3401 425 3438 nunt.
459 3383 534 3438 De
554 3383 684 3452 ipsis
711 3381 854 3436 enim
877 3381 1036 3436 rebus
1052 3379 1244 3449 quibus
1269 3377 1516 3432 homines
1559 3375 1688 3430 mali
1722 3381 1866 3438 sunt,

279 3490 391 3528 non
417 3475 484 3528 de
501 3471 810 3527 hominibus
837 3472 1035 3526 dictum
1054 3468 1453 3540 intelligendum
1477 3477 1579 3523 est.
1607 3465 1761 3523 Unde
1781 3468 1869 3537 qui

276 3564 606 3621 adulterium
635 3563 1005 3628 dicitbonum,
1037 3572 1184 3617 recte
1210 3561 1446 3632 arguitur
1472 3559 1560 3614 illa
1590 3575 1721 3613 voce
1739 3573 1868 3628 pro-

280 3657 517 3726 phetica.
542 3655 642 3723 Qui
672 3669 801 3709 vero
823 3653 995 3724 ipsum
1016 3653 1285 3706 hominem
1315 3651 1444 3706 dicit
1467 3650 1686 3715 bonum,
1712 3664 1870 3720 quem

281 3737 687 3819 putatcasturn,
713 3747 882 3802 nescit
911 3745 1233 3810 adulterum,
1268 3760 1373 3799 non
1417 3745 1468 3798 in
1500 3743 1742 3797 docti-aia
1788 3757 1870 3797 re-

277 3851 405 3891 rum
425 3837 680 3892 benarum
704 3845 759 3892 et
781 3836 1058 3902 malarum,
1079 3835 1173 3890 sed
1197 3835 1248 3888 in
1268 3833 1491 3890 ocmltis
1512 3832 1867 3887 humanorum

282 3931 488 3983 fallitur
510 3945 751 3994 morum;
785 3943 981 3982 vocans
1007 3927 1280 3983 hominem
1310 3927 1534 3992 bonum,
1563 3925 1616 3980 in
1637 3939 1743 3996 quo
1773 3940 1872 3995 pu-

283 4033 362 4076 tat
388 4037 514 4077 853C
557 4021 700 4092 quod
721 4036 840 4076 esse
890 4037 996 4077 non
1042 4020 1250 4076 dubitat
1297 4020 1497 4076 bonum
1523 4023 1568 4086 ⁵,
1591 4027 1646 4074 et
1689 4017 1875 4073 dicens

285 4113 488 4166 malum
515 4112 818 4167 adulterum
855 4121 911 4168 et
945 4113 1142 4167 bonum
1171 4119 1375 4167 castum
1403 4129 1414 4166 :
1449 4110 1544 4168 sed
1590 4111 1733 4166 hunc
1778 4110 1877 4166 bo-

283 4217 415 4257 num
433 4203 636 4270 dicens,
667 4202 951 4258 nesciendo
966 4202 1263 4257 adulterum
1293 4216 1433 4270 esse,
1469 4218 1573 4258 non
1603 4209 1806 4257 castum
1829 4201 1872 4254 ⁵.

285 4294 462 4349 Porro
491 4295 536 4348 si
559 4309 656 4364 per
689 4310 925 4350 errorem
968 4295 1143 4351 evadit
1172 4295 1398 4365 quisque
1428 4294 1738 4364 perniciem,
1767 4293 1874 4349 sic-

287 4397 344 4440 ut
395 4387 642 4455 superius
685 4387 791 4442 dixi
843 4387 996 4442 nobis
1037 4387 1089 4443 in
1132 4388 1320 4443 itinere
1366 4389 1675 4458 contigisse,
1714 4389 1874 4443 etiam

287 4480 415 4535 bOni
446 4481 642 4551 aliquid
667 4480 868 4536 homini
897 4497 1081 4537 errore
1123 4479 1415 4536 confertur.
1464 4481 1571 4537 Sed
1609 4496 1727 4535 cum
1756 4481 1877 4536 dico

289 4577 342 4629 in
371 4575 691 4645 quibusdam
747 4577 907 4632 rebus
944 4577 1087 4630 nullo
1142 4577 1280 4629 malo
1320 4575 1572 4644 aliquem,
1619 4575 1702 4629 vel
1752 4591 1878 4628 non-

289 4664 441 4717 nullo
462 4665 620 4719 etiam
649 4664 786 4717 bono
817 4663 961 4729 falli;
995 4681 1102 4718 non
1133 4665 1303 4731 ipsum
1340 4680 1576 4719 errorem
1606 4663 1727 4718 dico
1761 4662 1878 4716 nul-

288 4758 398 4809 lum
423 4757 619 4810 malum
651 4757 734 4811 vel
763 4757 1341 4822 nonnullum'bonum;
1382 4755 1476 4810 sed
1525 4756 1719 4809 malum
1770 4771 1877 4825 quo

289 4866 396 4901 non
428 4849 655 4911 venitur,
691 4849 777 4904 vel
806 4849 1000 4903 bonum
1027 4866 1132 4920 quo
1163 4849 1374 4904 venitur
1405 4848 1655 4916 errando,
1691 4847 1740 4902 id
1772 4859 1872 4914 est,

287 4959 353 4998 ex
397 4943 514 5012 ipso
543 4957 729 4997 errore
751 4943 873 5012 quid
900 4958 1002 4996 non
1033 4942 1240 4997 eveniat
1287 4942 1368 4995 vel
1397 4942 1522 5012 quid
1573 4941 1873 5011 proveniat.

288 5033 423 5087 Nam
471 5032 586 5101 ipse
637 5048 730 5103 per
758 5048 815 5088 se
866 5032 1039 5103 ipsum
1094 5049 1247 5088 error
1288 5043 1379 5087 aut
1431 5049 1676 5102 magnum
1716 5034 1764 5086 iu
1820 5047 1879 5086 re
1931 5035 1942 5046 ‘

286 5141 504 5196 magna.
533 5136 628 5179 aut
668 5141 888 5196 parvum
928 5127 979 5180 in
1027 5142 1084 5180 rc
1114 5141 1294 5195 parva,
1351 5135 1525 5179 tamen
1554 5143 1764 5194 semper
1793 5136 1876 5182 est

287 5218 515 5272 malum.
549 5217 681 5286 Quis
707 5219 847 5272 enim
867 5218 967 5272 nisi
996 5233 1179 5272 errans
1209 5217 1408 5271 malum
1460 5228 1634 5287 neget,
1688 5232 1881 5286 appro-

347 5380 362 5409 ¹
391 5377 476 5425 llic
496 5376 545 5424 in
565 5374 709 5437 editis
733 5383 831 5437 sm.
857 5381 931 5423 Er.
957 5381 1013 5437 et
1029 5381 1146 5437 Dan.
1179 5374 1386 5434 additur,
1415 5379 1466 5422 ut
1502 5372 1553 5423 in
1591 5372 1806 5437 pluribus
1849 5387 1883 5426 tl

281 5437 592 5501 νιοιηηίνεηεε
615 5436 826 5488 lucidius
849 5435 1222 5501 uiuestigabitur.

347 5494 595 5570 j'.tm._F.r.
635 5506 753 5548 Dan.
797 5506 850 5570 et
870 5494 1057 5570 plures
1069 5499 1420 5570 potioresque
1443 5503 1591 5570 Νεερ-
1609 5494 1764 5559 ﬁdeli.

346 5563 365 5591 ³
391 5564 461 5611 sic
485 5568 600 5611 Dtin.
627 5569 739 5624 ltro.
767 5569 819 5610 et
838 5559 1022 5624 aliquot
1175 5568 1231 5610 At
1265 5567 1366 5607 Am.
1390 5564 1464 5608 Er.
1505 5565 1557 5608 et
1577 5565 1708 5620 t.ov.,
1749 5559 1882 5610 nullo

280 5625 424 5672 νιοάο
451 5636 468 5671 :
494 5622 752 5672 mendose.

349 5689 365 5713 δ
394 5684 560 5734 Plures
577 5691 710 5741 Mss,
732 5682 861 5744 quod
882 5679 1007 5731 norit
1029 5680 1219 5744 bonum.

343 5749 364 5778 ⁵
390 5753 538 5797 Locus
562 5742 792 5796 veterum
815 5743 1045 5806 libroruin
1067 5757 1160 5806 ope
1177 5742 1411 5793 liberatus
1428 5755 1456 5806 a
1479 5742 1788 5806 glossemate.
1809 5749 1881 5794 Sic

281 5810 326 5858 in
364 5821 475 5858 ante
502 5810 651 5858 editis
689 5803 1040 5854 habebatsed
1063 5803 1189 5853 hunc
1212 5807 1380 5852 bonum
1405 5803 1587 5863 Αἰήτης,
1626 5806 1881 5858 nesciendo

281 5872 554 5923 adulterum
578 5883 683 5921 esse
707 5881 722 5929 ;
749 5867 881 5917 illum
906 5866 1103 5928 malum,
1127 5864 1380 5917 nesciendo
1399 5875 1598 5917 castmu.

1650 409 1847 469 LIBER
1889 405 2086 464 UNUS.

3429 416 3464 471 2
3474 417 3552 472 ιε’

1961 521 2086 574 bare
2113 521 2241 576 falsa
2274 535 2368 589 pro
2407 521 2548 576 veris
2582 530 2672 576 aut
2698 521 2997 591 improbare
3037 537 3160 578 vera
3211 540 3307 594 pro
3356 523 3527 593 falsis,

1957 620 2049 666 aut
2071 611 2268 668 habere
2288 613 2489 668 incerta
2520 629 2618 684 pro
2648 615 2832 684 certis,
2859 616 2944 672 vel
2970 624 3116 671 certa
3151 631 3248 688 pro
3276 619 3532 674 incertis?

1958 700 2064 756 Sed
2090 701 2234 757 aliud
2253 709 2337 758 est
2361 701 2560 758 bonum
2589 703 2860 759 hominem
2888 713 3074 776 putare
3096 707 3186 777 qui
3215 707 3386 762 malus
3419 717 3524 774 est,

1958 793 2101 863 quod
2117 802 2201 850 est
2218 795 2454 862 erroris;
2480 803 2538 850 et
2559 795 2702 850 aliud
2732 805 2816 852 est
2838 812 2907 852 ex
2942 797 3044 853 hoc
3075 799 3216 853 malo
3255 798 3402 854 aliud
3424 814 3539 854 ma-

1962 885 2068 938 lum
2107 899 2212 939 non
2243 885 2372 954 pati,
2417 885 2465 940 si
2505 884 2638 941 nihil
2663 894 2855 942 noceat
2892 886 3052 942 homo
3083 889 3280 954 malus,
3327 890 3418 959 qui
3453 899 3536 944 est

1963 984 2175 1044 putatus
2194 973 2386 1030 bonus.
2414 975 2656 1046 Itemque
2679 975 2826 1031 aliud
2848 985 2934 1033 est
2957 978 3129 1047 ipsam
3154 978 3294 1032 viam
3321 989 3528 1050 putare,

1960 1083 2077 1136 quae
2105 1079 2211 1126 non
2231 1075 2314 1122 est
2343 1068 2492 1136 ipsa;
2525 1077 2581 1122 et
2605 1066 2752 1122 aliud
2786 1077 2964 1124 estex
3011 1068 3117 1125 hoc
3149 1071 3348 1125 erroris
3392 1071 3536 1126 malo

1961 1160 2160 1235 aliquid
2179 1159 2307 1215 boni
2333 1160 2613 1230 consequi,
2637 1159 2785 1215 velut
2809 1169 2892 1218 est
2913 1161 2981 1216 ab
3021 1161 3230 1219 insidiis
3269 1162 3536 1218 malorum

1963 1251 2234 1306 hominum
2255 1252 2488 1306 liberari.

2033 1343 2257 1402 CAPUT
2287 1343 2546 1401 XX.—-7.
2567 1345 2691 1402 Non
2703 1363 2848 1402 omne
2867 1363 3026 1419 genus
3040 1349 3222 1404 erroris
3240 1363 3348 1404 esse
3359 1364 3541 1418 pecca-

1963 1449 2088 1491 tum.
2121 1437 2442 1494 Academicos
2486 1441 2689 1511 refellit.
2716 1442 2803 1512 qui
2837 1450 2894 1494 ut
2933 1456 3074 1495 error
3097 1441 3298 1508 vitetur,
3337 1457 3538 1496 omnem

1963 1532 2300 1586 assensione":
2343 1535 2584 1602 suspendi
2600 1533 2790 1588 volunt.
2819 1533 3014 1588 Nescio
3030 1547 3161 1588 sane
3181 1543 3360 1588 utrum
3382 1535 3543 1588 etiam

1965 1621 2267 1691 hujusmodi
2314 1638 2527 1680 errores
2560 1625 2574 1656 ¹
2609 1641 2769 1679 :cum
2819 1626 2982 1680 homo
3023 1624 3093 1680 de
3135 1625 3278 1680 malo
3326 1625 3546 1681 homine

1965 1713 2103 1771 bene
2121 1716 2305 1784 sentit,
2335 1719 2508 1788 qualis
2537 1720 2606 1772 sit
2638 1721 2918 1785 nesciens;
2949 1725 3041 1773 aut
3061 1733 3161 1789 pro
3194 1719 3274 1774 eis
3304 1735 3424 1789 qua:
3449 1733 3547 1789 per

1963 1820 2156 1862 sensus
2181 1809 2424 1878 corporis
2438 1809 2698 1879 capimus,
2729 1817 3021 1866 occurrunt
3039 1809 3254 1876 similia,
3277 1824 3399 1879 quzc
3434 1811 3549 1879 spi-

1965 1900 2067 1953 ritu
2091 1908 2340 1970 tanquam
2366 1916 2612 1971 corpore,
2660 1911 2752 1957 aut
2789 1917 3014 1973 corpore
3072 1910 3323 1972 tanquam
3359 1903 3549 1971 spiritu

1965 1994 2300 2059 sentiuntur;
2347 1996 2504 2065 quale
2552 1997 2771 2066 putabat
2844 2010 2967 2052 esse
3010 1997 3286 2066 apostolus
3332 1995 3544 2059 Petrus,

1964 2089 2176 2158 quando
2204 2090 2541 2145 existimabat
2557 2106 2615 2146 se
2632 2090 2808 2146 visum
2832 2091 3034 2156 videre,
3058 2099 3280 2162 repente
3307 2089 3377 2145 de
3405 2089 3551 2144 clau-

1965 2180 2090 2235 stris
2113 2190 2168 2236 et
2187 2183 2408 2238 vinculis
2427 2199 2519 2253 per
2537 2185 2781 2254 angelum
2815 2184 3071 2242 liberatus
3095 2186 3230 2254 (Act.
3245 2199 3336 2252 xu,
3356 2183 3440 2253 9):
3460 2193 3552 2236 aut

1967 2272 2019 2327 in
2043 2272 2171 2343 ipsis
2196 2273 2355 2328 rebus
2395 2277 2670 2345 corporeis
2699 2276 2821 2330 lene
2845 2282 3064 2346 putatur
3090 2291 3210 2332 esse
3237 2275 3377 2346 quod
3399 2289 3552 2344 aspe-

1966 2378 2083 2417 rum
2113 2373 2216 2428 est,
2243 2374 2334 2418 aut
2357 2365 2514 2421 dulce
2540 2367 2682 2436 quod
2711 2382 2953 2422 amarum
2980 2375 3081 2430 est,
3110 2375 3202 2421 aut
3234 2367 3370 2420 bene
3397 2366 3545 2419 olere

1967 2455 2107 2522 quod
2133 2455 2370 2522 putidum
2397 2465 2498 2519 est,
2526 2465 2619 2510 aut
2657 2464 2844 2510 tonare
2873 2471 2995 2510 cum
3017 2455 3182 2510 rheda
3209 2456 3416 2521 transit,
3456 2465 3550 2508 aut

1969 2545 2115 2599 illum
2133 2561 2252 2601 esse
2266 2546 2532 2603 hominem
2547 2563 2666 2602 cum
2684 2548 2819 2602 alius
2834 2549 2920 2610 sit,
2939 2547 3152 2618 quando
3165 2546 3271 2601 duo
3291 2546 3550 2600 simillimi

1968 2637 2068 2691 sibi
2111 2647 2257 2704 sunt,
2311 2638 2451 2708 quod
2515 2639 2566 2692 in
2611 2639 2844 2709 geminis
2888 2653 3032 2708 sirpe
3077 2636 3372 2707 contingit;
3417 2636 3552 2690 unde

1967 2730 2040 2783 ait
2067 2728 2178 2792 ille,

2153 2841 2721 2911 mwsqesimsmibus
2735 2852 2878 2911 sese.
2898 2853 2910 2890 =

2371 2900 2586 2969 (rit-git,
2613 2900 2798 2955 mauu.
2823 2901 2908 2954 lib.
2933 2901 3011 2963 io,
3035 2914 3076 2952 υ.
3101 2900 3235 2964 392.)

1969 3016 2025 3061 et
2051 3013 2242 3060 caetera
2267 3006 2389 3060 talia
2416 3008 2575 3061 etiam
2605 3013 2821 3076 peccata
2852 3005 3077 3060 dicenda
3103 3005 3230 3060 sint.
3264 3005 3372 3059 Nec
3403 3020 3553 3073 qua:-

1971 3096 2076 3151 stio
2102 3096 2475 3163 nodosissima,
2521 3113 2640 3167 qua:
2676 3096 2920 3152 homines
2960 3097 3314 3162 acutissimos,
3355 3095 3559 3152 Acade-

1974 3189 2145 3242 micos
2203 3189 2376 3252 torsit,
2438 3203 2579 3242 nunc
2632 3187 2758 3242 mihi
2830 3187 3110 3244 enodanda
3167 3199 3413 3259 suswpta
3456 3197 3557 3251 est;

1973 3290 2150 3335 utrum
2173 3281 2371 3350 aliquid
2395 3281 2589 3336 debeat
2629 3281 2852 3350 sapiens
2891 3281 3211 3350 approbare,
3261 3295 3329 3335 ne
3355 3280 3553 3334 incidat

1975 3373 2029 3427 in
2074 3388 2312 3428 errorem
2339 3415 2354 3437 ,
2400 3374 2442 3428 si
2498 3388 2594 3444 pro
2635 3375 2780 3428 veris
2822 3375 3196 3444 approbaverit
3240 3374 3392 3440 falsa,
3436 3390 3556 3428 cum

1975 3469 2152 3522 omnia
2171 3511 2185 3533 ,
2214 3469 2351 3522 sicut
2380 3466 2670 3533 afﬁrmant,
2703 3469 2787 3523 vel
2815 3467 3025 3522 occulta
3052 3469 3181 3535 sint,
3211 3469 3296 3523 vel
3335 3467 3556 3523 incerta.

1979 3561 2132 3616 Unde
2176 3561 2273 3614 tria
2339 3559 2545 3616 Confeci
2589 3561 2860 3616 volumina
2909 3561 2961 3616 in
3003 3561 3153 3616 initio
3196 3561 3562 3616 conversionis

1979 3671 2131 3720 metu,
2172 3670 2238 3708 ne
2275 3655 2658 3725 impedimento
2697 3655 2849 3711 nobis
2889 3665 3092 3719 essent.
3140 3673 3260 3726 qua:
3311 3665 3559 3725 tz‘inqnaai

1984 3745 2037 3798 in
2068 3746 2206 3798 ostio
2223 3745 2657 3800 contradicebant
2680 3748 2722 3799 ⁸.
2754 3747 2817 3800 lit
2843 3748 3023 3816 utique
3049 3748 3216 3801 fuerat
3238 3748 3560 3802 removenda

1979 3836 2313 3892 invenienda:
2335 3836 2642 3906 desperatio
2669 3837 2932 3902 veritatis,
2953 3853 3070 3903 qua:
3111 3837 3320 3890 illorum
3351 3837 3562 3890 videtur

1978 3929 2526 3999 argumentationibus
2563 3929 2825 3983 roborari.
2882 3929 3034 3999 Apud
3078 3931 3196 3984 illos
3244 3946 3370 4000 ergo
3411 3947 3563 3986 error

1979 4022 2152 4076 omnis
2183 4030 2396 4092 putatur
2421 4035 2543 4077 esse
2585 4032 2882 4091 peccatum,
2915 4021 3053 4090 quod
3087 4023 3238 4076 vitari
3272 4039 3376 4076 non
3405 4038 3565 4092 posse

1979 4115 2326 4182 contendunt,
2357 4115 2460 4169 nisi
2489 4115 2667 4169 omnis
2693 4115 3050 4184 suspendatur
3071 4117 3333 4169 assensio.
3367 4115 3562 4170 Errare

1979 4206 2172 4276 quippe
2195 4205 2377 4260 dicunt
2418 4220 2538 4261 eum
2573 4206 2813 4276 quisquis
2860 4209 3151 4261 asseutitur
3205 4209 3422 4262 incertis
3455 4209 3566 4263 :ni-

1983 4299 2162 4368 hilque
2205 4308 2409 4352 certum
2441 4314 2561 4354 esse
2588 4299 2638 4352 in
2665 4299 2934 4352 hominum
2981 4299 3110 4355 visis
3144 4300 3184 4364 ³,
3218 4311 3434 4370 propter
3479 4301 3562 4354 in-

1979 4390 2267 4446 discretam
2289 4391 2695 4446 similitudinem
2721 4392 2857 4457 falsi,
2897 4392 3106 4446 etiamsi
3138 4393 3279 4462 quod
3325 4392 3561 4460 videtur,

1980 4479 2116 4536 l‘nrte
2144 4481 2214 4535 sit
2260 4497 2466 4547 verum,
2512 4483 2840 4537 acutissimis
2883 4485 3118 4552 quidem,
3162 4485 3254 4538 Sed
3288 4485 3568 4554 impuden-

1983 4575 2198 4628 tissitnis
2218 4575 2702 4629 conﬂictationibus
2731 4574 3022 4644 disputant.
3058 4576 3206 4646 Apud
3229 4596 3323 4629 nos
3353 4587 3559 4642 autem,

1979 4663 2160 4718 Justus
2185 4679 2249 4718 ea:
2296 4665 2399 4734 fide
2420 4667 2538 4720 vivit
2591 4666 2780 4736 (Rom.
2814 4683 2852 4731 ι,
2891 4666 3000 4740 17).
3051 4672 3121 4723 At
3167 4669 3214 4723 si
3249 4669 3462 4723 tollatur
3488 4686 3567 4723 as-

1982 4757 2184 4820 sensio,
2215 4756 2345 4813 fides
2369 4759 2603 4826 tollitur;
2629 4762 2750 4830 quia
2790 4761 2905 4815 sine
2943 4762 3255 4817 assensione
3286 4762 3414 4815 nihil
3447 4777 3570 4818 cre-

1982 4847 2142 4902 ditur.
2169 4849 2235 4903 Et
2253 4857 2378 4904 sunt
2408 4865 2533 4904 vera
2575 4853 2817 4921 quamvis
2845 4868 2951 4906 non
2980 4853 3284 4918 videantur,
3308 4869 3426 4922 quae
3465 4853 3567 4908 nisi

1982 4942 2288 5007 credantur,
2316 4943 2385 4997 ad
2416 4943 2579 4997 vitam
2616 4944 2846 5011 beatam,
2892 4961 3010 5015 qua:
3065 4961 3172 4998 non
3217 4945 3317 4998 nisi
3366 4955 3567 4999 aiterna

1984 5043 2086 5098 est,
2120 5050 2224 5086 non
2256 5043 2431 5104 potest
2450 5037 2736 5105 perveniri.
2757 5037 2889 5091 Cum
2917 5037 3028 5090 istis
3052 5051 3179 5091 vero
3211 5045 3386 5090 utrum
3419 5037 3563 5108 loqui

1983 5125 2275 5182 debeamus
2291 5126 2497 5197 ignoro,
2522 5128 2631 5197 qui,
2668 5143 2773 5180 non
2805 5128 3044 5182 victuros
3070 5127 3121 5181 in
3151 5135 3432 5189 :cternum,
3473 5130 3567 5184 sed

1987 5219 2038 5272 in
2068 5220 2350 5288 praesentia
2389 5233 2449 5274 se
2481 5219 2661 5273 vivere
2687 5219 2931 5273 nesciunt
2959 5237 2971 5271 :
3003 5220 3109 5273 imo
3141 5221 3345 5274 nescire
3395 5237 3455 5276 sc
3484 5224 3565 5274 di-

1983 5317 2131 5376 cunt,
2173 5309 2317 5380 quod
2365 5315 2573 5365 nescire
2611 5325 2716 5364 non
2766 5320 3007 5380 possunt.
3039 5311 3219 5382 Neque
3241 5314 3384 5367 enim
3421 5317 3564 5384 quis-

1983 5417 2142 5472 quam
2181 5402 2376 5456 sinitur
2431 5401 2639 5456 nescire
2689 5417 2747 5456 se
2788 5402 3008 5459 vivere:
3041 5404 3468 5475 quandoquidem
3525 5408 3568 5459 si

2051 5565 2063 5594 ¹
2098 5571 2191 5610 Ml].
2216 5568 2287 5610 Er.
2314 5569 2449 5620 Dau.,
2493 5560 2766 5624 Imjusmodi
2789 5575 2927 5614 error
2965 5571 3049 5614 est.
3077 5571 3183 5613 .‘ltss.
3205 5563 3319 5622 duo,
3354 5562 3496 5622 huius
3514 5565 3573 5612 si!

1984 5625 2155 5693 moi/us
2178 5624 2376 5674 erroris.
2396 5624 2560 5693 uelitis
2583 5631 2710 5693 ho_v.,
2729 5626 2960 5677 Μηδικοάὶ
2980 5640 3186 5676 crtares.
3215 5635 3353 5676 εωθι-
3371 5625 3430 5675 ad
3455 5626 3571 5676 illud

1989 5689 2058 5734 iui'
2079 5702 2122 5739 τι,
2159 5693 2354 5745 prterita
2379 5687 2586 5735 dicenda
2609 5687 2716 5735 sint.

2049 5749 2258 5813 illul:th
2277 5757 2398 5804 ηδε..
2426 5755 2562 5806 esset,
2584 5763 2693 5813 quw
2718 5761 2941 5812 (unquam
2968 5748 3014 5798 iu
3033 5747 3150 5800 ostio
3173 5747 3526 5800 routrudii‘elm.’
3555 5760 3574 5800 .'

1983 5808 2315 5880 subintelligc,
2337 5813 2558 5880 quaestio.

2051 5874 2070 5904 ³
2093 5872 2162 5921 sic
2183 5870 2368 5934 aliquot
2382 5879 2486 5922 Mss.
2513 5873 2628 5922 mliti
2655 5882 2834 5936 autem,
2863 5873 2980 5926 risu.
