4024 6496
501 433 610 490 243

507 563 610 603 non
633 545 783 611 vivit,
817 557 923 598 non
945 549 1122 612 potest
1158 538 1362 612 aliquid
1384 537 1465 592 vel
1502 535 1709 612 nescire
1736 533 1776 612 ‘_;
1822 528 2073 612 quoniam

506 634 612 673 non
665 603 835 671 solum
880 603 1040 678 scire,
1071 603 1265 666 verum
1294 609 1455 664 etiam
1480 606 1688 661 nescire
1717 603 1941 655 viventis
1978 603 2081 650 est.

504 707 610 764 Sed
642 706 887 762 videlicet
928 718 1036 759 non
1086 699 1431 759 assentiendo
1467 696 1611 768 quod
1648 694 1849 758 vivant,
1896 701 2088 744 cavere

505 798 605 853 sibi
628 797 874 853 videntur
914 809 1189 853 errorem:
1219 807 1340 849 cum
1382 792 1544 846 etiam
1590 784 1821 843 errando
1867 782 2090 837 convin-

504 896 694 944 cantur
729 888 942 952 vivere;
971 886 1224 956 quoniam
1252 898 1359 938 non
1388 888 1564 951 potest
1587 878 1676 948 qui
1701 892 1805 930 non
1839 874 1969 928 vivit
2004 886 2091 926 cr.

506 993 647 1034 rare.
678 977 830 1033 Sicut
848 992 977 1047 ergo
1008 990 1107 1031 nos
1151 976 1331 1029 vivere
1381 987 1485 1027 non
1525 969 1702 1025 solum
1742 982 1949 1029 verum,
1996 963 2090 1017 sed

507 1069 668 1124 etiam
708 1077 915 1124 certum
943 1076 1060 1133 est;
1084 1068 1153 1121 ita
1176 1081 1301 1122 vera
1329 1073 1381 1118 et
1417 1071 1567 1119 certa
1599 1071 1723 1116 sunt
1747 1059 1911 1113 multa
1932 1099 1945 1120 ,
1975 1057 2093 1126 qui-

507 1165 608 1219 bus
636 1178 741 1219 non
769 1161 1035 1227 assentiri,
1068 1162 1209 1217 absit
1229 1170 1283 1215 ut
1308 1158 1565 1228 sapientia
1587 1156 1763 1225 potius
1793 1166 1951 1223 quam
2000 1150 2093 1203 de-

509 1257 707 1311 mentia
738 1254 1057 1310 nominanda
1086 1256 1173 1309 sit.

580 1339 806 1397 CAPUT
844 1339 985 1394 XXI.
1016 1368 1088 1379 —
1115 1336 1276 1391 Error
1312 1352 1413 1389 non
1454 1349 1649 1402 semper
1686 1338 1977 1401 peccatum,
2008 1325 2096 1380 sed

511 1447 709 1501 semper
732 1430 940 1484 malum.
973 1430 1029 1484 In
1057 1428 1249 1499 quibus
1270 1429 1289 1459 ¹
1317 1434 1492 1481 autem
1524 1424 1684 1479 rebus
1714 1420 1842 1475 nihil
1876 1421 2098 1473 interest

511 1524 581 1579 ad
613 1522 998 1593 capessendum
1042 1522 1135 1575 Dei
1182 1535 1434 1590 regnum,
1466 1529 1642 1573 utrum
1684 1515 1999 1579 credantur,
2027 1527 2094 1565 an

513 1631 618 1670 non
640 1630 655 1679 ;
686 1614 766 1669 vel
785 1622 961 1669 utrum
983 1626 1106 1667 vera
1128 1612 1241 1666 sive
1276 1610 1387 1665 sint
1415 1609 1526 1664 sive
1545 1616 1818 1680 putentur,
1843 1619 1910 1658 an
1934 1602 2092 1657 falsa:

515 1706 566 1759 in
595 1704 678 1760 his
703 1718 912 1770 errare,
944 1702 997 1757 id
1022 1711 1123 1769 est,
1151 1701 1294 1757 aliud
1324 1716 1420 1772 pro
1448 1700 1554 1755 alio
1584 1707 1793 1770 putare,
1824 1712 1927 1752 non
1956 1694 2099 1749 arbi-

514 1794 758 1850 trandum
786 1803 867 1849 est
891 1808 1012 1850 esse
1036 1802 1309 1864 peccatum
1329 1809 1345 1858 ;
1369 1800 1461 1847 aut
1486 1792 1532 1847 si
1556 1799 1658 1857 est,
1683 1790 1957 1844 minimum
1978 1800 2099 1842 esse

440 1942 443 1943 ν
512 1897 671 1958 atque
709 1887 1058 1944 levissimum.
1103 1887 1417 1951 Postremo,
1462 1884 1845 1955 qualecumque
1885 1881 2013 1936 illud
2046 1888 2101 1936 et

511 1987 1000 2050 quantumcumque
1030 1979 1118 2047 sit,
1145 1978 1213 2033 ad
1238 1978 1381 2033 illam
1409 1976 1549 2033 viam
1579 1991 1685 2031 non
1713 1975 1967 2046 pertinet,
1998 1987 2099 2043 qua

513 2070 653 2125 imus
691 2070 758 2126 ad
798 2071 966 2126 Deum
996 2088 1011 2125 :
1040 2086 1159 2141 quae
1188 2070 1271 2124 via
1302 2069 1438 2125 fides
1466 2076 1548 2123 est
1575 2068 1805 2134 Christi,
1848 2081 1968 2136 quae
2006 2080 2102 2135 per

511 2162 852 2218 dilectionem
900 2171 1151 2233 operatur
1191 2160 1389 2231 (Galat.
1418 2178 1473 2227 v,
1506 2162 1585 2235 6).
1628 2160 1811 2231 Neque
1850 2159 1993 2214 enim
2034 2158 2102 2213 ab

514 2252 617 2308 bac
638 2252 722 2305 via
749 2251 994 2308 deviabat
1027 2253 1078 2307 in
1113 2252 1338 2323 geminis
1373 2251 1494 2306 filiis
1529 2260 1712 2322 gratus
1750 2250 1837 2305 ille
1871 2249 2107 2320 parenti-

518 2343 618 2398 bus
644 2359 796 2398 crror
823 2362 837 2398 :
869 2353 960 2397 aut
988 2345 1055 2399 ab
1082 2344 1181 2399 hac
1204 2344 1285 2398 via
1316 2343 1561 2399 deviabat
1589 2342 1859 2413 apostolus
1889 2342 2099 2403 Petrus,

516 2435 731 2506 quando
756 2451 814 2490 sc
843 2436 1165 2491 existimans
1183 2436 1350 2490 visum
1379 2436 1579 2501 videre,
1606 2433 1746 2489 aliud
1777 2449 1874 2503 pro
1897 2434 2001 2488 alio
2028 2432 2105 2487 sic

521 2529 757 2597 putabat,
792 2539 847 2582 ut
873 2544 900 2582 a
927 2543 1210 2599 corporum
1243 2529 1577 2599 imaginibus,
1609 2528 1659 2582 in
1685 2528 1878 2599 quibus
1902 2542 1961 2581 se
1985 2540 2105 2581 esse

517 2621 896 2685 arbitrabatur,
926 2638 1049 2676 vera
1083 2623 1134 2677 in
1166 2623 1355 2692 quibus
1383 2631 1499 2677 erat
1526 2636 1749 2691 corpora
1780 2635 1884 2675 non
1916 2619 2104 2689 digno-

518 2721 717 2777 sceret,
764 2713 863 2767 nisi
907 2728 1027 2767 cum
1071 2713 1139 2767 ab
1182 2713 1271 2767 illo
1313 2714 1562 2782 angelus,
1597 2728 1689 2780 per
1731 2727 1891 2780 quem
1938 2709 2108 2763 fuerat

521 2804 804 2867 liberatus,
835 2803 1094 2859 abscessit
1136 2822 1148 2856 :
1190 2815 1281 2857 aut
1315 2805 1380 2858 ab
1421 2803 1520 2857 hac
1556 2803 1639 2856 via
1669 2802 1917 2857 deviabat
1942 2800 2108 2856 Iacob

524 2894 845 2962 patriarcha,
873 2894 1087 2964 quando
1112 2895 1378 2949 viventem
1409 2894 1571 2947 filium
1604 2908 1631 2945 a
1659 2893 1828 2948 bestia
1858 2892 2109 2948 credebat

521 2986 757 3039 occisum
797 2983 951 3057 (Gen.
984 3001 1205 3052 xxxvii,
1237 2985 1350 3055 55).
1393 2983 1449 3039 In
1491 2984 1572 3039 his
1609 2993 1768 3055 atque
1806 2984 2109 3056 hujusmodi

484 3128 491 3137 ,
526 3074 846 3131 falsitatibus
865 3116 880 3141 ,
909 3075 1054 3129 salva
1082 3074 1204 3139 fide,
1236 3091 1355 3146 qua:
1384 3076 1436 3129 in
1463 3076 1630 3131 Deum
1660 3075 1812 3131 nobis
1837 3085 1939 3140 est,
1971 3076 2108 3131 falli-

526 3180 667 3231 mur,
697 3174 751 3219 et
776 3166 859 3220 via
891 3180 993 3219 non
1020 3166 1200 3220 relicta
1231 3182 1349 3236 quae
1377 3166 1443 3221 ad
1472 3166 1618 3221 illum
1643 3165 1809 3233 ducit,
1834 3182 2107 3223 erramus:

525 3256 616 3325 qui
645 3271 858 3311 errores
887 3257 1095 3313 etiamsi
1124 3267 1338 3327 peccata
1366 3275 1472 3313 non
1501 3269 1645 3326 sunt,
1674 3268 1850 3315 tamen
1879 3259 1931 3314 in
1958 3260 2111 3316 malis

528 3346 685 3416 hujus
713 3348 833 3402 vitae
858 3347 1145 3417 deputandi
1172 3358 1331 3417 sunt,
1357 3365 1476 3420 quae
1503 3351 1573 3405 ita
1597 3350 1835 3420 subjecta
1858 3360 1941 3405 est
1963 3350 2114 3406 vani-

527 3438 653 3501 tati,
690 3448 746 3492 ut
782 3439 1143 3508 approbentur
1181 3439 1269 3495 hic
1302 3440 1433 3496 falsa
1472 3456 1569 3511 pro
1592 3442 1767 3508 veris,
1795 3450 2112 3511 respuantur

528 3542 651 3582 vera
681 3544 776 3597 pro
797 3529 964 3595 falsis,
996 3539 1275 3586 teneantur
1302 3530 1502 3586 incerta
1532 3546 1629 3602 pro
1652 3532 1835 3588 certis.
1860 3532 2111 3600 Quamvis

527 3618 666 3674 enim
696 3617 810 3674 hinc
840 3619 906 3674 ab
929 3634 991 3675 ea
1020 3620 1122 3676 fide
1145 3620 1340 3685 absint,
1372 3638 1465 3692 per
1490 3637 1651 3692 quam
1680 3638 1859 3678 veram
1884 3633 2113 3678 certam-

527 3725 629 3779 que
658 3711 722 3766 ad
752 3722 1006 3766 aeternam
1038 3711 1417 3769 beatitudinem
1450 3713 1715 3769 tendimus
1740 3714 1796 3781 ⁸;
1834 3715 1902 3771 ab
1935 3730 1997 3769 ea
2028 3723 2109 3769 ta-

526 3816 647 3857 men
677 3803 889 3858 miseria
921 3819 1025 3858 non
1055 3805 1281 3871 absunt,
1312 3805 1362 3859 in
1389 3820 1491 3875 qua
1519 3805 1693 3861 adhuc
1720 3821 1924 3862 sumus.
1955 3805 2113 3861 Nullo

527 3892 688 3947 modo
713 3896 908 3964 quippe
938 3894 1244 3951 falleremur
1283 3896 1337 3969 in
1372 3896 1551 3968 aliquo
1580 3897 1662 3953 vel
1687 3897 1851 3952 animi
1880 3897 1963 3953 vel
1992 3912 2113 3953 cor-

525 3985 669 4054 poris
700 4003 858 4042 sensu
878 4027 895 4054 ,
926 3987 970 4043 si
996 3987 1106 4058 jam
1134 4003 1260 4043 vera
1292 3976 1376 4044 illa
1406 3999 1564 4060 atque
1592 3988 1823 4059 perlecta
1863 3989 2114 4045 felicitate

525 4076 839 4132 frueretnur.

594 4168 822 4224 CAPUT
860 4169 1026 4225 XXII.
1050 4202 1124 4215 —
1150 4170 1315 4227 Omne
1348 4173 1667 4229 mendacium
1698 4194 1802 4231 esse
1828 4187 2109 4248 peccatum.

525 4260 693 4316 Porro
736 4272 914 4319 autem
956 4278 1116 4321 omne
1158 4266 1494 4323 mendacium
1538 4267 1658 4324 ideo
1701 4270 1982 4326 dicendum
2032 4281 2115 4326 est

524 4370 646 4411 esse
685 4366 995 4426 peccatum,
1025 4360 1145 4429 quia
1189 4359 1350 4416 homo
1393 4377 1498 4416 non
1546 4363 1718 4418 solum
1759 4366 1972 4435 quando
2013 4366 2115 4422 scit

524 4447 640 4517 ipse
683 4448 826 4519 quod
858 4465 1045 4506 verum
1083 4452 1182 4518 sit,
1222 4453 1316 4508 sed
1355 4455 1512 4510 etiam
1554 4457 1598 4511 si
1637 4458 1850 4527 quando
1886 4466 2035 4514 errat
2059 4467 2115 4515 et

528 4537 730 4594 fallitur
750 4540 888 4596 sicut
909 4540 1090 4611 homo,
1115 4542 1219 4599 hoc
1239 4544 1397 4600 debet
1417 4546 1557 4617 loqui
1582 4549 1720 4616 quod
1742 4550 1920 4604 animo
1939 4550 2109 4620 gerit;

524 4630 637 4685 sive
683 4630 809 4686 illud
849 4648 1031 4688 verum
1072 4636 1175 4702 sit,
1212 4637 1325 4691 sive
1352 4648 1566 4708 putetur
1593 4650 1646 4694 et
1678 4656 1781 4695 non
1808 4641 1897 4698 sit.
1926 4641 2113 4696 Omnis

523 4732 705 4777 autem
734 4724 824 4794 qui
852 4726 1103 4781 mentitur
1122 4770 1136 4792 ,
1166 4736 1351 4783 contra
1383 4728 1435 4784 id
1462 4730 1600 4799 quod
1635 4734 1812 4787 animo
1838 4732 1999 4787 sentit
2028 4733 2110 4787 lo-

524 4813 705 4882 quitur
733 4814 1006 4872 voluntate
1046 4816 1283 4876 fallendi.
1317 4819 1381 4874 Et
1411 4820 1592 4890 utique
1624 4822 1786 4877 verba
1831 4832 2110 4892 propterea

523 4912 648 4958 sunt
692 4905 960 4973 instituta,
989 4922 1105 4961 non-
1124 4924 1220 4979 per
1247 4924 1365 4979 qua:
1395 4925 1455 4964 se
1486 4910 1728 4966 homines
1760 4912 1983 4967 invicem
2013 4913 2110 4967 fal-

522 4995 658 5059 lant,
693 4997 786 5052 scd
820 5013 917 5069 per
943 5015 1062 5070 qua:
1093 4999 1146 5056 in
1176 5000 1396 5056 alterius
1422 5004 1647 5072 quisque
1685 5004 1925 5058 netitiam
1963 5005 2111 5075 cogi-

523 5091 746 5145 tationes
777 5106 901 5145 suas
932 5090 1225 5160 perferat".
1253 5090 1444 5148 Verbis
1471 5107 1601 5165 ergo
1627 5094 1701 5147 uti
1728 5094 1795 5149 ad
1824 5093 2107 5164 fallaciam,

524 5196 628 5233 non
656 5179 723 5234 ad
761 5180 902 5250 quod
940 5182 1179 5237 instituta
1206 5191 1365 5251 sunt,
1394 5195 1672 5254 peccatum
1709 5193 1812 5241 est.
1850 5185 1961 5240 Nec
1990 5186 2111 5242 ideo

525 5272 684 5325 ullum
723 5271 1055 5329 mendacium
1096 5275 1385 5343 putandum
1416 5285 1499 5331 est
1527 5292 1632 5331 non
1662 5292 1782 5333 esse
1808 5288 2106 5348 peccatum,

524 5363 644 5430 quia
678 5378 961 5431 possumus
990 5366 1274 5436 aliquando
1308 5370 1464 5424 alicui
1506 5370 1760 5440 prodesse
1777 5372 2103 5427 mentiendo.

587 5476 601 5504 ι
630 5474 771 5546 editi,
791 5472 934 5544 scire,
958 5475 1031 5526 ret
1052 5476 1341 5546 nescire._Et
1362 5482 1506 5544 paulo
1529 5492 1651 5546 post,
1689 5486 1878 5537 nonnisi
1916 5486 2110 5538 virentis

520 5542 606 5599 est.
634 5536 799 5592 Abest.
822 5536 965 5592 scire,
994 5546 1062 5591 et,
1079 5540 1288 5599 nonnisi,
1318 5556 1344 5591 a
1365 5536 1471 5593 λιες.

584 5598 834 5672 {Lanier
854 5603 963 5672 boy.
987 5606 1045 5672 et
1063 5606 1253 5672 pau._ln
1270 5604 1895 5672 quibusdan3._castigantur
1913 5624 1976 5660 ex
1998 5618 2106 5661 Mss.

520 5656 699 5731 quibus
721 5660 964 5731 consentit
983 5663 1198 5731 textuSE
1217 5656 1369 5725 Sent.,
1394 5666 1505 5731 dist.
1531 5668 1608 5726 ‘58,
1634 5656 1923 5731 exmia;

589 5718 609 5800 ξ
631 5718 1447 5800 ρεξτρξεαηιάά
1485 5718 1646 5800 verant
1668 5718 1943 5796 certamque
1968 5746 2108 5800 atque

517 5788 624 5849 α’ῳι
641 5790 755 5849 nam
776 5778 1116 5831 beatitudinem
1136 5778 1373 5849 tendi:an
1401 5801 1420 5839 :
1454 5791 1613 5839 minus
1636 5778 1781 5845 bene.

584 5844 600 5868 ι
640 5838 857 5896 t'leriquc
882 5851 1007 5897 \tss.,
1034 5847 1257 5905 proferat.

989 420 1452 487 ENCIIIRIDION,
1492 418 1648 477 SIVE
1688 417 1775 472 DE
1816 412 2004 477 FIDE,
2048 408 2175 465 SPE
2208 407 2291 461 ET
2330 407 2744 476 CIIAItlTATE,
2785 410 2845 465 S.
2887 410 3251 468 AUGUSTINI

3670 417 3767 473 244

2194 522 2480 581 Possumus
2505 529 2645 584 enim
2674 539 2727 586 et
2751 531 2973 589 furando
2995 537 3034 601 ί,
3064 537 3108 591 si
3141 551 3338 608 pauper
3363 535 3445 590 cui
3477 534 3655 604 palam
3684 532 3771 586 da-

2194 621 2296 679 tur,
2324 618 2483 674 sentit
2505 624 2866 691 commodum,
2894 636 2947 682 et
2973 628 3120 683 dives
3144 629 3229 683 cui
3253 628 3389 683 clam
3418 626 3641 691 tollitur,
3666 639 3769 679 non

2192 707 2353 761 sentit
2389 709 2780 771 incommodum
2813 736 2825 772 :
2857 734 2954 775 nec
2981 718 3100 775 ideo
3130 721 3234 775 tale
3263 720 3458 775 furtum
3494 719 3771 789 quisquam

2192 796 2386 854 dixerit
2412 818 2513 857 non
2542 820 2660 861 esse
2688 821 2982 877 peccatum.
3016 812 3304 866 Possumus
3329 819 3383 866 et
3406 807 3770 873 adulterando,

2195 893 2238 946 si
2266 895 2459 965 aliqua,
2492 898 2590 953 nisi
2619 900 2683 954 ad
2709 901 2808 956 hoc
2834 903 2880 957 ei
2909 906 3293 969 consentiatur,
3320 911 3573 974 appareat
3594 914 3775 955 aman-

2194 985 2263 1039 do
2291 989 2564 1055 moritura,
2597 1002 2651 1047 ct
2676 994 2721 1047 si
2749 995 2968 1061 vixerit,
2997 996 3304 1066 paenitendo
3332 994 3602 1065 purganda
3634 1011 3648 1048 :
3682 1007 3777 1048 nec

2197 1080 2315 1134 ideo
2360 1094 2633 1153 peccatum
2678 1088 2956 1158 negabitur
2996 1089 3098 1144 tale
3138 1090 3476 1145 adulterium.
3517 1088 3573 1144 Si
3603 1096 3775 1142 autem

2199 1172 2387 1227 merito
2414 1175 2567 1231 nobis
2596 1177 2768 1247 placet
2791 1181 3034 1249 castitas,
3070 1181 3197 1252 quid
3223 1181 3442 1237 offendit
3473 1182 3692 1245 veritas,
3724 1188 3776 1234 ut

2198 1274 2414 1333 propter
2454 1267 2677 1323 alienam
2726 1271 3007 1328 utilitatem
3048 1275 3132 1329 illa
3178 1288 3285 1328 non
3316 1273 3543 1328 violetur
3569 1272 3771 1329 adulle-

2199 1354 2384 1421 raudo,
2410 1366 2463 1411 et
2482 1359 2706 1414 violetur
2726 1362 2823 1416 ista
2847 1365 3151 1420 mentiendo
3173 1367 3229 1420 '?
3252 1364 3545 1421 Plurimum
3568 1361 3777 1433 quidem

2198 1444 2265 1499 ad
2294 1445 2488 1503 bonum
2518 1450 2805 1519 profecisse
2827 1453 3092 1522 homines,
3115 1457 3202 1527 qui
3230 1472 3338 1512 non
3364 1456 3462 1510 nisi
3489 1468 3586 1525 pro
3611 1452 3780 1508 salute

2201 1534 2430 1621 hominis
2464 1542 2825 1612 mentiuntur,
2858 1560 2964 1601 non
2994 1557 3076 1603 est
3106 1548 3405 1618 negandum
3435 1564 3449 1601 :
3479 1546 3573 1601 sed
3604 1545 3659 1598 in
3689 1558 3777 1599 eo-

2200 1643 2319 1683 rum
2352 1630 2439 1685 tali
2465 1633 2704 1702 profectu
2737 1638 2927 1693 merito
2959 1639 3230 1707 laudatur,
3259 1641 3345 1696 vel
3382 1640 3541 1697 etiam
3570 1647 3777 1708 tempo-

2201 1721 2383 1777 raliter
2408 1735 2779 1782 remuneratur
2816 1728 3181 1788 benevolentia
3202 1773 3218 1800 ,
3249 1746 3354 1787 non
3397 1729 3601 1786 fallacia
3623 1770 3638 1795 ,
3666 1744 3782 1799 quae

2203 1821 2258 1867 ut
2282 1813 2585 1884 ignoscatur
2607 1827 2689 1874 sat
2709 1829 2824 1886 est,
2853 1836 2959 1878 non
2995 1832 3052 1878 ut
3085 1824 3244 1878 etiam
3278 1822 3631 1894 praedicetur,
3670 1835 3781 1875 ma-

2202 1904 2344 1961 xime
2380 1907 2431 1961 in
2470 1906 2769 1968 baeredibus
2796 1912 3121 1970 Testamenti
3146 1914 3308 1981 Novi,
3335 1914 3528 1986 quibus
3567 1913 3780 1979 dicitur,

2205 1995 2287 2052 Sit
2312 1999 2363 2053 in
2392 2015 2479 2055 ore
2505 2012 2694 2070 uestro,
2722 2004 2833 2072 Est,
2863 2016 2970 2071 est;
3000 2006 3121 2063 Non
3141 2050 3154 2074 ,
3183 2026 3285 2062 non
3315 2024 3333 2062 :
3361 2007 3496 2079 quod
3519 2008 3655 2061 enim
3679 2022 3785 2059 am-

2205 2088 2339 2159 plius
2364 2100 2454 2159 est,
2481 2109 2513 2146 a
2538 2093 2671 2149 man
2696 2105 2767 2150 est
2793 2094 3005 2167 (Mat’th.
3034 2115 3089 2164 v,
3116 2100 3228 2171 57).
3259 2100 3482 2171 Propter
3507 2097 3651 2169 quod
3676 2111 3785 2151 ma-

2207 2180 2314 2235 lum
2335 2224 2350 2249 ,
2382 2186 2505 2254 quia
2536 2186 2823 2257 subrepere
2852 2188 2905 2244 in
2946 2190 3045 2245 hac
3083 2191 3404 2246 mortalitate
3433 2206 3539 2245 non
3573 2189 3784 2252 desinit,

2205 2273 2363 2326 etiam
2411 2274 2507 2343 ipsi
2556 2276 2864 2335 cohmrcdes
2904 2279 3097 2337 Christi
3146 2281 3362 2349 dicunt,
3404 2279 3610 2335 Dimitte
3651 2280 3790 2333 nobis

2208 2364 2373 2418 debila
2399 2377 2571 2421 nostra
2599 2368 2709 2440 (Id.
2736 2386 2822 2438 vt,
2859 2372 2970 2443 I2).

2278 2455 2502 2514 CAPUT
2544 2460 2732 2516 XXIII.
2752 2494 2820 2503 —
2838 2465 2890 2519 8.
2920 2463 3087 2520 Causa
3106 2481 3274 2520 rerum
3310 2465 3574 2528 bonarum,
3598 2466 3792 2520 bonitus

2211 2548 2341 2617 Dei;
2380 2552 2665 2617 malarum,
2696 2553 2929 2609 voluntas
2966 2557 3202 2625 deﬁciens
3241 2558 3357 2611 boni
3392 2557 3670 2611 mutabilis.
3706 2557 3794 2611 IIis

2210 2642 2387 2712 itaque
2412 2659 2510 2715 pro
2538 2644 2693 2717 hujus
2718 2647 2992 2703 brevitatis
3021 2650 3338 2705 necessitate
3369 2650 3627 2717 tractatis,
3661 2666 3792 2721 quo-

2211 2734 2351 2790 niam
2401 2752 2576 2794 causa:
2621 2742 3004 2811 cognoscenda:
3047 2751 3170 2798 sunt
3216 2759 3392 2798 rerum
3438 2743 3702 2798 bonarum
3744 2752 3796 2799 et

2212 2830 2491 2897 malarum,
2519 2842 2772 2903 quantum
2800 2836 2899 2889 viae
2926 2836 3056 2890 satis
3080 2844 3165 2892 est
3189 2851 3306 2907 quzc
3328 2851 3427 2891 nos
3454 2836 3709 2905 perducat
3732 2836 3796 2891 ad

2210 2937 2453 2993 regnum,
2485 2926 2571 2980 ubi
2599 2928 2701 2982 erit
2731 2928 2833 2982 vita
2861 2929 2978 2985 sine
3003 2937 3192 2993 morte,
3223 2929 3339 2984 sine
3364 2945 3548 2985 errore
3580 2931 3793 2995 veritas,

2212 3015 2327 3070 sine
2358 3019 2753 3082 perturbatione
2780 3020 3002 3076 felicitas
3030 3039 3042 3074 :
3074 3037 3403 3093 nequaquam
3430 3022 3679 3077 dubitare
3707 3022 3797 3076 de-

2211 3108 2419 3176 bemus,
2449 3127 2625 3167 rcrum
2651 3129 2767 3183 qua:
2796 3114 2863 3168 ad
2890 3128 2987 3169 nos
3014 3114 3280 3184 pertinent
3304 3115 3561 3169 bonarum
3585 3130 3798 3169 causam

2214 3215 2318 3255 non
2353 3217 2473 3257 esse
2516 3204 2616 3257 nisi
2656 3205 2943 3259 bonitatem
2975 3205 3106 3270 Dei;
3141 3205 3398 3262 malarum
3432 3220 3563 3259 vero
3602 3205 3671 3259 ab
3703 3206 3799 3259 im-

2215 3293 2456 3347 mutabili
2484 3293 2624 3349 bono
2648 3295 2981 3351 deficientem
3010 3296 3133 3351 boni
3159 3295 3427 3351 mutabilis
3452 3296 3800 3358 voluntatem.

2215 3384 2360 3454 prius
2388 3386 2583 3455 angeli,
2618 3388 2844 3442 hominis
2873 3396 3076 3457 postea.

2284 3479 2513 3537 CAPUT
2550 3480 2741 3535 XXIV.
2769 3510 2841 3521 —
2869 3481 3120 3538 Secundae
3149 3482 3399 3535 malorum
3426 3496 3628 3547 cauam,
3662 3480 3806 3551 igno-

2213 3574 2382 3627 rantia
2427 3581 2474 3627 et
2513 3574 2935 3645 concupiscentia.
2988 3576 3099 3631 Hoc
3144 3576 3374 3646 primum
3423 3584 3503 3629 est
3546 3585 3806 3630 creatum:

2214 3664 2490 3720 rationalis
2515 3666 2733 3731 malum,
2764 3667 2814 3721 id
2842 3678 2942 3733 est,
2971 3668 3138 3737 prima
3166 3667 3390 3738 privatio
3414 3666 3539 3720 boni
3570 3682 3583 3718 :
3612 3665 3809 3721 deinde

2209 3755 2321 3826 jatn
2363 3757 2522 3811 etiam
2566 3757 2871 3814 nolentibus
2918 3758 3235 3814 subintravit
3282 3758 3577 3830 ignorantia
3626 3774 3806 3813 rerum

2215 3845 2538 3915 agendarum
2559 3890 2574 3914 ,
2607 3858 2661 3903 et
2685 3847 3111 3919 concupiscentia
3143 3848 3455 3914 noxiarum;
3485 3848 3683 3918 quibus
3712 3864 3808 3903 co-

2216 3938 2373 3995 mites
2416 3939 2817 3996 subinferuntur
2857 3957 3010 3997 error
3043 3951 3097 3996 et
3125 3941 3278 3995 dolor
3307 3957 3320 3993 :
3353 3956 3472 4010 qure
3515 3939 3623 3994 duo
3668 3940 3806 3995 mala

2215 4031 2427 4103 quando
2473 4033 2805 4089 imminentia
2855 4034 3188 4100 sentiuntur,
3232 4048 3292 4086 ea
3332 4031 3606 4103 fugitantis
3642 4032 3808 4085 animi

2218 4131 2395 4176 motus
2425 4133 2644 4178 vocatur
2674 4135 2865 4179 metus.
2900 4124 3067 4178 Porro
3096 4124 3304 4176 animus
3343 4138 3464 4177 cum
3495 4121 3811 4191 adipiscitur

2217 4216 2517 4285 concupita,
2545 4217 2787 4286 quamvis
2812 4216 3109 4286 perniciosa
3137 4215 3220 4271 vel
3246 4216 3443 4279 inania,
3475 4216 3727 4284 quoniam
3757 4216 3808 4269 id

2216 4321 2400 4362 errore
2431 4324 2533 4361 non
2564 4308 2757 4372 sentit,
2792 4308 2873 4361 vel
2906 4306 3257 4361 delectatione
3286 4306 3526 4360 morbida
3554 4305 3806 4372 vincitur,

2216 4398 2297 4453 vel
2320 4397 2341 4429 ³
2366 4413 2499 4452 vana
2529 4399 2686 4453 etiam
2714 4398 2895 4453 lmtitia
2923 4398 3228 4453 ventilatur.
3252 4398 3328 4451 Ex
3361 4396 3443 4452 bis
3470 4396 3808 4462 morborum,

2217 4504 2323 4544 non
2350 4490 2628 4555 ubertatis,
2656 4490 2749 4545 sed
2778 4488 3082 4559 indigentia
3107 4500 3351 4559 tanquam
3379 4487 3612 4544 fontibus
3632 4489 3812 4544 omnis

2218 4582 2431 4636 miseria
2464 4591 2664 4636 natura:
2694 4582 2966 4637 rationalis
2992 4591 3225 4636 emanat.

2286 4673 2512 4729 CAPUT
2541 4674 2707 4729 XXV.
2738 4706 2808 4714 —
2834 4673 3008 4729 Poma
3039 4674 3253 4742 peccatis
3281 4673 3534 4745 irregataz.
3568 4672 3701 4742 Qum
3732 4682 3815 4727 ta-

2217 4782 2338 4821 men
2379 4774 2562 4821 natura
2605 4767 2655 4819 in
2688 4766 2843 4820 malis
2871 4768 2982 4821 suis
3013 4783 3117 4820 non
3148 4767 3319 4837 potuit
3358 4766 3601 4820 amittere
3642 4765 3816 4819 beati-

2217 4855 2414 4911 tudinis
2443 4856 2757 4927 appetitum.
2802 4857 2995 4910 Verum
3028 4856 3143 4911 hmc
3170 4856 3466 4911 communia
3504 4856 3644 4909 mala
3687 4868 3813 4909 sunt

2215 4958 2269 5003 ct
2293 4947 2567 5002 hominum
2598 4956 2653 5003 et
2679 4949 2988 5018 angelorum
3019 4964 3114 5018 pro
3139 4962 3231 5002 sua
3264 4947 3458 5002 malitia
3490 4946 3700 5001 Domini
3726 4947 3815 5015 juo

2214 5039 2358 5096 stitia
2400 5038 2790 5095 damnatorum.
2831 5039 2935 5095 Sed
2968 5040 3127 5094 homo
3155 5039 3316 5094 habet
3355 5049 3409 5092 ct
3443 5054 3656 5109 pmnam
3687 5056 3818 5108 pro-

2214 5133 2414 5201 priam,
2447 5148 2547 5202 qua
2578 5133 2737 5187 etiam
2777 5133 3017 5202 corporis
3048 5142 3218 5187 morte
3259 5133 3471 5202 punitus
3493 5143 3594 5186 est.
3625 5132 3817 5187 Mortis

2214 5224 2261 5278 ei
2290 5223 2484 5293 quippe
2510 5224 2823 5293 supplicium
2854 5224 2993 5278 Deus
3023 5225 3375 5278 comminatus
3401 5222 3592 5287 fuerat,
3618 5224 3662 5278 si
3689 5240 3825 5293 pec-

2214 5327 2362 5372 caret
2391 5336 2404 5370 :
2436 5318 2515 5372 sic
2550 5333 2671 5371 cum
2706 5331 2993 5371 muneraus
3030 5316 3198 5371 libero
3239 5318 3491 5383 arbitrio,
3534 5327 3589 5369 ut
3629 5328 3814 5370 tamen

2280 5427 2438 5491 'Fxliti
2460 5434 2626 5491 ,ipost,
2674 5440 2923 5491 possumus
2963 5425 3089 5477 enim
3125 5433 3172 5476 et
3205 5427 3431 5490 furendo,
3474 5426 3676 5487 addunt,
3716 5424 3814 5477 ali-

2213 5489 2407 5559 quando
2428 5488 2575 5559 alicui
2598 5488 2969 5559 prodesse;scd
2994 5488 3256 5559 superﬂuo.
3376 5558 3385 5559 ί
3483 5548 3496 5559 0

2278 5554 2298 5583 ³
2319 5561 2413 5601 Hoc
2432 5551 2537 5601 loco
2561 5548 2608 5599 in
2629 5551 2772 5600 editis
2795 5551 2976 5600 inserta
3001 5548 3106 5600 huic
3133 5559 3271 5599 erant
3295 5563 3307 5598 :
3346 5558 3444 5599 Non
3476 5548 3587 5599 ideo
3608 5553 3815 5600 menda-

2214 5613 2343 5663 riunt
2364 5613 2533 5675 poterit
2556 5612 2817 5676 aliquando
2841 5612 3053 5671 laudari,
3088 5611 3202 5676 quia
3237 5624 3573 5674 nonnunquam
3597 5624 3704 5676 pro
3724 5626 3813 5676 sa-

2213 5676 2309 5726 tute
2332 5673 2939 5739 quormndam_mentimur.
2969 5673 3227 5739 l’t‘t‘t'fllttnt
3242 5687 3362 5739 ergo
3379 5681 3465 5739 est,
3486 5676 3571 5724 sed
3598 5673 3805 5729 venialc.

2212 5733 2353 5799 quod
2379 5734 2697 5786 benevolentia
2733 5743 2951 5791 excusat.
2988 5742 3033 5785 ct
3053 5734 3162 5785 ideo
3197 5733 3393 5797 fallacia
3426 5736 3624 5784 damnat
3653 5748 3671 5785 :
3694 5750 3811 5798 qum

2213 5801 2360 5849 verba
2382 5800 2443 5847 ab
2464 5800 2685 5847 omnibus
2709 5812 2858 5860 pmpe
2882 5805 2987 5846 Mss.
3013 5800 3203 5860 absunt.

2278 5862 2296 5891 ³
2321 5862 2402 5909 ttic
2430 5871 2523 5908 Mn.
2545 5867 2614 5907 Er.
2644 5858 2755 5908 nan.
2785 5858 2891 5909 Arn.
2922 5867 2971 5909 et
2992 5858 3172 5922 aliquot
3198 5867 3298 5907 Mss.
3321 5860 3563 5917 omittunt,
3591 5860 3677 5910 rei.
