4072 6526
296 458 407 514 Eis

295 581 509 643 regeret
552 571 811 641 imperio,
851 577 1077 625 terreret
1117 570 1311 636 exitio;
1358 577 1515 639 atque
1558 568 1610 623 in
1658 567 1884 639 paradisi

296 666 551 721 felicitate
593 674 843 736 tanquam
888 664 941 718 in
970 663 1152 719 umbra
1181 664 1333 729 vitae,
1368 661 1509 718 unde
1545 662 1749 733 justitia
1787 676 1885 715 cu-

294 756 494 811 stodita
549 756 601 810 in
656 756 877 810 meliora
932 753 1347 820 conscenderet,
1397 753 1675 810 collocavit
1733 750 1883 823 (Gen.

293 848 635 919 tt,i7,15).
954 937 990 946 ³

246 924 247 927 ‘
366 940 595 996 cspur
627 939 819 994 xxw.
844 969 917 982 ..-
948 937 1146 992 Peccati
1169 936 1297 992 Adae
1330 952 1477 1008 paena
1514 936 1569 990 in
1597 943 1701 990 ιυια
1728 935 1887 1006 ipsius

290 1037 469 1106 stirpe.
503 1034 693 1089 Contra
722 1031 1047 1103 Pelagianos.
1087 1024 1223 1086 Iliae
1260 1039 1379 1101 post
1418 1038 1692 1101 peccatum
1732 1028 1883 1082 exsul

289 1125 541 1192 cIl‘ectus,
568 1124 791 1194 stirpem
816 1137 1029 1193 quoque
1053 1137 1203 1177 suam
1220 1162 1233 1187 ,
1262 1136 1420 1192 quam
1451 1119 1719 1190 peccando
1749 1120 1800 1173 in
1826 1134 1883 1174 se
1930 1119 1936 1161 έ

291 1227 552 1285 tanquam
584 1215 637 1272 in
665 1215 844 1270 radice
869 1214 1165 1279 vitiaverat,
1194 1227 1350 1283 paena
1377 1212 1562 1267 mortis
1585 1220 1639 1267 et
1663 1211 1883 1266 damna-

287 1307 457 1362 tionis
483 1308 501 1339 ¹
530 1307 813 1362 obstrinxit
837 1325 851 1361 :
881 1317 938 1362 ut
961 1306 1213 1376 quidquid
1240 1304 1405 1374 prolis
1433 1319 1499 1359 ex
1527 1302 1616 1358 illo
1645 1312 1699 1357 et
1724 1301 1881 1356 simul

285 1399 546 1454 damnata
577 1416 673 1471 per
695 1416 853 1471 quam
883 1408 1197 1471 peccaverat
1224 1398 1468 1467 conjuge,
1495 1412 1589 1468 per
1611 1395 1879 1453 carnalem

283 1492 814 1561 concupiscentiam,
856 1492 907 1547 in
939 1507 1043 1562 qua
1079 1490 1453 1545 inobedientitc
1496 1504 1652 1559 pmna
1693 1487 1881 1543 similis

284 1583 549 1636 retributa
570 1591 667 1647 est,
698 1592 1027 1648 nasceretur,
1053 1582 1286 1637 traheret
1304 1579 1559 1651 originale
1582 1588 1877 1650 peccatum,

280 1689 399 1741 quo
429 1672 729 1728 traheretur
753 1687 850 1743 per
876 1687 1088 1728 errores
1115 1671 1433 1741 doloresque
1462 1671 1700 1725 diversos
1726 1670 1790 1724 ad
1820 1670 1882 1724 iI-

281 1764 379 1818 l’nd
424 1774 721 1820 extremum
753 1779 873 1820 cum
907 1763 1269 1820 desertoribus
1306 1763 1508 1835 angelis
1547 1762 1879 1818 vitiatoribus

278 1865 339 1911 et
371 1858 771 1927 possessoribus
806 1866 860 1912 et
885 1856 1221 1913 consortibus
1248 1857 1360 1912 suis
1388 1857 1503 1912 sine
1533 1857 1636 1913 fine
1674 1856 1876 1951 suppli-

277 1949 451 2001 cium.
474 1947 564 2004 Sic
591 1965 677 2016 per
700 1966 857 2002 unum
877 1948 1129 2004 hominem
1149 1961 1407 2020 peccatum
1430 1950 1633 2003 intravit
1660 1949 1710 2003 in
1735 1947 1881 2003 mun-

277 2038 428 2102 dum,
462 2050 508 2091 et
535 2054 626 2107 per
647 2047 907 2109 peccatum
951 2057 1121 2106 mors;
1161 2049 1207 2095 et
1246 2041 1318 2094 ita
1354 2041 1407 2095 in
1444 2057 1614 2095 omnes
1654 2040 1879 2095 homines

278 2129 597 2198 pertransiit,
628 2130 682 2183 in
727 2146 828 2202 quo
857 2148 1029 2185 omnes
1056 2143 1382 2202 peccaverunt
1435 2132 1610 2203 (Rom.
1652 2149 1716 2201 ν,
1759 2132 1871 2204 ‘12).

285 2217 551 2272 .‘dundum
593 2222 794 2293 quippe
832 2229 1120 2297 appellavit
1156 2247 1224 2286 eo
1267 2232 1386 2288 loco
1415 2236 1709 2304 Apostolus
1739 2239 1862 2291 nni-

282 2324 503 2365 versum
523 2328 698 2381 genus
732 2315 1054 2376 humanum.

352 2399 579 2456 CAPUT
605 2400 821 2457 XXVII.
844 2434 916 2444 —
945 2403 1179 2459 Hominis
1212 2405 1435 2461 conditio
1468 2417 1579 2477 post
1608 2408 1734 2463 Atla:
1760 2425 1877 2479 pec-

272 2502 470 2545 catum.
536 2492 774 2551 [laminis
851 2499 1144 2569 reformatio
1214 2515 1278 2553 ea:
1339 2499 1449 2554 sola
1514 2499 1613 2554 Dei
1677 2502 1873 2556 miseri—

272 2586 474 2639 (ordia.
510 2585 583 2642 Ita
609 2605 738 2661 ergo
763 2605 823 2646 se
848 2608 935 2647 res
965 2592 1191 2648 habebat
1219 2611 1233 2648 :
1256 2593 1468 2665 jaeehat
1497 2597 1547 2649 in
1584 2597 1755 2662 malis,
1788 2598 1873 2653 vel

272 2678 444 2734 etiam
476 2683 805 2753 volvebatur,
834 2694 888 2740 et
915 2685 983 2742 de
1009 2687 1163 2742 malis
1192 2688 1243 2743 in
1274 2688 1413 2743 mala
1446 2690 1875 2760 praacipitabatur

275 2771 447 2825 totius
476 2769 690 2828 humani
727 2774 942 2845 generis
987 2791 1162 2833 massa
1204 2777 1489 2846 damnata;
1530 2791 1584 2835 et
1625 2780 1871 2851 adjuncta

272 2864 419 2930 parti
447 2879 627 2920 eorum
652 2869 740 2937 qui
768 2880 1119 2939 peccaverant
1142 2872 1469 2944 angelorum,
1494 2874 1672 2930 luebat
1697 2877 1873 2945 impia:

266 2955 599 3012 desertionis
642 2959 983 3030 dignissimas
1025 2978 1231 3034 ptenas.
1270 2964 1351 3020 Ad
1392 2965 1524 3020 iram
1555 2968 1748 3037 quippe
1776 2966 1873 3023 Dei

270 3048 513 3115 pertinet
550 3050 782 3120 justam,
826 3054 1077 3126 quidquid
1119 3072 1259 3114 cteea
1296 3067 1349 3114 et
1388 3058 1642 3114 indomita
1670 3075 1871 3114 concu-

271 3141 535 3208 piscentia
562 3142 759 3200 faciunt
788 3146 1017 3203 libenter
1043 3149 1188 3217 mali,
1218 3159 1271 3205 ct
1295 3151 1550 3222 quidquid
1575 3151 1873 3207 manifestis

265 3232 584 3303 apertisque
605 3235 626 3266 ²
666 3237 840 3304 pmnis
868 3238 1140 3308 patiuntur
1170 3240 1318 3296 inviti
1356 3260 1370 3297 :
1408 3259 1515 3297 non
1550 3259 1680 3300 sane
1705 3245 1870 3301 Crea-

268 3324 409 3377 toris
427 3323 717 3382 desistente
734 3327 971 3385 bonitate
991 3341 1044 3385 et
1064 3332 1219 3387 malis
1239 3334 1443 3404 angelis
1463 3336 1872 3395 subministrare

266 3416 439 3468 vitam
479 3417 822 3488 vivacemque
860 3423 1181 3491 potentiam,
1213 3441 1331 3495 quae
1367 3427 1788 3485 subministratio
1826 3432 1870 3486 si

263 3510 567 3579 auferatur,
598 3513 890 3570 interibunt
911 3515 965 3583 ³;
998 3527 1051 3573 et
1076 3517 1371 3588 hominum,
1395 3524 1635 3593 quamvis
1659 3523 1728 3579 de
1749 3540 1873 3596 pro-

268 3604 468 3673 pagine
498 3604 675 3660 vitiata
709 3606 1063 3679 damnataque
1102 3614 1464 3682 nascentium,
1507 3614 1740 3672 formare
1779 3632 1869 3674 se-

263 3696 419 3749 mina
446 3706 499 3752 et
526 3698 797 3767 animare,
824 3702 1072 3759 ordinare
1112 3706 1351 3761 membra
1372 3705 1415 3774 ⁸,
1449 3724 1542 3778 per
1571 3717 1869 3780 temporum

266 3811 297 3839 ςι
323 3798 482 3855 tates,
516 3806 613 3861 per
639 3792 875 3847 locorum
907 3796 1075 3864 spatia
1104 3806 1351 3867 vegetare
1380 3816 1589 3868 sensus,
1619 3802 1870 3858 alimenta

266 3883 498 3935 donare.
530 3883 715 3938 Melius
744 3887 885 3940 enim
921 3887 1179 3957 judicavit
1213 3890 1280 3946 de
1314 3893 1466 3947 malis
1494 3892 1631 3949 bene
1671 3894 1867 3963 facere,

265 3988 434 4040 quam
476 3975 612 4028 mala
655 3977 795 4032 nulla
839 3994 958 4034 csse
997 3980 1326 4050 permittere.
1370 3983 1437 4038 Et
1475 3984 1519 4038 si
1563 3984 1776 4055 quidem
1819 3988 1869 4041 in

267 4065 469 4118 melius
500 4064 775 4121 hominum
808 4071 1237 4127 reformationem
1269 4075 1467 4129 nullam
1507 4091 1724 4145 prorsus
1752 4093 1872 4135 esse

266 4158 553 4225 voluisset,
583 4160 721 4215 sicut
751 4161 1030 4231 impiorum
1060 4165 1202 4219 nulla
1229 4176 1313 4221 est
1336 4169 1665 4239 angelorum,
1693 4185 1874 4226 nonne

268 4249 469 4303 merito
494 4250 663 4314 Iicret,
690 4261 746 4305 ut
772 4261 957 4307 natura
983 4270 1100 4324 quae
1124 4256 1289 4311 Deum
1312 4257 1568 4322 deseruit,
1591 4275 1711 4330 qua:
1737 4276 1873 4330 pra:-

264 4351 491 4411 ccptum
517 4343 596 4396 sui
621 4340 909 4407 Creatoris,
934 4346 1074 4416 quod
1096 4349 1365 4405 custodire
1390 4349 1641 4408 facillime
1668 4362 1869 4423 posset,

266 4450 369 4485 sua
404 4433 543 4487 male
582 4444 739 4490 utens
777 4446 1040 4505 potestate
1078 4440 1301 4496 calcavit
1342 4450 1503 4512 atque
1544 4453 1873 4515 transgressa

267 4532 379 4586 est,
409 4539 530 4593 qua:
556 4524 608 4578 in
634 4540 693 4581 se
714 4526 795 4580 sui
817 4526 1121 4584 Conditoris
1144 4530 1427 4600 imaginem
1449 4533 1516 4587 ab
1536 4535 1654 4604 ejus
1675 4534 1875 4592 lumine

268 4616 666 4669 Contumaciter
692 4632 880 4672 aversa
908 4619 1160 4687 violavit,
1191 4637 1311 4692 qua:
1338 4623 1607 4681 salubrem
1642 4628 1873 4683 servitu-

273 4717 384 4759 Icm
434 4707 503 4759 ah
550 4708 666 4777 ejus
713 4710 917 4780 legibus
964 4714 1102 4768 male
1154 4715 1323 4771 libero
1374 4718 1587 4789 abrupit
1629 4720 1870 4786 arbitrio,

270 4798 526 4852 universa
560 4799 610 4854 in
645 4810 907 4857 mternum
937 4802 1280 4863 desereretur
1314 4809 1383 4864 ab
1421 4826 1519 4877 eo,
1551 4822 1604 4867 et
1643 4829 1739 4883 pro
1776 4830 1876 4871 suo

272 4892 471 4945 merito
500 4907 709 4962 poenam
744 4895 1001 4963 penderet
1028 4899 1449 4969 sempiternam?
1486 4904 1646 4961 Plane
1682 4907 1753 4961 ita
1793 4906 1875 4961 fa-

270 4994 459 5048 ceret,
491 4984 534 5037 si
565 4993 768 5039 tantum
794 4986 1004 5055 justus,
1038 5004 1143 5045 non
1184 4992 1345 5047 etiam
1377 4995 1683 5052 misericors
1707 5008 1870 5066 esset,

272 5076 870 5141 suamque.indcbitam
914 5081 1330 5139 misericordiam
1374 5089 1539 5143 multo
1577 5091 1875 5149 evidentius

274 5164 327 5217 in
360 5164 699 5235 indignorum
727 5170 904 5238 potius
930 5172 1244 5230 liberatione
1271 5189 1595 5237 monstraret
1617 5183 1657 5237 ⁸.

298 5361 308 5371 ⁸
341 5301 357 5331 ⁸
384 5300 457 5349 sic
478 5308 579 5349 Am.
599 5308 675 5351 Er.
700 5309 817 5353 Dan.
838 5310 891 5354 et
912 5302 1081 5367 plures
1102 5314 1209 5357 Mss.
1236 5316 1293 5360 At
1318 5316 1425 5359 Iov.
1447 5319 1499 5362 ct
1520 5322 1654 5375 Arn.,
1673 5317 1875 5369 damna-

266 5369 487 5502 mgwtllm.
513 5430 726 5502 Er._ltan.
754 5427 932 5502 etAfere
951 5442 1124 5502 omnes
1141 5439 1285 5502 ,διε-ιξ.2
1310 5435 1599 5502 apertisque.

274 5487 361 5595 ,αι
387 5486 566 5595 vluit-est
588 5495 682 5538 ass
704 5523 719 5548 ,
755 5489 1039 5553 intercidit;
1077 5492 1175 5555 vel,
1214 5486 1471 5546 intercidet
1504 5486 1527 5548 ἴ
1567 5486 1620 5551 et
1660 5503 1872 5566 quidam,

274 5562 301 5595 ΙΙ
342 5561 462 5595 εΤίἺ(
484 5563 546 5595 tm
571 5585 585 5595 .

268 5555 585 5599 murcidum.

342 5612 359 5638 "
394 5611 531 5665 mliti.
558 5617 606 5686 et
628 5610 861 5688 ordinare
884 5616 1119 5688 membra:
1146 5620 1311 5679 Abest,
1329 5624 1445 5688 et,_a
1471 5621 1718 5687 plerisque
1742 5634 1871 5688 Mm;

267 5680 429 5743 atque
464 5686 528 5722 ex
566 5672 831 5756 iis'llures
861 5679 1238 5756 post,‘ordinare
1272 5672 1527 5745 membra;
1568 5672 1872 5756 prdsequu‘u:

268 5743 352 5807 tur
390 5734 460 5806 sic
476 5748 489 5783 :
505 5734 874 5812 pter-lacerate
891 5734 1074 5812 (elatos,
1100 5756 1187 5805 per
1210 5751 1476 5812 temporum
1489 5734 1872 5812 έριίιὶιὶξῖἶίξιῖὶ-

264 5798 448 5863 εὶίξηεὲδ
470 5804 521 5845 et
547 5798 803 5855 Fulicnsis,
826 5812 911 5863 per
935 5798 1145 5853 locorum
1169 5798 1437 5858 varietates.

332 5860 353 5890 ⁸
378 5866 584 5933 Datin-us
607 5860 894 5933 auctoritate
921 5868 1364 5933 vetet-iscujusdam
1387 5872 1682 5933 exemplaris
1705 5890 1872 5928 emen-

267 5920 368 5971 dari
393 5923 518 5984 vult,
545 5936 643 5972 tum
669 5930 971 5976 utattstrarct.
1007 5920 1190 5979 sutlicit'
1219 5937 1381 5982 tame
1420 5920 1870 6004 parti'culaﬁnegaus

1718 444 1920 503 LIBER
1962 444 2159 503 UNUS.

1931 1112 1937 1139 I

3475 466 3580 523 2i6

2066 564 2290 621 CAPUT
2318 567 2415 622 XX
2427 568 2550 623 VIII.
2576 600 2643 608 —
2670 572 2722 626 9.
2761 572 2975 644 Dejectis
3002 575 3336 633 desertoribus
3360 584 3577 651 angelis,
3624 596 3632 605 '

1995 656 2164 709 caeteri
2198 656 2251 710 in
2285 658 2588 715 beatitudine
2614 662 2837 730 formati.
2868 667 3086 737 Angelis
3129 668 3285 738 igitur
3321 672 3583 741 aliquibus

1996 745 2157 816 impia
2183 749 2429 818 superbia
2460 751 2830 809 deserentibus
2858 757 3021 811 Deum
3042 800 3058 825 ,
3090 768 3143 813 et
3171 761 3224 815 in
3252 761 3406 832 hujus
3441 766 3581 819 aeris

1995 835 2155 891 imam
2195 838 2474 909 caliginem
2513 842 2581 898 de
2618 858 2845 914 superna
2886 848 3088 903 caelesti
3130 850 3454 908 habitatione
3484 854 3581 908 de-

1985 925 2178 997 jectis,
2211 929 2458 987 residuus
2487 948 2740 988 numerus
2778 937 3086 1007 angelorum
3127 938 3178 993 in
3219 949 3416 996 teterna
3458 959 3581 1000 cum

1995 1016 2104 1071 Dco
2133 1018 2460 1078 beatitudine
2495 1032 2549 1077 et
2589 1026 2867 1081 sanctitate
2896 1031 3204 1097 permansit.
3236 1032 3413 1103 Neque
3435 1037 3579 1091 enim

1992 1124 2055 1164 ex
2087 1126 2193 1164 uno
2233 1113 2422 1183 angelo
2461 1115 2608 1185 lapso
2636 1128 2795 1188 atque
2824 1119 3076 1175 damnato
3104 1126 3281 1178 cartcri
3311 1131 3579 1199 propagati

1991 1210 2141 1264 sunt,
2176 1212 2231 1257 ut
2256 1219 2352 1259 eos
2380 1206 2519 1261 sicut
2552 1206 2796 1263 homines
2826 1212 3084 1282 originale
3113 1215 3310 1270 malum
3338 1218 3582 1275 obnoxia:

1991 1293 2348 1347 successionis
2390 1296 2615 1352 vinculis
2644 1299 2935 1369 obligaret,
2966 1312 3124 1374 atque
3164 1306 3441 1363 universos
3478 1319 3582 1363 tra~

1991 1378 2143 1436 heret
2180 1383 2245 1437 ad
2275 1385 2480 1442 debitas
2510 1404 2695 1458 poenas
2724 1408 2737 1444 :
2766 1392 2860 1447 sed
2896 1408 2962 1449 eo
3000 1394 3091 1465 qui
3130 1395 3373 1452 diabolus
3412 1398 3581 1456 factus

1988 1484 2090 1539 est,
2120 1491 2239 1531 cum
2268 1480 2428 1534 sociis
2454 1481 2740 1552 impietatis
2765 1485 2925 1553 elato,
2959 1497 3012 1542 et
3037 1489 3151 1559 ipsa
3176 1490 3191 1520 ί
3221 1507 3340 1544 cum
3368 1492 3448 1545 eis
3470 1493 3581 1546 ela-

1989 1564 2134 1620 tione
2165 1577 2457 1637 prostrato,
2485 1574 2664 1627 caeteri
2694 1575 2781 1644 pia
2807 1576 3110 1634 obedientia
3141 1580 3368 1635 Domino
3396 1582 3577 1639 cohae-

1987 1668 2201 1725 serunt,
2233 1662 2555 1733 accipientes
2596 1667 2788 1736 etiam,
2819 1669 2961 1740 quod
3000 1671 3078 1726 illi
3118 1688 3225 1729 non
3259 1664 3589 1745 habuerunt,

1986 1759 2188 1804 certam
2227 1754 2501 1810 scientiam
2523 1799 2539 1825 ,
2566 1773 2669 1829 qua
2697 1769 2879 1817 essent
2918 1762 2989 1818 de
3021 1779 3119 1821 sua
3163 1767 3486 1838 sempiterna
3524 1779 3581 1827 et

1986 1855 2255 1911 nunquam
2282 1859 2467 1900 casura
2495 1848 2789 1907 stabilitate
2810 1854 3007 1909 securi.

2054 1929 2280 1990 CAPUT
2321 1934 2514 1992 XXIX.
2548 1969 2623 1980 —
2656 1939 2726 1996 In
2766 1941 2934 1998 locum
2973 1947 3269 2017 angelorum
3307 1949 3579 2024 ejectorum

1983 2025 2202 2079 succedit
2232 2043 2352 2097 pars
2376 2029 2636 2086 hominum
2655 2044 2913 2105 reparata.
2935 2035 3143 2095 Placuit
3167 2041 3344 2113 Itaque
3365 2044 3581 2099 univer'o

1984 2113 2156 2171 sitatis
2167 2118 2406 2202 Creatori
2430 2130 2592 2192 atque
2612 2124 2937 2182 moderatori
2959 2128 3090 2198 Deo,
3119 2138 3174 2185 ut
3198 2133 3448 2202 quoniam
3470 2149 3575 2189 non

1985 2212 2091 2260 tota
2122 2195 2403 2264 multitudo
2431 2212 2742 2281 angelorum
2779 2217 2943 2273 Deum
2987 2195 3283 2278 deserendo
3321 2224 3575 2293 perierat,

1982 2309 2046 2351 ea
2087 2312 2207 2368 qua:
2252 2301 2482 2370 perierat
2521 2304 2576 2359 in
2617 2317 2869 2377 perpetua
2911 2313 3214 2380 perditione
3238 2327 3574 2385 remaneret;

1980 2402 2101 2457 qua:
2125 2400 2301 2445 autem
2327 2408 2448 2448 cum
2473 2395 2583 2450 Deo
2613 2398 2700 2452 illa
2728 2400 3013 2459 descrente
3039 2407 3359 2475 perstiterat,
3387 2410 3457 2466 de
3480 2426 3575 2467 sua

1980 2480 2279 2537 certissime
2299 2486 2509 2554 cognita
2532 2502 2746 2558 semper
2772 2490 2943 2547 futura
2972 2494 3223 2553 felicitate
3239 2500 3261 2531 ⁸
3283 2500 3575 2569 gauderet:

1978 2569 2081 2624 alia
2109 2586 2238 2627 vero
2276 2586 2518 2631 creatura
2559 2580 2835 2635 rationalis
2861 2598 2979 2653 qua:
3010 2586 3061 2640 in
3095 2587 3398 2645 hominibus
3435 2600 3574 2661 erat,

1978 2664 2230 2733 quoniam
2262 2669 2495 2736 peccatis
2533 2680 2693 2741 atque
2731 2675 3004 2744 suppliciis
3045 2688 3099 2733 et
3137 2680 3483 2750 originalihus
3522 2693 3578 2739 et

1980 2756 2213 2826 propriis
2253 2768 2359 2814 tota
2390 2762 2661 2831 perierat,
2690 2780 2754 2819 ex
2786 2766 2900 2836 ejus
2926 2778 3077 2839 parte
3116 2782 3390 2841 reparata,
3432 2777 3577 2847 quod

1978 2850 2236 2919 angelicae
2267 2853 2508 2909 societati
2538 2856 2688 2910 ruina
2721 2857 2808 2912 illa
2840 2859 3099 2917 diabolica
3131 2866 3411 2932 minuerat,
3444 2883 3575 2939 sup-

1979 2941 2219 3011 pleretur
2250 2944 2293 2998 ³.
2337 2946 2450 3001 Hoc
2493 2950 2636 3003 enim
2683 2952 3001 3020 promissum
3047 2966 3127 3010 est
3174 2962 3575 3030 resurgentibus

1978 3037 2199 3102 sanctis,
2226 3036 2369 3107 quod
2393 3050 2551 3094 erunt
2572 3042 2805 3112 mquales
2823 3045 3026 3115 angelis
3052 3047 3140 3102 Dei
3173 3048 3320 3121 (Luc.
3345 3068 3436 3115 xx,
3459 3054 3574 3125 56).

1979 3124 2054 3180 Ita
2076 3142 2303 3197 superna
2326 3128 2619 3186 Jerusalem
2649 3144 2819 3188 mater
2843 3145 3042 3202 no~tra,
3071 3140 3255 3195 civitas
3278 3142 3393 3210 Dei,
3423 3124 3569 3201 nulla

1977 3217 2170 3273 civium
2205 3235 2423 3278 suorum
2447 3220 2469 3254 ⁸
2498 3226 2884 3283 numerositate
2923 3228 3288 3300 fraudabitur,
3320 3243 3412 3290 aut
3443 3237 3577 3292 ube~

1977 3309 2120 3364 riore
2144 3311 2167 3343 ³
2194 3313 2355 3367 etiam
2384 3314 2536 3385 capia
2567 3314 2793 3373 fortasse
2820 3322 3061 3389 regnabit
3090 3321 3187 3396 (α).
3217 3324 3398 3396 Neque
3430 3328 3573 3383 enim

1978 3419 2257 3460 numerum
2285 3415 2376 3461 aut
2402 3417 2705 3463 sanctorum
2735 3410 3031 3479 hominum,
3060 3426 3149 3469 aut
3177 3416 3579 3476 immundorum

1977 3496 2279 3553 daemonum
2324 3501 2603 3570 novimus,
2649 3501 2704 3557 in
2743 3521 2969 3575 quorum
3012 3507 3186 3565 locum
3227 3514 3577 3573 succedentes

1977 3586 2072 3643 ﬁlii
2102 3598 2301 3646 sancta:
2343 3593 2531 3648 matris
2556 3593 2597 3659 ⁸,
2626 3610 2746 3665 qua:
2772 3598 2970 3653 sterilis
2998 3603 3285 3671 apparebat
3314 3605 3364 3659 in
3392 3608 3572 3673 terris,

1976 3681 2030 3738 in
2058 3698 2120 3739 ea
2150 3699 2282 3755 pace
2306 3685 2374 3742 de
2400 3702 2502 3757 qua
2542 3688 2619 3743 illi
2656 3690 2995 3757 ceciderunt,
3035 3695 3151 3750 sine
3180 3697 3287 3752 ullo
3320 3701 3575 3771 temporis

1978 3776 2209 3831 termino
2234 3780 2642 3847 permanebunt.
2674 3782 2782 3839 Sed
2820 3785 3033 3840 illorum
3068 3788 3259 3842 civium
3297 3808 3571 3857 numerus,

1977 3870 2091 3924 sive
2114 3869 2204 3941 qui
2234 3880 2343 3935 est,
2375 3873 2488 3929 sive
2529 3875 2617 3945 qui
2657 3874 2869 3932 futurus
2897 3886 3008 3946 est,
3037 3879 3089 3933 in
3126 3883 3575 3951 contemptumne

1977 3969 2061 4016 cst
2084 3960 2198 4031 ejus
2224 3962 2463 4023 artiﬁcis.
2488 3966 2577 4035 qui
2601 3975 2757 4021 vocat
2786 3982 2847 4023 ea
2874 3984 2991 4039 quae
3019 3986 3123 4024 non
3152 3981 3295 4037 sunt,
3323 3982 3571 4043 tanquam

1978 4066 2041 4107 ea
2070 4069 2187 4122 quae
2214 4062 2339 4108 sunt
2369 4054 2541 4126 (Rom.
2568 4072 2645 4124 tv,
2676 4058 2802 4127 I7),
2832 4068 2992 4129 atque
3023 4061 3075 4115 in
3116 4077 3364 4117 mensura
3398 4074 3447 4119 et
3477 4080 3574 4119 nu-

1979 4159 2130 4200 mero
2159 4153 2213 4199 et
2244 4145 2481 4215 pondere
2506 4156 2698 4203 cuncta
2728 4148 2960 4219 disponit
2990 4150 3142 4226 (Sap.
3174 4169 3251 4221 xx,
3278 4152 3391 4227 21).

2052 4237 2285 4294 CAPUT
2323 4239 2496 4295 XXX.
2529 4271 2600 4282 —
2641 4240 2764 4296 Non
2806 4244 3016 4310 meritis,
3045 4262 3135 4301 nec
3173 4247 3328 4301 libero
3364 4249 3575 4304 arbitrio

1979 4333 2211 4399 reparari
2239 4330 2484 4397 homines,
2513 4331 2602 4387 sed
2629 4334 2815 4404 gratia.
2834 4332 3033 4391 Verum
3065 4335 3179 4393 haec
3200 4354 3325 4409 pars
3354 4341 3569 4411 generis

1982 4420 2219 4488 humani,
2254 4424 2335 4478 cui
2367 4424 2738 4481 liberationem
2780 4427 2921 4483 Deus
2967 4445 3295 4502 regnumque
3334 4435 3578 4503 promisit

1980 4521 2263 4582 internum,
2289 4516 2545 4587 numquid
2594 4518 2800 4573 meritis
2829 4535 3047 4588 operum
3080 4538 3296 4578 suorum
3338 4528 3575 4595 reparari

1980 4606 2196 4677 potest?
2235 4607 2408 4661 Absit.
2437 4607 2575 4674 Quid
2618 4610 2759 4663 enim
2809 4610 2936 4667 boni
2979 4627 3232 4683 operatur
3281 4618 3573 4683 perditus',

1981 4697 2083 4751 nisi
2112 4705 2368 4769 quantum
2399 4698 2559 4755 fuerit
2584 4716 2613 4754 a
2647 4701 2944 4770 perditione
2984 4702 3277 4760 liberatus?
3312 4706 3575 4778 Numquid

1982 4787 2153 4844 libero
2182 4790 2471 4845 voluntatis
2496 4791 2757 4848 arbitrio?
2808 4793 2874 4847 Et
2899 4793 3000 4849 hoc
3029 4796 3167 4851 absit
3202 4816 3214 4851 :
3257 4815 3377 4851 nam
3406 4800 3577 4854 libero

1982 4882 2202 4938 arbitrio
2228 4883 2367 4939 male
2406 4895 2564 4939 utens
2604 4884 2786 4953 homo,
2818 4896 2872 4941 et
2911 4902 2970 4942 se
3016 4888 3244 4958 perdidit
3285 4900 3338 4943 et
3379 4890 3574 4959 ipsum.

1980 5026 2094 5077 qua:
2113 5014 2337 5086 membro
2374 5016 2597 5086 proxime
2628 5016 2942 5068 antecedenti
2979 5018 3262 5083 praetigitur,
3302 5034 3467 5086 neque
3502 5024 3578 5074 hic

1981 5076 2224 5137 repetitur
2248 5076 2493 5128 iunosu'is
2513 5084 2620 5128 Mss.
2949 5076 2995 5137 ξ
3113 5076 3141 5083 ⁷
3247 5076 3258 5082 '
3386 5076 3467 5109 ’ν

2047 5134 2065 5170 ἰ
2100 5145 2287 5209 lov._ct
2309 5147 2440 5209 ιαμ-ειη
2463 5137 2574 5209 etin
2594 5139 2716 5209 ipsa.
2744 5138 2915 5197 Abest,
2940 5134 3020 5200 in,
3063 5141 3126 5190 ab
3167 5143 3391 5195 omnibus
3427 5159 3580 5209 prope

1981 5203 2087 5249 Mss.
2115 5207 2167 5248 et
2186 5204 2248 5248 ah
2273 5201 2416 5249 editis
2436 5209 2536 5249 Am.
2563 5201 2636 5250 Er.
2658 5208 2772 5250 Dan.

2048 5262 2067 5292 ³
2090 5262 2311 5371 ιῦζειριέἱιί
2344 5262 2541 5321 addunt,
2579 5277 2918 5329 securn;qu;e
2944 5281 3035 5318 vox
3074 5268 3125 5319 in
3146 5266 3432 5320 melioribus
3469 5278 3578 5322 Mss.

2048 5335 2078 5370 η
2180 5336 2227 5371 ie
2251 5336 2329 5371 ur.

1982 5334 2078 5371 non
2102 5334 2329 5372 ιωικςιυτ.

2018 5385 2068 5494 ’³
2094 5390 2159 5493 ιῗι
2183 5393 2283 5432 Am.
2307 5390 2381 5433 Er.
2408 5391 2523 5434 Dan.
2555 5391 2607 5435 et
2628 5385 2855 5453 plerique
2875 5396 2984 5441 Mss.
3008 5397 3065 5443 At
3086 5398 3197 5443 ιον.
3233 5399 3285 5444 et
3306 5398 3439 5455 Arn,
3462 5409 3580 5458 sup-

2033 5458 2115 5494 ere
2140 5481 2151 5493 .

1983 5458 2151 5507 pteret.

2046 5508 2067 5589 ί
2089 5504 2351 5589 ἕζεειηιιιιμ
2364 5506 2541 5589 cipium
2554 5511 2910 5589 numerositate,
2934 5514 3132 5589 emisso,
3154 5528 3366 5589 suorgmi.
3434 5579 3445 5589 .

2045 5570 2285 5641 {siet-tm.
2306 5576 2518 5641 εαρςιη.
2547 5578 2598 5641 et
2622 5580 2726 5641 διες.
2754 5584 2806 5641 At.
2829 5570 2936 5641 rei.
2968 5584 3021 5641 et
3043 5570 3174 5637 Ani,
3197 5579 3284 5641 sed
3308 5579 3544 5641 uberiore.

2047 5631 2067 5700 ξ
2094 5631 2228 5700 aliti,
2264 5637 2446 5700 amicta;
2484 5632 2656 5683 matris
2681 5636 2918 5700 a'rclesiw.
2947 5640 3111 5697 Abest,
3138 5631 3382 5699 Ecclesiae,
3408 5654 3436 5690 a
3472 5650 3566 5700 Mss,

2045 5694 2065 5724 "
2092 5692 2226 5751 Fditi,
2245 5692 2440 5773 operari
2460 5702 2606 5773 potest
2630 5697 2862 5773 perditus.
2879 5707 2928 5749 Al
2954 5709 3075 5761 atss.,
3098 5692 3323 5773 operatur
3334 5692 3577 5773 perditus".

2046 5706 2061 5724 1
2092 5706 2226 5751 mm,
2245 5706 2862 5807 operawtestfei'rtttias.
2879 5707 2928 5749 Al
2954 5709 3075 5761 atss.,
3098 5708 3323 5762 operatur
3334 5706 3577 5773 perditus.

1984 5762 2139 5833 atque
2186 5755 2367 5833 gadiis;
2414 5757 2581 5833 mices
2607 5821 2617 5830 .
2650 5774 2785 5831 eccm
2828 5770 3204 5833 jrosequunltur,
3248 5763 3342 5833 nis:
3386 5767 3580 5833 quando

1979 5817 2142 5889 fucriL
2186 5823 2314 5889 Unus
2344 5831 2374 5867 e
2414 5820 2664 5889 Vaticanis,
2690 5819 2784 5889 nisi
2801 5817 3002 5889 quando
3042 5824 3114 5873 rel
3156 5817 3576 5889 quantmn'fucrit.

1982 5878 2249 5949 I’lut'esque
2281 5878 2703 5949 hieoLlilgeratns;
2739 5878 2935 5945 habent,
2963 5878 3232 5949 reparatas.

2046 5943 2120 6003 (α)
2155 5942 2254 5992 vid.
2282 5942 2365 5993 lib.
2392 5943 2453 5993 ‘22
2473 5943 2536 5993 de
2559 5946 2691 5996 civit.
2719 5948 2818 6006 Dei,
2840 5942 2945 6010 mp.
2978 5948 3019 5996 t.
