4072 6520
578 443 674 495 231

581 556 778 611 unitate
816 568 1079 626 persona},
1117 554 1347 610 01111001
1388 556 1500 624 ipse
1546 564 1690 611 esset
1732 554 1891 610 etiam
1935 552 2165 607 hominis

576 650 733 701 ﬁlius.

644 737 868 793 CAPUT
900 738 1159 793 XXXVII.
1184 768 1253 779 —-
1279 737 1532 793 Nalivitas
1558 737 1744 793 Christi
1770 755 1827 793 eo
1853 737 1989 809 quod
2007 747 2079 791 est
2103 738 2166 792 de

575 830 773 895 Spiritu
826 840 1039 894 sancto,
1097 832 1313 900 gratiam
1366 830 1692 884 demonstrat.
1745 830 1886 883 Idem
1936 845 2164 900 namque

570 921 726 975 .Icsus
755 922 1002 976 Christus
1031 922 1197 976 Filius
1228 922 1318 977 Dei
1345 922 1678 992 unigenitus,
1713 921 1763 975 id
1796 922 1813 952 ¹
1844 930 1926 975 081
1951 921 2159 983 unicus.

572 1015 828 1069 Dominus
854 1026 1056 1081 noster,
1082 1026 1236 1070 natus
1258 1014 1428 1070 estde
1453 1016 1652 1085 Spiritu
1678 1024 1862 1070 sancto
1883 1026 1935 1068 et
1959 1015 2161 1085 virgine

568 1106 750 1160 Maria.
778 1107 841 1161 Et
863 1108 1045 1178 utique
1068 1106 1294 1177 Spiritus
1320 1117 1535 1161 sanctus
1561 1106 1649 1161 Dei
1671 1105 1867 1160 donum
1894 1114 1995 1171 est,
2019 1104 2159 1174 quod

567 1197 783 1267 quidem
819 1207 873 1253 et
904 1198 1077 1268 ipsum
1105 1206 1183 1252 est
1220 1198 1424 1268 arquale
1465 1197 1723 1252 donanti:
1756 1205 1810 1250 et
1850 1195 1969 1250 ideo
2018 1195 2159 1251 Deus

567 1300 648 1342 est
679 1292 836 1343 etiam
861 1288 1089 1360 Spiritus
1111 1300 1345 1355 sanctus,
1382 1290 1538 1345 Patre
1563 1287 1804 1358 Filioque
1832 1304 1935 1342 non
1961 1288 2154 1342 minor.

570 1383 645 1436 Ex
693 1382 794 1438 hoc
836 1400 961 1453 ergo
995 1383 1134 1453 quod
1180 1382 1247 1438 de
1277 1383 1476 1451 Spiritu
1518 1390 1702 1437 sancto
1742 1390 1823 1435 est
1862 1379 2156 1435 secundum

569 1474 835 1530 hominem
878 1478 1120 1530 uativitas
1168 1476 1405 1541 Christi,
1461 1475 1587 1546 quid
1636 1475 1777 1529 aliud
1833 1490 1990 1545 quam
2042 1474 2155 1543 ipsa

565 1566 730 1631 gratia
761 1570 1193 1622 demonstratur?
1222 1567 1352 1623 Cum
1382 1569 1523 1622 enim
1554 1568 1699 1637 virgo
1728 1567 2061 1637 qumsivisset
2088 1567 2157 1621 ab

562 1661 773 1728 angelo,
802 1660 1069 1729 quomodo
1092 1662 1142 1715 id
1173 1662 1321 1716 ﬁeret
1349 1660 1488 1732 quod
1517 1660 1564 1715 ei
1589 1660 1887 1724 nuntiabat,
1910 1659 2154 1729 quando-

561 1750 775 1817 quidem
806 1753 893 1806 illa
926 1754 1095 1807 virum
1124 1768 1230 1807 non
1259 1761 1639 1820 cognosceret;
1672 1751 1947 1821 respondit
1976 1752 2149 1821 Ange-

564 1843 674 1896 lus:
701 1843 926 1911 Spiritus
952 1855 1152 1899 sanctus
1173 1846 1483 1913 superveniet
1506 1845 1557 1897 in
1581 1855 1645 1908 te,
1670 1854 1715 1897 et
1738 1844 1893 1897 virtus
1910 1842 2155 1897 Altissimi

561 1934 872 1987 obumbrabit
894 1936 1014 1999 tibi;
1039 1936 1247 2007 ideoque
1271 1947 1314 1989 ct
1340 1935 1474 2006 quod
1502 1944 1729 1988 nascetur
1754 1951 1817 1987 ea:
1838 1944 1883 1988 te
1901 1942 2149 1999 sanctum,

560 2024 817 2079 vocabitur
833 2025 999 2081 Filius
1030 2026 1125 2081 Dei
1149 2026 1356 2096 (Luat,
1391 2027 1500 2098 55).
1525 2027 1589 2080 Et
1613 2026 1809 2096 Joseph
1847 2040 1968 2079 cum
1996 2023 2154 2079 vellet

560 2130 679 2168 eam
727 2114 1013 2179 dimittere,
1059 2116 1357 2186 suspicatus
1394 2117 1711 2181 adulteram,
1753 2131 1910 2186 quam
1951 2114 2152 2169 sciebat

560 2206 750 2260 nonde
767 2224 823 2261 80
838 2190 1129 2277 gravidam,
1157 2209 1259 2264 tale
1281 2225 1594 2278 responsum
1617 2209 1684 2263 ab
1703 2209 1892 2279 angelo
1911 2209 2114 2278 accepit
2134 2225 2147 2261 :

563 2296 690 2351 Noli
733 2300 905 2354 timere
945 2302 1171 2372 accipere
1214 2301 1436 2355 Mariam
1483 2304 1747 2374 conjugem
1792 2314 1972 2366 tuam;
2015 2301 2151 2373 quod

557 2397 689 2448 enim
706 2397 756 2450 in
778 2414 835 2451 ea
852 2406 1024 2451 natum
1043 2406 1133 2464 est,
1156 2394 1220 2453 de
1241 2394 1441 2463 Spiritu
1460 2405 1633 2452 sancto
1653 2405 1723 2448 est
1742 2393 1823 2465 (Μ
1826 2395 1953 2449 all/8.
1976 2412 2013 2460 1,
2030 2394 2144 2466 20):

558 2485 609 2538 id
635 2496 744 2552 est,
767 2488 906 2557 quod
936 2497 987 2541 tu
1017 2505 1134 2543 esse
1162 2489 1228 2543 de
1249 2490 1353 2543 alio
1380 2490 1491 2545 viro
1516 2486 1823 2559 suspicaris,
1855 2484 1922 2545 de
1945 2483 2147 2561 Spiritu

555 2586 741 2631 sancto
771 2589 870 2631 est.

628 2669 852 2727 CAPUT
890 2672 1176 2727 XXXVIII.
1200 2704 1271 2715 -
1296 2673 1381 2728 12.
1412 2671 1639 2728 Christus
1665 2674 1728 2728 de
1753 2673 1951 2743 Spiritu
1971 2682 2146 2728 sancto

553 2778 653 2815 non
700 2771 755 2814 ut
797 2762 860 2815 de
898 2773 1041 2831 patre
1079 2773 1260 2826 natus,
1305 2763 1395 2817 sed
1439 2762 1503 2818 de
1551 2762 1722 2817 Maria
1769 2774 1824 2817 ut
1864 2764 1927 2818 de
1964 2774 2143 2817 matre.

554 2855 816 2922 Numquid
857 2864 1031 2909 tamen
1070 2856 1188 2910 ideo
1222 2856 1413 2909 dicturi
1448 2871 1632 2910 sumus
1670 2865 1872 2925 patrem
1916 2856 2147 2911 hominis

553 2947 749 3000 (Ihristi
773 2960 893 3000 esse
920 2946 1171 3014 Spiritum
1196 2957 1462 3013 sanctum,
1488 2956 1545 3000 ut
1572 2947 1708 3002 Deus
1731 2947 1889 3001 Pater
1911 2947 2143 3002 Verbum

551 3036 829 3104 genuerit,
857 3034 1088 3103 Spiritus
1117 3047 1333 3089 sanctus
1364 3035 1637 3091 hominem
1657 3078 1671 3100 ,
1701 3053 1765 3091 ex
1792 3053 1894 3107 qua
1920 3045 2145 3107 utraque

555 3127 849 3180 substantia
889 3126 1132 3181 Christus
1171 3143 1307 3181 unus
1348 3136 1507 3193 esset,
1552 3137 1605 3183 et
1646 3129 1738 3183 Dei
1788 3130 1958 3185 Patris
2004 3130 2144 3185 ﬁlius

554 3218 844 3273 secundum
876 3219 1126 3285 Verbum,
1158 3229 1212 3273 et
1234 3220 1461 3289 Spiritus
1487 3222 1653 3275 sancti
1684 3222 1824 3277 ﬁlius
1846 3223 2141 3278 secundum

555 3311 822 3389 hominem
849 3328 863 3377 ;
887 3313 1025 3381 quod
1048 3329 1169 3367 eum
1192 3313 1417 3383 Spiritus
1437 3324 1651 3369 sanctus
1676 3317 1695 3346 ²
1720 3324 1967 3386 tanquam
1996 3326 2145 3387 pater

552 3403 667 3469 ejus
693 3403 760 3457 de
786 3414 957 3458 matre
990 3404 1190 3475 virgine
1217 3406 1532 3475 genuisset?
1559 3406 1688 3475 Quis
1720 3408 1819 3463 hoc
1845 3409 2027 3465 dicere
2050 3426 2143 3465 au-

551 3493 671 3547 dehi
706 3494 729 3546 ?
758 3493 865 3547 Nec
890 3510 1022 3562 Opus
1051 3504 1134 3550 est
1161 3497 1445 3551 ostendere
1476 3496 1794 3567 disputando
1822 3510 2017 3569 quanta
2040 3501 2141 3555 alia

551 3596 841 3654 sequantur
864 3586 1089 3640 absurda
1112 3628 1127 3651 ,
1155 3602 1275 3641 cum
1307 3588 1407 3643 hoc
1434 3588 1605 3658 ipsum
1630 3590 1738 3656 jam
1768 3592 1836 3645 ita
1859 3592 2141 3647 811011801-

550 3676 696 3741 dum,
750 3685 806 3729 ut
854 3677 1009 3730 null:e
1059 3677 1242 3732 ﬁdeles
1291 3695 1447 3734 aures
1492 3680 1542 3734 id
1594 3682 1802 3737 valeant
1853 3684 2137 3739 sustinere.

553 3768 813 3833 Proinde,
866 3769 1004 3824 sicut
1046 3772 1398 3839 confitemur,
1449 3772 1705 3828 Dominus
1755 3784 1935 3829 noster
1983 3775 2141 3832 Jesus

548 3857 813 3924 Christus,
846 3860 933 3930 qui
962 3859 1029 3915 de
1053 3860 1163 3915 Deo
1193 3861 1367 3929 Deus,
1400 3862 1559 3918 homo
1584 3874 1759 3919 autem
1785 3875 1941 3920 natus
1964 3876 2045 3921 est
2073 3868 2141 3923 de

548 3952 746 4018 Spiritu
775 3963 960 4009 sancto
994 3962 1047 4009 et
1082 3954 1285 4026 virgine
1311 3956 1468 4011 Maria
1489 4000 1504 4023 ,
1539 3968 1762 4027 utraque
1802 3960 2096 4015 substantia
2121 4003 2137 4029 ,

547 4041 722 4094 divina
767 4043 972 4098 80111001
1009 4054 1168 4114 atque
1200 4046 1449 4114 lnunana,
1498 4048 1663 4103 Filius
1702 4060 1784 4104 est
1827 4053 2014 4105 unicus
2043 4052 2137 4107 Dei

546 4120 717 4187 Patris
738 4136 1136 4205 omnipotentis.
1169 4138 1235 4193 de
1256 4156 1361 4207 quo
1385 4141 1620 4208 procedit
1642 4141 1871 4210 Spiritus
1895 4152 2134 4198 sanctus.

547 4226 826 4289 Quomodo
858 4241 986 4295 ergo
1028 4227 1253 4283 dicimus
1280 4228 1552 4284 Clnistnm
1595 4242 1776 4286 uatum
1820 4233 1888 4288 de
1938 4233 2139 4303 Spiritu

548 4326 767 4378 sancto,
818 4316 861 4369 si
915 4331 1021 4369 non
1073 4333 1195 4372 eum
1247 4321 1431 4387 genuit
1479 4320 1709 4391 Spiritus
1756 4325 2010 4378 sanctus?
2054 4326 2137 4380 An

548 4405 668 4472 quia
727 4404 850 4458 fecit
900 4407 1068 4460 eum?
1119 4408 1381 4473 Quoniam
1438 4409 1696 4465 Dominus
1754 4423 1936 4468 noster
1983 4414 2139 4470 Jesus

546 4494 790 4550 Christus
823 4497 874 4550 in
903 4508 1154 4566 quantum
1182 4498 1320 4553 Deus
1347 4509 1448 4565 est,
1477 4502 1647 4555 omnia
1676 4518 1767 4571 per
1792 4504 1961 4573 ipsum
2003 4508 2141 4577 facta

546 4596 663 4639 sunt
694 4585 868 4657 (Joan.
902 4603 951 4651 1,
985 4588 1079 4658 5);
1111 4588 1162 4642 111
1202 4599 1458 4660 quantum
1498 4601 1675 4648 autem
1720 4593 1882 4650 homo
1922 4606 2040 4663 est,
2084 4607 2140 4655 et

548 4675 660 4745 ipse
700 4678 867 4732 lactus
910 4689 1010 4745 est,
1038 4680 1176 4734 sicut
1203 4684 1491 4751 Apostolus
1531 4685 1697 4742 dicit:
1747 4687 1939 4745 Factus
1968 4700 2041 4745 est
2074 4708 2140 4747 ea:

543 4771 733 4825 semine
764 4770 931 4824 David
952 4775 1225 4827 secundum
1250 4792 1454 4830 carnem
1485 4778 1661 4849 (Rom.
1691 4797 1744 4846 ι,
1773 4784 1849 4853 5).
1879 4783 1985 4839 Sed
2014 4801 2136 4841 cum

544 4863 687 4917 illam
736 4875 1035 4919 creaturam
1080 4882 1237 4936 quam
1286 4866 1449 4938 Virgo
1500 4873 1748 4943 concepit
1789 4882 1846 4930 et
1892 4877 2133 4946 peperit,

542 4956 787 5021 quamvis
811 4955 878 5009 ad
912 4956 1080 5010 solam
1120 4974 1402 5028 personam
1435 4959 1556 5016 Filii
1600 4965 1953 5037 pertinentem
1978 5009 1993 5034 ,
2027 4977 2135 5025 tota

541 5043 774 5103 Trinitas
802 5047 1025 5116 fecerit;
1059 5067 1230 5122 neque
1269 5054 1411 5108 enim
1452 5056 1769 5132 separabilia
1806 5069 1931 5114 sunt
1972 5076 2135 5132 opera

552 5071 774 5103 nuntias
802 5071 1025 5116 1000111;
1059 5071 1230 5122 neque
1269 5071 1411 5108 enim
1452 5071 1509 5109 se
1550 5071 1769 5112 arauttla
1806 5071 1931 5114 sunt
1972 5076 2135 5132 opera

545 5135 847 5202 Trinitatis;
879 5156 976 5198 cur
1014 5142 1065 5195 in
1091 5158 1153 5197 ea
1182 5142 1422 5198 facienda
1463 5071 1610 5201 801118
1647 5146 1879 5217 Spiritus
1921 5162 2138 5210 sanctus

545 5230 845 5283 tunuinatus
885 5233 1005 5286 est?
1042 5237 1123 5288 An
1153 5246 1207 5290 et
1248 5237 1461 5306 quando
1491 5254 1630 5293 unus
1677 5241 1838 5295 trium
1867 5242 1921 5296 in
1959 5245 2137 5315 aliquo

545 5332 706 5384 opere
732 5321 1035 5375 nominatur
1054 5366 1068 5389 ,
1098 5328 1341 5382 universa
1369 5331 1581 5398 operari
1617 5330 1851 5387 Trinitas
1877 5333 2132 5406 intelligi-

547 5409 671 5460 tur?
705 5409 775 5461 Ita
809 5426 934 5462 vero
960 5422 1060 5476 est,
1087 5424 1139 5468 et
1167 5419 1426 5488 exemplis
1455 5421 1634 5477 doceri
1669 5433 1860 5492 potest.
1891 5425 1995 5481 Sed
2026 5444 2132 5483 non

544 5510 625 5552 est
653 5500 707 5553 in
754 5500 855 5555 hoc
898 5502 1094 5557 diutius
1134 5506 1542 5567 immorandum.
1592 5515 1725 5571 Illud
1765 5518 1907 5573 enim
1958 5532 2137 5576 movet

543 5700 628 5808 ut
651 5699 724 5747 sic
754 5696 920 5760 jlures
952 5706 1055 5749 Mss.
1096 5715 1206 5751 cum
1232 5712 1327 5752 Am.
1356 5711 1429 5754 t'r.
1473 5718 1521 5757 01
1547 5718 1660 5759 nan.
1688 5721 1743 5764 At
1775 5721 1885 5767 Lov.
1913 5726 1965 5768 et
2002 5730 2135 5782 Arn.,

598 5773 689 5808 em.

598 5773 689 5809 em.

609 5824 627 5851 ι
649 5822 797 5891 101111,
831 5823 957 5885 quod
982 5824 1120 5887 quasi
1143 5838 1251 5875 cum
1274 5825 1475 5889 Spiritus
1493 5838 1699 5885 sanctus.
1720 5844 1838 5899 Vox,
1863 5842 2016 5905 quasi,
2043 5856 2134 5896 non

543 5891 621 5932 εει
646 5898 691 5931 III
720 5892 819 5934 “SS.

1080 438 1533 503 ENCIIIRIDION,
1575 436 1727 493 SIVE
1769 437 1854 491 DE
1895 438 2069 503 FIDE,
2110 438 2144 494 S

2277 438 2364 493 ET
2405 444 2821 518 0111011110,
2863 453 2921 507 8.
2964 455 3332 513 .wcusrm

3762 462 3863 517 25)

2274 559 2539 617 qnnmodo
2580 562 2780 619 dictum
2820 566 2904 631 sit,
2951 566 3115 625 Natus
3153 570 3221 626 de
3248 573 3445 641 Spiritu
3485 585 3699 639 sancto,
3740 592 3858 633 cum

2275 648 2411 703 111108
2436 651 2580 704 00110
2609 654 2767 708 1110110
2794 656 2863 711 sit
2883 656 3109 728 Spiritus
3138 664 3327 717 sancti.
3354 665 3535 735 Neque
3559 668 3708 721 enim
3740 671 3859 738 quia

2272 741 2523 798 mundum
2548 745 2705 800 istum
2731 747 2852 803 fecit
2875 750 3036 818 Deus,
3059 752 3161 807 dici
3185 770 3305 809 eum
3334 755 3411 811 fas
3432 766 3515 811 est
3544 758 3639 811 Dei
3668 759 3853 824 ﬁlium,

2269 842 2360 886 aut
2386 849 2506 888 cum
2534 845 2713 891 natum
2741 839 2807 893 110
2831 841 2971 906 Deo;
3001 843 3094 898 sed
3126 843 3341 913 factum,
3370 848 3452 902 vel
3484 860 3754 913 creatura,
3783 854 3861 907 vel

2268 925 2557 993 conditum,
2583 929 2666 983 vel
2689 930 2986 988 institutum
3007 935 3074 989 ab
3097 936 3207 1002 illo,
3229 938 3311 992 vel
3333 939 3377 992 si
3399 941 3526 1009 quid
3548 941 3857 1009 lmjusmodi

2267 1024 2411 1071 recte
2442 1033 2723 1087 possumus
2763 1023 2961 1080 dicere.
3003 1026 3102 1082 llic
3140 1044 3288 1099 ergo,
3336 1046 3457 1085 cum
3503 1034 3857 1091 conﬁteamur

2267 1115 2446 1161 natum
2475 1108 2540 1164 de
2572 1110 2767 1180 Spiritu
2807 1123 2992 1170 sancto
3026 1126 3078 1171 et
3116 1118 3319 1189 virgine
3362 1121 3549 1188 Maria,
3588 1127 3857 1195 quomodo

2264 1212 2372 1253 non
2419 1199 2488 1254 sit
2530 1200 2669 1256 ﬁlius
2716 1203 2943 1273 Spiritus
2980 1209 3185 1275 sancti,
3230 1221 3285 1265 et
3335 1213 3404 1267 sit
3448 1214 3593 1269 ﬁlius
3637 1218 3858 1287 virginis

2264 1289 2442 1345 Mariae
2462 1333 2475 1354 ,
2504 1308 2623 1347 cum
2654 1304 2706 1349 et
2736 1295 2802 1350 de
2833 1298 2928 1352 illo
2972 1310 3026 1355 et
3053 1300 3121 1355 de
3147 1302 3231 1356 illa
3263 1304 3331 1358 sit
3360 1316 3517 1361 natus
3538 1349 3554 1372 ,
3588 1311 3856 1377 expliCare

2262 1381 2473 1439 difﬁcile
2497 1394 2597 1439 est.
2622 1386 2812 1442 Procul
2840 1389 3002 1444 dubio
3028 1393 3225 1463 quippe
3254 1412 3359 1449 11011
3389 1398 3466 1451 810
3489 1399 3559 1453 de
3591 1401 3685 1454 illo
3714 1411 3769 1454 ut
3791 1402 3853 1457 (10

2260 1482 2431 1543 patre,
2463 1476 2539 1531 sic
2567 1487 2741 1532 autem
2767 1478 2833 1533 110
2860 1481 2946 1535 1110
2975 1492 3031 1536 ut
3062 1482 3129 1539 de
3156 1495 3323 1540 matre
3349 1497 3504 1543 natus
3528 1500 3635 1544 est.

2331 1565 2554 1623 CAPUT
2583 1568 3023 1627 XXXIX.—Non
3048 1576 3295 1646 quidquid
3318 1594 3381 1633 ea:
3405 1580 3580 1649 aliquo
3606 1584 3850 1649 nascitur,

2259 1658 2367 1727 ejus
2388 1659 2524 1727 ﬁlius
2551 1660 2811 1715 dicendus.
2840 1662 2953 1718 Non
2983 1663 3142 1735 igitur
3170 1668 3572 1725 concedendum
3594 1682 3683 1727 est
3702 1675 3853 1743 quid-

2258 1749 2383 1817 quid
2432 1749 2500 1804 de
2548 1750 2723 1821 aliqua
2770 1769 2829 1809 re
2874 1756 3130 1824 nascitur,
3181 1760 3435 1815 continuo
3486 1763 3730 1831 ejusdem
3778 1766 3853 1819 rei

2259 1842 2424 1896 ﬁlium
2456 1847 2885 1915 nuncupandum.
2927 1848 2995 1905 Ut
3035 1850 3178 1905 enim
3206 1853 3443 1907 omittam
3472 1856 3632 1911 aliter
3660 1857 3730 1913 de
3760 1857 3852 1912 110-

2256 1935 2399 1990 mine
2430 1938 2574 1990 nasei
2602 1938 2791 2005 ﬁlium,
2823 1941 2978 1997 aliter
3005 1944 3276 2013 capillum,
3315 1946 3616 2015 pediculum
3643 1951 3683 2016 ¹,
3714 1951 3851 2006 lum-

2254 2024 2479 2093 bricum,
2502 2046 2727 2100 quorum
2749 2033 2879 2088 nihil
2902 2045 2983 2089 est
3008 2036 3146 2091 ﬁlius
3170 2056 3184 2092 :
3215 2047 3275 2092 ut
3293 2054 3421 2111 ergo
3442 2043 3559 2098 11ωο
3582 2047 3847 2113 omittam,

2254 2120 2502 2189 quoniam
2526 2130 2685 2178 tanta:
2712 2124 2789 2180 rei
2811 2124 3123 2183 deformiter
3147 2114 3556 2201 comparantur;
3587 2146 3736 2191 certe
3762 2138 3849 2208 qui

2254 2224 2546 2268 nascuntur
2569 2232 2634 2270 ex
2662 2232 2797 2288 aqua
2825 2228 2878 2275 et
2902 2220 3102 2290 Spiritu
3136 2234 3323 2281 sancto
3341 2268 3357 2293 ,
3392 2242 3496 2282 non
3524 2242 3680 2299 aqua:
3711 2232 3848 2287 ﬁlios

2252 2316 2347 2357 eos
2375 2303 2473 2359 rite
2500 2306 2691 2361 dixerit
2717 2309 2977 2379 quispiam
3004 2329 3017 2366 :
3052 2313 3144 2368 sed
3174 2316 3325 2384 plane
3353 2318 3610 2375 dicuntur
3631 2321 3727 2377 ﬁlii
3760 2324 3845 2378 Dei

2252 2391 2426 2450 Patris
2454 2407 2507 2451 et
2537 2400 2721 2454 matris
2752 2402 3023 2457 Ecclesia.
3055 2403 3142 2460 Sic
3172 2423 3299 2477 ergo
3328 2410 3394 2463 de
3433 2409 3635 2480 Spiritu
3661 2424 3847 2471 saneto

2250 2496 2407 2542 natus
2432 2498 2513 2543 est
2544 2490 2682 2547 ﬁlius
2716 2494 2806 2549 Dei
2839 2495 3026 2560 Patris,
3063 2514 3167 2552 nun
3211 2499 3442 2570 Spiritus
3471 2507 3667 2561 sancti.
3714 2509 3843 2564 Nam

2247 2587 2305 2635 et
2332 2578 2457 2637 illud
2482 2582 2625 2655 quod
2650 2583 2717 2642 de
2742 2587 2937 2660 capillo
2963 2589 3103 2644 etde
3129 2593 3341 2655 (ueteris
3366 2593 3620 2663 diximus,
3647 2598 3715 2654 ad
3744 2600 3844 2657 hoc

2251 2680 2452 2728 tantum
2497 2676 2654 2740 valet,
2694 2688 2751 2733 ut
2797 2680 3181 2738 admoneamur
3226 2700 3332 2742 non
3377 2700 3538 2743 omne
3576 2691 3737 2760 quod
3779 2692 3843 2749 de

2248 2766 2426 2837 aliquo
2466 2769 2734 2837 nascitur,
2774 2775 2935 2829 etiam
2983 2775 3148 2831 ﬁlimn
3188 2779 3307 2849 ejus
3344 2781 3415 2836 de
3460 2797 3568 2853 quo
3610 2786 3844 2843 nascitur

2249 2871 2406 2926 posse
2426 2859 2548 2914 diei.
2576 2861 2721 2916 Sicut
2745 2879 2848 2917 non
2873 2880 3059 2922 omnes
3086 2870 3173 2938 qui
3197 2870 3449 2927 dicuntur
3474 2874 3705 2945 alicujus
3726 2878 3838 2946 ﬁlii,

2247 2961 2579 3017 consequens
2611 2961 2689 3005 est
2719 2961 2775 3006 ut
2815 2954 2881 3009 de
2908 2955 2997 3010 illo
3032 2960 3190 3012 etiam
3237 2961 3347 3015 nati
3390 2978 3511 3017 esse
3555 2965 3839 3036 dicantur;

2247 3036 2384 3092 sicut
2399 3042 2969 3113 suntquiadopumtur.
2995 3048 3419 3132 Dicuntureliam
3440 3056 3528 3109 lilii
3546 3058 3838 3126 geltennx,

2246 3144 2352 3183 non
2373 3146 2437 3184 ex
2466 3132 2554 3185 illa
2578 3135 2708 3203 nati,
2733 3136 2827 3191 sed
2849 3138 2901 3192 in
2926 3140 3064 3195 illum
3094 3146 3395 3213 pra-parati,
3420 3148 3560 3203 sicut
3578 3151 3673 3205 ﬁlii
3700 3156 3842 3224 regni

2246 3224 2334 3293 qui
2365 3226 2385 3256 ¹
2410 3240 2774 3296 praeparantur
2800 3231 2851 3285 111
2879 3249 3123 3303 regnum.

2316 3316 2541 3374 CAPUT
2582 3320 2691 3375 XL.
2723 3353 2795 3362 —
2821 3324 3008 3380 Modus
3045 3346 3143 3398 quo
3183 3342 3331 3387 natus
3377 3343 3449 3389 est
3497 3336 3733 3393 Christus
3781 3343 3840 3396 de

2247 3404 2444 3474 Spiritu
2471 3422 2675 3477 sancto,
2707 3412 2927 3469 insinuat
2968 3420 3183 3487 gratiam
3232 3424 3436 3479 unionis
3487 3426 3839 3499 [typostaticm

2247 3498 2377 3552 Cum
2410 3501 2587 3572 itaque
2624 3504 2691 3559 de
2722 3506 2900 3576 aliquo
2926 3522 3173 3566 nascatur
3203 3515 3402 3584 aliquid
3443 3519 3605 3574 etiam
3640 3538 3749 3577 non
3778 3540 3841 3579 eo

2246 3591 2407 3648 modo
2454 3603 2511 3648 ut
2555 3597 2626 3650 sit
2672 3597 2848 3667 ﬁlius,
2899 3618 2997 3657 nec
3043 3620 3229 3661 rursus
3280 3608 3457 3664 omnis
3504 3612 3596 3682 qui
3648 3615 3842 3671 dicitur

2247 3681 2419 3750 ﬁlius,
2465 3684 2532 3740 de
2579 3686 2669 3742 illo
2718 3690 2787 3743 sit
2832 3702 2988 3747 natus
3032 3695 3183 3764 cujus
3228 3698 3423 3754 dicitur
3473 3681 3656 3771 ﬁlius;
3716 3723 3839 3776 pro~

2246 3776 2383 3831 fecto
2428 3770 2617 3835 modus
2652 3782 2753 3839 iste
2792 3800 2899 3855 quo
2944 3797 3099 3844 natus
3133 3802 3214 3844 est
3247 3792 3489 3851 Christus
3528 3797 3598 3852 de
3639 3800 3838 3868 Spiritu

2245 3879 2429 3923 sancto
2458 3886 2560 3925 non
2583 3873 2720 3928 sicut
2740 3874 2900 3941 ﬁlius,
2929 3889 2981 3932 et
3006 3879 3073 3935 de
3094 3881 3252 3935 Maria
3277 3885 3483 3955 virgine
3508 3888 3650 3943 sicut
3681 3892 3835 3959 ﬁlius,

2245 3958 2477 4015 insinuat
2503 3964 2655 4019 nobis
2684 3968 2907 4033 gratiam
2947 3970 3075 4035 Dei,
3104 3989 3204 4043 qua
3235 3974 3397 4029 1101110
3440 3980 3603 4033 nullis
3636 3998 3839 4049 pra-ce-

2244 4050 2491 4109 dentibus
2514 4055 2739 4123 01011118,
2765 4057 2816 4111 111
2842 4060 2957 4129 ipso
2978 4064 3199 4118 exordio
3230 4075 3435 4122 natura:
3457 4085 3568 4124 811ςο
3591 4088 3701 4142 quo
3724 4090 3839 4129 esse

2244 4142 2423 4210 C(Bpil,
2472 4144 2640 4200 Verbo
2685 4148 2794 4203 Deo
2821 4148 2843 4181 ³
2885 4153 3226 4221 e0pularetur
3255 4156 3307 4210 in
3349 4165 3548 4213 tantam
3599 4179 3837 4229 persona":

2244 4234 2497 4290 unitatem
2521 4279 2535 4303 ,
2558 4250 2616 4292 ut
2637 4239 2776 4295 idem
2800 4242 2912 4313 ipse
2940 4255 3082 4300 esset
3104 4247 3243 4303 ﬁlius
3272 4249 3362 4304 Dei
3385 4254 3472 4321 qui
3501 4253 3642 4307 ﬁlius
3670 4255 3842 4311 homi-

2243 4329 2347 4395 nis,
2378 4339 2431 4384 et
2455 4331 2596 4388 ﬁlius
2623 4333 2854 4391 hominis
2884 4339 2972 4407 qui
3005 4339 3142 4395 ﬁlius
3176 4343 3310 4398 Dei:
3339 4360 3401 4399 ac
3426 4347 3505 4401 sic
3532 4347 3586 4400 in
3635 4362 3838 4405 natura:

2243 4416 2489 4474 humana:
2526 4424 2863 4494 susceptione
2892 4428 3042 4483 ﬁeret
3068 4432 3299 4501 quodam
3335 4436 3498 4490 modo
3526 4438 3641 4506 ipsa
3672 4442 3834 4510 gratia

2243 4509 2317 4591 illi
2347 4512 2543 4567 homini
2576 4519 2831 4572 naturalis
2854 4561 2868 4583 ,
2900 4536 2970 4590 qu
2991 4541 3018 4573 l‘
3049 4522 3071 4553 δ
3102 4525 3304 4579 nullum
3348 4540 3627 4596 peccatum
3664 4545 3838 4601 posset

2240 4582 2543 4659 admittere.
2569 4606 2697 4671 Qum
2715 4610 2881 4678 gratia
2908 4623 3187 4681 propterea
3208 4630 3302 4684 per
3319 4617 3575 4687 Spiritmn
3595 4635 3834 4676 sanetum

2243 4690 2415 4748 fuerat
2461 4697 2804 4766 signiﬁcanda
2824 4743 2840 4767 ,
2890 4704 3011 4772 quia
3043 4706 3155 4775 ipse
3187 4712 3398 4779 pr0prie
3434 4717 3512 4766 sic
3542 4726 3627 4769 est
3660 4717 3795 4771 Deus
3815 4758 3831 4783 ,

2244 4794 2302 4837 ut
2344 4786 2551 4842 dicatur
2591 4791 2748 4845 etiam
2796 4793 2887 4847 Dei
2933 4795 3129 4852 donum
3177 4798 3317 4867 (Act.
3346 4818 3468 4869 vin,
3513 4803 3632 4875 20).
3687 4807 3835 4863 llnde

2241 4878 2572 4935 Sufﬁeicuter
2612 4881 2755 4952 loqui
2784 4884 2804 4918 ⁸
2837 4884 2917 4955 (si
2950 4898 3125 4943 tamen
3165 4889 3217 4945 id
3254 4890 3371 4947 ﬁeri
3421 4898 3659 4969 potest),
3690 4901 3838 4954 valde

2242 4971 2462 5039 prolixa:
2488 4971 2866 5042 disputationis
2889 4989 2989 5033 est.

2313 5062 2536 5120 CAPUT
2576 5065 2708 5121 XLI.
2741 5098 2813 5108 —
2837 5072 2919 5126 I5.
2963 5071 3191 5129 Christus
3214 5076 3322 5130 sine
3349 5090 3572 5146 peccato,
3600 5084 3695 5137 sed
3720 5101 3833 5155 pec-

2241 5164 2408 5207 catum
2447 5158 2633 5226 factus.
2670 5159 2819 5215 Nulla
2853 5162 3009 5231 igitur
3053 5166 3327 5235 voluptate
3366 5172 3598 5226 carnalis
3639 5190 3839 5230 concu-

2244 5246 2514 5314 piscentia:
2541 5252 2832 5306 semiuatus
2869 5256 2981 5308 sive
3022 5267 3310 5327 conceptus
3334 5301 3348 5324 ,
3384 5274 3439 5315 et
3466 5263 3587 5317 ideo
3633 5269 3834 5321 nullum

2246 5349 2519 5406 peceatum
2571 5344 2899 5413 originaliter
2952 5349 3204 5415 trahens;
3263 5351 3355 5406 Dei
3408 5371 3621 5425 quoque
3668 5365 3835 5428 gratia

2247 5430 2422 5485 Verbo
2442 5432 2613 5488 Patris
2645 5437 2936 5506 unigenito,
2971 5455 3073 5494 non
3102 5444 3270 5511 gratia
3302 5444 3459 5513 Filio,
3487 5448 3581 5502 sed
3612 5461 3799 5505 natura
3818 5492 3833 5517 ,

2308 5543 2324 5611 ξ
2364 5544 2667 5606 Antiquiores
2688 5547 2899 5611 codices,
2929 5550 3240 5611 perlucidum.

2306 5606 2632 5675 {Prominet},
2660 5607 2761 5675 qui,
2796 5606 2938 5660 abest
2974 5625 3000 5660 a
3024 5624 3231 5675 quatuor
3267 5616 3504 5667 Vaticanis
3538 5628 3589 5669 et
3620 5622 3684 5669 ah
3718 5626 3836 5673 antio

2240 5666 2493 5727 quioribus
2511 5666 2777 5719 Gallicanis.

2306 5729 2326 5794 ξ
2349 5729 2421 5776 sic
2445 5730 2675 5780 meliores
2696 5738 2801 5781 Mss.
2830 5740 2885 5782 Αι
2910 5736 3044 5794 editi,
3077 5736 3225 5787 Verbo
3250 5737 3351 5788 Dei.

2305 5790 2326 5863 ξ
2350 5796 2688 5860 uertitanensis
2704 5796 2878 5852 codex,
2905 5798 3004 5857 qui.
3027 5790 3107 5845 11111
3132 5800 3228 5863 duo
3255 5809 3376 5857 1188..
3406 5815 3519 5863 mm.

2304 5852 2323 5881 ⁵
2358 5854 2437 5930 the
2478 5864 2574 5900 sm.
2605 5861 2676 5930 fr.
2716 5862 2824 5905 Lov.
2864 5852 2927 5908 et'
2956 5871 3062 5908 aru.
3106 5861 3302 5923 addunt,
3338 5852 3626 5930 perlongum
3674 5872 3831 5921 esset:

2247 5912 2373 5975 (111011
2396 5915 2532 5963 alat-st
2556 5929 2581 5963 a
2607 5922 2709 5966 διδ,
