4072 6520
258 404 364 460 9.53

255 525 313 581 in
338 524 542 580 unitate
569 538 813 595 persona:
836 524 853 557 ί
881 523 1039 581 modo
1066 524 1295 582 mirabili
1318 533 1372 582 et
1393 524 1646 580 ineti'abili
1669 524 1857 593 adjun-

254 628 379 669 ctus
406 624 567 685 atque
587 627 895 685 concretus,
918 626 974 672 et
998 616 1119 673 ideo
1139 618 1345 672 nullum
1372 625 1646 687 peccatum
1668 622 1722 670 et
1742 614 1858 686 ipse

255 707 641 774 committens;
666 716 842 763 tamen
865 718 1082 780 propter
1107 709 1511 765 similitudinem
1537 707 1715 763 carnis
1736 720 1859 778 pec-

253 801 362 855 cati
394 802 445 854 in
476 816 581 871 qua
609 810 832 857 venerat
857 801 1035 871 (Rom.
1069 819 1190 868 vttt,
1222 803 1277 875 5)
1300 845 1315 869 ,
1346 802 1522 857 dictus
1545 809 1629 857 est
1663 809 1719 857 et
1745 801 1859 873 ipse

256 902 563 959 peccatum,
587 892 966 948 sacriﬁcandus
986 893 1053 949 ad
1071 893 1321 950 diluenda
1344 901 1580 963 peccata.
1602 890 1660 947 In
1678 902 1859 948 vetere

254 985 457 1054 quippe
481 985 603 1056 lege
630 995 843 1055 peccata
870 986 1200 1041 vocabantur
1220 984 1481 1041 sacriﬁcia
1507 999 1604 1055 pro
1625 984 1858 1055 peccatis

255 1077 419 1144 (Osce
445 1092 527 1143 tv,
560 1079 618 1148 8)
657 1096 671 1132 :
702 1077 844 1148 quod
871 1093 996 1133 vere
1021 1078 1120 1133 iste
1148 1076 1321 1132 factus
1350 1087 1435 1132 est
1460 1076 1613 1146 cujus
1657 1076 1858 1131 umbra:

254 1181 415 1224 erant
444 1170 555 1224 illa.
589 1169 725 1224 Hinc
752 1168 1040 1238 Apostolus
1068 1184 1189 1223 eum
1219 1168 1479 1231 dixisset,
1525 1166 1858 1222 Obsecremus

254 1279 352 1330 pro
385 1261 585 1316 Christo
613 1260 932 1317 reconciliari
956 1258 1106 1326 Deo;
1132 1259 1385 1315 continuo
1405 1258 1678 1329 subjunxit
1698 1266 1858 1328 atque

252 1354 331 1407 ait
356 1372 370 1406 :
406 1353 539 1407 Eum
567 1355 652 1423 qui
682 1371 782 1408 non
806 1361 1012 1409 noverat
1049 1361 1311 1421 peccatum
1330 1393 1346 1420 ,
1378 1367 1473 1423 pro
1501 1350 1643 1406 nobis
1680 1367 1859 1421 pecca-

254 1453 370 1497 tum
398 1446 546 1516 fecit,
572 1455 626 1498 ut
651 1462 743 1499 nos
770 1447 926 1500 simus
940 1444 1145 1516 justitia
1186 1442 1285 1498 Dei
1323 1442 1377 1497 in
1401 1443 1512 1513 ipso
1542 1441 1608 1513 (Il
1637 1441 1756 1497 Cor.
1788 1459 1820 1497 v
1838 1482 1854 1509 ,

251 1535 360 1600 20,
394 1536 506 1606 ει).
550 1535 666 1591 Non
695 1538 805 1604 ait,
834 1546 892 1592 ut
921 1538 973 1591 in
1002 1534 1318 1607 quibusdam
1345 1533 1618 1591 mendosis
1654 1532 1857 1589 codici-

252 1628 361 1682 Ims
391 1629 613 1699 legitur,
659 1628 705 1683 Is
735 1629 823 1699 qui
854 1645 961 1683 non
1005 1636 1226 1684 noverat
1266 1636 1571 1697 peccatum,
1614 1640 1711 1696 pro
1755 1640 1857 1680 no-

250 1719 342 1773 bis
395 1729 670 1791 peccatum
725 1718 887 1786 fecit;
944 1728 1195 1789 tanquam
1252 1733 1350 1789 pro
1406 1717 1561 1772 nobis
1613 1715 1857 1772 Christus

252 1812 375 1881 ipse
412 1812 751 1881 peccaverit:
795 1810 889 1865 sed
927 1811 1034 1878 ait,
1066 1809 1199 1864 Eum
1240 1810 1327 1881 qui
1352 1826 1454 1863 non
1494 1817 1701 1863 noverat
1737 1824 1857 1879 pec-

248 1914 465 1969 catum,
512 1903 563 1958 id
617 1912 701 1958 est
745 1902 1044 1969 Christum,
1095 1918 1188 1973 pro
1237 1901 1380 1956 nobis
1432 1911 1691 1969 peccatum
1739 1899 1857 1972 fecit

251 1996 436 2060 Deus,
484 1994 569 2049 cui
624 1994 1001 2050 reconciliandi
1043 2007 1263 2060 sumus,
1313 1993 1413 2048 hoc
1468 2000 1588 2058 est,
1646 1992 1855 2047 sacriti-

248 2087 399 2140 cium
430 2101 526 2155 pro
568 2086 831 2155 peccatis,
866 2100 960 2155 per
995 2084 1137 2156 quod
1165 2083 1500 2139 reconciliari
1526 2083 1852 2139 valeremus.

250 2176 379 2245 Ipse
411 2192 540 2247 ergo
567 2186 873 2247 peccatum,
905 2185 962 2231 ut
986 2190 1083 2231 nos
1110 2175 1311 2246 justitia
1336 2191 1352 2241 ;
1382 2189 1483 2231 nec
1509 2186 1690 2230 nostra
1710 2215 1727 2243 ,
1757 2174 1855 2231 sed

253 2267 356 2322 Dei
382 2286 396 2334 ;
424 2284 522 2323 nec
550 2268 601 2322 in
630 2268 809 2334 nobis,
837 2268 931 2324 sed
960 2268 1014 2323 in
1038 2268 1156 2339 ipso
1182 2286 1194 2319 :
1229 2268 1367 2323 sicut
1392 2268 1505 2337 ipse
1535 2276 1814 2338 peccatum
1835 2310 1852 2337 ,

253 2374 368 2413 non
410 2374 586 2427 suum,
627 2359 724 2414 sed
769 2368 1042 2425 nostrum;
1092 2374 1191 2414 nec
1238 2359 1290 2414 itt
1334 2374 1415 2426 se,
1457 2358 1553 2415 sed
1597 2359 1652 2413 in
1699 2360 1856 2414 nobis

251 2452 634 2518 constitutum,
668 2451 1021 2505 similitudine
1048 2450 1226 2505 carnis
1258 2452 1480 2520 peccati,
1515 2450 1567 2504 itt
1594 2466 1696 2521 qua
1726 2466 1854 2505 cru-

250 2544 449 2596 cilixus
489 2553 602 2609 est,
646 2542 1068 2598 demonstravit:
1103 2552 1160 2596 ut
1201 2543 1452 2613 quoniam
1485 2554 1759 2613 peccatum
1804 2543 1853 2597 ei

253 2649 365 2689 non
389 2635 577 2698 inerat,
601 2635 672 2689 ita
695 2635 922 2704 quodam
950 2634 1109 2690 modo
1137 2644 1354 2705 peccato
1383 2644 1700 2700 moreretur,
1726 2635 1853 2690 dum

252 2728 487 2782 moritur
526 2728 672 2783 carni
700 2730 743 2793 ³,
789 2727 842 2783 in
882 2743 984 2799 qua
1028 2735 1143 2783 erat
1186 2728 1477 2784 similitudo
1524 2729 1768 2799 peccati;
1799 2738 1855 2785 et

250 2834 383 2873 cum
439 2819 725 2874 secundum
785 2827 1100 2875 vetustatem
1153 2820 1356 2889 peccati
1410 2834 1681 2892 nunquam
1738 2822 1854 2892 ipse

250 2911 500 2976 vixisset,
545 2921 782 2967 uestram
825 2928 891 2967 ex
934 2920 1105 2967 morte
1148 2912 1337 2978 veteri,
1386 2928 1489 2983 qua
1534 2914 1587 2967 in
1634 2924 1855 2984 peccato

250 3001 457 3055 mortui
488 3002 757 3057 fueramus
776 3045 791 3067 ,
823 3003 1231 3060 reviviscentem
1261 3004 1424 3060 vitam
1464 3021 1663 3062 novam
1709 3006 1731 3039 ³
1757 3021 1849 3063 sua

250 3094 651 3149 resurrectione
678 3094 933 3165 signaret.

324 3185 554 3242 CAPUT
591 3186 847 3242 XLII.—
869 3188 1163 3259 Baptismus
1209 3191 1394 3257 datur,
1435 3200 1491 3246 ut
1533 3193 1811 3247 moriamur
1833 3235 1849 3261 ,

246 3286 298 3330 et
327 3277 701 3333 reviviscamtts.
738 3280 912 3349 Ipsum
944 3287 1028 3335 est
1055 3280 1195 3351 quod
1234 3281 1287 3336 in
1328 3282 1481 3339 nobis
1508 3284 1811 3340 celebratur
1833 3327 1849 3351 ,

246 3386 508 3440 magnum
535 3370 876 3441 Baptismatis
904 3384 1320 3442 sacramentum,
1353 3384 1411 3430 ut
1436 3376 1757 3448 quicumque
1783 3377 1851 3431 ad

246 3470 412 3516 istam
454 3464 723 3532 pertinent
763 3467 1023 3535 gratiam,
1070 3467 1368 3523 moriantur
1414 3478 1663 3539 peccato,
1714 3472 1854 3527 sicut

246 3556 369 3623 ip~e
400 3567 620 3627 peccato
647 3568 889 3615 mortuus
911 3560 1124 3628 dicitur,
1156 3562 1279 3633 quia
1308 3569 1549 3618 mortuus
1574 3571 1657 3618 est
1680 3565 1848 3632 carni,

247 3648 357 3702 hoc
388 3658 492 3716 cst,
519 3652 719 3720 peccati
749 3652 1081 3707 similitudini
1115 3670 1127 3706 :
1160 3663 1215 3708 et
1243 3653 1428 3709 vivant
1453 3670 1483 3709 a
1515 3655 1726 3710 lavacro
1766 3671 1853 3711 re—

246 3742 546 3805 nascendo,
570 3743 708 3797 sicut
734 3745 846 3813 ipse
866 3760 894 3797 a
918 3745 1165 3814 sepulcro
1189 3746 1537 3816 resurgendo,
1560 3747 1851 3818 quamlibet

245 3835 497 3903 corporis
521 3846 735 3891 aetatem
762 3847 967 3906 gerant.

321 3924 553 3982 CAPUT
594 3925 776 3983 XLIII.
800 3958 869 3968 —
892 3926 956 3981 In
982 3926 1246 4000 Baptismo
1269 3945 1441 3984 omnes
1468 3938 1673 3998 peccato
1699 3931 1848 3998 mori,

244 4026 296 4070 et
327 4017 602 4086 parvulos,
634 4026 682 4071 et
710 4018 947 4088 majores.
980 4020 1024 4072 A
1066 4019 1288 4089 parvulo
1315 4018 1456 4074 enim
1496 4035 1686 4076 recens
1727 4032 1852 4076 nato

245 4124 422 4179 usque
449 4109 516 4163 ad
554 4108 883 4179 decrepitum
915 4125 1098 4166 senem
1120 4152 1133 4176 ,
1165 4111 1304 4165 sicut
1333 4110 1511 4165 nullus
1550 4119 1634 4167 est
1662 4111 1850 4182 probi-

243 4200 462 4256 bendns
504 4216 534 4255 a
575 4200 879 4271 Baptismo,
914 4202 984 4256 ita
1014 4203 1191 4257 nullus
1235 4210 1318 4257 est
1352 4203 1442 4274 qui
1482 4218 1586 4259 non
1634 4214 1852 4273 peccato

245 4293 517 4347 moriatur
554 4294 606 4348 in
636 4292 940 4362 Baptismo:
970 4296 1063 4348 sed
1096 4294 1299 4364 parvuli
1333 4302 1535 4349 tantum
1565 4295 1849 4364 originali,

245 4387 488 4457 majores
514 4395 691 4442 autem
714 4387 873 4442 etiam
902 4386 967 4441 iis
995 4386 1242 4443 omnibus
1270 4387 1570 4443 moriuntur
1595 4388 1849 4457 peccatis,

245 4493 608 4548 qumcumque
647 4476 789 4533 male
814 4476 1042 4533 vivendo
1083 4477 1407 4534 addiderunt
1430 4478 1498 4533 ad
1543 4476 1672 4533 illud
1708 4477 1851 4550 quod

248 4569 530 4625 nascendo
553 4578 846 4625 traxerunt.

314 4660 547 4718 CAPUT
569 4660 1049 4732 XLIV.—Figura,
1063 4667 1295 4733 ιτίρωσις,
1313 4678 1411 4731 qua
1423 4677 1660 4716 numerus
1671 4660 1849 4730 accipi-

252 4765 338 4809 tur
371 4772 465 4825 pro
488 4771 717 4809 numero.
747 4754 853 4809 Sed
884 4754 1004 4808 ideo
1027 4754 1186 4808 etiam
1211 4753 1309 4823 ipsi
1333 4763 1554 4825 peccato
1578 4754 1712 4808 mori
1743 4755 1853 4822 ple.

253 4862 485 4915 rumque
495 4846 766 4909 dicuntur,
782 4862 901 4900 cmn
919 4845 1104 4916 procul
1122 4845 1287 4901 dubio
1303 4861 1409 4900 non
1435 4845 1546 4909 uni,
1565 4844 1659 4900 sed
1672 4845 1853 4901 multis

254 4940 491 5008 [necatis
518 4939 873 5007 omnibusque
899 4938 1211 5001 moriantur,
1234 4952 1581 5008 quacumque
1592 4937 1703 5007 jam
1724 4953 1849 5008 pro-

255 5032 369 5100 pria
387 5032 797 5095 commiserunt,
824 5030 906 5084 vel
946 5030 1288 5101 cogitatione,
1330 5030 1414 5085 vel
1445 5030 1737 5097 locutione,
1768 5030 1851 5085 vel

252 5140 451 5194 opere;
484 5125 606 5195 quia
634 5125 796 5178 etiam
829 5140 923 5193 per
958 5124 1281 5193 singularem
1323 5139 1602 5179 numerum
1631 5122 1854 5193 pluralis

254 5232 516 5272 numerus
545 5216 832 5286 signiﬁcari
864 5216 1000 5271 solet
1032 5233 1044 5267 :
1075 5216 1211 5271 sicut
1236 5217 1310 5269 ait
1332 5216 1437 5279 ille,
1477 5234 1497 5268 ι
1526 5217 1853 5287 Uterumque

252 5320 466 5365 armato
517 5310 685 5364 milite
730 5309 1001 5379 complent
1038 5328 1056 5362 ι
1085 5306 1298 5379 (Virgil.
1326 5307 1728 5375 zEneid,lib.2,
1776 5308 1811 5379 ᾖ

251 5403 379 5472 20);
420 5402 671 5471 quamvis
708 5400 811 5455 hoc
866 5400 1048 5455 multis
1100 5399 1355 5454 militibus
1404 5400 1646 5455 fecerint.
1679 5401 1745 5454 Et
1798 5400 1851 5455 in

256 5492 455 5547 nostris
475 5491 692 5547 Litteris
721 5490 932 5559 legitur,
965 5489 1071 5543 Ora
1091 5506 1210 5561 ergo
1230 5488 1299 5542 ad
1325 5488 1621 5554 Dominum,
1653 5500 1708 5543 ut
1752 5506 1853 5543 au-

319 5625 336 5689 ξ
364 5618 582 5689 Nonnulli
609 5624 749 5689 3155.,
772 5612 823 5665 in
1090 5627 1333 5689 personis.

317 5687 335 5715 ¹
362 5686 434 5733 sic
468 5692 573 5731 Am.
609 5686 686 5728 Er.
726 5686 841 5727 Dan.
886 5687 938 5729 et
981 5678 1205 5742 plerique
1240 5685 1349 5728 mss.
1395 5682 1449 5727 Αι
1490 5682 1598 5727 Lov.
1640 5684 1692 5727 et
1722 5685 1855 5740 arm,

251 5760 511 5868 “gummi,
536 5817 679 5869 nam.
706 5800 877 5869 melius
908 5809 1226 5869 Ilss.,_novam
1251 5814 1267 5851 .·
1286 5800 1556 5869 jttngcndo,
1588 5800 1655 5850 ad
1678 5798 1857 5869 vitam;

251 5888 349 5937 quo
370 5880 466 5923 stet
492 5864 760 5921 antithesis
784 5866 839 5913 ad
863 5864 1185 5928 l-rteccdentia
1220 5866 1387 5926 verba,
1427 5876 1489 5914 ea:
1513 5869 1661 5914 nwrte
1686 5864 1846 5915 veteri.

1696 406 1899 461 LIBER
1944 405 2140 463 UNUS.

3447 429 3553 484 2δι

1970 526 2101 593 ferat
2119 540 2151 578 a
2170 524 2312 581 nobis
2338 537 2615 599 serpentem
2640 529 2830 600 (Num.
2863 549 2981 601 XXI,
3014 535 3068 601 7,
3097 553 3194 592 sec.
3219 538 3416 614 LXX);
3441 559 3545 600 non

1964 615 2040 670 ait
2064 626 2372 686 serpentes,
2404 635 2541 690 quos
2568 625 2869 693 patiebatur
2895 628 3125 697 popttlus
3144 670 3159 695 ,
3189 640 3246 685 ut
3274 630 3375 686 hoc
3400 633 3548 690 dice-

1964 714 2081 760 ret:
2105 715 2159 761 et
2176 706 2583 766 innumerabilia
2599 714 2741 768 talia.
2763 716 2892 770 Cum
2916 733 3042 773 vero
3063 729 3117 774 et
3142 720 3271 775 illud
3293 724 3551 793 originale

1965 810 2129 850 unum
2151 797 2342 867 plurali
2372 816 2597 858 numero
2617 804 2971 874 signiﬁcatur,
3002 810 3216 878 quando
3244 812 3471 868 dicimus
3496 815 3547 869 in

1963 896 2303 955 peccatorum
2331 892 2702 950 remissionem
2734 896 2988 966 baptizari
3019 901 3287 968 parvulos,
3321 919 3418 959 nec
3460 904 3547 958 di-

1962 980 2135 1035 cimus
2173 981 2226 1036 in
2271 984 2638 1042 remissionem
2682 989 2919 1058 peccati;
2970 990 3054 1045 illa
3086 1003 3170 1046 est
3207 1007 3239 1047 e
3278 996 3550 1050 contrario

1962 1069 2184 1140 locutio,
2216 1088 2320 1144 qua
2348 1090 2443 1146 per
2471 1077 2727 1147 pluralem
2759 1080 2777 1112 ¹
2800 1080 3131 1150 signiﬁcatur
3158 1098 3412 1139 numerus
3431 1086 3546 1140 sin-

1962 1162 2186 1233 gularis.
2225 1163 2377 1221 Sicut
2407 1167 2459 1221 in
2506 1169 2796 1239 Evangelio
2844 1170 3054 1227 Herode
3092 1185 3304 1228 mortuo
3342 1175 3544 1231 dictum

1960 1248 2063 1323 est,
2105 1256 2301 1312 Hortus“
2344 1269 2461 1314 sunt
2510 1261 2641 1315 enim
2678 1262 2763 1333 qui
2801 1263 3091 1332 quaerebant
3133 1266 3356 1319 animam
3410 1268 3553 1336 pueri

1965 1345 2179 1417 (Matth.
2222 1364 2277 1415 tt,
2309 1348 2401 1423 20)
2433 1368 2445 1404 :
2474 1366 2580 1405 non
2621 1352 2819 1407 dictum
2844 1363 2945 1418 est,
2978 1363 3222 1410 mortuus
3252 1366 3353 1411 est.
3393 1357 3459 1411 Et
3495 1357 3550 1412 itt

1964 1436 2168 1503 Exodo,
2204 1437 2476 1504 Fecerunt,
2508 1442 2707 1513 inquit,
2729 1442 2823 1497 sibi
2852 1444 2971 1498 deos
3005 1461 3217 1513 aureos;
3244 1461 3364 1501 cum
3387 1462 3551 1502 unum

1965 1528 2188 1583 vitulum
2237 1528 2480 1597 fecerint,
2534 1533 2604 1587 de
2645 1549 2751 1604 quo
2798 1534 3071 1602 dixerunt,
3120 1535 3190 1590 Ili
3218 1546 3335 1591 sunt
3378 1537 3452 1591 dii
3476 1539 3553 1592 tui

1963 1618 2145 1687 Israel,
2174 1622 2262 1691 qui
2280 1622 2560 1678 eduxerunt
2584 1636 2630 1680 te
2648 1627 2714 1678 de
2736 1636 2871 1679 terra
2896 1625 3113 1698 Αἰαίη)ιὶ
3134 1626 3331 1694 (Exod.
3362 1644 3546 1695 χχιιι,

1962 1712 2052 1778 5l,
2081 1712 2136 1782 4)
2171 1730 2185 1768 :
2210 1722 2263 1768 et
2293 1714 2380 1769 hic
2407 1716 2663 1786 pluralem
2692 1726 2953 1787 ponentes
2979 1734 3077 1788 pro
3108 1720 3382 1789 singulari.

2031 1804 2259 1862 CAPUT
2297 1806 2457 1862 XLV.
2485 1839 2558 1849 —
2579 1807 2647 1863 In
2690 1810 2854 1881 primo
2888 1810 3105 1865 hominis
3138 1821 3340 1881 peccato
3379 1811 3552 1883 plures

1962 1897 2155 1967 peccati
2193 1898 2401 1969 species.
2432 1898 2684 1967 Quamvis
2713 1910 2767 1957 et
2794 1902 2845 1957 in
2878 1903 2970 1959 illo
2999 1913 3219 1973 peccato
3249 1918 3374 1970 uno,
3406 1904 3549 1974 quod

1962 2005 2059 2059 per
2085 2006 2248 2045 unum
2274 1992 2543 2048 hominem
2573 1995 2786 2049 intravit
2818 1997 2868 2051 in
2894 1996 3175 2061 mundum,
3204 2006 3258 2051 et
3279 1996 3332 2051 in
3360 2013 3551 2053 omnes

1962 2079 2205 2138 homines
2232 2084 2738 2159 pertransiit.(llom.
2760 2102 2823 2151 v,
2850 2085 2958 2158 12),
2992 2097 3207 2157 propter
3222 2088 3362 2158 quod
3388 2089 3548 2143 etiam

1961 2172 2165 2241 parvuli
2194 2172 2548 2242 baptizantur,
2573 2176 2778 2246 possint
2806 2176 3031 2246 intelligi
3061 2178 3207 2247 plura
3240 2186 3477 2249 peccata,
3502 2178 3547 2232 si

1960 2278 2124 2318 unum
2156 2264 2328 2334 ipsum
2366 2266 2416 2319 in
2445 2281 2538 2320 sua
2566 2267 2718 2337 quasi
2749 2267 2987 2323 membra
3026 2268 3228 2337 singula
3262 2268 3547 2323 dividatur.

1956 2354 2091 2410 Nam
2119 2366 2174 2411 et
2196 2355 2443 2425 superbia
2465 2358 2810 2429 estillic,quia
2834 2358 2995 2413 homo
3012 2359 3063 2413 in
3086 2374 3181 2413 sua
3205 2358 3379 2428 potius
3404 2372 3546 2425 esse,

1958 2462 2117 2518 quam
2150 2448 2201 2501 in
2244 2448 2335 2503 Dei
2369 2458 2629 2519 potestate
2667 2449 2882 2516 dilexit;
2924 2458 2979 2506 et
3015 2450 3382 2522 sacrilegium,
3427 2451 3550 2519 quia

1962 2539 2071 2593 Deo
2088 2554 2192 2593 non
2221 2539 2479 2606 credidit;
2502 2549 2556 2595 et
2587 2540 2951 2607 homicidium,
2976 2543 3099 2611 quia
3121 2557 3178 2596 se
3194 2542 3546 2612 prmcipitavit

1935 2632 2017 2687 ⁸ἱιι
2041 2641 2302 2699 mortem;
2352 2642 2406 2688 et
2446 2631 2725 2688 lornicatio
2764 2633 3079 2705 spiritualis,
3120 2634 3243 2704 quia
3278 2634 3551 2703 integritas

1958 2725 2153 2779 mentis
2165 2724 2410 2779 humanae
2423 2726 2726 2796 serpentina
2743 2726 2992 2782 suasione
3006 2737 3255 2796 corrupta
3268 2736 3429 2792 est;et
3447 2726 3550 2781 fur-

1960 2824 2089 2882 tum,
2123 2818 2245 2888 quia
2272 2817 2424 2872 cibus
2448 2817 2749 2888 prohibitus
2767 2827 3052 2888 usurpatus
3080 2827 3190 2883 est;
3224 2829 3277 2873 et
3302 2820 3545 2883 avaritia,

1957 2910 2081 2981 quia
2114 2911 2230 2980 plus
2267 2926 2426 2982 quam
2454 2910 2533 2967 illi
2582 2910 2830 2967 sufficere
2864 2912 3047 2967 debuit
3084 2911 3347 2983 appetivit
3378 2929 3392 2966 :
3424 2920 3479 2966 et
3503 2912 3549 2967 si

1957 3001 2085 3072 quid
2107 3002 2251 3057 aliud
2274 3003 2327 3057 in
2359 3002 2461 3059 hoc
2490 3019 2595 3059 uno
2619 3003 2856 3059 admisso
2882 3003 3125 3075 diligenti
3156 3002 3543 3059 consideratio-

1959 3110 2027 3148 ne
2057 3095 2283 3149 inveniri
2314 3104 2512 3165 potest.

2028 3186 2252 3244 CAPUT
2289 3186 2475 3243 XLVI.
2523 3218 2598 3230 —
2637 3186 2872 3243 Peccatis
2898 3198 3163 3261 parentum
3212 3206 3311 3243 non
3354 3199 3546 3242 tantum

1959 3277 2235 3346 primorum
2256 3278 2470 3351 obligari
2500 3277 2657 3349 ﬁlios,
2690 3280 2950 3351 probabile
2976 3289 3069 3335 est.
3104 3280 3387 3335 Parentum
3418 3296 3550 3351 quo-

1957 3384 2061 3439 que
2091 3370 2326 3439 peccatis
2347 3372 2595 3440 parvulos
2625 3370 2871 3441 obligari,
2899 3388 3001 3425 non
3048 3372 3221 3426 solum
3254 3371 3549 3442 primorum

1958 3460 2251 3527 hominum,
2283 3462 2376 3518 sed
2401 3463 2563 3518 etiam
2578 3477 2818 3528 suorum,
2836 3463 2905 3518 de
2932 3463 3125 3534 quibus
3144 3465 3242 3534 ipsi
3270 3465 3377 3519 nati
3400 3473 3547 3530 sunt,

1957 3569 2063 3609 non
2094 3548 2511 3625 improbabiliter
2538 3554 2752 3610 dicitur.
2785 3555 2879 3610 Illa
2902 3556 3099 3626 quippe
3121 3555 3299 3611 divina
3322 3567 3545 3612 senten-

1957 3646 2061 3711 tia,
2094 3645 2325 3700 Reddam
2364 3656 2571 3717 peccata
2616 3656 2818 3717 patrum
2866 3648 2921 3701 in
2960 3649 3095 3716 ﬁlios
3141 3648 3320 3717 (Deut.
3360 3664 3414 3713 γ,
3447 3648 3546 3719 9);

1958 3746 2103 3792 tenet
2149 3753 2242 3794 eos
2288 3739 2473 3807 utique
2516 3748 2801 3809 antequam
2848 3754 2945 3809 per
2983 3740 3441 3809 regenerationem
3480 3741 3547 3795 ad

1957 3827 2357 3883 Testamentum
2380 3828 2584 3883 Novum
2609 3829 2865 3897 incipiant
2882 3829 3167 3898 pertinere.
3191 3830 3343 3898 Quod
3366 3831 3549 3885 Testa-

1956 3928 2192 3975 mentum
2211 3919 2649 3990 prophetabatur,
2670 3936 2790 3976 cum
2808 3919 3075 3976 diceretur
3094 3936 3189 3990 per
3214 3922 3547 3978 Ezecltielem

1955 4027 2062 4067 non
2103 4022 2415 4083 accepturos
2457 4013 2594 4068 ﬁlios
2635 4022 2849 4084 peccata
2893 4020 3103 4083 patrum
3146 4028 3405 4079 suorum,
3446 4030 3548 4071 nec

1956 4104 2181 4159 ulterius
2207 4103 2437 4159 futuram
2489 4105 2540 4159 in
2572 4106 2732 4161 Israel
2780 4105 3086 4176 parabolam
3142 4106 3284 4160 illam
3320 4124 3332 4159 :
3367 4104 3549 4162 Patres

1955 4197 2385 4252 manducaverunt
2408 4214 2555 4253 uvam
2575 4198 2831 4263 acerbam,
2859 4207 2905 4253 et
2926 4197 3101 4252 dentes
3124 4199 3348 4268 ﬁliorum
3371 4198 3548 4253 obstu-

1957 4291 2212 4361 puerunt'
2238 4288 2450 4365 (Ezeclt.
2482 4306 2635 4355 xvm,
2666 4290 2839 4361 1-20).
2871 4289 2995 4346 Ideo
3021 4291 3162 4345 enim
3192 4292 3416 4361 quisque
3455 4306 3546 4346 re-

1958 4381 2215 4449 nascitur,
2250 4390 2307 4436 ut
2336 4381 2579 4437 solvatur
2612 4382 2663 4436 in
2690 4397 2756 4437 eo
2776 4381 3031 4453 quidquid
3061 4382 3263 4452 peccati
3291 4391 3375 4438 est
3420 4398 3543 4437 cum

1954 4489 2063 4542 quo
2091 4474 2346 4529 nascitur.
2384 4470 2517 4529 Nam
2566 4482 2779 4543 peccata
2820 4489 2939 4544 qua:
2974 4474 3112 4528 male
3136 4474 3342 4545 agendo
3361 4485 3545 4545 postea

1956 4569 2380 4630 eoinmittuntur,
2426 4575 2651 4635 possunt
2696 4575 2750 4621 et
2796 4565 3105 4635 ptenitendo
3152 4566 3351 4632 sanari,
3407 4566 3546 4621 sicut

1955 4658 2116 4713 eti-tm
2147 4659 2606 4729 postBaptismum
2630 4657 2744 4713 ﬁeri
2765 4656 3027 4713 videmus.
3057 4658 3134 4711 Ae
3162 4672 3254 4727 per
3277 4656 3379 4711 hoc
3401 4672 3507 4712 non
3523 4656 3545 4689 ⁸

1955 4758 2038 4804 est
2066 4750 2306 4804 instituta
2345 4748 2710 4819 regeneratio,
2769 4748 2870 4803 nisi
2901 4748 3023 4819 quia
3052 4749 3241 4803 vitiosa
3270 4757 3351 4802 est
3376 4762 3541 4818 gene-

1958 4840 2122 4906 ratio;
2154 4856 2319 4910 usque
2347 4839 2482 4895 adeo
2530 4847 2587 4893 ιιι
2630 4841 2789 4894 etiam
2817 4840 2883 4894 de
2915 4839 3152 4910 legitimo
3201 4838 3545 4893 matrimonio

1958 4942 2266 5001 procreatus
2295 4931 2456 4997 dicat,
2488 4930 2557 4986 In
2575 4932 2922 5002 iniquitatibus
2947 4940 3217 4999 conceptus
3245 4946 3377 4995 sum,
3418 4940 3465 4983 et
3490 4930 3543 4984 in

1958 5025 2177 5096 peccatis
2204 5035 2364 5078 mater
2396 5041 2506 5078 mea
2544 5042 2623 5077 me
2646 5025 2699 5078 in
2730 5033 2869 5078 utero
2890 5025 3018 5077 aluit
3053 5022 3221 5095 (Psal.
3255 5038 3306 5087 ι,
3335 5022 3411 5093 7).
3444 5022 3547 5077 Ne-

1958 5131 2059 5185 que
2090 5114 2176 5170 hic
2198 5114 2352 5193 dixit,
2386 5115 2441 5169 ln
2474 5115 2771 5184 iniquitate,
2814 5113 2897 5168 vel
2927 5120 3168 5185 peccato,
3197 5128 3316 5168 cum
3359 5122 3413 5167 et
3446 5115 3549 5169 hoc

1960 5218 2105 5264 recte
2130 5208 2234 5263 dici
2280 5217 2503 5279 posset:
2538 5207 2631 5262 sed
2681 5207 2983 5276 iniquitates
3023 5217 3076 5262 et
3115 5216 3327 5277 peccata
3367 5207 3549 5267 dicere

1959 5300 2167 5355 maluit.
2196 5300 2328 5366 Quia
2369 5308 2422 5354 et
2464 5299 2517 5352 in
2557 5298 2651 5353 illo
2677 5313 2803 5362 uno,
2837 5298 2977 5367 quod
3006 5299 3056 5353 in
3084 5314 3272 5354 omnes
3302 5298 3549 5356 homines

1962 5395 2286 5466 pertransiit,
2314 5402 2475 5463 atque
2503 5402 2608 5447 tam
2640 5408 2887 5463 magnum
2919 5402 3022 5460 est,
3052 5402 3104 5447 ιιι
3132 5391 3230 5448 eo‘
3254 5404 3550 5448 mutaretur

2027 5576 2042 5607 ι
2081 5582 2176 5622 Am.
2202 5579 2276 5622 Er.
2300 5579 2413 5622 Lov.
2449 5578 2501 5623 et
2522 5580 2631 5622 Arn.
2656 5572 2748 5622 hoc
2771 5570 2875 5621 loco
2898 5572 3094 5631 addunt,
3120 5572 3400 5623 locutionem
3429 5586 3447 5622 ε
3471 5587 3551 5622 sn-

1963 5636 2181 5700 pertluo;
2206 5648 2317 5700 nam
2340 5636 2388 5684 in
2407 5640 2514 5683 Mss.
2540 5635 2717 5700 melius
2738 5634 3041 5700 subauditur,
3070 5648 3341 5686 numerum.

1998 5702 2045 5771 _'
2082 5698 2387 5760 Antiquiores
2408 5705 2535 5757 Mss.,
2559 5695 2883 5760 obstipuerunt
2912 5708 2928 5745 :
2949 5698 3144 5747 ductum
3168 5700 3371 5747 veri-um
3395 5708 3421 5743 a
3462 5698 3550 5745 sti-

1963 5768 2219 5879 Ρἰεἐάῆῑ,
2244 5830 2415 5883 Αενρει·
2438 5820 2525 5872 hoc
2549 5833 2641 5871 non
2665 5820 2720 5869 ob
2743 5820 2894 5870 aliud.
2923 5828 3025 5872 Mss.
3053 5823 3297 5878 omittunt,
3322 5818 3378 5867 ob
3392 5817 3549 5870 aliud.

2029 5885 2047 5913 ⁸
2083 5884 2215 5945 editi,
2236 5888 2285 5933 ut
2306 5882 2355 5934 in
2378 5897 2448 5935 co.
2474 5886 2634 5946 Abest,
2657 5884 2723 5944 in,
2749 5897 2775 5932 a
2802 5891 2903 5935 \tss.
