4072 6520
595 383 699 441 ass

595 512 647 556 et
665 510 1063 557 converteretur
1078 504 1130 558 in
1158 506 1529 561 necessitatem
1553 507 1739 561 mortis
1762 508 1992 562 humana
2011 518 2165 564 uatu-

594 608 673 656 ra,
714 592 1072 660 reperiuntur,
1108 594 1248 649 sicut
1283 610 1443 665 supra
1480 596 1730 662 disserui,
1760 599 1908 666 plura
1932 608 2169 667 peccata,

589 692 641 733 et
672 681 774 735 alia
816 692 1116 751 parentum,
1154 702 1273 754 qua:
1318 687 1423 741 etsi
1465 703 1573 741 non
1610 687 1682 741 ita
1718 696 1938 756 possunt
1965 698 2172 743 mutare

590 779 851 835 naturam,
886 781 1037 826 reatu
1094 782 1269 829 tamen
1321 775 1557 845 obligant
1607 777 1763 842 lilios,
1803 778 1904 832 nisi
1942 778 2170 849 gratuita

591 859 756 925 gratia
774 869 827 913 et
848 861 1212 917 misericordia
1238 865 1422 919 divina
1444 867 1745 923 subveniat.

656 948 885 1005 CAPUT
910 951 1194 1006 XLVII.~
1223 955 1492 1026 Quousque
1522 967 1786 1025 parentum
1813 966 2018 1027 peccata
2046 975 2169 1028 pro-

581 1049 832 1109 pagentur
858 1040 911 1094 in
936 1043 1091 1109 ﬁlios,
1121 1060 1222 1099 non
1239 1054 1420 1099 temere
1443 1047 1802 1115 deﬁniendum.
1826 1048 1932 1104 Sed
1954 1049 2022 1104 de
2047 1064 2171 1119 pec-

582 1129 717 1184 catis
756 1130 981 1187 aliorum
1014 1146 1314 1203 parentum,
1339 1138 1532 1206 quibus
1570 1140 1637 1193 ab
1666 1141 1781 1209 ipso
1805 1140 1975 1195 Adam
2003 1157 2171 1210 usque

581 1220 647 1273 ad
679 1231 880 1289 patrem
898 1239 1049 1279 suum
1080 1230 1577 1296 progeneratoribus
1593 1232 1704 1286 suis
1728 1233 1953 1301 quisque
1979 1247 2139 1287 succe
2158 1262 2170 1273 -

581 1312 677 1376 tlit,
712 1328 820 1368 non
858 1315 1123 1371 immerito
1155 1319 1445 1389 disceptari
1483 1330 1693 1391 potest:
1728 1332 1900 1378 utrum
1930 1326 2167 1380 omnium

589 1402 746 1455 malis
774 1404 980 1459 actibus
1006 1416 1059 1461 et
1088 1409 1451 1479 multiplicatis
1474 1413 1679 1467 delictis
1708 1414 2057 1484 originalibus
2076 1418 2166 1487 qui

584 1493 818 1548 nascitur
849 1495 1168 1565 implicetur,
1217 1509 1271 1555 ut
1314 1510 1459 1555 tanto
1501 1504 1649 1572 pejus
1674 1514 1873 1574 quanto
1906 1508 2168 1576 posterius

580 1583 806 1653 quisque
848 1597 1134 1656 nascatur;
1166 1606 1232 1644 an
1276 1602 1559 1662 propterea
1599 1595 1740 1652 Deus
1769 1598 1819 1651 in
1866 1599 2073 1653 tertiam
2113 1610 2166 1656 et

578 1684 822 1742 quartam
862 1681 1256 1747 generationem
1296 1683 1363 1739 de
1404 1687 1632 1755 peccatis
1676 1698 1950 1757 parentum
1979 1705 2164 1745 eorum

577 1766 809 1832 posteris
852 1771 1227 1839 comminetttr,
1268 1775 1394 1844 quia
1442 1776 1575 1831 iram
1613 1792 1764 1834 suam
1794 1790 2050 1849 quantum
2096 1783 2165 1837 ad

582 1870 1052 1925 progeneratorum
1097 1864 1280 1934 culpas
1328 1882 1434 1921 non
1464 1868 1704 1924 extendit
1730 1871 1947 1925 ulterius
1978 1873 2165 1930 mode-

579 1949 788 2005 ratione
821 1952 1180 2011 miserationis
1220 1972 1368 2025 suzc;
1400 1975 1466 2014 ne
1503 1960 1577 2015 illi
1602 1961 1790 2032 quibus
1809 1966 2165 2035 regeneratio-

575 2039 658 2092 nis
698 2042 867 2110 gratia
910 2059 1016 2099 non
1046 2047 1339 2113 confertur,
1392 2051 1556 2105 nimia
1584 2055 1791 2108 sarcina
1834 2054 1886 2108 in
1929 2056 2040 2126 ipsa
2068 2071 2163 2112 sua

573 2138 772 2186 atterna
824 2132 1165 2193 damnatione
1222 2151 1610 2208 premerentur,
1659 2144 1703 2199 si
1750 2158 2071 2215 cogerentur
2094 2149 2163 2205 ab

574 2222 725 2278 initio
754 2227 965 2295 generis
993 2228 1207 2285 humani
1240 2233 1476 2287 omnium
1517 2236 1931 2304 prazcedentium
1972 2256 2162 2309 paren-

572 2323 682 2367 tum
712 2329 927 2370 suorum
952 2319 1277 2390 originaliter
1301 2333 1513 2392 peccata
1539 2328 1877 2396 contrahere,
1900 2340 1954 2384 et
1974 2346 2160 2401 pinnas

570 2419 666 2470 pro
687 2405 764 2458 eis
791 2405 998 2462 debitas
1028 2410 1257 2479 pendere
1290 2428 1395 2468 :an
1415 2414 1559 2471 aliud
1591 2417 1786 2488 aliquid
1818 2420 1883 2473 de
1905 2436 1961 2477 re
1993 2432 2155 2490 tanta,

564 2495 853 2566 Scripturis
877 2501 1075 2558 sanctis
1099 2502 1403 2574 diligentius
1430 2511 1771 2577 perscrutatis
1786 2522 1945 2584 atque
1965 2523 2157 2571 tracta-

567 2586 655 2652 tis,
684 2588 853 2643 valeat
880 2590 963 2645 vel
1005 2608 1113 2648 non
1145 2595 1320 2652 valeat
1360 2600 1605 2670 reperiri,
1639 2610 1840 2660 temere
1888 2605 2157 2664 afﬁrmare

568 2694 672 2732 non
703 2680 894 2736 audeo.

635 2772 860 2829 CAPUT
882 2774 1111 2832 XLVIII.
1128 2780 1301 2835 —-M.
1322 2780 1594 2837 Peccatum
1605 2785 1850 2856 originale
1870 2804 1973 2843 non
1997 2788 2157 2845 abole-

562 2871 647 2914 tnr
660 2864 758 2916 nisi
782 2881 869 2934 per
886 2864 1162 2922 Christum.
1178 2869 1307 2925 Illud
1322 2880 1500 2928 tamen
1526 2890 1686 2929 unum
1705 2887 2001 2946 peccatum,
2014 2881 2154 2951 quod

565 2961 671 3005 tum
698 2968 945 3024 magnum
968 2956 1023 3011 in
1046 2958 1166 3014 loco
1192 2968 1246 3014 et
1276 2959 1461 3017 habitu
1483 2972 1643 3019 tanta:
1664 2965 1931 3025 felicitatis
1959 2970 2158 3027 admis—

563 3060 680 3097 sum
711 3054 823 3111 est,
856 3056 915 3100 ut
943 3047 995 3101 in
1030 3064 1139 3104 uno
1165 3051 1379 3107 homine
1405 3054 1756 3125 originaliter,
1788 3068 1968 3129 atque,
1998 3070 2055 3117 ut
2081 3062 2151 3120 ita

562 3135 818 3206 dixerim,
846 3139 1150 3198 mdicaliter
1175 3150 1342 3199 totum
1365 3161 1529 3215 genus
1556 3146 1843 3205 humanum
1875 3152 2153 3210 damnare-

565 3237 670 3294 tur,
694 3243 799 3311 non
825 3230 1050 3288 solvitur
1064 3249 1126 3290 ac
1141 3234 1360 3293 diluitur
1379 3238 1479 3293 nisi
1504 3255 1598 3310 per
1618 3257 1779 3297 unum
1804 3245 2151 3303 mediatorem

565 3320 659 3375 Dei
681 3330 734 3376 et
760 3321 1035 3380 hominum
1069 3326 1339 3385 hominem
1368 3330 1638 3388 Christum
1656 3333 1836 3390 Jesum
1864 3337 1904 3409 (I
1930 3337 2061 3394 Tim.
2089 3356 2147 3408 tt,

561 3412 642 3484 5),
695 3416 784 3485 qui
816 3417 963 3474 solus
1006 3421 1176 3490 potuit
1201 3422 1273 3477 ita
1305 3425 1471 3492 nasci,
1523 3434 1583 3481 ut
1609 3427 1660 3483 ei
1702 3443 1809 3484 non
1850 3446 1983 3501 opus
2008 3442 2151 3489 esset

561 3506 788 3562 renasci.

632 3598 860 3656 CAPUT
901 3600 1084 3658 XLIX.
1116 3603 1467 3676 —Baptismo
1495 3607 1714 3664 Joannis
1736 3628 1837 3665 non
1875 3612 2026 3681 ﬁebat
2064 3631 2147 3669 re-

559 3694 835 3761 generatio.
867 3694 1097 3752 Christus
1122 3714 1214 3752 cur
1251 3698 1501 3767 baptizari
1543 3717 1574 3755 α
1595 3701 1799 3757 Joanne
1823 3705 1997 3759 voluit.
2031 3704 2146 3762 Non

558 3782 699 3837 enim
739 3786 1172 3855 renascebantur,
1205 3790 1293 3857 qui
1326 3790 1642 3860 baptismate
1657 3792 1878 3849 Joannis
1907 3796 2147 3867 baptiza-

559 3875 750 3929 bantur
787 3875 996 3948 (Matth.
1031 3895 1106 3946 nt,
1143 3880 1255 3951 15),
1287 3896 1316 3935 a
1348 3898 1453 3952 quo
1478 3892 1531 3937 et
1557 3884 1669 3955 ipse
1704 3885 2000 3955 baptizatus
2024 3895 2146 3944 est:

558 3964 653 4019 sed
681 3966 907 4035 quodam
928 3972 1278 4037 prmcursorio
1312 3973 1449 4027 illius
1476 3976 1772 4030 ministerio
1794 3978 1884 4046 qui
1910 3977 2141 4044 diccbat,

557 4053 749 4108 Parate
768 4057 898 4110 riam
926 4058 1145 4113 Domino
1172 4060 1322 4129 (Luc.
1348 4078 1427 4129 ιιι,
1460 4064 1535 4133 4),
1557 4065 1677 4118 huic
1709 4066 1796 4119 uni
1821 4067 1873 4120 in
1896 4082 2002 4137 quo
2030 4069 2145 4122 solo

560 4147 765 4199 renasci
794 4157 1039 4216 poterant
1079 4152 1420 4219 parabantur.
1462 4153 1629 4223 IInjus
1656 4158 1801 4210 enim
1849 4156 2144 4227 baptismus

554 4243 639 4289 est
686 4251 789 4289 non
836 4238 888 4290 in
942 4253 1075 4309 aqua
1107 4249 1331 4306 tantum,
1379 4243 1515 4297 sicut
1558 4243 1655 4297 fuit
1694 4244 1934 4309 Joannis,
1957 4263 2141 4303 verum

555 4327 713 4380 etiam
748 4328 799 4381 in
831 4329 1027 4397 Spiritu
1056 4341 1241 4387 sancto
1270 4332 1461 4397 (Marc.
1492 4351 1530 4400 ι,
1561 4335 1648 4407 8);
1681 4349 1739 4391 ut
1760 4338 1827 4393 de
1858 4340 1949 4393 illo
1978 4340 2144 4409 Spiri-

556 4427 609 4469 tu
664 4429 1007 4487 regeneretur
1061 4422 1302 4492 quisquis
1346 4424 1397 4477 in
1426 4424 1695 4481 Christum
1723 4428 1914 4494 credit,
1945 4429 2012 4484 de
2036 4445 2142 4499 quo

554 4508 801 4563 Christus
828 4521 1114 4580 generatus
1143 4514 1159 4543 ¹
1192 4515 1595 4583 regeneratione
1650 4532 1755 4571 non
1798 4518 1961 4588 eguit.
1986 4518 2141 4575 Unde

554 4620 653 4656 vox
672 4604 759 4657 illa
778 4604 948 4659 Patris
961 4621 1078 4675 qum
1092 4622 1250 4676 super
1269 4607 1584 4677 baptizatum
1606 4610 1739 4664 facta
1761 4608 1981 4681 est,Ego
1994 4612 2142 4668 hodie

550 4695 701 4765 genui
721 4696 795 4748 te'
816 4693 985 4766 (Psal.
1015 4697 1131 4760 11,7;
1157 4696 1311 4751 llebr.
1335 4714 1387 4763 ν,
1406 4698 1492 4767 5);
1521 4716 1623 4752 non
1655 4717 1813 4753 ttnunt
1840 4702 1982 4756 illum
2003 4712 2139 4757 tem-

551 4788 693 4857 poris
711 4788 853 4843 diem
872 4804 976 4859 quo
1003 4789 1298 4859 baptizatus
1316 4803 1415 4856 e5t,
1438 4792 1529 4847 sed
1553 4794 1894 4850 immutabilis
1922 4798 2137 4853 aeterni-

550 4880 673 4934 tatis
700 4880 954 4947 ostendit,
985 4890 1040 4935 ut
1078 4882 1226 4936 illum
1253 4882 1524 4939 hominem
1556 4885 1621 4939 ad
1654 4885 1915 4957 Uuigeniti
1950 4906 2133 4957 persoo

548 4987 667 5031 nam
703 4972 969 5040 pertinere
1000 4981 1340 5029 monstraret.
1378 4974 1474 5029 Ubi
1515 4978 1655 5029 enim
1684 4976 1799 5031 dies
1820 4994 1917 5032 nec
1934 4978 2137 5035 hester-

548 5060 599 5111 ni
657 5060 762 5115 line
812 5062 1124 5131 inchoatur,
1169 5079 1267 5118 nec
1317 5064 1468 5120 initio
1511 5066 1729 5120 crastini
1782 5071 2132 5139 terminatur,

548 5166 759 5220 semper
785 5153 1075 5210 hodiernus
1090 5164 1191 5210 est.
1229 5156 1281 5210 In
1313 5172 1447 5227 aqua
1466 5173 1593 5227 ergo
1625 5158 1876 5228 baptizari
1910 5164 2076 5218 voluit
2104 5181 2133 5220 a

548 5240 771 5307 Joanne,
804 5260 912 5299 non
952 5256 1009 5300 ut
1042 5248 1158 5317 ejus
1189 5250 1435 5319 iniquitas
1466 5251 1571 5305 ulla
1618 5250 1932 5319 dilueretur,
1959 5256 2051 5310 sed
2076 5266 2135 5312 ut

548 5346 735 5398 magna
764 5336 1228 5392 commendaretur
1254 5340 1543 5396 humilitas.
1576 5341 1649 5396 Ita
1688 5344 1885 5414 quippe
1915 5347 2045 5400 nihil
2077 5349 2128 5401 in

544 5434 610 5472 co
651 5419 943 5488 baptismus
977 5427 1117 5494 quod
1160 5429 1417 5500 ablueret,
1445 5433 1583 5489 sicut
1620 5452 1764 5491 mors
1810 5438 1937 5492 nihil
1989 5440 2131 5509 quod

541 5704 569 5754 g
587 5633 629 5738 vt,
660 5637 792 5742 ⁵μοῖάὲ
816 5640 1141 5697 regeneratus.
1159 5636 1329 5692 Verius
1346 5651 1445 5693 Am.
1466 5652 1541 5695 Er.
1567 5656 1681 5699 nan.
1701 5660 1753 5702 et
1770 5655 1983 5716 potiores
1996 5663 2124 5717 Mss,

573 5710 583 5737 t
632 5706 657 5738 θ
687 5707 715 5740 (ι
796 5726 810 5741 .

573 5706 810 5741 merulas.

605 5755 1701 5842 132E}.‘1?.3P.Et§t‘§°3i9.i.milePisaeam“
1723 5781 1923 5826 namus
1942 5779 2127 5842 almae

540 5815 754 5864 codicum
776 5815 1066 5869 auctoritate
1097 5815 1242 5882 addit,
1275 5834 1335 5873 tu
1357 5840 1406 5876 es
1435 5815 1764 5881 Filinswnie—us'.

1102 389 1558 459 ENCHIRIDION,
1600 392 1755 449 SIVE
1796 394 1883 450 DE
1922 395 2098 462 FIDE,
2138 396 2264 455 SPE
2304 398 2395 455 ET
2433 400 2855 475 CHARITATE,
2894 410 2951 467 S.
2992 414 3361 473 AUGUSTINI

3772 425 3869 485 $56

2284 512 2521 580 puniret,
2570 516 2813 587 invenit;
2860 533 2918 577 ut
2948 524 3192 585 diabolus
3226 534 3451 590 veritate
3486 536 3736 608 justitim,
3767 561 3865 599 non

2282 604 2532 659 violentia
2585 614 2862 677 potestatis
2903 629 3191 687 oppressus
3238 632 3292 677 et
3343 604 3557 693 victus,
3614 634 3862 701 quoniam

2280 692 2452 760 ipsum
2478 696 2592 751 sine
2621 699 2727 752 ullo
2758 706 2955 770 peccati
2989 709 3179 764 merito
3212 713 3546 784 iniquissime
3571 722 3858 789 occiderat,

2282 798 2377 850 per
2421 783 2592 853 ipsum
2638 788 2929 856 justissime
2955 799 3221 854 amitteret
3264 783 3396 874 quos
3435 811 3640 876 peccati
3673 815 3861 869 merito

2282 881 2571 943 detinebat.
2594 888 2888 964 Utrumque
2905 897 3137 966 igiturab
3160 902 3269 970 illo,
3305 905 3353 960 id
3376 918 3475 971 est,
3496 918 3553 963 et
3569 910 3860 981 baptismus

2278 984 2335 1030 et
2356 994 2524 1047 mors,
2555 995 2713 1037 εει-ιω
2752 986 3163 1057 dispensationis
3200 1012 3379 1063 causa,
3414 1016 3517 1055 non
3556 1005 3855 1060 miseranda

2275 1070 2607 1135 necessitate,
2634 1075 2725 1128 sed
2749 1078 3032 1137 miserante
3054 1086 3226 1152 potius
3252 1090 3521 1148 voluntate
3551 1106 3856 1166 susceptum

2273 1167 2482 1223 est;ut
2530 1178 2667 1219 unus
2705 1180 2977 1235 peccatum
3027 1175 3235 1231 tolleret
3284 1182 3488 1246 mundi,
3542 1186 3684 1241 sicut
3724 1204 3857 1243 unus

2274 1261 2549 1317 peceatum
2577 1253 2719 1310 misit
2744 1260 2793 1312 in
2818 1263 3093 1329 mundum,
3114 1267 3212 1322 hoc
3237 1280 3337 1337 est,
3359 1272 3409 1326 itt
3435 1276 3748 1333 universum
3774 1296 3855 1350 ge-

2274 1357 2372 1397 nus
2397 1344 2705 1402 humanum.

2343 1433 2565 1491 CAPUT
2603 1437 2665 1493 L.
2694 1470 2765 1481 —
2789 1440 2891 1497 Per
2921 1445 3174 1502 Christum
3203 1450 3314 1505 tolli
3341 1470 3440 1507 non
3471 1466 3670 1511 tantum
3695 1461 3852 1531 origi~

2272 1522 2385 1575 nale
2414 1536 2688 1593 peccatum,
2717 1532 2805 1585 sed
2842 1543 2888 1586 et
2926 1547 3106 1591 cwtera
3147 1543 3493 1612 superaddita.
3551 1547 3665 1601 Nisi
3711 1522 3849 1619 quod

2273 1612 2363 1668 ille
2390 1631 2526 1671 unus
2552 1634 2715 1674 unum
2739 1634 3010 1692 peccatum
3034 1630 3176 1685 misit
3207 1633 3256 1686 in
3287 1637 3563 1705 mundum,
3596 1642 3697 1695 iste
3729 1659 3851 1698 vero

2270 1718 2407 1758 uttus
2432 1719 2538 1760 non
2562 1708 2732 1764 solum
2763 1713 2889 1767 illud
2918 1732 3101 1786 unum,
3133 1722 3225 1775 sed
3269 1736 3456 1780 cuneta
3484 1730 3644 1783 simul
3673 1732 3851 1786 abstu-

2271 1796 2331 1851 lit
2357 1814 2476 1868 quae
2504 1801 2681 1858 addita
2730 1806 2949 1863 invenit.
2981 1811 3134 1868 Unde
3180 1815 3309 1870 dicit
3360 1821 3649 1888 Apostolus
3684 1842 3696 1875 :
3730 1824 3849 1879 Non

2266 1889 2394 1941 sicut
2414 1907 2503 1958 per
2526 1908 2680 1947 unum
2696 1909 2979 1965 peccantem
2995 1903 3032 1967 ‘,
3062 1904 3134 1956 ita
3153 1914 3224 1957 cst
3241 1915 3286 1959 ct
3319 1906 3542 1963 donum:
3564 1929 3683 1965 nam
3698 1915 3847 1982 judi-

2266 1979 2398 2033 cium
2433 1983 2632 2051 quidem
2662 2002 2724 2039 επ
2759 2004 2861 2042 uno
2888 1990 2941 2044 in
2968 1994 3456 2065 condemnationem,
3487 2006 3656 2071 gratia
3684 2017 3848 2059 autent

2266 2086 2328 2123 ea:
2365 2075 2534 2129 multis
2562 2076 2756 2133 delictis
2783 2079 2836 2134 in
2853 2082 3291 2152 justi/icationem.
3319 2089 3454 2157 Quia
3486 2093 3675 2165 utique
3718 2096 3849 2152 illud

2264 2182 2429 2222 unum
2456 2170 2598 2239 quod
2634 2173 2962 2244 originaliter
2986 2179 3230 2249 trahitur,
3259 2184 3418 2238 etiam
3468 2186 3513 2239 si
3553 2188 3729 2242 solum
3759 2190 3844 2254 sit,

2264 2260 2527 2317 obnoxios
2553 2264 2877 2322 damnationi
2916 2267 3041 2325 facit
3066 2286 3078 2325 :
3103 2275 3272 2342 gratia
3302 2292 3431 2330 vero
3458 2293 3521 2330 ex
3552 2279 3737 2333 multis
3758 2280 3847 2334 de-

2265 2351 2405 2407 lictis
2424 2352 2676 2424 justillcat
2699 2356 2992 2427 hominem,
3019 2362 3108 2431 qui
3131 2374 3322 2431 praeter
3349 2366 3475 2421 illud
3506 2384 3673 2422 unum
3705 2371 3846 2439 quod

2263 2446 2620 2501 communiter
2661 2462 2781 2503 cum
2833 2452 3081 2507 omnibus
3131 2455 3461 2524 Originaliter
3500 2460 3698 2525 traxit,
3751 2476 3845 2515 sua

2260 2551 2472 2607 quoque
2496 2540 2706 2609 propria
2736 2542 2899 2597 multa
2923 2544 3207 2599 commisit.

2330 2627 2558 2685 CAPUT
2596 2630 2681 2685 LI.
2730 2662 2804 2674 —
2847 2634 2887 2686 A
2922 2634 3246 2690 damnatione
3295 2637 3422 2692 Adw
3461 2656 3611 2695 nemo
3659 2642 3842 2696 libera-

2260 2727 2339 2772 tus
2363 2721 2460 2774 nisi
2503 2722 2555 2775 in
2586 2722 2785 2778 Christo
2830 2736 3053 2782 renatus.
3102 2728 3476 2786 Verumtamen
3506 2735 3652 2803 quod
3688 2737 3844 2805 paulo

2260 2821 2377 2879 post
2406 2812 2554 2880 dicit,
2588 2814 2734 2868 Sicut
2764 2832 2854 2885 per
2894 2819 3043 2872 unius
3071 2820 3306 2874 delictum
3334 2823 3385 2875 in
3413 2840 3585 2878 omnes
3617 2828 3843 2881 homines

2256 2902 2325 2953 ad
2353 2904 2840 2972 condemnationem,
2866 2911 2936 2962 itu
2965 2921 3009 2964 et
3036 2928 3124 2982 per
3149 2914 3299 2967 unius
3320 2916 3578 2984 justitiam
3594 2920 3647 2971 in
3673 2937 3842 2975 omnes

2258 2993 2481 3049 homines
2501 2997 2570 3049 ad
2587 2999 3005 3068 justi/icationem
3034 3004 3146 3057 vita:
3175 3007 3347 3077 (Rom.
3373 3008 3529 3074 v,16,
3558 3010 3684 3079 IS):
3716 3014 3842 3067 satis

2257 3084 2473 3150 indicat,
2507 3106 2569 3144 ex
2614 3092 2780 3145 Adam
2836 3096 3102 3150 neminem
3133 3108 3313 3153 natum
3368 3102 3467 3155 nisi
3496 3102 3841 3160 damnatione

2254 3176 2500 3247 detineri,
2532 3191 2587 3237 et
2611 3186 2875 3241 neminem
2912 3189 3012 3243 nisi
3054 3190 3105 3244 itt
3144 3190 3358 3248 Christo
3382 3204 3624 3251 renatum
3674 3213 3707 3251 a
3750 3199 3839 3253 da-

2254 3271 2524 3327 mnatione
2544 3272 2776 3331 liberari.
3836 3356 3837 3359 η

2322 3360 2550 3419 CAPUT
2589 3364 2700 3421 LII.
2728 3398 2798 3409 —-—
2824 3368 3118 3439 Baptismus
3161 3376 3337 3429 mortis
3362 3392 3423 3429 ac
3458 3381 3841 3436 resurrectionis

2254 3450 2439 3508 Christi
2467 3456 2744 3514 sintilitudo
2781 3462 2834 3515 in
2861 3466 3084 3532 parvulis
3124 3467 3333 3536 perinde
3360 3486 3421 3523 ac
3446 3471 3499 3524 in
3531 3474 3835 3542 majoribus.

2257 3544 2333 3601 De
2360 3562 2462 3616 qua
2492 3563 2587 3618 per
2618 3566 2780 3606 unum
2811 3553 3079 3611 hominem
3100 3573 3255 3628 paena
3278 3569 3331 3616 et
3354 3576 3449 3631 per
3478 3579 3643 3618 unum
3674 3565 3839 3622 humi.

2251 3651 2373 3690 nem
2403 3640 2574 3708 gratia
2603 3643 2947 3701 cumlocutus
2966 3647 3168 3715 fuisset,
3187 3663 3442 3720 quantum
3477 3654 3552 3709 illi
3580 3656 3836 3725 Epistula:

2250 3742 2361 3783 suae
2374 3728 2492 3784 loco
2506 3729 2752 3788 sufﬁcere
2764 3735 3016 3804 judicavit
3033 3781 3048 3805 ,
3066 3740 3258 3797 deinde
3273 3746 3408 3799 sacri
3427 3744 3761 3815 baptismatis
3786 3752 3837 3803 in

2250 3834 2407 3874 cruce
2421 3821 2610 3877 Christi
2627 3826 2825 3894 grande
2842 3832 3151 3900 mysterium
3166 3837 3555 3891 commendavit
3571 3856 3639 3894 eo
3653 3842 3832 3906 modo,

2252 3918 2309 3963 ut
2337 3910 2687 3983 intelligamus
2717 3918 2845 3972 nihil
2866 3920 3005 3975 aliud
3035 3938 3155 3978 esse
3173 3925 3225 3979 in
3252 3924 3462 3982 Christo
3484 3929 3833 4000 baptismum,

2252 4004 2351 4058 nisi
2380 4007 2568 4061 mortis
2605 4006 2800 4066 Christi
2836 4014 3273 4084 similitudinem;
3321 4020 3450 4074 nihil
3480 4032 3659 4077 autem
3688 4026 3833 4080 aliud

2251 4106 2473 4152 mortem
2496 4099 2691 4156 Christi
2716 4106 2975 4170 crucifixi,
3002 4109 3098 4162 nisi
3119 4111 3445 4166 remissionis
3464 4116 3667 4183 peceati
3688 4117 3834 4169 sitni-

2248 4187 2519 4243 litudinem
2552 4209 2565 4245 :
2598 4201 2653 4246 ut
2681 4196 3124 4262 quemadmodum
3153 4201 3202 4253 itt
3232 4202 3321 4256 illo
3344 4219 3465 4257 vera
3503 4222 3651 4259 mors
3696 4210 3832 4263 facta

2247 4289 2346 4339 est.
2367 4280 2442 4334 sic
2466 4281 2516 4334 in
2540 4282 2695 4337 nobis
2715 4301 2834 4339 vera
2856 4289 3097 4342 remissio
3116 4303 3449 4360 peccatorum
3468 4314 3481 4357 ;
3502 4302 3830 4366 etquemad-

2247 4370 2459 4423 modum
2479 4372 2528 4425 in
2553 4373 2642 4427 illo
2660 4391 2782 4429 vera
2801 4380 3140 4444 resurrectio,
3164 4384 3229 4435 ita
3251 4383 3301 4436 itt
3323 4385 3474 4439 nobis
3492 4403 3614 4439 vera
3634 4390 3832 4456 justiti-

2245 4464 2401 4517 catio.
2426 4465 2513 4519 Ait
2538 4469 2700 4531 enim,
2736 4469 2869 4532 Quid
2888 4488 3004 4542 ergo
3025 4474 3245 4529 dicemus
3268 4478 3292 4529 ?
3324 4476 3740 4535 Pcrmanebimus
3776 4484 3829 4536 in

2245 4568 2465 4625 peccato,
2486 4570 2537 4612 ut
2557 4563 2719 4630 gratia
2744 4564 2999 4619 abundet?
3024 4567 3234 4622 Dixerat
3255 4570 3396 4624 enim
3424 4575 3689 4641 superius,
3708 4574 3826 4642 Ubi,

2244 4652 2377 4703 enim
2418 4651 2687 4707 abundavit
2714 4668 2989 4725 peccatum,
3019 4662 3443 4729 superabundavit
3470 4667 3635 4734 gratia
3662 4667 3825 4735 (Ibid.

2242 4740 2355 4810 ‘20).
2390 4741 2456 4795 Et
2484 4742 2607 4797 ideo
2633 4748 2978 4813 qua-stionem
3010 4750 3109 4803 sibi
3156 4750 3269 4819 ipse
3297 4756 3602 4822 proposuit,
3650 4768 3826 4812 utrum

2243 4839 2458 4899 propter
2477 4833 2849 4889 abundantiam
2882 4840 3064 4905 gratiae
3090 4844 3513 4910 consequendam
3533 4846 3585 4899 in
3611 4858 3828 4914 peccato

2242 4922 2309 4974 sit
2331 4925 2765 4990 permanendum.
2780 4927 2881 4981 Sed
2901 4930 3193 4998 respondit,
3212 4932 3385 4987 Absit:
3403 4946 3559 5004 atque
3576 4938 3825 5006 subjecit,

2243 5013 2301 5066 Si
2321 5017 2501 5067 mortui
2518 5033 2691 5070 sumus
2714 5031 2931 5086 peccato,
2947 5026 3196 5089 quomodo
3218 5027 3434 5082 vivemus
3458 5030 3509 5081 in
3540 5048 3600 5084 eo
3621 5033 3646 5084 ?
3670 5033 3829 5086 Dein-

2241 5108 2306 5161 de
2325 5120 2381 5162 ut
2407 5112 2711 5168 ostenderet
2737 5132 2835 5171 nos
2860 5128 3095 5173 mortuos
3121 5136 3241 5175 esse
3269 5133 3483 5191 peccato
3504 5144 3513 5175 :
3532 5126 3610 5177 An
3630 5129 3829 5196 ignora-

2238 5199 2321 5266 tis,
2352 5202 2539 5270 inquit,
2561 5206 2797 5273 quoniam
2817 5209 3113 5279 quicumque
3139 5213 3379 5281 baptizati
3405 5232 3578 5268 sumus
3600 5218 3651 5270 in
3680 5218 3829 5270 Chri-

2240 5302 2318 5345 sto
2344 5291 2490 5361 Jesn,
2520 5295 2574 5348 in
2600 5306 2757 5350 morte
2772 5300 2927 5369 ipsius
2956 5301 3195 5371 baptizati
3219 5307 3434 5358 sumus?
3460 5307 3513 5361 Si
3541 5324 3672 5377 ergo
3706 5309 3827 5363 hinc

2239 5382 2571 5438 ostendimur
2599 5389 2792 5441 mortui
2814 5404 2933 5444 esse
2961 5403 3197 5459 peccato,
3233 5398 3354 5463 quia
3394 5398 3443 5449 in
3469 5410 3643 5451 morte
3661 5401 3822 5455 Citri-

2240 5472 2307 5525 sti
2330 5475 2573 5543 baptizati
2601 5494 2817 5547 sumus;
2850 5482 3089 5549 profecto
3114 5494 3169 5539 et
3200 5488 3401 5555 parvuli
3433 5491 3521 5556 qui
3550 5490 3823 5559 baptizan-

2237 5565 2386 5618 turin
2413 5564 2644 5635 Christo,
2665 5583 2881 5639 peccato
2903 5575 3221 5644 moriuntur,
3237 5579 3358 5648 quia
3387 5580 3436 5633 in
3456 5593 3633 5637 morte
3660 5584 3822 5653 ipsius

2302 5742 2314 5771 ¹
2338 5750 2447 5815 Arn.
2476 5752 2525 5813 et
2549 5759 2637 5793 sex
2664 5753 2789 5807 Mss,
2816 5763 2901 5815 per
2926 5765 3070 5800 unum
3093 5763 3356 5815 peccatum.
3383 5757 3687 5810 nclittttimus
3711 5763 3825 5810 autiv

2235 5816 2376 5862 quam
2402 5803 2660 5854 leclinttcttt
2686 5803 3062 5880 respondentent
3089 5803 3475 5880 gracucﬂlt‘t'ttbs
3498 5824 3817 5874 "nuntiaturi

2240 5871 2325 5923 tos,
2350 5878 2492 5926 quam
2517 5882 2654 5929 scqttt
2680 5872 2805 5921 solet
2831 5871 3133 5935 Augustinus.
