4072 6514
210 508 314 564 257
964 528 973 559 l

209 625 571 693 baptizantur.
597 620 753 675 Nullo
782 620 924 674 enim
948 629 1172 689 excepto
1198 620 1398 674 dictum
1426 626 1529 681 est,
1563 617 1807 684 Quicum-

206 734 302 785 que
342 716 591 787 baptizati
639 730 814 769 sumus
847 715 901 767 in
946 713 1145 768 Christo
1174 713 1321 777 Jesu,
1364 714 1418 766 in
1445 723 1603 766 morte
1645 710 1808 781 ipsius

207 809 455 876 baptiwti
493 823 691 860 sumus.
741 808 806 861 Et
847 806 971 861 ideo
1011 806 1212 861 dictum
1256 814 1361 872 est,
1404 813 1463 859 ut
1492 804 1807 874 probaretur

205 909 451 954 mortuos
493 916 592 953 nos
641 914 763 954 esse
806 908 1043 968 peccato.
1088 897 1184 953 Cui
1224 907 1401 953 autem
1433 905 1653 967 peccato
1681 911 1804 966 par-

205 991 321 1044 vuli
350 991 683 1046 renascendo
713 991 1013 1046 moriuntur
1033 1033 1048 1054 ,
1074 991 1174 1044 nisi
1203 991 1350 1062 quod
1376 990 1645 1046 nascendo
1692 999 1803 1043 tra-

203 1083 437 1138 xerunt?
470 1085 547 1138 Ac
584 1100 681 1153 per
710 1086 809 1139 hoc
844 1085 1002 1138 etiam
1029 1084 1095 1138 ad
1123 1085 1267 1154 ipsos
1298 1085 1530 1155 pertinet
1549 1083 1692 1154 quod
1714 1097 1803 1139 se-

202 1178 391 1247 quitur
418 1177 602 1232 dicens
638 1196 649 1230 :
680 1174 971 1245 Cousepulti
992 1195 1166 1231 sumus
1194 1179 1342 1248 ergo‘
1371 1177 1451 1230 illi
1476 1193 1567 1248 per
1588 1176 1800 1247 Baptis-

199 1285 347 1323 mum
388 1270 441 1324 in
470 1280 703 1335 mortem,
740 1282 790 1323 ut
813 1270 1231 1341 quemadmodum
1256 1270 1473 1325 surrexit
1502 1269 1732 1324 Christus
1769 1284 1800 1323 α

197 1362 418 1415 mortuis
449 1379 536 1431 per
576 1363 793 1433 gloriam
842 1360 1032 1426 Patris,
1060 1361 1131 1415 ita
1160 1370 1206 1415 et
1243 1378 1338 1415 nos
1368 1362 1422 1415 in
1442 1362 1661 1415 novitate
1683 1361 1801 1415 vita!

198 1452 540 1506 ambulemus.
567 1452 628 1507 Si
653 1453 787 1505 enim
810 1451 1141 1522 complantati
1164 1452 1289 1523 facti
1307 1468 1479 1506 sumus
1501 1449 1797 1504 similitudi-

196 1546 258 1598 ni
298 1547 478 1599 mortis
529 1546 677 1616 ejus,
724 1544 877 1599 simul
917 1553 962 1598 et
1012 1545 1393 1599 resurrectionis
1439 1545 1629 1599 erimus
1658 1558 1677 1597 :
1703 1542 1798 1596 hoc

193 1638 438 1703 scientes,
469 1639 588 1705 quia
618 1646 757 1692 vetns
784 1638 932 1692 homo
960 1648 1131 1693 noster
1149 1638 1303 1692 simul
1331 1639 1604 1706 cruciﬁxus
1625 1645 1716 1702 est,
1740 1645 1797 1689 ut

194 1740 473 1784 evacuetur
501 1746 687 1799 corpus
712 1730 920 1801 peccati,
949 1740 1004 1783 ut
1026 1729 1161 1783 ultra
1190 1746 1291 1783 non
1319 1730 1594 1784 serviamus
1618 1745 1796 1800 pecca-

194 1830 270 1875 to.
312 1820 413 1887 Qui
443 1821 575 1874 enim
604 1831 833 1876 mortuus
862 1831 953 1887 est,
978 1821 1297 1892 justi/iectus
1316 1831 1387 1875 est
1413 1838 1445 1875 a
1471 1830 1698 1891 peccato.
1731 1820 1795 1876 Si

192 1925 374 1968 autem
403 1916 588 1967 mortui
613 1931 788 1968 sumus
812 1931 927 1967 cum
958 1913 1157 1969 Christo
1175 1957 1190 1982 ,
1217 1914 1467 1968 credimus
1494 1914 1615 1986 quia
1643 1914 1795 1969 simul

192 2010 355 2062 etiam
381 2007 600 2062 vivemus
622 2024 737 2061 cum
763 2008 886 2063 illo:
909 2009 1119 2063 scientes
1137 2009 1255 2079 quia
1277 2008 1503 2063 Christus
1527 2024 1793 2079 resurgens

190 2118 225 2155 a
252 2103 490 2167 mortuis,
511 2101 625 2172 jam
652 2118 753 2154 non
784 2102 1014 2165 moritur,
1047 2116 1181 2154 mors
1208 2100 1288 2154 illi
1313 2099 1455 2154 ultra
1495 2116 1596 2154 non
1627 2100 1792 2154 domi-

190 2195 419 2248 nabitur.
465 2192 618 2261 Quod
658 2194 793 2247 enim
830 2201 1061 2247 mortuus
1085 2201 1158 2247 est
1195 2200 1421 2265 peccato,
1468 2201 1696 2247 mortuus
1719 2202 1791 2247 est

192 2287 352 2341 semel
378 2302 398 2342 :
416 2288 553 2360 quod
581 2296 749 2340 autem
775 2285 910 2352 vivit,
942 2286 1058 2339 vivit
1080 2284 1203 2339 Deo.
1227 2283 1313 2339 Ita
1335 2294 1385 2340 et
1406 2301 1492 2340 vos
1510 2285 1791 2340 existimate

190 2389 423 2433 mortuos
447 2379 647 2446 quidem
676 2394 763 2433 vos
788 2394 894 2432 esse
918 2388 1142 2449 peccato,
1166 2377 1361 2432 vivere”
1391 2388 1555 2431 autem
1586 2378 1691 2433 Deo
1735 2379 1790 2433 in

191 2471 401 2527 Christo
424 2470 551 2526 Jesu
585 2471 763 2543 (Rom.
792 2487 865 2538 vr,
900 2470 1072 2542 1-11).
1091 2471 1227 2526 Hinc
1247 2472 1389 2526 enim
1418 2470 1645 2541 probare
1674 2485 1789 2527 cae-

190 2575 352 2634 perat
394 2580 500 2619 non
532 2579 653 2620 esse
694 2563 846 2619 nobis
872 2563 1290 2633 permanendum
1326 2563 1378 2619 in
1428 2572 1683 2633 peccato,
1730 2574 1788 2620 ut

186 2657 361 2726 gratia
388 2656 656 2721 abundet;
696 2664 749 2711 et
795 2655 1023 2720 dixerat,
1053 2655 1115 2711 Si
1143 2659 1327 2711 mortui
1355 2674 1528 2713 sumus
1557 2667 1781 2728 peccato,

185 2749 448 2818 quomodo
471 2750 689 2804 vivemus
715 2749 769 2803 in
798 2765 855 2803 eo
875 2750 902 2803 ?
924 2752 1097 2819 Atque
1128 2759 1185 2804 ut
1209 2750 1517 2807 ostenderet
1544 2762 1785 2806 mortuos

187 2854 296 2893 nos
324 2855 446 2894 esse
473 2847 710 2909 peccato,
744 2839 1046 2910 subjecerat
1068 2840 1112 2905 ³,
1142 2839 1220 2893 Αη
1246 2841 1511 2911 ignoratis,
1545 2844 1785 2914 quoniam

184 2934 495 3003 quicumque
531 2932 774 3003 baptizati
813 2950 987 2987 sumus
1026 2933 1079 2987 in
1124 2932 1324 2989 Christo
1349 2934 1498 3002 Jesu,
1544 2937 1596 2990 in
1626 2945 1785 2992 morte

184 3027 352 3094 ipsius
380 3026 621 3095 baptizati
645 3025 859 3081 sumus?
884 3025 973 3081 Sic
999 3027 1177 3097 itaque
1205 3035 1373 3081 totum
1416 3028 1590 3083 locum
1623 3030 1782 3084 istum

182 3118 405 3182 clausit,
441 3127 497 3172 ut
523 3119 708 3188 cmpit.
740 3116 960 3172 Mortem
990 3118 1188 3190 quippe
1212 3117 1408 3174 Christi
1435 3121 1516 3176 sic
1540 3121 1782 3177 insinua-

184 3211 285 3274 vit,
322 3218 379 3263 ut
421 3211 584 3265 etiam
634 3211 805 3279 ipsum
843 3220 1111 3265 mortuum
1155 3211 1359 3269 diceret
1392 3228 1513 3269 esse
1537 3224 1779 3284 peccato.

180 3298 286 3354 Cui
314 3312 550 3369 peccato,
582 3301 684 3355 nisi
723 3301 869 3355 carni
889 3301 929 3370 ⁸,
972 3302 1024 3356 in
1051 3317 1154 3373 qua
1184 3311 1321 3370 erat,
1349 3318 1455 3358 non
1479 3313 1780 3374 peccatum,

180 3392 284 3447 sed
322 3393 617 3447 similitudo
644 3394 871 3464 peccati,
917 3402 971 3448 et
1000 3393 1122 3450 ideo
1152 3397 1371 3453 nomine
1408 3397 1672 3467 appellata
1698 3407 1783 3454 est

180 3488 431 3557 peccati?
468 3488 755 3558 Baptizatis
803 3490 983 3560 itaque
1024 3490 1075 3543 in
1120 3500 1295 3547 morte
1343 3492 1560 3557 Christi,
1594 3493 1647 3547 in
1679 3507 1783 3563 qua

181 3594 296 3632 non
328 3580 503 3633 solum
531 3579 782 3650 majores,
807 3595 992 3636 verum
1020 3582 1181 3637 etiam
1200 3583 1405 3653 parvuli
1426 3584 1780 3653 baptizantur,

179 3672 284 3737 ait,
319 3669 409 3725 Sic
428 3680 476 3725 et
504 3688 611 3738 vos,
665 3671 719 3726 id
748 3680 831 3727 est
854 3673 1303 3743 quemadmodum
1335 3674 1602 3742 Christus,
1635 3676 1709 3730 sic
1734 3685 1785 3731 et

181 3780 274 3817 vos
299 3763 584 3817 existimate
612 3780 699 3817 vos
724 3772 947 3819 mortuos
992 3781 1099 3820 esse
1126 3774 1332 3837 peccato
1356 3806 1370 3833 ,
1420 3766 1583 3821 vivere
1610 3778 1783 3821 autem

180 3852 292 3909 Deo
312 3855 371 3908 in
390 3852 594 3910 Christo
616 3854 650 3907 J
655 3871 762 3909 esu.

252 3945 491 4003 CAPUT
530 3946 661 4001 Llll.
692 3977 765 3988 —
789 3945 930 4003 Crux
966 3947 1177 4015 Christi,
1225 3947 1510 4021 sepultura,
1554 3968 1784 4006 resurre-

180 4041 304 4105 ctio,
345 4049 476 4104 etc.,
521 4042 686 4111 ﬁgura
713 4041 826 4094 vita:
866 4041 1175 4096 christiana.
1209 4041 1475 4113 Quidquid
1507 4043 1666 4115 igitur
1693 4060 1785 4116 ge-

180 4145 327 4190 stum
356 4144 442 4189 est
471 4134 526 4188 in
560 4148 722 4189 cruce
746 4133 964 4200 Christi,
1004 4133 1060 4189 in
1094 4135 1393 4205 sepultura,
1440 4136 1491 4190 in
1537 4152 1785 4193 resurre-

182 4228 370 4282 ctione
397 4228 555 4281 tertio
583 4226 693 4291 die,
717 4226 768 4280 in
799 4227 1113 4282 ascensione
1139 4228 1192 4281 in
1223 4227 1440 4294 ccelum,
1480 4229 1533 4283 in
1562 4229 1690 4284 sede
1718 4230 1783 4285 ad

182 4321 466 4375 dexteram
507 4320 713 4385 Patris;
758 4319 827 4374 ita
867 4330 1075 4390 gestum
1115 4314 1218 4385 est,
1266 4328 1323 4375 ut
1352 4320 1435 4376 his
1474 4322 1633 4376 rebus
1680 4336 1784 4377 non

183 4413 419 4485 mystice
447 4420 650 4466 tantum
673 4410 850 4478 dictis,
875 4410 968 4465 sed
994 4411 1153 4466 etiam
1178 4411 1343 4482 gestis
1363 4410 1787 4482 eonﬁguraretur

182 4507 293 4560 vita
336 4506 630 4561 christiana
671 4520 789 4575 qua:
834 4504 921 4560 hic
968 4505 1201 4576 geritur:
1236 4504 1368 4560 Nam
1415 4515 1632 4576 prOpter
1667 4509 1787 4578 ejus

186 4612 407 4653 crucem
430 4596 630 4652 dictum
659 4605 780 4651 est:
809 4596 910 4662 Qui
944 4605 1113 4650 autent
1138 4594 1265 4651 Iesu
1285 4595 1471 4652 Christi
1506 4606 1645 4665 sunt,
1673 4615 1789 4652 car-

185 4707 306 4744 nem
349 4706 494 4743 suam
534 4689 897 4759 cruciﬁxerunt
916 4705 1031 4742 cum
1071 4689 1430 4760 passionibus}
1464 4699 1510 4744 et
1548 4692 1788 4762 concupi-

188 4786 397 4841 scentiis
417 4784 618 4855 (Colat.
648 4800 702 4846 ν.
724 4782 839 4854 24).
866 4784 1089 4854 Propter
1109 4785 1440 4853 sepulturam
1461 4804 1475 4839 :
1494 4784 1790 4857 Consepulti

188 4896 372 4933 sumus
393 4878 597 4934 Christo
625 4893 714 4947 per
747 4876 1064 4947 Baptismum
1093 4877 1145 4930 in
1177 4887 1407 4933 mortem.
1446 4878 1675 4948 Propter
1700 4893 1788 4933 re-

188 4973 582 5029 surrectionem
614 4989 625 5025 :
658 4969 726 5025 Ut
754 4970 1177 5042 quemadmodum
1206 4970 1435 5025 Christus
1461 4972 1732 5027 resurrexit
1759 4989 1791 5026 a

188 5070 407 5120 mortuis
438 5081 529 5133 per
556 5064 772 5135 gloriam
804 5062 997 5129 Patris,
1030 5066 1100 5116 ita
1126 5073 1172 5116 et
1201 5079 1291 5116 nos
1332 5063 1387 5117 in
1417 5065 1633 5119 novitate
1676 5066 1793 5120 vita:

188 5156 529 5211 ambulemus.
559 5156 784 5225 Propter
812 5156 1179 5209 ascensionem
1208 5154 1259 5207 in
1284 5155 1476 5211 coelum
1500 5156 1793 5227 sedemque

188 5252 255 5305 ad
288 5251 569 5306 dexteram
598 5250 766 5304 Patris
794 5266 807 5305 :
835 5249 897 5304 Si
934 5259 1101 5303 autem
1128 5249 1470 5303 resurrexistis
1495 5265 1607 5303 cum
1638 5248 1791 5304 Chri-

188 5354 291 5411 sto,
325 5359 440 5415 qute
463 5358 664 5397 sursum
684 5350 797 5395 sunt
822 5342 1048 5411 quwrite,
1078 5341 1161 5394 ubi
1194 5340 1422 5395 Christus
1444 5349 1517 5395 est
1537 5341 1606 5395 ad
1630 5341 1795 5396 dexte-

258 5549 275 5579 ί
304 5547 379 5596 sic
401 5544 706 5608 antiquiores
727 5550 833 5593 Mss.
852 5543 992 5606 juxta
1016 5554 1247 5605 graecum.
1270 5548 1326 5591 At.
1349 5539 1489 5604 editi,
1521 5539 1795 5605 consepulti

184 5613 325 5665 asins
344 5620 528 5658 ασηω.

257 5682 279 5709 ι
314 5671 510 5735 Aliquot
531 5677 659 5735 Ms_s_.,
684 5667 904 5718 viventes.

260 5741 282 5771 ³
318 5742 383 5784 Ita
406 5726 516 5782 itss.
541 5732 660 5782 Editi
685 5744 820 5784 vero.
854 5726 1071 5784 subjecit.

259 5804 281 5833 ι
314 5796 452 5855 aditi,
475 5792 653 5843 carnis.
683 5801 738 5842 Αι
762 5801 866 5841 Mss.
892 5788 1075 5855 plures,
1109 5788 1261 5841 carni.
1288 5788 1506 5841 Nonnulli
1534 5800 1655 5839 vero
1688 5800 1797 5838 eam

194 5873 368 5914 vocem
393 5864 711 5920 praetereunt.

261 5926 281 5957 ⁸
305 5913 442 5980 Εόὶῦ,
466 5932 580 5969 cum
599 5917 741 5968 ritiis.
770 5916 997 5980 rrmcijgui
1028 5922 1155 5977 Mss,
1176 5929 1283 5965 cum
1307 5915 1605 5980 passionibus
1620 5926 1636 5977 ;
1654 5913 1794 5977 juxta

196 5977 437 6051 puum,
460 5983 550 6033 sim
572 5981 661 6031 teis
682 5977 963 6041 pathémasi,
1152 5990 1171 6004 °

1647 496 1844 552 LIBER
1889 496 2084 554 UNUS.

3404 521 3513 579 258

1919 633 2030 670 rant
2057 616 2156 673 Dei
2178 622 2392 687 sedens;
2415 642 2529 696 qua:
2552 645 2752 685 sursum
2789 645 2907 689 sunt
2933 638 3113 709 sapite,
3145 655 3246 693 non
3271 656 3388 701 aute
3412 657 3506 696 su-

1920 723 2010 777 per
2037 719 2221 766 terram
2247 729 2267 768 :
2292 721 2477 771 mortui
2494 721 2626 774 enim
2654 725 2792 793 estis,
2819 736 2866 780 et
2896 729 2995 782 vita
3023 740 3186 785 vestra
3211 734 3506 788 abscondita

1917 810 1989 853 est
2013 817 2127 855 cum
2154 803 2354 859 Christo
2372 808 2425 861 in
2447 808 2575 864 Deo.

1995 891 2221 951 CAPUT
2267 898 2401 954 LIV.
2440 932 2512 943 —
2545 902 2808 960 Iudicium
2854 910 3085 965 ultimum
3134 916 3387 985 pertinens
3431 919 3500 970 ad

1912 1000 1993 1039 res
2019 988 2071 1040 in
2101 989 2204 1056 fine
2229 993 2403 1047 steculi
2428 997 2694 1064 gerendas.
2719 998 2835 1054 Jam
2867 1017 2993 1057 vero
3022 1006 3162 1073 quod
3194 1007 3259 1061 de
3285 1008 3501 1063 Christo

1912 1080 2234 1137 conﬁtemur
2254 1083 2516 1155 futurum,
2557 1092 2806 1158 quoniam
2839 1093 2904 1148 de
2932 1096 3072 1151 emlo
3106 1108 3357 1155 venturus
3392 1112 3494 1162 est.

1909 1170 2057 1249 vivos
2078 1173 2412 1243 judicaturus
2448 1195 2510 1235 ac
2548 1192 2810 1251 mortuos,
2848 1203 2952 1239 non
2985 1190 3211 1258 pertinet
3239 1191 3306 1245 ad
3339 1193 3498 1247 vitam

1908 1272 2145 1319 nostram
2188 1283 2306 1337 qua:
2350 1269 2437 1325 hic
2474 1273 2711 1341 geritur;
2741 1278 2863 1345 quia
2906 1294 3003 1333 nec
3046 1281 3097 1334 in
3136 1282 3296 1336 rebus
3335 1285 3498 1353 gestis

1906 1355 2024 1425 ejus
2048 1367 2151 1423 est,
2182 1361 2276 1415 sed
2308 1361 2362 1415 in
2396 1365 2501 1419 line
2530 1367 2711 1421 saeculi
2735 1369 3001 1438 gerendis.
3032 1371 3112 1426 Ad
3143 1372 3244 1427 hoc
3264 1375 3497 1442 pertinet

1907 1446 2050 1516 quod
2078 1448 2369 1518 Apostolus
2409 1464 2625 1512 secutus
2662 1458 2905 1528 adjunxit
2934 1478 2947 1514 :
2974 1458 3100 1516 Cum
3140 1462 3369 1518 Christus
3396 1482 3496 1532 ap-

1906 1541 2130 1607 paruerit
2155 1543 2259 1597 vita
2286 1556 2470 1613 vestra,
2500 1557 2619 1602 tunc
2644 1559 2691 1605 et
2723 1567 2808 1606 vos
2836 1554 3145 1624 apparebitis
3177 1574 3293 1611 cum
3320 1558 3410 1612 illo
3439 1560 3494 1612 in

1903 1630 2066 1701 gloria
2087 1632 2307 1700 (Coloss.
2339 1651 2417 1704 ιιι,
2452 1639 2595 1710 1-4).

1972 1721 2199 1781 CAPUT
2239 1727 2348 1782 LV.
2377 1761 2446 1770 —
2468 1732 2719 1789 Judicare
2756 1738 2892 1791 vivos
2932 1748 2981 1793 et
3024 1750 3269 1806 mortuos,
3302 1743 3496 1809 duplici

1901 1813 2052 1869 modo
2080 1816 2411 1874 intellectum.
2443 1822 2658 1879 Duobus
2685 1836 2864 1881 autem
2910 1830 3084 1884 modis
3121 1832 3288 1902 accipi
3318 1842 3494 1902 potest

1898 1905 2042 1975 quod
2069 1908 2218 1964 vivos
2244 1919 2300 1965 et
2326 1922 2564 1968 mortuos
2586 1914 2847 1985 judicabit
2874 1936 2887 1972 :
2918 1920 3031 1975 sive
3062 1930 3120 1975 ut
3145 1923 3293 1977 vivos
3326 1924 3487 1977 intel-

1899 1997 2142 2069 ligamus,
2176 2017 2311 2071 quos
2355 2004 2441 2058 hic
2487 2006 2723 2062 nondum
2768 2020 3028 2077 mortuos,
3072 2012 3166 2067 sed
3212 2013 3389 2068 adhuc
3434 2016 3486 2069 in

1897 2090 1997 2147 ista
2040 2108 2202 2149 carne
2246 2097 2488 2153 viventes
2534 2100 2850 2156 inventurus
2896 2112 2980 2158 est
3023 2104 3141 2173 ejus
3190 2105 3487 2173 adventus;

1898 2196 2157 2254 mortuos,
2183 2197 2361 2244 autem
2407 2190 2498 2261 qui
2538 2191 2606 2247 de
2635 2207 2882 2263 corpore,
2912 2196 3059 2265 prius
3086 2212 3246 2267 quam
3285 2198 3485 2264 veniat,

1896 2276 2143 2331 exierunt
2175 2278 2260 2333 vel
2292 2280 2485 2336 exituri
2512 2289 2640 2336 sunt
2661 2300 2674 2336 :
2698 2284 2812 2338 sive
2838 2286 2986 2339 vivos
3008 2285 3204 2355 justas,
3250 2299 3487 2343 mortuos

1893 2372 2073 2419 autem
2110 2366 2373 2437 injustas;
2405 2372 2658 2441 quoniam
2686 2373 2815 2442 justi
2844 2389 3060 2445 quoque
3080 2376 3482 2445 judieahuntur.

1894 2454 2198 2525 Aliquando
2224 2460 2367 2514 enim
2389 2461 2647 2529 judicium
2688 2464 2778 2518 Dei
2806 2465 3021 2533 ponitur
3047 2466 3097 2520 in
3130 2466 3302 2530 malo;
3347 2468 3486 2523 unde

1894 2547 2023 2604 illud
2052 2559 2156 2615 est,
2189 2551 2287 2618 Qui
2321 2563 2491 2608 autem
2540 2556 2673 2608 male
2715 2567 2944 2626 egerunt,
2976 2558 3030 2611 in
3067 2560 3484 2614 resurrectionem

1882 2639 2073 2712 judicii
2103 2640 2279 2713 (Joan.
2313 2659 2364 2710 v,
2391 2644 2484 2717 29)
2529 2662 2544 2700 :
2581 2646 2868 2717 aliquando
2910 2657 2962 2702 et
3006 2649 3059 2702 in
3091 2649 3253 2713 bono,
3286 2664 3483 2705 secun-

1892 2729 2018 2784 dum
2050 2732 2193 2802 quod
2224 2734 2426 2789 dictum
2458 2744 2561 2803 est,
2590 2735 2745 2802 Deus,
2769 2738 2821 2791 in
2851 2740 3055 2793 nomine
3082 2749 3168 2793 tuo
3191 2741 3384 2795 salvum
3406 2759 3486 2798 me

1891 2823 1997 2894 fac,
2025 2833 2073 2876 et
2096 2824 2149 2876 in
2178 2824 2361 2879 virtute
2388 2834 2475 2879 tua
2495 2826 2679 2898 judica
2708 2844 2788 2881 me
2818 2826 2986 2900 (Psal.
3024 2846 3136 2897 Lm,
3158 2830 3238 2901 3).
3270 2832 3372 2888 Per
3396 2834 3482 2902 ju-

1889 2912 2085 2968 dicium
2111 2915 2307 2986 quippe
2333 2916 2430 2972 Dei
2457 2915 2643 2989 ﬁtipsa
2679 2919 2943 2974 bonorum
2971 2921 3338 2992 malorumque
3366 2924 3477 2979 dis-

1889 3006 2078 3069 cretio,
2114 3014 2174 3061 ut
2210 3007 2466 3063 liberandi
2508 3025 2537 3062 a
2566 3009 2726 3074 malo,
2758 3026 2862 3064 non
2888 3012 3140 3081 perdendi
3161 3029 3282 3068 cum
3306 3016 3481 3083 malis,

1891 3098 2019 3153 boni
2048 3100 2115 3154 ad
2146 3100 2424 3156 dexteram
2449 3112 2804 3174 segregentur
2831 3104 3049 3174 (Matth.
3079 3122 3210 3171 xxv,
3245 3108 3331 3173 52,
3364 3109 3478 3179 53).

1889 3194 2117 3263 Propter
2162 3196 2305 3266 quod
2359 3196 2450 3252 ille
2490 3197 2773 3261 clamabat,
2820 3196 3009 3252 Judica
3058 3217 3157 3265 me,
3209 3200 3343 3255 Deus
3381 3219 3401 3256 :
3430 3212 3485 3259 et

1888 3285 2015 3356 quid
2040 3286 2411 3342 dixeratvelut
2437 3302 2732 3358 exponens,
2763 3287 2832 3341 Et
2854 3289 3104 3357 discerne,
3136 3292 3325 3361 inquit,
3355 3308 3481 3347 cau-

1887 3394 1999 3433 sam
2014 3394 2178 3431 meam
2197 3378 2261 3433 de
2284 3387 2429 3450 gente
2452 3396 2553 3433 non
2578 3389 2754 3435 sancta
2784 3378 2956 3452 (Psal.
2980 3397 3109 3449 xw,
3140 3382 3217 3453 1).

1961 3469 2186 3526 CAPUT
2229 3470 2362 3525 LVI.
2384 3501 2454 3511 —
2478 3471 2563 3527 15.
2606 3471 2684 3525 De
2723 3470 2923 3542 Spiritu
2958 3484 3135 3528 sancto
3165 3482 3212 3528 et
3252 3473 3483 3529 Ecclesia

1888 3573 2024 3618 recto
2053 3564 2229 3619 ordine
2255 3565 2446 3619 dictum
2481 3565 2532 3618 in
2561 3564 2828 3636 Symbolo.
2872 3564 3105 3619 Ecclesia
3142 3567 3354 3621 caelestis
3378 3577 3483 3621 ter-

1890 3670 2026 3709 rente
2052 3655 2353 3725 apitulatur.
2376 3653 2511 3710 Cum
2540 3666 2721 3710 autem
2745 3655 2813 3710 de
2838 3655 2966 3711 Jesu
2991 3656 3203 3711 Christo
3233 3657 3368 3712 Filio
3390 3659 3481 3712 Dei

1892 3748 2050 3802 unico
2076 3747 2302 3802 Domino
2326 3753 2531 3813 nostro,
2563 3746 2705 3816 quod
2736 3746 2801 3801 ad
2829 3747 3146 3803 brevitatem
3174 3747 3481 3803 Confessio-

1891 3839 1975 3894 uis
1997 3839 2245 3907 pertinet,
2275 3838 2589 3903 dixerimus,
2620 3837 2959 3908 adjungimus
2983 3838 3062 3893 sic
3098 3840 3319 3895 credere
3345 3854 3443 3895 nos
3464 3841 3481 3872 ¹

1891 3937 1948 3984 et
1975 3930 2026 3983 in
2052 3927 2308 3999 Spiritum
2353 3938 2619 3996 sanctum,
2645 3938 2702 3983 ut
2729 3929 2820 3984 illa
2862 3930 3095 3985 Trinitas
3123 3932 3480 4002 compleatur,

1890 4037 2011 4093 qua:
2039 4022 2177 4076 Deus
2213 4030 2296 4077 est
2327 4039 2339 4075 :
2364 4019 2559 4076 deinde
2587 4029 2770 4076 sancta
2809 4030 3262 4077 contmemoratur
3290 4022 3480 4079 Eccle-

1891 4115 1992 4169 sia.
2034 4111 2188 4169 Unde
2240 4112 2397 4168 datur
2440 4112 2665 4183 intelligi
2708 4113 3026 4169 rationalem
3071 4122 3371 4170 creaturam
3414 4116 3480 4170 ad

1890 4205 2188 4262 Jerusalem
2218 4204 2441 4260 liberam
2486 4204 2843 4274 pertinentem
2873 4203 3067 4276 (Galat.
3110 4222 3180 4272 ιν,
3209 4206 3327 4277 26),
3362 4217 3483 4277 post

1892 4299 2457 4357 commemorationem
2510 4297 2801 4364 Creatoris,
2848 4299 2901 4354 id
2950 4308 3033 4355 est
3079 4315 3303 4356 summa:
3340 4300 3486 4356 illius

1892 4392 2191 4459 Trinitatis,
2225 4391 2388 4447 fuisse
2429 4390 2783 4448 subdendam.
2825 4391 3086 4460 Quoniam
3117 4392 3373 4463 quidquid
3415 4393 3485 4449 de

1895 4483 2111 4538 homine
2153 4484 2369 4539 Christo
2408 4483 2610 4538 dictum
2658 4490 2761 4547 est,
2808 4482 2875 4537 ad
2932 4483 3190 4538 unitatem
3237 4500 3485 4555 personae

1896 4574 2166 4645 llnigeniti
2206 4575 2457 4644 pertinet.
2502 4575 2699 4630 [lectus
2729 4574 2907 4644 itaque
2948 4573 3314 4629 Conlessionis
3350 4576 3485 4631 ordo

1895 4665 2168 4736 poscebat,
2212 4674 2272 4719 ut
2310 4665 2558 4719 Trinitati
2600 4664 3011 4735 subjungeretur
3054 4665 3313 4729 Ecclesia,
3368 4674 3485 4719 tan—

1893 4772 2054 4828 quam
2085 4757 2368 4812 hahitatori
2398 4756 2592 4811 domus
2621 4771 2739 4823 sua,
2771 4765 2825 4811 et
2864 4757 2975 4811 Deo
3022 4758 3273 4827 templum
3304 4770 3481 4819 suum,

1894 4849 2229 4905 etconditori
2261 4848 2447 4902 civitas
2472 4862 2589 4901 sua.
2623 4847 2753 4914 Qua:
2778 4854 2886 4901 tota
2916 4846 3004 4902 hic
3040 4845 3347 4916 accipienda
3376 4857 3480 4909 est,

1897 4956 2003 4995 non
2037 4940 2210 4995 solum
2253 4956 2317 4993 ex
2364 4947 2512 5009 parte
2551 4940 2687 5008 qua‘
2720 4939 3088 5008 peregrinatur
3138 4938 3190 4991 in
3233 4938 3406 5000 terris,
3450 4953 3481 4991 a

1895 5033 2028 5089 solis
2054 5042 2174 5111 ortu
2206 5048 2372 5102 usque
2400 5032 2468 5086 ad
2497 5045 2747 5085 occasum
2784 5029 3005 5085 laudans
3044 5043 3237 5084 nomen
3271 5028 3486 5083 Domini

1899 5127 2075 5197 (Psal.
2102 5142 2243 5192 exn,
2275 5126 2355 5193 '5),
2401 5134 2454 5180 et
2493 5133 2610 5194 post
2651 5123 3011 5192 captivitatem
3043 5122 3323 5175 vetustatis
3358 5136 3487 5175 can-

1899 5229 2021 5275 tans
2050 5220 2316 5274 canticum
2354 5232 2553 5271 novum
2581 5233 2596 5279 ;
2637 5229 2820 5269 verum
2862 5216 3023 5268 etiam
3054 5228 3118 5268 ex
3166 5214 3253 5267 illa
3283 5230 3402 5284 qua:
3431 5215 3486 5269 in

1898 5313 2050 5369 cmlis
2078 5326 2313 5378 semper,
2342 5325 2405 5362 ex
2436 5322 2542 5377 quo
2583 5305 2798 5360 condita
2838 5314 2942 5370 est,
2971 5303 3193 5358 cohaasit
3225 5305 3354 5369 Deo,
3387 5320 3489 5359 nec

1900 5404 2068 5460 ullum
2103 5402 2303 5457 malum
2335 5400 2416 5453 sui
2447 5412 2604 5453 casus
2643 5405 2861 5465 experta
2902 5404 3003 5451 est.
3036 5395 3161 5450 lltcc
3200 5394 3252 5450 in
3290 5396 3490 5450 sanctis

1900 5494 2118 5566 Angelis
2164 5493 2317 5547 beata
2371 5490 2626 5560 persistit,
2676 5496 2731 5542 et
2776 5503 2888 5542 sua:
2941 5488 3073 5557 parti
3125 5487 3488 5558 peregrinanti

1900 5589 2039 5643 sicut
2070 5594 2275 5655 oportet
2312 5581 2631 5651 Opitulatur;
2671 5580 2792 5649 quia
2827 5588 3049 5649 utraque
3081 5593 3187 5633 una
3225 5578 3328 5633 erit
3354 5592 3489 5633 con-

1967 5787 1983 5819 ι
2010 5784 2177 5835 Plures
2196 5791 2322 5842 Mss.,
2338 5778 2647 5842 adiungimus
2670 5775 2745 5828 his
2767 5776 2968 5842 credere
2990 5788 3089 5825 nos.
3108 5774 3334 5842 nonnulli
3353 5785 3492 5842 vero,

2584 5839 2655 5891 sic
2680 5841 2881 5891 credere
2910 5852 3009 5888 nos.
3035 5837 3231 5895 Quidam
3252 5818 3488 5897 denique;

1901 5860 1965 5899 aa
1991 5860 2226 5911 ungimus,
2254 5860 2304 5894 tu
2328 5860 2560 5900 convena,
2584 5860 2655 5891 ssc
2680 5860 2881 5891 creuere
2910 5860 3020 5911 ηυδ.⁸
3035 5860 3231 5895 ψιιυεωι
3252 5860 3281 5884 υ

1901 5862 2228 5973 adirmgimus,
2254 5914 2303 5956 ut
2326 5904 2439 5963 scis,
2464 5904 2770 5973 credereinos
2798 5914 2816 5950 :
2842 5916 2935 5951 non
2960 5912 3116 5949 nunus
3139 5900 3287 5948 bene.

1969 5942 2439 6022 ῗῖἷῖιῗῖἰῖῗὸὶὶίιἬ
2456 5942 2623 6029 ιῖίιῖἶὲἐ
2638 5942 2772 6026 iugi,
2798 5942 2925 6027 qui}.
