4072 6520
564 531 669 587 259

567 646 733 700 soi-tio
760 636 1088 702 mternitatis,
1116 642 1171 689 et
1197 645 1339 686 nunc
1367 643 1471 682 una
1510 636 1592 680 est
1615 622 1826 677 vinculo
1849 614 2142 679 charitatis,

569 752 686 805 qua!
710 741 815 786 tota
842 730 1077 782 instituta
1098 733 1181 779 est
1200 722 1266 777 ad
1294 716 1577 774 colendum
1598 728 1761 771 unum
1784 711 1969 765 Deum.
1998 703 2150 761 Unde

570 803 667 879 nec
700 834 826 886 tota,
856 836 954 875 nec
975 819 1079 872 ulla
1110 831 1233 886 pars
1268 814 1384 883 ejus
1413 811 1528 865 vult
1550 824 1609 863 se
1634 807 1736 862 coli
1764 819 1862 876 pro
1890 803 2017 865 Deo,
2050 812 2151 852 nec

568 917 815 976 cuiquam
843 926 962 966 esse
1002 910 1142 961 Deus
1174 900 1457 976 pertinenti
1487 898 1553 953 ad
1581 896 1831 965 templum
1862 891 1980 956 Dei,
2012 886 2151 959 quod

567 1006 864 1061 aedificatur
890 1018 954 1056 ex
981 1001 1084 1054 diis
1114 1012 1250 1068 quos
1280 994 1404 1049 facit
1433 1008 1538 1046 non
1569 991 1737 1044 factus
1764 987 1925 1041 Deus.
1953 985 2031 1037 Ac
2059 995 2153 1050 per

572 1100 672 1152 hoc
697 1096 926 1167 Spiritus
975 1100 1191 1144 sanctus
1229 1087 1273 1141 si
1295 1095 1559 1149 creatura,
1597 1097 1701 1134 non
1718 1086 1947 1141 creator,
1988 1080 2152 1167 esset,

571 1160 812 1256 profecto
872 1189 1115 1237 creatura
1165 1172 1445 1231 rationalis
1485 1179 1656 1234 esset;
1717 1167 1831 1236 ipsa
1885 1172 1969 1218 est
2011 1160 2154 1216 enim

574 1294 781 1335 summa
807 1284 1048 1331 creatura
1068 1274 1106 1324 ¹.
1140 1271 1204 1325 Ει
1238 1270 1357 1323 ideo
1388 1268 1439 1321 in
1470 1264 1669 1334 Regula
1706 1259 1828 1315 fidei
1855 1275 1959 1313 non
1991 1269 2157 1327 pone-

573 1380 722 1425 retur
754 1376 879 1422 ante
914 1363 1224 1427 Ecclesiam,
1256 1360 1377 1429 quia
1402 1365 1457 1411 et
1478 1356 1597 1424 ipse
1619 1353 1685 1408 ad
1718 1350 2005 1406 Ecclesium
2029 1362 2154 1418 per-

576 1462 769 1513 tineret
804 1458 856 1510 in
890 1456 977 1511 illa
1022 1454 1138 1523 ejus
1164 1460 1310 1522 parte
1347 1463 1464 1519 quze
1504 1446 1558 1501 in
1585 1444 1735 1500 etelis
1777 1451 1877 1497 εει.
1912 1439 2019 1494 Νεε
2058 1436 2156 1491 ha-

576 1551 725 1605 beret
755 1549 1030 1616 templum,
1058 1542 1151 1599 sed
1178 1542 1339 1597 etiam
1370 1541 1483 1609 ipse
1508 1536 1762 1605 templum
1796 1540 1959 1587 esset.
2000 1529 2160 1583 Tem-

575 1644 722 1711 plum
759 1650 935 1694 autem
965 1636 1145 1699 habet,
1186 1633 1254 1687 de
1287 1645 1394 1701 quo
1420 1629 1549 1683 dicit
1576 1623 1901 1695 Apostolus:
1934 1618 2153 1673 Nescitis

576 1735 697 1803 quia
722 1748 934 1801 corpora
960 1736 1120 1783 vestra
1140 1724 1380 1795 templum
1400 1729 1514 1775 sunt
1543 1719 1768 1784 Spiritus
1795 1712 1976 1777 sancti,
2008 1711 2161 1781 quiin

576 1801 713 1877 uobis
745 1831 839 1887 est,
874 1836 1020 1890 quem
1062 1816 1252 1871 habetis
1300 1830 1333 1866 a
1369 1811 1519 1866 Deo?
1563 1810 1635 1863 De
1663 1807 1855 1878 quibus
1898 1803 2005 1856 alio
2042 1801 2161 1855 loco

576 1915 705 1969 dicit
734 1931 748 1967 :
780 1911 998 1965 Nescitis
1021 1909 1138 1980 quia
1165 1922 1378 1975 corpora
1420 1911 1585 1957 vestra
1608 1898 1832 1953 membra
1859 1904 1976 1950 sunt
2016 1891 2163 1947 Chri-

576 2008 639 2059 sti
666 2004 704 2077 (Ι
729 2003 846 2058 Cor.
882 2018 956 2066 vi,
986 2000 1071 2065 19,
1104 1996 1233 2068 15)?
1261 1993 1539 2065 Quomodo
1576 2005 1705 2059 ergo
1733 1989 1871 2043 Deus
1910 2000 2013 2039 non
2056 1988 2159 2077 est,

578 2103 669 2173 qui
718 2099 970 2169 templum
1016 2093 1213 2149 habet?
1251 2100 1343 2145 aut
1385 2090 1559 2142 minor
1605 2085 1818 2140 Christo
1860 2090 1963 2147 εει,
2012 2076 2163 2147 cujus

580 2170 817 2247 membra
846 2188 1101 2258 templum
1141 2183 1330 2238 habet?
1359 2181 1543 2250 Neque
1565 2179 1707 2234 enim
1735 2174 1876 2229 aliud
1908 2170 2162 2240 templum

579 2284 719 2351 ejus,
746 2278 886 2334 aliud
915 2277 1168 2345 templum
1214 2274 1305 2327 Dei
1350 2280 1454 2335 est,
1492 2284 1612 2324 cum
1662 2266 1804 2321 idem
1848 2263 1991 2317 dicat
2018 2260 2165 2330 Apo-

578 2375 767 2439 stolus,
802 2370 1020 2426 Nescitis
1046 2369 1164 2437 quia
1190 2366 1431 2435 templum
1469 2362 1563 2416 Dei
1599 2362 1717 2415 estis
1739 2376 1758 2414 :
1781 2357 1923 2430 quod
1952 2364 2009 2410 ut
2039 2370 2165 2425 pro-

581 2468 749 2528 baret,
774 2464 986 2533 adjecit,
1023 2459 1089 2513 Et
1123 2458 1349 2527 Spiritus
1372 2454 1465 2510 Dei
1496 2452 1683 2507 habitat
1710 2452 1763 2505 in
1789 2448 1926 2505 vobis
1952 2445 2063 2518 (Id.
2084 2459 2163 2510 ut,

582 2558 696 2626 l0).
732 2558 870 2610 Deus
911 2568 1039 2623 ergo
1080 2551 1283 2605 habitat
1332 2550 1382 2602 in
1427 2546 1626 2616 templo
1672 2558 1791 2609 suo,
1840 2556 1945 2596 non
1994 2538 2166 2593 solum

579 2650 809 2720 Spiritus
841 2654 1076 2711 sanctus,
1100 2643 1193 2699 sed
1218 2642 1377 2698 etiam
1404 2640 1563 2694 Pater
1592 2646 1647 2692 et
1670 2636 1855 2698 Filius,
1892 2632 1983 2703 qui
2006 2631 2167 2685 etiam

579 2742 649 2796 de
680 2752 907 2809 corpore
936 2752 1051 2800 suo,
1080 2749 1175 2803 per
1200 2731 1342 2803 quod
1378 2729 1547 2784 Iactus
1586 2736 1669 2782 est
1701 2733 1861 2794 eaput
1891 2722 2165 2785 Ecclesim,

580 2850 699 2901 quae
725 2833 777 2887 in
806 2830 1107 2884 hominibus
1135 2835 1238 2892 est,
1269 2832 1325 2877 ut
1351 2824 1414 2877 sit
1434 2822 1613 2891 ipsein
1649 2817 1877 2872 omnibus
1900 2816 2170 2885 primatum

584 2935 753 2978 tenens
792 2921 1008 2994 (Coloss.
1039 2935 1075 2983 ι,
1106 2918 1215 2985 18),
1248 2915 1342 2976 ait,
1385 2911 1577 2966 Solvite
1604 2908 1846 2978 templum
1875 2907 1988 2969 hoc,
2030 2912 2078 2957 et
2118 2903 2171 2957 in

584 3014 753 3067 triduo
798 3007 1046 3064 suscitabo
1084 3004 1213 3059 illud
1248 3002 1426 3076 (Joan.
1464 3016 1521 3065 ιι,
1571 2998 1683 3068 l9).
1722 2996 2003 3064 Templum
2044 3008 2172 3063 ergo

588 3104 705 3167 Dei,
738 3102 841 3155 hoc
873 3107 956 3155 est
984 3098 1145 3152 totius
1170 3109 1393 3150 summie
1417 3090 1711 3151 Trinitatis,
1744 3094 1926 3141 sancta
1964 3092 2048 3139 est
2071 3085 2172 3139 Ec-

585 3194 770 3258 clesia,
797 3192 1001 3247 scilicet
1023 3188 1266 3243 universa
1298 3185 1350 3239 in
1372 3185 1509 3239 caelo
1538 3192 1593 3238 et
1617 3182 1670 3236 in
1691 3188 1855 3236 terra.

657 3284 882 3341 CAPUT
920 3282 1076 3337 LV'II.
1109 3308 1183 3321 —
1207 3277 1470 3334 Stabilitas
1514 3274 1759 3329 Ecclesia
1788 3270 2021 3326 caelestis.
2066 3267 2173 3325 Sed

584 3376 656 3433 de
694 3375 782 3431 illa
827 3390 947 3444 qua:
996 3373 1049 3427 in
1086 3371 1226 3427 ccelo
1262 3378 1363 3434 est,
1402 3367 1669 3422 afﬁrmare
1696 3363 1823 3435 quid
1867 3376 2171 3434 possumus,

588 3470 695 3525 nisi
724 3467 864 3539 quod
897 3466 1071 3521 nullus
1098 3465 1150 3519 in
1180 3478 1242 3519 ea
1274 3462 1441 3517 malus
1457 3468 1558 3527 est,
1587 3474 1685 3514 nec
1713 3458 1992 3529 quisquam
2019 3455 2172 3510 dein-

587 3577 718 3634 ceps
760 3561 885 3618 inde
926 3558 1117 3615 cecidit
1155 3566 1247 3614 aut
1292 3568 1514 3614 casurus
1544 3560 1649 3621 est,
1681 3566 1747 3608 cx
1774 3564 1879 3624 quo
1910 3549 2049 3604 Deus
2078 3565 2173 3601 an-

588 3656 713 3725 gelis
739 3652 1057 3725 peccantibus
1095 3667 1195 3705 non
1236 3649 1475 3720 pepercit,
1520 3647 1655 3701 sicut
1694 3643 1881 3700 scribit
1904 3642 2177 3714 apostolus

588 3749 779 3804 Petrus
805 3764 818 3810 ;
864 3745 953 3800 sed
975 3743 1257 3799 carceribus
1284 3740 1516 3813 caliginis
1547 3738 1700 3810 inferi
1726 3737 1988 3792 retrudens
2012 3734 2175 3790 tradi-

587 3841 663 3894 dit
686 3840 740 3892 in
759 3839 958 3909 judicio
986 3836 1263 3906 puniendos
1288 3833 1529 3889 reservari
1550 3832 1614 3904 (ll
1644 3830 1787 3886 Petr.
1812 3846 1869 3897 ιι,
1899 3828 1998 3901 αυτ

659 3933 886 3989 CAPUT
927 3931 1105 3986 LVIII.
1128 3961 1199 3971 —
1222 3929 1534 4000 Angelorum
1576 3941 1687 3995 quae
1726 3926 1827 3980 sint
1854 3922 2174 3991 di/I‘erentiae,

588 4035 637 4081 et
662 4043 728 4080 an
766 4024 946 4097 Angeli
972 4028 1071 4078 sint
1099 4024 1287 4087 sidera,
1316 4023 1582 4075 incertum.
1611 4018 1891 4086 Quomodo
1917 4027 2092 4072 autem
2118 4031 2179 4071 se

591 4117 785 4171 habeat
810 4116 1114 4171 beatissima
1156 4114 1242 4166 illa
1282 4121 1337 4167 et
1377 4125 1608 4180 superna
1658 4111 1908 4175 societas,
1948 4124 2067 4178 qua:
2108 4107 2178 4161 ibi

594 4210 703 4263 sint
726 4208 1037 4262 differentite
1067 4206 1531 4276 przepositurarum
1548 4202 1591 4269 ',
1615 4208 1674 4255 ut
1693 4217 1812 4256 cum
1843 4214 2030 4254 omnes
2060 4210 2177 4252 tan-

591 4315 751 4369 quam
779 4298 1012 4368 generali
1041 4297 1256 4351 nomine
1303 4295 1485 4364 Angeli
1528 4301 1901 4362 nuncupentur
1929 4291 2090 4361 (sicut
2128 4290 2179 4343 in

596 4392 831 4462 Epistula
871 4390 936 4442 ad
981 4390 1231 4443 Ilehrmos
1276 4387 1500 4457 legimus
1528 4404 1543 4441 :
1569 4385 1663 4439 Cui
1705 4385 1838 4438 enim
1875 4384 2181 4456 Angelorum

597 4484 726 4538 dixit
766 4482 1072 4552 aliquando:
1105 4480 1240 4535 Sede
1283 4496 1316 4532 a
1358 4479 1548 4532 dextris
1589 4477 1713 4532 meis
1745 4476 1927 4548 (Hebr.
1970 4492 2009 4543 ι,
2058 4477 2181 4546 13)?

596 4578 699 4631 hoc
721 4576 915 4645 quippe
941 4572 1099 4626 modo
1124 4570 1440 4641 significavit
1467 4585 1654 4623 omnes
1684 4568 2056 4624 universaliter
2078 4570 2185 4621 An-

595 4667 745 4739 gelos
789 4663 937 4731 dici),
986 4663 1091 4715 sint
1145 4671 1323 4715 tamen
1368 4660 1476 4715 illic
1512 4659 1832 4728 Archangeli
1864 4676 1877 4710 :
1906 4670 1961 4712 et
2007 4668 2183 4713 utrum

598 4758 755 4815 iidem
785 4754 1102 4824 Archangeli
1133 4752 1471 4822 appellentur
1505 4751 1775 4813 Virtutes‘;
1804 4759 1964 4819 atque
2004 4749 2073 4802 ita
2101 4748 2184 4803 di-

593 4860 741 4906 ctum
788 4848 877 4909 sit,
922 4843 1153 4898 Laudate
1198 4860 1332 4909 eum,
1380 4858 1550 4895 omnes
1589 4840 1770 4911 Angeli
1798 4843 1944 4912 ejus;
1981 4840 2189 4895 laudate

594 4959 729 5009 cum,
760 4956 933 4995 omnes
972 4936 1189 4990 Virtutes
1218 4935 1326 5004 ejus
1367 4932 1539 5005 (Psal.
1577 4948 1798 4998 CXLVIII,
1823 4930 1880 5000 2)
1901 4948 1915 4997 ;
1940 4946 2004 4986 ac
2030 4932 2075 4985 si
2102 4932 2186 4985 di-

596 5043 825 5098 ceretur,
877 5029 1111 5085 Laudate
1153 5041 1276 5081 eum
1326 5038 1520 5078 omnes
1565 5023 1751 5093 Angeli
1796 5022 1933 5092 ejus,
1980 5022 2187 5077 laudate

599 5140 718 5177 cum
748 5138 933 5177 omnes
964 5118 1280 5189 Arcltangeli
1317 5116 1437 5187 ejus
1461 5132 1473 5168 :
1497 5115 1701 5184 etquid
1733 5115 1874 5170 inter
1897 5130 1955 5169 se
1990 5114 2190 5169 distent

600 5223 825 5282 quatuor
868 5213 952 5265 illa
978 5211 1253 5274 vocabula,
1294 5208 1489 5279 quibus
1519 5207 1821 5261 universam
1866 5206 2032 5275 ipsam
2073 5220 2184 5260 cm-

606 5306 790 5357 Iestem
814 5303 1122 5357 societatem
1154 5301 1364 5356 videtur
1388 5300 1676 5371 Apostolus
1702 5312 1823 5352 esse
1851 5297 2183 5366 complexus,

603 5392 849 5456 dicendo,
892 5391 1008 5444 Sive
1054 5392 1227 5454 Sedes,
1265 5394 1367 5445 sive
1395 5389 1802 5455 Dominationes,
1845 5389 1948 5443 sive
1986 5386 2191 5441 Princi-

608 5491 770 5549 patus,
819 5483 921 5533 sive
949 5480 1223 5533 Potestates
1251 5481 1471 5548 (Coloss.
1501 5498 1540 5548 ι,
1569 5479 1682 5553 16),
1731 5480 1913 5535 dicant
1950 5479 2038 5549 qui
2068 5493 2188 5547 pos-

607 5582 754 5639 sunt,
786 5573 830 5627 si
864 5582 1040 5625 tamen
1070 5582 1289 5639 possunt
1310 5573 1532 5641 probare
1562 5574 1701 5644 quod
1724 5574 1943 5628 dicunt:
1973 5586 2072 5643 ego
2102 5588 2187 5626 me

670 5815 685 5845 ¹
714 5814 785 5861 sic
808 5819 912 5860 MSS.
940 5815 994 5858 At
1021 5807 1154 5862 editi,
1187 5814 1287 5869 Ipse
1308 5808 1433 5858 enim
1452 5814 1571 5858 esset
1585 5823 1769 5859 summa
1793 5818 2032 5861 creatura.

672 5877 690 5905 ⁸
716 5874 847 5923 Hditi.
864 5881 1203 5981 personarum.
1231 5878 1284 5917 At.
1307 5879 1410 5920 Mss.
1439 5870 1679 5933 plerique,
1707 5873 2134 5935 prtrpositurarum
2172 5886 2191 5925 :

682 5934 858 5981 nonnul
880 5935 913 5981 i.
934 5937 1313 5981 vrwvosuortmt.

609 5943 659 5984 et
682 5934 913 5993 nonnulli,
934 5934 1313 5997 pratpositornm.

1064 511 1514 578 ENCIIIRIDION,
1554 507 1709 566 SIVE
1752 507 1835 561 DE
1875 500 2049 565 FIDE,
2091 496 2219 554 SPE
2262 493 2348 548 ET
2387 491 2802 556 CIIARI'I‘ATE,
2846 490 2904 545 S.
2950 486 3330 545 AUGUSTINI

3746 484 3853 541 21ὶο

2260 610 2360 663 ista
2398 608 2640 677 ignorare
2674 606 2951 662 confiteor.
2994 605 3098 661 Sed
3130 620 3196 660 ne
3226 604 3353 660 illud
3382 602 3605 675 quidem
3645 613 3853 659 certum

2258 697 2449 763 habeo,
2478 708 2653 752 utrum
2683 698 2748 751 ad
2779 697 3019 752 eamdem
3044 696 3349 750 societatem
3370 693 3778 765 pertineantsol
3796 705 3846 747 ct

2259 790 2377 844 luna
2408 797 2463 844 et
2489 798 2676 843 cuncta
2703 788 2876 842 sidera
2906 806 2918 841 :
2947 787 3189 858 quamvis
3219 787 3489 841 nonnullis
3521 784 3700 839 lucida
3732 801 3852 838 cor-

2259 895 2386 950 pora
2425 895 2565 947 esse,
2599 895 2703 933 non
2737 894 2857 935 cum
2901 894 3060 934 sensu
3093 879 3176 933 vel
3210 878 3581 948 intelligentia,
3625 877 3850 929 videan-

2261 980 2345 1025 tur
2372 970 2468 1042 (α).

2329 1060 2552 1117 CAPUT
2592 1060 2726 1116 LIX.
2755 1092 2825 1100 —
2855 1060 3161 1130 Angelorum
3208 1059 3379 1129 qualia
3427 1058 3529 1111 sint
3577 1060 3633 1111 in
3672 1056 3853 1127 quibus

2260 1163 2602 1224 apparuerunt
2633 1168 2866 1220 corpora,
2897 1152 3099 1221 difﬁcile
3138 1152 3440 1221 explicatur.
3478 1150 3724 1219 Itemque
3761 1166 3853 1204 an-

2259 1244 2362 1313 geli
2392 1245 2510 1315 quis
2536 1244 2764 1312 explicet.
2790 1259 2910 1296 cum
2951 1242 3192 1313 qualibus
3234 1241 3553 1309 corporibus
3582 1257 3852 1311 apparue-

2262 1334 2371 1389 rint
2407 1334 2733 1399 hominibus,
2782 1342 2839 1388 ut
2892 1350 2997 1387 non
3043 1334 3215 1387 solum
3261 1346 3631 1396 cernerentur,
3667 1348 3854 1388 verum

2262 1426 2420 1482 etiam
2441 1434 2819 1495 tangerentur;
2850 1434 2903 1478 et
2942 1440 3125 1479 rursus
3159 1438 3263 1478 non
3294 1425 3462 1478 solida
3490 1425 3850 1495 corpulentia,

2263 1517 2357 1573 sed
2384 1518 2642 1587 spirituali
2684 1518 2914 1586 potentia
2938 1517 3192 1585 quasdam
3222 1518 3474 1579 visiones,
3528 1534 3637 1571 non
3688 1518 3855 1571 oculis

2265 1611 2559 1681 corporeis,
2608 1610 2701 1665 sed
2746 1610 3129 1679 spiritualibus,
3162 1610 3247 1665 vel
3280 1610 3554 1664 mentibus
3584 1611 3852 1679 ingerant,

2266 1702 2348 1757 vel
2370 1702 2549 1757 dicant
2571 1701 2767 1772 aliquid
2796 1716 2900 1756 non
2930 1702 2996 1756 ad
3027 1717 3209 1757 aurem
3242 1701 3558 1769 forinsecus,
3584 1703 3685 1757 sed
3714 1704 3854 1758 intus

2268 1795 2319 1849 in
2378 1795 2558 1849 animo
2602 1795 2891 1860 hominis‘,
2938 1798 3099 1850 etiam
3149 1795 3248 1865 ipsi
3290 1795 3489 1850 ibidem
3536 1797 3855 1851 constituti:

2267 1888 2405 1942 sicut
2443 1888 2699 1957 scriptum
2749 1897 2835 1945 est
2877 1890 2928 1943 in
2972 1889 3357 1959 Prophetarum
3400 1890 3559 1957 libro,
3615 1889 3689 1944 Et
3733 1891 3858 1945 dixit

2269 1980 2392 2032 mihi
2426 1980 2633 2050 angelus
2674 1981 2760 2051 qui
2798 1980 3090 2051 loquebatur
3117 1981 3171 2034 in
3213 1997 3292 2035 me
3332 1979 3518 2052 (Zach.
3548 1998 3585 2047 1,
3620 1982 3724 2051 9):
3755 1999 3857 2037 non

2270 2071 2411 2126 enim
2454 2073 2548 2138 ait,
2593 2074 2680 2143 qui
2728 2073 3041 2144 loquebatur
3086 2072 3151 2126 ad
3193 2088 3316 2136 me;
3368 2074 3482 2136 sed,
3521 2075 3575 2127 in
3623 2092 3726 2127 me.
3768 2075 3860 2129 Vel

2270 2176 2559 2234 appareant
2583 2166 2709 2219 etin
2732 2167 2954 2231 somnis,
2979 2174 3033 2219 et
3054 2165 3427 2235 colloquantur
3451 2182 3598 2220 more
3626 2169 3861 2221 somnio—

2272 2272 2427 2310 rum:
2459 2257 2716 2312 habemus
2760 2258 2954 2327 quippe
2997 2258 3050 2312 in
3102 2257 3409 2326 Evangelia,
3466 2258 3598 2311 Ecce
3645 2260 3862 2329 Angelus

2272 2345 2481 2401 Domini
2504 2350 2744 2419 apparuit
2770 2347 2849 2402 illi
2886 2350 2941 2402 in
2976 2349 3185 2413 somnis,
3220 2349 3389 2403 dicens
3422 2348 3654 2421 (Matth.
3683 2367 3722 2416 ι,
3751 2352 3859 2420 20).

2276 2436 2371 2492 llis
2420 2439 2562 2492 enim
2606 2439 2780 2495 modis
2807 2440 2951 2495 velut
2982 2439 3215 2494 indicant
3257 2454 3315 2494 se
3345 2440 3517 2509 angeli
3560 2452 3862 2495 contrecta-

2274 2526 2397 2581 bilia
2443 2542 2669 2597 corpora
2714 2543 2821 2583 non
2868 2527 3066 2583 habere
3095 2545 3108 2581 :
3137 2528 3441 2597 faciuntque
3489 2529 3862 2585 difficillimam

2274 2620 2659 2689 quaestionem,
2722 2620 2992 2691 quomodo
3043 2630 3221 2689 patres
3278 2621 3356 2674 eis
3419 2621 3581 2688 pedes
3639 2622 3865 2676 laverint

2276 2709 2427 2781 (Gen.
2477 2727 2624 2778 xvut,
2657 2712 2712 2778 4,
2756 2718 2808 2765 ct
2834 2727 2944 2777 XIX,
2985 2710 3067 2781 2),
3094 2710 3363 2780 quomodo
3400 2710 3566 2765 Jacob
3606 2728 3733 2765 cum
3776 2728 3865 2766 an-

2277 2804 2396 2874 gelo
2423 2813 2528 2859 tam
2556 2804 2726 2858 solida
2752 2804 3172 2858 contrectatione
3200 2804 3425 2857 luctatus
3450 2803 3519 2858 sit
3552 2803 3670 2873 (Id.
3694 2820 3861 2867 xxxii,

2275 2893 2393 2965 24).
2424 2895 2556 2949 Cum
2599 2896 2696 2949 ista
2726 2904 3055 2964 qumruntur,
3089 2904 3143 2948 et
3166 2909 3228 2949 ea
3256 2894 3392 2948 sicut
3418 2904 3613 2964 potest,
3647 2896 3866 2965 quisque

2277 2986 2562 3054 conjectat,
2612 3000 2717 3038 non
2762 2984 3020 3039 inutiliter
3058 2994 3377 3039 exercentur
3416 2984 3653 3056 ingenia,
3701 2988 3749 3040 si
3781 2988 3867 3041 ad-

2279 3073 2524 3130 hibeatur
2571 3076 2885 3145 disceptatio
2926 3075 3218 3140 moderata,
3265 3084 3320 3130 et
3368 3075 3506 3131 absit
3552 3092 3715 3131 error
3755 3078 3866 3148 opi-

2279 3168 2519 3221 nantium
2561 3182 2621 3222 se
2651 3168 2787 3222 scire
2814 3166 2954 3236 quod
2989 3168 3251 3222 nesciunt.
3285 3166 3422 3236 Quid
3450 3168 3595 3222 enim
3622 3184 3765 3240 opus
3794 3180 3869 3223 est

2280 3268 2338 3313 ut
2367 3259 2483 3314 lucc
2523 3269 2683 3329 atque
2728 3260 3033 3329 hujusmodi
3063 3260 3420 3324 affirmentur,
3453 3263 3535 3316 vel
3582 3273 3867 3332 negentur,

2280 3354 2364 3407 vel
2385 3352 2709 3407 definiuntur
2734 3367 2855 3408 cum
2885 3352 3215 3421 discriminc,
3238 3352 3451 3423 quando
3490 3355 3610 3409 sine
3647 3356 3871 3411 crimine

2281 3445 2625 3501 nesciuntur?

2352 3536 2579 3593 CAPUT
2617 3535 2729 3591 LX.
2756 3567 2829 3577 —
2854 3536 2940 3592 16.
2982 3537 3127 3591 Artes
3156 3546 3348 3591 satana:
3377 3539 3798 3609 transﬁgurantis
3825 3556 3873 3594 se

2281 3641 2337 3689 ut
2360 3631 2596 3704 angelum
2625 3630 2774 3697 lucis,
2803 3630 2978 3684 utilius
3006 3630 3392 3700 dignoscantur.
3434 3630 3603 3702 Magis
3636 3649 3774 3703 opus
3798 3643 3874 3688 est

2282 3725 2574 3796 dijudicare
2609 3732 2770 3795 atque
2796 3725 3131 3795 dignoscere,
3171 3739 3292 3780 cum
3320 3738 3377 3777 se
3407 3732 3625 3778 satanas
3662 3727 3874 3780 transfi-

2283 3826 2436 3888 gurat
2472 3817 2617 3873 velut
2661 3818 2907 3888 angelum
2953 3818 3087 3872 lucis
3136 3817 3199 3889 (ll
3223 3817 3342 3873 Cor.
3387 3836 3466 3884 xu,
3498 3816 3614 3892 Η),
3669 3833 3739 3874 ne
3784 3817 3876 3875 Ial-

2284 3909 2443 3965 lendo
2468 3909 2533 3964 ad
2558 3910 2727 3980 aliqua
2757 3909 3053 3979 perniciosa
3082 3908 3321 3964 scducat.
3352 3910 3482 3965 Nam
3514 3913 3736 3981 quando
3760 3929 3875 3967 sen-

2284 4014 2376 4056 sus
2401 4000 2640 4069 corporis
2678 4001 2827 4067 fallit,
2870 4010 3101 4055 mentem
3130 4016 3258 4055 vero
3305 4020 3410 4055 nun
3454 4013 3639 4058 movet
3680 4020 3711 4057 a
3755 4020 3873 4060 vera

2285 4102 2535 4164 rectaque
2560 4095 2847 4161 sententia,
2876 4110 2977 4165 qua
3017 4095 3243 4165 quisque
3272 4097 3432 4150 vitam
3475 4097 3691 4152 fidelem
3723 4103 3873 4169 gerit,

2286 4188 2488 4242 nullum
2518 4196 2600 4242 est
2646 4188 2700 4241 in
2742 4188 2997 4258 religione
3028 4188 3319 4258 periculum
3348 4206 3361 4243 :
3393 4190 3472 4244 vel
3505 4205 3629 4244 cum
3678 4208 3737 4245 se
3784 4193 3877 4246 bo-

2288 4294 2414 4333 num
2448 4277 2672 4350 fingens,
2716 4294 2777 4332 ea
2821 4278 2948 4333 facit
2984 4279 3097 4334 sive
3137 4279 3282 4343 dicit,
3328 4296 3446 4349 qua:
3478 4281 3634 4334 bonis
3678 4283 3878 4354 angelis

2286 4380 2603 4442 congruunt,
2645 4372 2803 4425 etiam
2851 4372 2897 4426 si
2940 4371 3189 4427 credatur
3218 4373 3409 4437 bonus,
3459 4391 3565 4428 non
3604 4385 3689 4430 est
3734 4393 3879 4430 error

2287 4460 2590 4517 christiana:
2616 4461 2738 4517 fidei
2768 4462 3099 4533 periculosus
3136 4473 3225 4518 aut
3257 4465 3549 4520 morbidus.
3584 4468 3722 4521 (Iuni
3757 4483 3879 4522 vero

2289 4569 2386 4624 per
2411 4552 2526 4607 hinc
2554 4553 2725 4608 aliena
2769 4553 2833 4609 ad
2864 4568 2957 4608 sua
2997 4554 3183 4624 incipit
3220 4555 3437 4617 ducere,
3472 4565 3599 4611 tunc
3640 4573 3768 4613 eum
3798 4560 3879 4613 di-

2289 4661 2568 4717 gnoscere,
2622 4662 2722 4702 nec
2759 4648 2839 4703 ire
2878 4657 2998 4718 post
3045 4665 3187 4715 enni,
3237 4666 3426 4721 magna
3476 4662 3529 4706 et
3578 4656 3879 4709 necessaria

2292 4737 2560 4808 vigilantia
2588 4748 2690 4792 est.
2732 4737 2838 4793 Sed
2875 4740 3297 4809 quotusquisque
3346 4740 3623 4796 hominum
3660 4744 3883 4798 idoneus

2292 4837 2373 4883 est
2402 4843 2588 4882 omnes
2633 4828 2937 4883 mortiferos
2965 4830 3079 4900 ejus
3105 4831 3256 4885 dolos
3301 4833 3549 4899 evadere,
3594 4835 3701 4889 nisi
3742 4846 3885 4906 regat

2293 4929 2450 4988 atque
2487 4926 2695 4973 tueatur
2724 4918 2899 4975 Deus?
2928 4920 2995 4974 Et
3026 4922 3134 4991 ipsa
3174 4923 3330 4991 hujus
3376 4926 3452 4979 rei
3485 4925 3781 4982 difficultas
3821 4932 3882 4982 ad

2294 5010 2395 5065 hoc
2420 5019 2503 5066 cst
2526 5013 2691 5078 utilis,
2720 5028 2785 5067 ne
2806 5014 2876 5068 sit
2900 5029 3023 5083 spes
3043 5016 3142 5069 sibi
3174 5016 3419 5087 quisque,
3449 5028 3540 5072 aut
3564 5020 3733 5076 homo
3753 5024 3887 5077 alter

2293 5102 2468 5163 alteri.
2497 5102 2590 5158 sed
2623 5104 2762 5157 Deus
2804 5105 2914 5157 suis
2944 5106 3209 5159 omnibus.
3244 5106 3295 5160 Id
3336 5109 3477 5161 enim
3521 5110 3682 5165 nobis
3710 5113 3886 5181 patius

2294 5195 2543 5262 expedire
2573 5211 2791 5265 prorsus
2818 5197 3021 5265 piorum
3055 5198 3271 5268 ambigit
3304 5214 3483 5254 nemo.

2365 5284 2590 5340 CAPUT
2640 5286 2773 5339 LXI.
2802 5316 2873 5326 —
2898 5286 3129 5341 Ecclesia
3172 5289 3225 5341 in
3267 5290 3475 5361 Angelis
3520 5300 3568 5345 et
3611 5295 3666 5347 in
3717 5296 3887 5348 homi-

2297 5380 2460 5433 nibus.
2501 5376 2733 5433 Christus
2774 5396 2865 5447 pro
2892 5380 3083 5449 angelis
3128 5397 3227 5434 non
3256 5391 3328 5435 est
3358 5394 3607 5438 mortuus.
3665 5386 3890 5457 Angelos

2296 5474 2544 5540 quomodo
2572 5480 2762 5539 spectat
2794 5471 3059 5524 hominum
3088 5474 3387 5543 redemptio.
3448 5475 3573 5530 [lare
3599 5492 3735 5544 ergo
3772 5496 3888 5549 qua:

2297 5564 2347 5616 in
2393 5564 2591 5617 sanctis
2638 5563 2854 5633 Angelis
2900 5574 2953 5619 et
2999 5564 3293 5620 Virtutibus
3347 5567 3438 5621 Dei
3487 5580 3569 5622 cst
3621 5570 3884 5633 Ecclesia,

2298 5662 2423 5709 tunc
2468 5654 2619 5709 nobis
2665 5655 2818 5709 sicuti
2861 5667 2943 5709 est
2991 5655 3310 5723 innotescet,
3351 5672 3470 5711 cum
3516 5659 3564 5713 ei
3611 5662 3887 5732 conjuncti

2360 5874 2374 5904 ¹
2403 5878 2509 5921 Mss.
2530 5872 2614 5921 sed
2636 5868 2762 5921 intus
2784 5869 2958 5920 anima:
2980 5869 3197 5922 hominis.

2360 5934 2432 5995 (α)
2466 5933 2565 5981 \‘id.
2593 5933 2675 5982 lib.
2701 5934 2758 5982 ad
2781 5936 2997 5985 Orosium
3021 5944 3183 5984 contra
3204 5934 3599 5996 Priscilliauistas,
3619 5948 3731 6002 cap.
3755 5939 3832 5987 ll.
