4072 6528
220 494 319 551 ‘16!

221 609 486 664 fuerimus
528 607 581 661 in
608 606 793 675 linem,
824 606 891 663 ad
919 608 1079 663 simul
1107 608 1408 664 habendam
1438 608 1821 665 beatitudinem

220 701 633 771 sempiternam.
677 700 783 755 Ista
827 716 959 756 vero
987 718 1106 771 qua:
1148 703 1217 757 ab
1242 702 1331 756 illa
1362 703 1740 774 peregrinatur
1765 702 1818 756 in

222 795 403 860 terris,
450 810 517 849 eo
544 795 701 850 nobis
732 796 909 850 notior
948 804 1051 859 est,
1096 795 1238 866 quod
1285 796 1340 851 in
1389 797 1479 851 illa
1526 812 1735 864 sumus,
1767 808 1823 852 et

216 886 343 955 quia
396 886 672 939 hominum
702 895 807 952 est,
855 887 996 957 quod
1033 896 1089 942 et
1131 903 1232 942 nos
1270 902 1476 943 sumus.
1530 889 1654 944 llaec
1698 906 1823 945 san-

216 977 382 1045 guine
409 976 717 1033 Mediatoris
742 978 945 1033 nullum
979 978 1224 1034 habentis
1250 988 1552 1048 peccatum,
1581 981 1647 1035 ab
1674 982 1819 1036 omni

218 1070 502 1141 redempta
546 1080 630 1125 est
659 1082 897 1141 peccato,
928 1072 1152 1143 ejusque
1182 1089 1287 1128 vox
1316 1084 1419 1141 est,
1466 1074 1527 1129 Si
1552 1074 1694 1131 Deus
1724 1092 1817 1145 pro

219 1164 391 1232 nobis,
416 1165 527 1234 quis
550 1175 730 1219 contra
756 1183 848 1219 nos
868 1166 894 1219 ?
922 1166 1022 1232 Qui
1049 1165 1184 1220 Filio
1214 1168 1423 1237 proprio
1444 1184 1542 1221 non
1570 1169 1810 1240 pepercit,

219 1257 316 1312 sed
348 1274 441 1328 pro
470 1259 612 1313 nobis
643 1259 878 1315 omnibus
922 1261 1134 1313 tradidit
1172 1260 1322 1314 illum
1361 1261 1541 1333 (Rom.
1571 1279 1687 1329 vm,
1720 1264 1810 1329 51,

220 1350 344 1419 '52).
404 1350 519 1405 Non
556 1351 700 1406 enim
746 1367 843 1421 pro
873 1352 1092 1422 Angelis
1134 1361 1377 1407 mortuus
1419 1361 1501 1407 est
1544 1352 1811 1410 Christus.

172 1488 177 1491 »
212 1443 325 1498 Sed
368 1444 487 1498 ideo
510 1445 671 1499 etiam
722 1460 817 1515 pro
848 1445 1067 1515 Angelis
1113 1445 1191 1510 tit,
1242 1446 1499 1516 quidquid
1532 1446 1808 1507 hominum

1660 492 1863 551 LIBER
1905 494 2101 553 UNUS.

3418 530 3449 563 ο)
3462 530 3523 564 (ἴα)

3423 548 3525 582 202:

1933 608 2050 679 ipso
2077 612 2274 685 quippe
2310 616 2463 673 beata
2508 631 2591 676 est
2633 626 2909 682 rationalis
2958 640 3226 697 creatum,
3258 649 3521 707 quar‘cum-

1930 718 2033 772 que
2062 704 2214 761 beala
2242 718 2345 772 est,
2380 727 2484 766 non
2515 713 2628 783 ipse
2658 715 2723 770 de
2751 717 2858 773 illa.
2918 719 3071 777 Unde
3100 704 3394 782 secundum
3427 728 3527 784 hoc

1928 796 2120 851 melius
2164 800 2422 869 accipitur
2465 806 2608 874 quod
2651 808 2909 879 scriptum
2961 823 3063 881 est,
3115 814 3234 871 Paa:
3278 818 3369 873 Dei
3418 837 3528 889 quia

1928 889 2172 953 pra'cellit
2219 907 2418 947 onmem
2461 895 2771 953 intellectum
2811 918 2831 957 :
2878 912 2934 957 ιιι
2984 906 3034 959 ἱιι
3083 922 3146 962 eo
3196 911 3337 980 quod
3387 912 3525 969 dixit

1926 992 2144 1045 onmem,
2188 996 2286 1037 nec
2327 984 2440 1053 ipse
2493 986 2794 1047 intellectus
2837 1005 3145 1053 sanctorum
3195 1002 3523 1072 Angelorum

1924 1086 2045 1126 esse
2075 1076 2242 1143 possit
2283 1091 2537 1151 exceptus
2572 1085 2585 1114 ¹
2615 1101 2628 1148 ;
2659 1086 2752 1141 sed
2798 1087 2887 1141 Dei
2924 1090 3091 1145 solius
3123 1111 3136 1146 :
3173 1109 3346 1165 neque
3376 1098 3520 1152 enim

1922 1173 1975 1217 ct
2006 1164 2170 1233 ipsius
2201 1168 2527 1227 intellectum
2558 1190 2657 1244 pax
2685 1178 2802 1247 ejus
2830 1182 3064 1236 excellit.

1993 1253 2220 1314 CAPUT
2246 1260 2429 1317 LXIV.
2454 1295 2523 1305 -—
2544 1269 2630 1321 I7.
2662 1269 2911 1327 Remissio
2934 1285 3250 1341 peccatorum
3280 1296 3519 1351 expressa

1919 1348 1973 1402 in
2000 1350 2264 1422 Symbolo.
2292 1354 2597 1413 Sanctorum
2616 1363 2715 1417 vita
2741 1364 2849 1418 sine
2871 1367 3101 1435 crimine,
3132 1388 3232 1425 non
3262 1373 3371 1427 sine
3399 1392 3517 1444 pec-

1918 1453 2049 1498 cato.
2077 1444 2418 1505 Concordant
2441 1464 2617 1509 autem
2643 1458 2919 1513 nobiscum
2946 1464 3136 1533 Angeli
3161 1466 3321 1521 etiam
3350 1486 3512 1535 nunc,

216 1553 319 1606 per
349 1538 468 1606 ejus
492 1546 721 1591 mortem
752 1537 1031 1592 redimitur
1058 1546 1113 1592 et
1141 1538 1396 1593 liberatur
1418 1554 1449 1592 a
1476 1540 1640 1607 malo,
1672 1555 1810 1611 quo-
1836 1586 1846 1633 λ
1882 1551 1891 1619 ι
1918 1549 2038 1589 cum
2074 1540 2417 1596 remittuntur
2445 1556 2627 1600 nostra
2659 1560 2895 1617 peccata.
2951 1551 3075 1608 Ideo
3125 1568 3244 1626 post
3270 1575 3512 1616 commc—

211 1630 368 1683 niatn
413 1644 535 1683 cum
564 1630 643 1684 eis
688 1629 1083 1699 quodammodo
1121 1630 1258 1685 redit
1304 1631 1355 1685 in
1397 1632 1640 1702 gratiam,
1689 1642 1811 1702 post
1842 1629 1853 1659 ί

209 1722 526 1775 inimicitias
572 1738 706 1793 quas
747 1723 888 1775 inter
928 1721 1172 1777 homines
1220 1732 1276 1777 et
1318 1732 1532 1779 sanctos
1576 1725 1809 1795 Angelos

211 1826 433 1885 peccata
479 1815 742 1881 fecerunt,
785 1824 838 1870 et
864 1830 929 1870 ex
972 1816 1086 1885 ipsa
1135 1815 1408 1871 hominum
1438 1816 1808 1888 redemptione

210 1909 389 1962 ruina:
416 1910 556 1962 illius
580 1909 834 1979 angelica:
860 1907 1179 1963 detrimenta
1211 1917 1547 1978 reparantur.

281 1999 513 2055 CAPUT
541 2000 701 2054 LXII.
727 2029 800 2040 ——
830 2000 1095 2065 Quomodo
1130 2002 1183 2054 in
1222 2001 1421 2055 Christo
1461 2002 1810 2056 instaurantur

206 2096 404 2157 omnia,
454 2104 499 2147 et
542 2095 900 2164 pacilicantur.
958 2095 1022 2148 Et
1069 2095 1252 2164 utique
1302 2105 1566 2150 noverunt
1616 2095 1805 2165 Angeli

206 2188 383 2239 sancti
421 2186 560 2239 docti
592 2186 658 2241 de
702 2188 827 2254 Deo,
860 2188 1013 2256 cujus
1052 2188 1291 2242 veritatis
1319 2197 1518 2243 aeterna
1560 2198 1806 2244 coatetn-

207 2278 448 2347 platione
488 2278 628 2332 beati
658 2287 802 2343 sunt,
834 2279 1014 2348 quanti
1048 2279 1253 2334 numeri
1281 2281 1709 2349 supplementum
1737 2281 1805 2336 de

204 2384 407 2438 genere
452 2368 686 2423 humano
732 2370 1005 2441 integritas
1054 2371 1195 2425 illius
1232 2371 1462 2425 civitatis
1505 2382 1800 2441 exspectet.

205 2461 438 2531 Propter
464 2461 564 2517 hoc
584 2464 659 2517 ait
685 2464 975 2533 Apostolus
997 2464 1275 2518 instaurari
1302 2465 1471 2519 omnia
1498 2465 1553 2518 in
1582 2464 1798 2531 Christo,

202 2570 323 2622 qua:
346 2556 397 2608 in
424 2556 562 2609 catis
587 2565 725 2622 sunt,
773 2565 819 2610 et
853 2571 969 2626 quae
1001 2556 1054 2610 in
1081 2557 1250 2623 terris,
1278 2557 1332 2609 in
1356 2557 1468 2626 ipso
1515 2555 1728 2627 (Ephes.
1762 2572 1800 2622 ι,

204 2646 323 2720 10).
383 2646 748 2702 Instaurantur
783 2648 980 2719 quippe
1007 2663 1127 2719 quae
1152 2648 1204 2703 in
1232 2649 1382 2703 ccelis
1424 2658 1567 2712 sunt,
1600 2664 1721 2703 eum
1752 2649 1803 2703 id

198 2742 354 2812 quod
382 2741 503 2797 inde
527 2743 577 2796 in
603 2742 806 2813 angelis
828 2743 1032 2812 lapsum
1060 2750 1158 2808 est,
1193 2757 1262 2796 ex
1294 2742 1599 2797 hominibus
1621 2742 1802 2797 reddi-

202 2844 299 2887 tnr
329 2851 344 2889 :
374 2834 730 2889 instaurantur
753 2844 930 2891 autem
958 2850 1077 2906 qua:
1106 2835 1160 2890 in
1194 2835 1351 2890 terris
1372 2846 1517 2901 sunt,
1546 2851 1668 2891 cum
1700 2834 1800 2907 ipsi

198 2924 456 2981 homines
482 2929 569 2997 qui
603 2928 962 2998 prmdestinati
1001 2936 1126 2983 sunt
1167 2928 1233 2983 ad
1277 2938 1533 2983 mternam
1561 2928 1743 2993 vitam,
1773 2944 1800 2981 a

198 3018 564 3086 corruptionis
602 3027 867 3074 vetustate
907 3028 1251 3075 renovantur.
1310 3021 1385 3074 Ac
1429 3019 1507 3074 sic
1537 3034 1634 3089 per
1673 3017 1800 3072 illud

196 3111 473 3181 singulare
513 3112 833 3167 sacrilicium
863 3112 916 3167 in
945 3127 1052 3183 quo
1077 3111 1335 3167 Mediator
1363 3123 1445 3168 est
1471 3112 1801 3178 immolatus,

196 3201 347 3271 q'tod
396 3218 557 3256 unum
600 3204 783 3258 multa:
814 3204 868 3258 in
897 3202 1039 3274 Lege
1080 3203 1310 3259 victima:
1354 3202 1673 3274 ﬁgurabant,
1705 3220 1802 3275 pa-

193 3292 482 3347 cilicantur
505 3294 744 3349 coelestia
767 3310 888 3349 cum
920 3294 1281 3359 terrestribus,
1305 3303 1360 3350 et
1381 3295 1651 3351 terrestria
1676 3310 1799 3350 cum

194 3382 533 3439 cmlestibus.
591 3383 856 3453 Quoniam
892 3386 1032 3441 sicut
1060 3386 1199 3442 idem
1242 3387 1516 3456 apostolus
1554 3386 1704 3452 dicit,
1734 3385 1802 3441 lu

194 3478 317 3546 ipso
360 3478 664 3548 complacuit
707 3495 907 3533 omnem
952 3479 1314 3549 plenitudinem
1355 3480 1369 3511 ¹
1415 3479 1719 3545 inhabitare,
1756 3491 1804 3533 et

195 3587 297 3640 per
339 3586 455 3624 eum
482 3572 803 3626 reconciliari
840 3572 1011 3627 omnia
1061 3573 1113 3627 in
1152 3573 1342 3644 ipsum,
1391 3573 1669 3643 paciﬁcans
1713 3590 1804 3642 per

193 3663 503 3733 sanguine»:
524 3664 688 3717 crucis
712 3664 841 3735 ejus,
869 3665 974 3719 sive
992 3680 1109 3736 qua:
1136 3665 1188 3719 in
1215 3665 1359 3719 terris
1382 3672 1518 3732 sunt,
1565 3665 1669 3721 sive
1689 3680 1804 3734 qua

194 3755 251 3807 in
280 3754 659 3823 caelis(Coloss.
689 3771 724 3819 ι,
759 3754 1013 3829 I9et20).

273 3843 504 3902 CAPUT
558 3846 743 3901 LXIII.
785 3877 857 3888 —
908 3847 1028 3903 Pax
1072 3849 1218 3919 regni
1269 3848 1501 3913 caelestis,
1550 3850 1803 3920 quomodo

193 3938 449 4008 praecellit
472 3954 671 3993 omnem
695 3940 1218 3996 intellectum—Pax
1245 3942 1342 3999 ista
1372 3942 1633 4012 prwcellit,
1667 3944 1804 3997 sicut

193 4031 460 4101 scriptum
506 4042 606 4097 est,
660 4049 857 4087 omnem
906 4034 1211 4089 intellectum
1258 4034 1524 4106 (Philipp.
1577 4051 1649 4101 tv,
1701 4034 1799 4103 7);

192 4138 378 4193 neque
406 4124 529 4179 sciri
552 4140 579 4178 a
605 4126 778 4190 nobis,
812 4125 912 4180 nisi
939 4141 1060 4181 cum
1083 4125 1148 4180 ad
1170 4142 1232 4181 ea
1255 4128 1576 4192 venerimus,
1606 4135 1801 4197 potest.

192 4216 485 4286 Quomodo
532 4219 675 4274 enim
707 4218 1050 4289 pacilicantur
1086 4219 1326 4274 cmlestia
1358 4219 1460 4274 nisi
1503 4220 1654 4275 nobis
1679 4221 1720 4285 ’,
1751 4219 1803 4275 id

192 4322 304 4376 εει,
355 4312 735 4367 concordando
781 4312 1098 4369 nobiscum?
1154 4312 1289 4368 Nam
1338 4314 1411 4369 ibi
1461 4330 1673 4384 semper
1720 4324 1804 4373 est

193 4420 327 4475 pax,
361 4413 415 4459 et
456 4404 597 4460 inter
623 4419 685 4459 se
733 4404 995 4460 universis
1036 4405 1485 4461 intellectualibus
1517 4407 1800 4472 creaturis,

192 4509 254 4553 et
296 4513 425 4553 cum
453 4512 552 4553 suo
587 4497 861 4553 Creatore.
913 4498 1043 4567 Qua:
1072 4515 1178 4569 paa:
1213 4499 1485 4569 prwcellit,
1520 4508 1576 4554 ut
1600 4499 1801 4554 dictum

192 4602 305 4660 est,
354 4610 551 4649 omnem
600 4594 959 4659 intellectum;
1006 4593 1100 4649 sed
1152 4594 1335 4663 utique
1380 4605 1644 4661 nostrum,
1695 4610 1803 4649 non

192 4704 391 4742 eorum
418 4688 505 4758 qui
538 4702 753 4758 semper
780 4687 962 4743 vident
988 4688 1177 4743 faciem
1206 4688 1399 4743 Patris.
1456 4687 1573 4743 Nos»
1598 4697 1800 4755 autem,

192 4790 667 4851 quantuscumque
696 4781 765 4834 sit
805 4780 859 4834 in
890 4780 1044 4835 nobis
1082 4780 1389 4835 intellectus
1418 4780 1706 4845 humanus,
1738 4795 1804 4833 ex

194 4880 356 4941 parte
375 4870 596 4932 scimus.
628 4880 683 4925 et
706 4871 945 4925 videmus
974 4886 1114 4926 nunc
1149 4886 1245 4940 per
1278 4870 1554 4941 speculum
1583 4871 1640 4925 in
1673 4871 1805 4926 aani-

192 4973 382 5035 gmate
402 4982 416 5017 :
439 4978 559 5018 cum
591 4978 720 5018 vero
747 4963 982 5034 aequales
1008 4962 1229 5034 Angelis
1255 4962 1350 5017 Dei
1367 4962 1624 5017 fuerimus
1654 4961 1801 5034 (Luc.

192 5071 294 5120 xx,
326 5054 418 5125 56)
447 5071 462 5119 ;
496 5064 621 5108 tunc
642 5053 1090 5124 quemadmodum
1119 5061 1174 5107 et
1196 5053 1320 5123 ipsi,
1344 5053 1644 5109 videbimus
1666 5052 1806 5108 facie

190 5147 268 5204 ad
306 5146 500 5202 faciem
534 5145 577 5219 (l
604 5146 723 5201 Cor.
758 5162 873 5211 xm,
906 5146 1035 5217 12);
1078 5155 1387 5218 tantamque
1419 5162 1602 5216 pacem
1636 5146 1801 5202 habe-

193 5240 381 5294 bimus
397 5255 522 5309 erga
545 5254 661 5304 eos,
683 5247 933 5309 quantam
951 5248 1004 5293 et
1026 5238 1124 5308 ipsi
1148 5253 1273 5308 erga
1296 5253 1396 5291 nos
1416 5254 1430 5302 ;
1453 5239 1575 5309 quia
1599 5248 1803 5292 tantum

194 5347 295 5385 cos
316 5330 567 5386 dilecturi
599 5346 806 5398 sumus,
829 5341 1083 5401 quantmn
1112 5330 1180 5385 ab
1201 5330 1278 5385 eis
1299 5330 1592 5399 diligimur.
1626 5331 1808 5401 Itaque

192 5437 302 5495 pax
354 5436 542 5476 eorum
583 5432 703 5478 nota
738 5423 892 5477 nobis
938 5424 1056 5486 erit,
1091 5423 1215 5493 quia
1264 5433 1317 5477 et
1364 5433 1543 5478 nostra
1598 5425 1717 5478 talis
1745 5440 1809 5479 ac

192 5520 351 5569 tritta
381 5515 501 5578 erit,
549 5530 649 5568 nec
676 5515 943 5583 praecellet
984 5522 1110 5569 tunc
1141 5515 1468 5569 intellectum
1516 5524 1759 5569 nostrum
1791 5535 1805 5570 :

194 5612 297 5667 Dei
331 5622 465 5665 vero
505 5624 606 5678 pax
635 5623 754 5678 qua:
805 5606 913 5661 illic
951 5616 1034 5661 est
1072 5622 1197 5679 erga
1224 5622 1338 5672 eos,
1381 5615 1436 5662 et
1480 5615 1723 5662 nostrum
1752 5618 1809 5665 et

194 5704 419 5761 illorum
465 5700 793 5755 intelleetmn
839 5700 957 5763 sine
1003 5698 1338 5755 dubitatione
1388 5700 1681 5771 praecellet.
1734 5700 1809 5756 De

260 5855 274 5883 ¹
307 5855 391 5901 ttic
415 5853 531 5922 editi
556 5852 758 5911 addunt,
784 5850 1078 5915 divinitatis;
1098 5854 1227 5918 quod
1262 5855 1487 5922 jlerique
1509 5866 1567 5905 ac
1592 5854 1808 5915 potiores

192 5921 307 5965 atas.
332 5928 425 5963 non
451 5916 654 5963 habent.

261 5985 279 6009 ι
310 5976 456 6037 ιςςιω.
479 5975 577 6029 ηίέ
597 5979 647 6029 tn
674 5975 820 6027 nobis.
850 5976 1013 6037 Abest,
1031 5976 1100 6038 in,
1124 5990 1153 6031 a
1173 5986 1279 6033 uss.

1918 1631 2268 1687 morationem
2315 1649 2513 1692 sancta:
2556 1641 2807 1697 Ecclesia:
2835 1646 2886 1700 in
2915 1648 3105 1703 ordine
3149 1650 3514 1708 Confessionis

1919 1722 2132 1790 ponitur
2173 1728 2420 1784 remissio
2472 1744 2833 1801 peccatorum.
2892 1739 2994 1795 Per
3038 1741 3174 1797 hanc
3220 1746 3361 1799 enim
3409 1757 3515 1802 stat

1914 1812 2153 1871 Ecclesia
2183 1834 2301 1888 qua:
2346 1821 2396 1875 in
2430 1824 2584 1878 terris
2611 1834 2694 1881 est
2724 1846 2735 1881 :
2766 1845 2860 1898 per
2890 1830 3027 1887 hanc
3059 1850 3163 1887 non
3195 1838 3331 1904 perit
3372 1840 3513 1907 quod

1914 1905 2147 1973 perierat
2192 1917 2246 1963 et
2290 1911 2561 1968 inventum
2623 1925 2705 1970 est
2756 1918 2906 1989 (Luc.
2953 1938 3043 1988 xv,
3095 1923 3212 1995 2i).
3270 1905 3510 1998 Excepto

1913 1997 2112 2067 quippe
2143 1998 2484 2069 Baptismatis
2532 2022 2772 2071 munere,
2824 2012 2964 2079 quod
3008 2024 3195 2068 contra
3247 1997 3510 2088 originale

1914 2097 2188 2156 peccatum
2211 2092 2466 2150 donatum
2490 2106 2591 2162 est,
2618 2108 2672 2153 ut
2692 2102 2831 2171 quod
2857 2108 3201 2173 generatione
3226 2118 3511 2167 attractmn

1911 2188 2011 2243 est,
2044 2186 2447 2251 regeneratione
2493 2188 2841 2258 detrahatur;
2891 2206 2943 2249 et
2974 2207 3146 2251 tanien
3180 2202 3351 2255 activa
3380 2217 3512 2271 quo-

1910 2288 2012 2339 que
2043 2284 2281 2343 peccata,
2305 2294 2657 2350 quacumque
2678 2284 2860 2352 corde,
2886 2303 3001 2354 ore,
3025 2305 3189 2358 opere
3217 2296 3508 2351 commissa

1909 2363 2190 2433 invenerit,
2222 2370 2392 2425 tollit:
2424 2371 2521 2428 hac
2543 2390 2671 2444 ergo
2692 2390 2912 2449 excepta
2942 2398 3127 2452 magna
3154 2385 3505 2457 indulgentia,

1910 2455 2050 2510 unde
2079 2457 2262 2528 incipit
2290 2461 2520 2518 hominis
2551 2468 2844 2528 renovatio,
2874 2471 2923 2523 in
2953 2488 3053 2541 qua
3080 2455 3508 2534 solvitur'omnis

1908 2557 2088 2603 reatus
2132 2558 2188 2604 et
2233 2551 2573 2621 ingeneratus
2619 2567 2672 2610 et
2715 2558 2971 2626 additus;
3022 2563 3134 2632 ipsa
3187 2567 3346 2620 etiam
3398 2569 3504 2624 vita

1907 2645 2099 2691 caetera
2142 2638 2253 2708 jam
2282 2643 2489 2697 ratione
2536 2648 2732 2702 utentis
2762 2652 2957 2718 (etatis,
3000 2655 3328 2721 quantalibet
3363 2674 3504 2727 prte-

1908 2728 2104 2797 polleat
2144 2730 2468 2791 fecunditate
2494 2735 2735 2806 justitim,
2783 2741 2897 2794 sine
2928 2756 3266 2811 peccatorum
3308 2750 3504 2805 remis-

1862 2849 1867 2854 -
1908 2821 2058 2877 sione
2098 2839 2204 2879 non
2234 2827 2425 2896 agitur.
2482 2828 2742 2907 Quoniam
2790 2833 2880 2888 lilii
2928 2836 3017 2890 Dei
3056 2841 3308 2907 quamdiu
3355 2858 3505 2898 mor-

1909 2912 2085 2968 taliter
2124 2915 2326 2983 vivunt,
2354 2934 2475 2973 cum
2507 2906 2677 2976 morte
2707 2924 3019 2994 conﬂigunt.
3074 2906 3139 2981 h‘t
3168 2933 3412 2998 quamvis
3438 2934 3506 2989 de

1907 3000 2015 3058 illis
2040 3004 2110 3059 sit
2152 3009 2414 3063 veraciter
2438 3009 2661 3078 dictum,
2697 3012 2951 3087 Quotquot
2984 3017 3181 3088 Spiritu
3214 3019 3308 3075 Dei
3342 3040 3507 3092 agun-

1909 3100 2011 3155 tur.
2068 3096 2124 3149 hi
2161 3098 2258 3167 ﬁlii
2288 3110 2424 3167 .sunt
2472 3100 2568 3155 Dei
2623 3102 2799 3173 (Rom.
2850 3122 2962 3172 vttt,
3016 3111 3144 3181 Ili);
3195 3112 3273 3165 sic
3328 3123 3504 3170 tamen

1908 3181 2110 3255 Spiritu
2142 3189 2235 3244 Dei
2256 3192 2579 3260 excitantur,
2608 3206 2661 3250 et
2693 3206 2942 3268 tanquam
2975 3202 3067 3256 lilii
3098 3202 3188 3257 Dei
3217 3206 3502 3274 proﬁciunt

1908 3280 1975 3338 ad
2007 3282 2195 3348 Deum,
2242 3292 2299 3337 ut
2324 3285 2483 3339 etiam
2515 3288 2704 3357 spiritu
2737 3305 2855 3355 suo,
2899 3295 3131 3349 maxime
3179 3310 3504 3367 aggravaute

1907 3375 2238 3445 corruptibili
2281 3393 2508 3448 corpore
2547 3378 2701 3452 (Sap.
2736 3399 2807 3446 Ix,
2839 3384 2948 3455 15),
2981 3394 3232 3458 tanquam
3278 3390 3370 3445 lilii
3402 3390 3503 3446 ho-

1908 3466 2112 3521 minum
2141 3467 2458 3538 quibusdam
2486 3473 2505 3503 ³
2538 3470 2785 3528 humanis
2814 3476 3045 3531 m0tibus
3071 3478 3322 3536 deﬁciant
3346 3482 3411 3537 ad
3444 3500 3506 3539 se

1910 3558 2074 3629 ipsos,
2121 3568 2177 3615 et
2207 3559 2329 3615 ideo
2369 3570 2609 3631 peccent.
2664 3562 2892 3621 Interest
2935 3568 3153 3638 quidem
3198 3585 3453 3642 quantum
3488 3592 3502 3626 :

1909 3666 2083 3721 neque
2121 3652 2263 3707 enim
2306 3653 2429 3723 quia
2469 3663 2744 3724 peccatum
2786 3664 2871 3712 est
2908 3673 3069 3715 omne
3111 3662 3335 3729 crimen,
3384 3665 3507 3720 ideo

1908 3745 2112 3800 crimen
2139 3756 2222 3801 est
2248 3747 2408 3802 etiam
2435 3762 2594 3803 omne
2627 3758 2926 3817 peccatum.
2983 3751 3167 3823 Itaque
3193 3767 3502 3813 sanctorum

1911 3836 2187 3890 hominum
2232 3838 2395 3892 vitam
2440 3839 2693 3908 quamdiu
2740 3838 2794 3893 in
2842 3844 2941 3897 hac
2980 3844 3191 3899 mortali
3222 3846 3460 3902 ’vivitur
3488 3894 3505 3912 ,

1911 3926 2134 3982 inveniri
2162 3942 2319 3997 posse
2338 3928 2566 3983 dicimus
2585 3932 2702 3984 sine
2727 3930 2951 3986 crimine
2982 3951 2995 3986 :
3025 3932 3303 3990 Peccatum
3323 3949 3503 3993 autem

1910 4021 1952 4076 si
1983 4021 2259 4076 dixerimus
2294 4022 2412 4092 quia
2442 4038 2545 4075 non
2574 4022 2851 4093 habemus,
2885 4034 2943 4080 ut
2976 4027 3050 4081 ait
3080 4037 3257 4083 tantus
3295 4044 3509 4101 aposto.

1912 4115 1993 4169 Ius
2015 4115 2057 4182 ⁸,
2086 4118 2415 4184 nosmetipsos
2443 4116 2755 4187 seducimus,
2786 4129 2833 4174 et
2860 4122 3043 4176 veritas
3064 4122 3116 4176 in
3148 4123 3289 4178 nobis
3317 4142 3414 4178 non
3433 4136 3509 4180 ist

1916 4206 1957 4277 (Ι
1986 4205 2145 4260 Joan.
2177 4222 2214 4273 t,
2245 4206 2324 4280 8).

1983 4302 2209 4359 CAPUT
2266 4304 2426 4360 LXV.
2478 4337 2550 4346 —
2599 4307 2826 4363 Crimina
2892 4311 3123 4378 quwlibet
3170 4313 3223 4366 in
3278 4313 3513 4369 Ecclesia

1911 4397 2096 4448 remitti
2126 4414 2215 4465 per
2244 4399 2610 4466 paenitentiam.
2663 4400 2829 4455 Extra
2879 4402 3163 4458 Ecclesia»:
3204 4423 3303 4460 non
3333 4410 3509 4461 remit-

1911 4495 2088 4540 tuntur
2113 4500 2338 4558 peccata.
2394 4489 2499 4546 Sed
2531 4506 2704 4562 neque
2731 4492 2799 4547 de
2826 4493 2954 4564 ipsis
2984 4496 3298 4551 criminibus
3328 4516 3514 4568 quam-

1913 4578 2041 4635 libet
2098 4583 2306 4648 magnis
2368 4584 2701 4639 remittendis
2754 4586 2805 4640 in
2859 4596 3045 4642 sancta
3099 4589 3363 4654 Ecclesia,
3419 4593 3511 4647 Dei

1912 4672 2277 4729 misericordia
2317 4674 2651 4745 deSperanda
2690 4685 2774 4733 est
2816 4679 3096 4749 agentibus
3141 4682 3511 4751 paenitentiam

1912 4767 2207 4821 secundum
2246 4766 2462 4822 modum
2498 4771 2580 4824 sui
2616 4770 2876 4842 cujusque
2920 4776 3144 4843 peccati.
3207 4775 3267 4829 In
3299 4778 3511 4832 actione

1912 4868 2091 4913 autem
2137 4860 2486 4929 paenitentize,
2534 4862 2622 4917 ubi
2670 4864 2775 4919 tale
2800 4868 3146 4922 commissum
3174 4878 3257 4924 est
3281 4870 3325 4935 ³,
3363 4879 3419 4924 ut
3470 4874 3513 4925 is

1912 4951 2003 5021 qui
2034 4953 2309 5017 commisit
2335 4970 2365 5008 a
2395 4953 2593 5010 Christi
2624 4956 2785 5011 etiam
2813 4971 3039 5028 corpore
3066 4971 3366 5030 separetur,
3405 4980 3513 5019 non

1916 5052 2023 5098 tam
2046 5047 2430 5103 consideranda
2453 5058 2537 5103 est
2556 5065 2803 5105 mensura
2831 5052 3085 5121 temporis
3106 5070 3264 5123 quam
3288 5054 3510 5111 doloris.

1914 5134 2021 5189 Cor
2045 5138 2188 5192 enim
2216 5141 2505 5195 contritum
2546 5150 2601 5195 et
2626 5139 2963 5195 Immiliatnm
2998 5142 3138 5198 Deus
3174 5162 3277 5198 non
3310 5150 3515 5215 spernit

1917 5225 2091 5298 (Psal.
2140 5246 2191 5292 ι..
2229 5230 2339 5299 l9).
2397 5230 2592 5285 Verum
2625 5231 2747 5301 quia
2776 5232 3087 5302 plerumque
3117 5234 3273 5290 dolor
3296 5237 3515 5293 alterius

1916 5320 2094 5374 cordis
2117 5321 2357 5375 occultus
2386 5332 2468 5377 est
2497 5322 2671 5386 alteri,
2707 5338 2878 5392 neque
2906 5324 2958 5378 in
2991 5325 3217 5381 aliorum
3264 5332 3513 5387 notitiam

1917 5427 2015 5482 per
2041 5413 2200 5466 verba
2230 5414 2312 5467 vel
2352 5428 2702 5484 qumcumque
2739 5415 2841 5470 alia
2890 5417 3039 5488 signa
3069 5423 3341 5489 procedit;
3394 5442 3514 5479 cum

1984 5550 1997 5616 ξ
2028 5548 2162 5608 mliti,
2181 5546 2643 5616 cxemptuszltlclius
2662 5558 2791 5616 Mssa.
2819 5558 3064 5616 exceptus.

1981 5613 2001 5686 ξ
2036 5620 2163 5686 ἓξὲξ,
2187 5608 2415 5686 tanquam
2434 5608 2525 5686 lilii
2546 5611 2752 5686 [nominis
2766 5613 2817 5663 in
2839 5608 3143 5686 quihusdam,
3170 5624 3267 5686 et_c_.

1917 5674 2003 5785 ναι
2036 5674 2171 5735 aliti,
2190 5674 2242 5723 in
2263 5674 2358 5725 hac
2378 5674 2546 5725 marte.
2571 5682 2627 5725 At
2669 5682 2799 5738 Mss,
2843 5674 2894 5751 in
2938 5676 3030 5728 hac
3054 5674 3248 5730 mortali
3276 5692 3295 5731 :
3323 5681 3518 5745 supple,

1982 5750 2033 5785 α.

1982 5800 2002 5829 δ
2026 5797 2163 5865 aditi,
2187 5804 2381 5865 sanctus
2416 5798 2674 5865 apostolus.
2714 5799 2807 5850 Sed
2846 5809 2952 5865 Mss.
2976 5802 3138 5865 aptius
3168 5801 3231 5852 ad
3261 5816 3370 5854 rem
3408 5818 3518 5858 cum

1919 5860 2145 5927 emphasi
2156 5859 2559 5927 conﬁrmandam,
2575 5868 2734 5912 tantus
2751 5862 3008 5927 apostolus.

1981 5926 2002 5955 ⁸
2029 5931 2074 5971 In
2088 5924 2250 5983 editis,
2265 5922 2347 5974 ubi
2369 5925 2465 5977 tale
2488 5924 2668 5975 crimrn
2694 5922 2996 5976 conimissum
3018 5932 3106 5978 cst.
3127 5926 3293 5991 Abest,
3317 5930 3502 5979 crium

1922 5998 1949 6034 il
1973 5994 2073 6035 \ISS.
