4024 6508
532 525 636 579 εὶϋδ

535 641 602 694 sit
630 646 808 690 coram
845 628 934 683 illo
962 626 1044 679 cui
1078 622 1287 685 dicitur,
1330 617 1553 672 Gemitus
1592 627 1728 664 meus
1759 625 1787 660 a
1813 616 1859 659 te
1896 620 1994 657 non
2021 610 2094 652 est

536 726 856 784 absconditus
894 718 1064 789 (Psal.
1108 729 1316 778 xxxv",
1354 710 1483 777 l0):
1533 714 1675 760 recte
1717 699 2108 799 constituuntur

537 823 603 875 ab
637 822 701 873 iis
744 816 833 887 qui
876 809 1125 868 Ecclesiis
1158 810 1172 839 ί
1216 814 1451 877 prmsunt
1480 810 1715 868 tempora
1758 792 2111 891 pmnilentia',

538 922 595 965 ιιι
636 910 725 963 fiat
750 906 880 963 satis
907 903 1065 958 etiam
1098 898 1368 956 Ecclesize,
1400 896 1453 947 in
1483 907 1580 953 qua
1612 888 1952 943 remittuntur
1999 888 2113 946 ipsa

541 1010 787 1070 peccata;
843 1004 990 1051 extra
1025 1007 1143 1047 eam
1191 988 1384 1059 quippe
1428 999 1532 1038 non
1579 980 1941 1072 remittuntur.
2001 969 2115 1072 Ipsa

543 1067 771 1162 namque
827 1088 1038 1158 pmprie
1080 1084 1332 1154 Spiritum
1387 1086 1627 1132 sanctum
1680 1070 1869 1142 pignus
1919 1067 2122 1162 accepit

545 1188 609 1259 (II
630 1159 745 1241 Cor.
766 1201 802 1249 ι,
820 1182 935 1251 22),
952 1181 1065 1234 sine
1085 1192 1188 1248 quo
1201 1190 1305 1230 non
1321 1172 1659 1228 remittuntur
1679 1164 1783 1259 ulla
1803 1166 2035 1232 peccata,
2051 1159 2121 1207 ita

544 1257 601 1332 ut
629 1277 820 1347 quibus
847 1273 1202 1333 remittuntur,
1234 1268 1628 1332 consequantur
1657 1257 1815 1310 vitam
1844 1261 2120 1347 teteruam.

615 1344 841 1424 CAPUT
866 1363 1047 1420 LXVI.
1088 1390 1159 1401 —
1194 1356 1438 1413 Remissio
1466 1360 1784 1423 peccatorum
1826 1344 1881 1413 [it
1924 1347 2127 1408 propter

548 1465 774 1531 futurum
793 1455 1060 1527 judicium.
1115 1449 1274 1520 Magis
1302 1446 1441 1501 enim
1483 1449 1695 1531 propter
1736 1436 1962 1489 futurum
1989 1427 2127 1531 judi-

549 1528 689 1605 cium
737 1548 792 1602 lit
843 1544 1084 1601 remissio
1135 1547 1491 1611 peceatorum.
1550 1533 1605 1586 In
1652 1528 1750 1583 hac
1791 1534 1968 1578 autem
2022 1528 2125 1571 vita

550 1658 716 1711 usque
762 1639 895 1693 adeo
929 1636 1066 1690 valet
1106 1631 1245 1703 quod
1292 1628 1546 1696 scriptum
1592 1630 1695 1683 cst,
1744 1616 1906 1716 Grave
1941 1613 2127 1683 jugum

550 1748 700 1803 super
728 1730 859 1800 ﬁlios
889 1728 1069 1789 Adam,
1102 1742 1132 1777 a
1161 1724 1241 1776 die
1267 1719 1425 1773 exitus
1452 1716 1513 1769 de
1542 1722 1713 1767 ventre
1746 1715 1919 1761 matris
1949 1715 2120 1806 eorum

549 1794 708 1892 usque
728 1794 785 1874 in
812 1819 943 1873 diem
974 1816 1244 1887 sepulturae
1267 1812 1318 1864 in
1342 1819 1551 1862 matrem
1576 1803 1797 1857 omnium
1827 1794 2011 1869 (Eccli.
2040 1807 2127 1855 XL,

554 1915 607 1983 1)
635 1932 649 1979 ;
697 1923 755 1967 ut
796 1912 952 1966 etiam
982 1906 1237 1977 parvulos
1265 1902 1535 1957 videamus
1573 1905 1694 1967 post
1732 1895 2013 1990 lavacrum.
2043 1902 2129 1988 re-

551 2002 908 2075 generationis
928 2000 1256 2054 diversorum
1278 1992 1537 2047 malorum
1560 1985 1848 2075 afflictione
1872 1985 2127 2075 cruciari:

555 2070 612 2149 ut
642 2094 1013 2161 intelligamus,
1043 2096 1209 2142 totum
1236 2082 1375 2154 quod
1402 2078 1722 2135 salutaribus
1747 2074 1919 2141 agitur
1945 2070 2133 2125 Sacra-

558 2187 771 2247 mentis,
814 2183 981 2253 magis
1009 2180 1074 2235 ad
1104 2193 1251 2248 spem
1278 2182 1620 2230 venturorum
1655 2169 1940 2227 bonorum,
1974 2174 2131 2231 quam

556 2280 622 2334 ad
650 2277 998 2333 retentionem
1019 2272 1100 2327 vel
1121 2269 1457 2340 adeptionem
1482 2260 1819 2335 praesentium
1842 2254 2129 2327 pertinere.

557 2371 716 2425 Multa
759 2368 917 2423 etiam
948 2366 1030 2419 hic
1052 2363 1297 2417 videntur
1338 2356 1537 2428 ignosci
1582 2364 1635 2409 et
1678 2350 1834 2405 nullis
1859 2343 2134 2417 suppliciis

555 2462 809 2516 vindicari
835 2476 848 2523 ;
877 2458 970 2513 sed
992 2469 1174 2512 eorum
1199 2468 1369 2522 pmna:
1396 2452 1734 2503 reservantur
1756 2442 1806 2495 in
1838 2448 2131 2510 posterum.

554 2555 736 2626 Neque
774 2553 914 2609 enim
943 2550 1134 2605 frustra
1181 2545 1270 2601 ille
1301 2542 1511 2614 prOprie
1551 2538 1743 2593 dicitur
1780 2534 1895 2588 dies
1921 2528 2128 2601 judicii,

553 2645 764 2717 quando
787 2652 1037 2699 venturus
1056 2649 1139 2695 est
1154 2638 1313 2709 judex
1334 2635 1572 2689 vivorum
1597 2639 1755 2699 atque
1777 2633 2128 2725 mortuorum:

555 2740 703 2793 Sicut
726 2752 756 2791 e
781 2733 1047 2790 contrario
1080 2728 1414 2784 vindicantur
1452 2725 1538 2778 hic
1564 2724 1759 2791 aliqua,
1791 2726 1845 2773 et
1874 2726 2050 2771 tamen
2084 2724 2128 2767 si

556 2829 918 2888 remittuntur,
950 2822 1194 2893 profecto
1216 2819 1267 2872 in
1290 2817 1467 2871 futuro
1488 2813 1682 2869 smculo
1708 2825 1812 2864 non
1843 2808 2131 2862 nocebunt.

556 2920 840 2987 Pr0pterea
883 2915 951 2969 de
990 2909 1301 2981 quibusdam
1347 2904 1727 2974 temporalibus
1772 2901 1967 2970 ptenis.
2016 2913 2135 2967 qua:

558 3013 610 3065 in
639 3011 735 3062 hac
762 3008 867 3061 vita
913 3002 1250 3075 peccantibus
1281 3001 1598 3069 irrogantur,
1627 2997 1706 3051 eis
1746 3008 1969 3065 quorum
2008 3005 2135 3062 pec-

556 3107 676 3153 cata
696 3098 960 3160 delentur,
986 3110 1051 3148 ne
1073 3099 1409 3147 reserventur
1430 3091 1481 3143 in
1506 3088 1687 3152 linem,
1711 3086 1783 3140 ait
1805 3083 2130 3155 Apostolus:

558 3190 621 3245 Si
645 3188 774 3242 enim
814 3202 906 3240 nos
940 3186 1074 3255 ipsos
1103 3183 1468 3256 judicaremus,
1496 3198 1526 3233 a
1552 3178 1769 3232 Domino
1798 3192 1898 3230 non
1928 3175 2139 3246 judica-

556 3298 723 3335 remur
746 3296 765 3334 :
793 3295 907 3334 cum
942 3275 1236 3348 judicamur
1282 3283 1449 3327 autem
1478 3289 1510 3325 a
1547 3270 1765 3324 Domino
1810 3266 2131 3336 corripiatur,

558 3388 621 3426 ne
648 3387 762 3425 cum
792 3371 885 3424 hoc
913 3367 1100 3421 mundo
1122 3366 1415 3419 damnentur
1439 3362 1484 3433 (I
1503 3361 1620 3417 Cor.
1655 3361 1810 3425 xr,’5l
1831 3369 1877 3414 et
1894 3359 2004 3427 δὲ).

627 3459 854 3516 CAPUT
900 3457 1104 3514 LXVII.
1149 3485 1221 3497 --
1263 3457 1350 3511 18.
1397 3453 1715 3521 Refelluutur
1759 3453 1844 3522 qui
1898 3450 2137 3520 putabant

559 3555 731 3625 ﬁdeles
801 3568 993 3617 omnes,
1037 3546 1396 3620 quantumlibet
1451 3547 1686 3599 scelerate
1726 3544 1983 3606 vixissent,
2028 3542 2136 3596 sal-

561 3647 749 3699 vandos
777 3660 864 3714 per
892 3644 1075 3713 ignem.
1095 3639 1396 3695 Creduntur
1423 3644 1596 3691 autem
1627 3650 1657 3689 a
1687 3633 1995 3703 quibusdam
2018 3632 2037 3663 ²
2062 3631 2155 3704 (a),

558 3737 716 3792 etiam
758 3736 794 3789 ii
836 3734 924 3804 qui
967 3747 1157 3787 nomen
1197 3729 1390 3785 Christi
1422 3744 1524 3781 non
1567 3727 1893 3797 relinquunt,
1932 3733 1986 3779 et
2020 3725 2138 3794 ejus

560 3831 768 3885 lavacro
794 3828 845 3881 in
872 3826 1109 3881 Ecclesia
1136 3826 1487 3894 baptizantur,
1522 3838 1618 3877 nec
1646 3823 1713 3876 ab
1742 3835 1803 3876 ea
1836 3821 1942 3875 ullo
1991 3818 2139 3875 schi-

558 3932 727 3977 smate
773 3920 857 3977 vel
902 3919 1090 3974 haeresi
1117 3917 1493 3988 prmeiduntur,
1539 3916 1591 3969 in
1632 3914 1977 3986 quantislibct
2019 3928 2138 3968 sce-

557 4016 757 4072 leribus
810 4015 1008 4079 vivant,
1065 4027 1184 4083 qua:
1234 4026 1335 4065 nec
1384 4009 1587 4064 diluant
1641 4006 1974 4079 paenitendo,
2036 4021 2134 4061 nec

558 4105 915 4177 elcemosynis
942 4103 1221 4165 redimunt,
1246 4099 1338 4155 sed
1365 4102 1417 4154 in
1446 4100 1526 4155 eis
1551 4114 1717 4169 usque
1748 4097 1813 4151 ad
1841 4096 1993 4166 hujus
2018 4097 2139 4151 vita:

559 4200 801 4254 ultimum
826 4198 966 4251 diem
992 4193 1410 4265 pertinacissime
1438 4201 1799 4262 perseverent,
1824 4191 1953 4245 salvi
1979 4189 2137 4244 futuri

560 4305 657 4360 per
683 4289 892 4359 ignem;
922 4287 1043 4341 licet
1071 4300 1166 4356 pro
1189 4284 1550 4354 magnitudine
1580 4283 1874 4337 facinorum
1906 4280 2137 4353 ﬂagitio-

565 4394 786 4450 rumque
823 4378 1086 4441 diutnrno,
1140 4392 1244 4431 non
1287 4386 1459 4430 tamen
1504 4383 1708 4430 artemo
1734 4376 1857 4446 igne
1888 4375 2058 4445 puniri
2086 4374 2131 4428 ³.

557 4474 665 4531 Sed
692 4474 777 4543 qui
799 4473 901 4526 hoc
925 4469 1167 4534 credunt,
1196 4478 1247 4525 et
1275 4478 1447 4524 tamen
1471 4470 1713 4524 catholici
1739 4478 1882 4532 sunt,
1907 4468 2140 4521 humana

560 4568 787 4638 quadam
816 4565 1177 4622 benevolentia
1209 4564 1336 4619 mihi
1366 4565 1473 4619 falli
1513 4564 1759 4619 videntur
1786 4582 1798 4617 :
1831 4579 1950 4617 nam
1998 4562 2142 4616 Scri-

565 4672 716 4732 ptura
748 4660 921 4714 divina
949 4658 1089 4713 aliud
1120 4658 1355 4713 consulta
1383 4656 1687 4728 respondet.
1723 4655 1939 4709 Librum
1960 4662 2137 4708 autem

556 4753 627 4808 de
653 4752 749 4806 hac
795 4751 1086 4821 qtuestione
1133 4749 1446 4818 conscripsi,
1495 4748 1647 4817 cujus
1697 4746 1878 4801 titulus
1920 4755 2023 4808 est,
2073 4744 2139 4798 de

560 4845 687 4900 Fide
713 4854 767 4900 et
797 4844 1052 4914 Operibus
1078 4860 1092 4902 :
1124 4842 1213 4897 ubi
1242 4842 1532 4897 secundum
1571 4840 1875 4909 Scripturas
1905 4848 2135 4905 sanctas,

555 4937 977 5009 quantum,Deo
1028 4934 1534 5004 adjuvante,potui,
1586 4932 1966 4997 demonstravi,
2018 4946 2136 4986 eam

558 5029 716 5083 tidem
759 5029 933 5082 salvos
969 5026 1160 5087 facere,
1207 5039 1364 5095 quam
1394 5024 1523 5077 satis
1573 5022 1847 5077 evidenter
1877 5022 2138 5091 expressit

561 5120 751 5174 Paulus
781 5121 1069 5189 apostolus.
1102 5120 1283 5173 (licens
1314 5136 1326 5171 :
1358 5116 1422 5170 In
1450 5116 1649 5171 Christo
1673 5118 1803 5169 enim
1834 5116 1959 5170 Jesu
1982 5133 2141 5187 neque

564 5212 868 5263 circumcisio
893 5212 1162 5282 quidquam
1184 5209 1331 5275 valet,
1364 5225 1521 5279 neque
1544 5208 1866 5278 prceputium,
1894 5208 1984 5263 sed
2010 5208 2137 5277 [idea

625 5324 638 5353 ¹
667 5323 737 5370 sic
758 5329 863 5371 Mss.
885 5323 1001 5370 Editi
1021 5336 1157 5382 vero,
1184 5321 1424 5372 Ecclesiw.

534 5411 541 5420 -
627 5386 647 5414 '
670 5390 798 5439 Mss...
817 5384 1078 5447 creduntur
1100 5398 1130 5431 a
1151 5383 1455 5447 quibusdam,
1480 5383 1676 5444 omisso,
1697 5389 1869 5433 autem.

595 5447 641 5515 ,ἦ
665 5442 881 5552 Noalnulii
921 5442 1406 5553 codicesfpunituri.
1454 5452 1592 5495 Forte
1637 5442 2008 5508 reponendum,
2053 5458 2141 5509 pu-

595 5514 674 5553 m:
700 5520 755 5551 να·
782 5544 795 5553 .
820 5518 993 5553 manet:
1029 5519 1065 5553 ι.

555 5506 641 5554 niti
659 5520 674 5563 ,'
700 5505 795 5563 Vt'I,
820 5504 1065 5563 puniendi.

620 5518 1131 5627 lli)‘|;ilt£iliizfl’bftiitti.
1154 5579 1276 5675 quos
1298 5565 1551 5627 aliquoties
1582 5569 1900 5630 reprehendit
1921 5570 2142 5629 Augusti-

620 5645 665 5675 .s.
690 5629 782 5675 nod
808 5637 991 5675 tantum
1014 5627 1137 5675 libro
1159 5644 1172 5675 t
1195 5643 1221 5675 e
1245 5627 1355 5675 Fide
1370 5631 1680 5675 etOneribus.
1702 5630 1790 5675 sed
1814 5632 1959 5675 etiam
1982 5630 2065 5675 lib.
2080 5630 2131 5675 21

555 5643 665 5685 nus,
690 5629 782 5676 nod
808 5637 991 5677 tantum
1014 5627 1137 5677 libro
1159 5627 1221 5676 de
1245 5627 1355 5675 Fide
1370 5627 1680 5689 ctOperibus,
1702 5630 1790 5680 sed
1814 5632 1959 5680 etiam
1982 5627 2065 5679 lib.
2080 5630 2131 5680 21

553 5692 617 5739 de
633 5694 835 5739 civitate
854 5691 954 5746 Dei,
988 5703 1091 5752 cap.
1118 5692 1192 5747 17,
1231 5697 1281 5738 ct
1316 5692 1650 5795 sequentibus,
1686 5693 1905 5753 pepercit
1922 5706 2136 5754 semper.

553 5759 663 5795 Hmc
687 5766 805 5795 vero
828 5765 935 5795 cum
959 5753 1213 5795 m-xiheret.
1241 5754 1377 5795 intcu
1415 5762 1508 5795 tsse
1533 5754 1580 5795 in
1620 5756 1957 5795 lliernnvmum
1980 5755 2136 5795 ert-di-

553 5759 663 5801 Hzec
687 5766 805 5801 vero
828 5765 935 5801 cum
959 5751 1213 5808 scriberet,
1240 5751 1508 5815 intendisse
1533 5754 1580 5799 in
1620 5751 1957 5815 ltierouymum
1980 5751 2138 5803 credi-

553 5822 631 5863 tnr
654 5827 680 5862 a
713 5822 893 5863 .Ioanne
916 5816 1140 5864 Camerio
1164 5815 1211 5862 in
1238 5810 1511 5877 Appendice
1537 5815 1700 5877 prima,
1723 5815 1782 5862 ad
1800 5810 2009 5875 priorem
2034 5829 2139 5877 par-

552 5884 653 5925 tem
678 5879 964 5935 Mercatoris,
991 5890 1096 5938 pag.
1136 5877 1241 5925 ll7.
1274 5874 1394 5921 Vide
1428 5886 1568 5934 supra
1600 5874 1976 5925 Admonitionem
1999 5874 2047 5924 in
2080 5878 2136 5925 li-

553 5938 691 5986 brum
712 5938 776 5985 de
795 5939 904 5987 Fide
930 5948 976 5987 ct
1000 5940 1249 6000 (nuribus.

1028 502 1479 569 ENCIIIRIDION,
1521 498 1674 555 SIVE
1715 493 1802 551 DE
1842 488 2022 548 FIDE.
2064 483 2190 539 SI‘E
2223 481 2311 535 ET
2350 480 2767 547 CIIARITATE,
2800 482 2854 535 S.
2900 480 3270 536 AUGUSTINI

3684 483 3788 538 23b

2220 610 2332 664 qua:
2364 612 2451 663 per
2488 594 2803 648 dilectionem
2843 605 3078 664 operatur
3106 594 3302 662 (ϐαιοὶ.
3334 612 3389 662 v,
3415 598 3493 667 6).
3539 594 3598 655 Si
3627 609 3802 656 autem

2221 688 2355 739 male
2382 698 2435 739 et
2478 704 2578 740 non
2610 688 2745 743 bene
2773 699 3040 757 operatur,
3072 691 3255 759 procul
3284 690 3464 755 dubio,
3506 693 3800 748 secundum

2221 779 2515 847 apostolum
2560 777 2833 842 .lacobum,
2893 790 3091 832 mortua
3138 790 3207 833 est
3250 781 3302 834 in
3353 782 3644 852 semetipsa.
3698 784 3796 849 Qui

2223 886 2405 925 rursus
2431 871 2502 925 ait
2528 889 2539 923 :
2566 870 2630 925 Si
2660 871 2810 938 [idem
2832 871 2967 924 dicat
2995 889 3049 925 se
3071 874 3183 943 quis
3214 872 3413 939 habere,
3448 889 3604 944 Opera
3638 886 3803 929 autem

2224 978 2324 1015 non
2352 962 2550 1027 habeat,
2584 963 2825 1030 nmnquid
2849 963 3032 1026 poterit
3072 964 3198 1031 ﬁdes
3223 965 3419 1018 salvere
3448 982 3561 1018 eum
3601 966 3804 1037 (Jacobi

2224 1068 2282 1117 ll,
2310 1055 2395 1119 17,
2430 1053 2561 1124 I4)?
2609 1055 2776 1109 Porro
2803 1065 2979 1111 autem
3007 1057 3050 1111 si
3084 1056 3242 1110 homo
3274 1058 3564 1113 sceleratus
3593 1070 3808 1131 propter

2230 1146 2385 1200 {idem
2408 1148 2573 1200 solam
2604 1163 2695 1215 per
2722 1148 2891 1216 ignem
2920 1150 3226 1213 salvabitur,
3251 1160 3305 1205 et
3331 1151 3407 1205 sic
3429 1165 3507 1206 eSt
3535 1155 3803 1221 accipien-

2228 1237 2351 1291 dum
2392 1237 2532 1307 quod
2577 1239 2650 1291 ait
2679 1239 2862 1292 beatus
2892 1239 3105 1306 Paulus,
3138 1239 3262 1310 Ipse
3298 1252 3466 1295 autem
3493 1244 3665 1295 salvus
3694 1245 3806 1308 erit,

2228 1328 2299 1381 sic
2326 1338 2489 1381 tamen
2518 1328 2662 1393 quasi
2688 1345 2777 1399 per
2802 1330 3003 1399 ignem;
3052 1333 3248 1400 poterit
3287 1348 3415 1401 ergo
3447 1333 3656 1387 salvare
3695 1335 3810 1388 sine

2230 1421 2477 1489 operibus
2514 1421 2664 1485 fides,
2696 1430 2750 1475 et
2778 1420 2965 1476 falsum
2996 1423 3100 1477 erit
3136 1424 3275 1493 quod
3306 1425 3438 1479 dixit
3468 1426 3583 1495 ejus
3609 1441 3809 1495 coapo-

2231 1511 2399 1565 stolus
2426 1511 2655 1566 Iacobus
2685 1530 2698 1566 :
2729 1511 2918 1567 falsum
2958 1514 3058 1568 erit
3098 1523 3153 1569 et
3183 1516 3309 1570 illud
3339 1517 3480 1585 quod
3526 1518 3667 1572 idem
3704 1521 3815 1589 ipse

2232 1604 2424 1659 Paulus
2473 1605 2625 1672 dixit,
2686 1603 2879 1673 Nolite,
2931 1608 3117 1677 inquit,
3175 1626 3384 1676 errare;
3446 1629 3607 1681 neque
3654 1612 3816 1683 forni-

2232 1705 2441 1758 catores,
2471 1712 2625 1765 neque
2662 1697 2811 1750 idolis
2852 1700 3134 1765 servientes,
3172 1718 3330 1770 neque
3376 1703 3615 1766 adulteri,
3648 1720 3805 1773 neque

2232 1790 2428 1854 molles,
2475 1807 2632 1860 neque
2664 1793 3003 1845 masculorum
3041 1794 3402 1859 concubitores,
3447 1814 3607 1865 neque
3650 1802 3810 1867 fures,

2233 1898 2388 1947 neque
2412 1884 2571 1945 avari,
2616 1900 2772 1946 neque
2807 1885 3006 1952 ebriosi,
3037 1903 3195 1957 neque
3232 1888 3481 1953 maledici,
3528 1908 3688 1960 neque
3725 1908 3814 1944 ra-

2236 1991 2380 2043 paces
2408 1991 2617 2044 regnum
2652 1975 2750 2029 Dei
2777 1977 3097 2046 possidebunt
3142 1979 3187 2049 (I
3230 1978 3350 2036 Cor.
3392 1998 3466 2049 vt,
3512 1982 3710 2053 9,10).
3757 1985 3811 2036 Si

2234 2068 2374 2122 enim
2405 2069 2563 2123 etiam
2594 2070 2644 2123 in
2690 2070 2803 2124 istis
2828 2081 3229 2140 perseverantes
3257 2074 3586 2142 criminibus,
3636 2087 3816 2131 tamen

2233 2170 2452 2231 propter
2480 2161 2637 2216 ﬁdem
2667 2161 2862 2217 Christi
2892 2164 3024 2219 salvi
3066 2173 3241 2233 erunt,
3268 2166 3538 2236 quomodo
3567 2169 3618 2221 in
3651 2184 3817 2240 regno

2237 2255 2329 2309 Dei
2357 2270 2459 2308 non
2491 2261 2682 2309 erant?

2306 2344 2531 2402 CAPUT
2571 2346 2797 2401 LXVIII.
2820 2376 2892 2387 —
2919 2346 3083 2401 Locus
3104 2347 3333 2419 Apostoli
3366 2350 3429 2404 de
3455 2351 3711 2406 salvaudis
3733 2370 3821 2422 per

2236 2438 2402 2508 ignem
2438 2447 2492 2491 ut
2528 2438 2902 2508 intelligendus.
2936 2437 3080 2510 Ignis
3108 2440 3313 2509 quidam
3346 2441 3399 2494 in
3434 2442 3529 2495 hac
3567 2444 3702 2510 vita,
3734 2461 3821 2514 per

2235 2546 2382 2602 quem
2416 2530 2676 2584 salvantur
2713 2531 3020 2599 aediﬁcantes
3063 2532 3219 2602 ligna.
3252 2532 3354 2587 Sed
3382 2534 3504 2602 quia
3545 2535 3659 2589 haec
3686 2550 3815 2604 apo-

2236 2621 2421 2677 stolica
2453 2619 2882 2676 manifestissima
2914 2631 2965 2676 ct
2995 2624 3327 2691 apertissima
3360 2625 3662 2679 testimonia
3691 2626 3818 2680 falsa

2237 2727 2357 2768 esse
2394 2728 2498 2767 non
2526 2722 2783 2783 possunt;
2813 2713 2941 2768 illud
2967 2714 3110 2783 quod
3150 2715 3379 2771 obscure
3403 2716 3605 2771 dictum
3642 2728 3725 2773 est
3754 2719 3819 2773 de

2237 2821 2301 2861 us
2325 2807 2413 2877 qui
2450 2805 2875 2875 supersediticant
2904 2820 3067 2876 super
3107 2808 3535 2874 fundamentum,
3566 2810 3709 2880 quod
3740 2821 3820 2865 est

2236 2898 2515 2965 Christus,
2559 2914 2662 2954 non
2690 2915 2899 2963 aurum,
2929 2909 3237 2970 argentum,
3286 2901 3485 2971 lapides
3532 2904 3820 2971 pretiosos,

2238 2990 2332 3046 sed
2368 2991 2505 3061 ligna
2530 3032 2544 3057 ,
2578 2991 2755 3046 fenum
2778 3033 2792 3058 ,
2822 2992 3067 3061 stipulam
3102 2992 3190 3064 (de
3218 2992 3299 3046 his
3332 2994 3473 3048 enim
3505 2994 3708 3048 dictum
3742 3008 3821 3049 ειμι

2237 3083 2379 3154 quod
2424 3098 2519 3153 per
2566 3084 2740 3154 ignem
2786 3084 2918 3138 salvi
2960 3093 3152 3151 erunt,
3196 3087 3445 3155 quoniam
3490 3086 3821 3143 fundamenti

2240 3176 2430 3230 merito
2456 3190 2559 3230 nou
2592 3176 2897 3247 peribunt),
2929 3179 3007 3233 sic
3036 3177 3436 3249 intelligendum
3481 3189 3597 3246 est,
3646 3190 3704 3236 ut
3740 3180 3825 3236 his

2238 3267 2531 3323 manifesus
2576 3284 2680 3323 non
2746 3270 3043 3326 inveniatur
3087 3286 3207 3326 esse
3260 3273 3606 3327 contrarium.
3660 3273 3823 3344 Ligna

2238 3361 2434 3431 quippe
2476 3369 2531 3415 et
2572 3359 2750 3415 fenum
2792 3370 2846 3417 et
2882 3362 3072 3432 stipula
3106 3378 3210 3417 non
3250 3364 3477 3419 absurde
3502 3365 3673 3435 accipi
3700 3381 3825 3437 pos-

2239 3462 2364 3507 sunt
2389 3467 2563 3506 rerum
2591 3454 2919 3507 smcularium
2937 3494 2950 3516 ,
2979 3455 3220 3523 quamvis
3248 3454 3388 3509 licite
3409 3470 3787 3510 concessurum
3810 3499 3824 3516 .

2241 3543 2373 3597 tales
2401 3543 2719 3612 cupiditates
2747 3585 2762 3609 ,
2806 3553 2863 3599 ut
2905 3546 3073 3598 amitti
3106 3545 3222 3600 sine
3269 3547 3429 3599 animi
3481 3546 3670 3602 dolore
3720 3565 3826 3601 non

2241 3634 2465 3703 possint.
2518 3634 2645 3687 Cum
2677 3644 2853 3689 autem
2886 3636 2984 3689 iste
3019 3636 3171 3691 dolor
3212 3638 3350 3704 urit,
3384 3638 3427 3692 si
3477 3637 3727 3695 Christus
3775 3640 3827 3693 in

2240 3726 2401 3781 corde
2425 3725 2750 3780 fundamenti
2778 3727 2937 3782 habet
2962 3728 3165 3793 locum,
3197 3728 3247 3782 id
3277 3739 3389 3797 est,
3424 3740 3479 3784 ut
3503 3732 3551 3785 ei
3578 3732 3714 3786 nihil
3735 3748 3834 3786 an-

2243 3825 2541 3887 teponatur,
2565 3826 2618 3872 et
2648 3818 2794 3872 malit
2815 3818 2973 3873 homo
3003 3821 3090 3888 qui
3113 3821 3202 3874 tali
3228 3821 3411 3876 dolore
3434 3824 3631 3888 uritur,
3668 3825 3834 3881 rebus

2240 3925 2373 3980 quas
2406 3909 2478 3964 ita
2503 3909 2674 3981 diligit
2704 3912 2868 3981 magis
2890 3926 3070 3965 carere
3100 3928 3258 3981 quam
3276 3913 3506 3979 Christo;
3536 3932 3631 3984 per
3652 3917 3835 3986 ignem

2241 4000 2302 4055 ﬂt
2330 4000 2527 4055 salvus.
2561 4001 2616 4056 Si
2642 4011 2817 4057 autem
2842 4016 2930 4057 res
2967 4002 3265 4073 hujusmodi
3296 4006 3614 4077 temporales
3641 4022 3705 4062 ac
3730 4024 3837 4063 sa:-

2241 4093 2449 4149 culares
2494 4104 2731 4164 tempore
2789 4097 3095 4151 tentationis
3139 4098 3388 4152 maluerit
3440 4108 3625 4154 tenere
3668 4116 3839 4169 quam

2242 4183 2541 4250 Christum,
2575 4199 2695 4238 eum
2725 4185 2777 4238 in
2810 4185 3157 4240 fundamento
3186 4202 3292 4240 non
3321 4188 3536 4253 habuit;
3562 4190 3688 4258 quia
3716 4189 3843 4246 bare

2241 4275 2421 4345 priore
2452 4274 2566 4329 loco
2588 4276 2801 4341 habuit,
2833 4290 2953 4330 cum
2995 4277 3045 4330 in
3076 4277 3299 4333 aedilicio
3328 4279 3473 4347 prius
3501 4294 3607 4333 non
3637 4281 3707 4335 sit
3728 4282 3842 4334 ali-

2243 4367 2370 4437 quid
2409 4366 2768 4422 fundamento.
2795 4367 2934 4437 Ignis
2955 4368 3095 4421 enim
3120 4410 3134 4433 ,
3163 4368 3229 4423 de
3256 4384 3362 4439 quo
3400 4385 3464 4424 eo
3491 4370 3611 4425 Ioco
3638 4382 3722 4425 est
3754 4373 3845 4425 Io—

2243 4467 2395 4513 cutns
2424 4459 2744 4529 Apostolus,
2776 4460 2898 4513 talis
2925 4460 3083 4514 debet
3127 4461 3385 4530 intelligi,
3430 4471 3488 4516 ut
3532 4464 3695 4517 ambo
3740 4479 3851 4533 per

2243 4568 2363 4606 eum
2397 4561 2698 4617 transeant;
2744 4552 2796 4607 id
2823 4562 2903 4607 est
2922 4595 2936 4620 ,
2967 4562 3019 4607 et
3048 4553 3134 4623 qui
3158 4554 3374 4623 cedi/ica:
3402 4572 3554 4627 super
3582 4556 3680 4611 hoc
3709 4563 3850 4626 frm-

2245 4644 2559 4711 damentum,
2591 4661 2772 4699 aurum
2791 4686 2806 4711 ,
2832 4655 3121 4716 argentum,
3150 4648 3344 4715 lapides
3374 4648 3638 4716 pretiosos,
3664 4661 3717 4705 et
3746 4654 3852 4719 qui

2242 4736 2462 4803 wdiﬁcat
2481 4736 2638 4806 ligna,
2669 4738 2839 4806 fenum
2860 4737 3187 4805 eLstipulam.
3216 4737 3347 4791 Cum
3368 4738 3509 4791 enim
3535 4738 3639 4793 hoc
3668 4740 3853 4795 dixis-

2244 4836 2355 4892 set,
2382 4827 2621 4896 adjunxit
2644 4845 2657 4880 :
2691 4826 3093 4897 Uniuscujusque
3117 4846 3242 4897 opus
3260 4828 3409 4899 quale
3426 4832 3521 4897 sit,
3547 4832 3682 4902 ignis
3715 4852 3860 4903 pro-

2245 4920 2395 4975 babit.
2421 4920 2484 4976 Si
2507 4923 2652 4992 cujus
2673 4938 2797 4989 opus
2827 4923 3182 4990 permanserit,
3205 4923 3338 4993 quod
3365 4926 3807 4991 supercedi/icavit
3837 4971 3859 4995 ,

2244 5014 2517 5067 mercedem
2542 5014 2772 5083 accipiet.
2805 5014 2867 5068 Si
2891 5015 3036 5085 cujus
3055 5032 3180 5084 opus
3205 5026 3370 5068 autem
3398 5027 3633 5070 exustum
3658 5020 3862 5088 fuerit,

2245 5106 2484 5158 damnum
2511 5105 2732 5174 patietur
2773 5121 2793 5158 :
2835 5106 2944 5174 ipse
2989 5115 3151 5159 autem
3180 5107 3344 5160 salvus
3391 5108 3520 5173 erit,
3553 5110 3630 5162 sic
3669 5120 3869 5167 tantm

2244 5198 2388 5265 quasi
2428 5213 2514 5265 per
2541 5198 2706 5264 ignem
2740 5194 2846 5267 (Id.
2881 5213 2937 5250 Ill
2960 5238 2974 5261 ,
3006 5196 3208 5268 1145).
3240 5198 3353 5252 Non
3383 5214 3510 5268 ergo
3550 5202 3715 5254 unius
3742 5219 3870 5257 eo—

2244 5304 2384 5355 rum,
2408 5288 2501 5343 5ed
2531 5289 2803 5357 utriusque
2824 5305 2955 5357 opus
2987 5291 3119 5360 ignis
3152 5291 3408 5359 probabit.
3442 5293 3534 5348 ESt
3565 5294 3810 5361 quidam
3849 5301 3869 5329 “

2244 5381 2381 5451 ignis
2420 5382 2641 5435 tentatio
2672 5381 3059 5445 tribulationis,
3103 5382 3170 5435 de
3208 5398 3313 5451 quo
3351 5395 3534 5451 aperte
3578 5387 3687 5438 alio
3720 5385 3879 5442 meo

2245 5456 2499 5543 scriptum
2525 5481 2607 5527 est
2637 5490 2651 5525 :
2693 5471 2825 5525 Vasa
2868 5474 3011 5542 ﬁguli
3049 5472 3225 5543 probat
3266 5478 3487 5544 fornax,
3521 5487 3570 5528 et
3604 5476 3880 5536 homines

2238 5565 2404 5633 justas
2434 5565 2640 5617 tentatio
2667 5563 3002 5618 tribulationis
3028 5563 3216 5634 (Eccli.
3243 5580 3386 5619 xxvu
3404 5607 3416 5629 ,
3450 5566 3527 5635 6).
3561 5565 3671 5622 Iste
3696 5568 3883 5639 ignis

2246 5656 2298 5709 in
2320 5655 2419 5710 hac
2445 5656 2656 5709 interim
2684 5656 2788 5710 vita
2808 5654 2933 5710 facit
2958 5655 3095 5722 quod
3125 5656 3410 5726 Apostolus
3435 5656 3592 5724 dixit,
3625 5659 3673 5714 si
3690 5660 3884 5714 acci-

2244 5748 2332 5801 dat
2358 5748 2377 5777 ²
2406 5745 2612 5799 duobus
2643 5746 2885 5801 ﬁdelibus
2905 5790 2917 5807 ,
2950 5747 3037 5800 uni
3069 5748 3271 5801 scilicet
3299 5749 3552 5818 Cogitanti
3590 5766 3714 5822 qua:
3753 5752 3886 5809 Dei

2310 5883 2321 5910 ι
2351 5880 2421 5926 sic
2451 5885 2557 5927 Mss.
2582 5879 2701 5927 Editi
2726 5892 2859 5936 vero,
2885 5879 3093 5941 qzridan.

2308 5944 2326 5971 ί
2351 5946 2457 5988 tm.
2488 5948 2536 5988 et
2556 5952 2685 6000 ara.,
2706 5942 2919 5991 accedat.
2948 5944 3029 5991 alii
3052 5942 3258 6003 codices,
3284 5943 3493 5994 accidat.
