4072 6578
171 535 263 590 265

169 658 308 714 sunt,
331 645 605 719 quomodo
632 644 839 716 placeat
862 636 975 699 Deo
998 685 1011 703 .
1043 641 1144 695 hoc
1169 648 1270 701 est.
1294 634 1577 694 aedificanti
1607 653 1767 707 super

169 744 439 800 Christum
466 740 890 800 fundamentum,
930 779 946 803 ,
976 749 1165 790 aurum
1217 745 1496 803 argentum
1517 772 1531 797 ,
1565 730 1766 801 lapides

172 849 456 906 pretiosos;
485 832 642 888 alteri
668 840 846 885 autem
873 827 1125 897 cogitanti
1151 840 1214 880 ea
1244 838 1363 893 qua:
1392 829 1517 877 sunt
1544 821 1727 875 mut-di
1746 859 1760 882 ,

171 926 440 999 quomodo
467 926 679 996 placeat
709 920 860 975 uxori
893 917 938 990 (l
964 917 1083 973 Cor.
1109 932 1215 983 vn,
1247 914 1317 970 32
1336 955 1353 982 ,
1383 914 1474 982 55)
1496 954 1512 979 ,
1560 910 1614 966 id
1652 918 1768 978 est,

172 1019 458 1075 mdificanti
502 1030 666 1087 super
696 1012 837 1067 idem
886 1009 1288 1064 fundamentum
1329 1006 1468 1076 ligna
1494 1045 1510 1071 ,
1548 1003 1727 1059 fenum
1751 1042 1768 1071 ,

174 1112 421 1182 stipulam
453 1128 466 1165 :
497 1110 639 1163 illius
664 1105 807 1162 enim
834 1118 969 1172 opus
999 1117 1103 1155 non
1131 1100 1396 1163 exuritur,
1425 1098 1547 1168 quia
1574 1111 1679 1151 non
1707 1109 1771 1150 ea

173 1201 361 1256 dilexit
389 1215 617 1270 quorum
648 1195 942 1250 amissione
980 1191 1280 1255 crucietur;
1311 1189 1554 1245 exuritur
1592 1194 1772 1242 autem

177 1293 336 1362 hujus
357 1332 370 1355 ,
403 1289 654 1360 quoniam
694 1286 811 1341 sine
836 1284 1023 1338 dolore
1068 1296 1173 1337 non
1212 1287 1478 1350 pereunt,
1506 1294 1627 1349 quin
1650 1292 1774 1333 cum

174 1398 365 1438 amore
412 1393 659 1452 possessa
703 1383 846 1432 sunt.
874 1373 980 1431 Sed
1008 1371 1258 1444 quoniam
1301 1370 1555 1426 alterutra
1592 1367 1776 1424 condi-

177 1477 327 1531 tione
356 1471 625 1543 proposita
644 1511 661 1536 ,
693 1470 775 1525 eis
797 1468 974 1539 potius
998 1481 1184 1522 carere
1215 1463 1395 1519 mallet
1420 1476 1579 1534 quam
1617 1460 1773 1517 Chri-

174 1577 299 1631 sto,
349 1579 452 1621 nec
497 1563 703 1645 timore,
734 1557 1019 1615 amittendi
1064 1556 1187 1611 talia
1237 1553 1442 1610 deserit
1466 1551 1772 1619 Christum,

174 1659 425 1730 quamvis
452 1655 631 1711 doleat
649 1644 774 1710 eum
802 1652 1017 1714 amittit,
1044 1648 1214 1705 salvus
1237 1655 1311 1703 est
1332 1645 1577 1718 quidem,
1607 1644 1679 1700 sic
1699 1654 1779 1699 ta-

176 1768 299 1806 men
341 1749 483 1820 quasi
525 1764 615 1820 per
656 1748 825 1819 ignem
852 1761 872 1800 :
896 1744 1020 1815 quia
1060 1741 1167 1798 urit
1206 1756 1328 1798 eum
1376 1756 1556 1797 rerum
1584 1740 1775 1807 dolor,

176 1858 318 1914 quas
349 1841 642 1905 dilexerat,
676 1837 1033 1900 amissarum;
1058 1833 1154 1890 sed
1184 1849 1289 1889 non
1319 1833 1579 1889 subvertit
1607 1846 1781 1903 neque

175 1934 452 1991 consumit
485 1929 820 1987 fundamenti
847 1925 1136 1984 stabilitate
1176 1935 1337 1999 atque
1378 1923 1783 1995 incorruptione

176 2028 470 2085 munitum.

250 2116 485 2173 CAPUT
522 2112 712 2170 LXIX.
736 2142 809 2154 —
832 2109 981 2183 Ignis
1016 2109 1171 2163 etiam
1209 2106 1537 2178 purgatorius
1573 2104 1783 2176 quidam

178 2220 298 2283 post
325 2210 455 2263 hanc
475 2208 651 2261 vitam.
681 2202 814 2261 Tale
854 2199 1057 2272 aliquid
1085 2198 1249 2256 etiam
1285 2205 1410 2269 post
1446 2198 1585 2253 hanc
1619 2195 1785 2251 vitam

181 2302 304 2358 ﬁeri
323 2342 339 2367 ,
367 2297 680 2356 incredibile
705 2311 810 2351 non
833 2302 915 2350 est
936 2333 953 2361 ,
978 2299 1035 2349 et
1056 2299 1235 2347 utrum
1260 2289 1332 2344 ita
1357 2288 1461 2356 sit,
1490 2285 1659 2358 quaeri
1686 2300 1783 2356 po-

181 2404 292 2450 test
322 2412 337 2448 :
364 2404 418 2449 ct
441 2400 533 2446 aut
557 2387 805 2453 inveniri,
833 2395 926 2443 aut
944 2385 1115 2442 latere
1133 2424 1148 2450 ,
1173 2380 1459 2437 nonnullos
1485 2379 1669 2434 ﬁdeles
1691 2392 1789 2448 per

182 2490 369 2559 ignem
398 2482 686 2557 quemdam
707 2478 1094 2552 purgatorium,
1116 2481 1318 2546 quanto
1338 2471 1515 2543 magis
1544 2470 1789 2526 minusve

182 2580 331 2635 bona
350 2576 623 2649 pereuntia
646 2573 970 2638 dilexerunt,
993 2576 1142 2625 tanto
1167 2565 1369 2624 tardius
1388 2564 1651 2634 citiusque
1674 2560 1785 2617 sal-

182 2671 345 2735 vari;
376 2676 692 2724 nontamen
725 2664 857 2720 tales
886 2662 953 2718 de
990 2659 1185 2732 quibus
1225 2657 1427 2713 dictum
1474 2664 1557 2710 est
1580 2695 1597 2721 ,
1646 2651 1789 2723 quod

182 2780 410 2835 regnum
434 2761 528 2816 Dei
552 2776 653 2815 non
690 2753 1013 2829 possidebunt
1030 2794 1047 2821 ,
1079 2750 1183 2807 nisi
1208 2748 1590 2806 convenienter
1617 2745 1793 2817 paeni-

182 2854 435 2910 tentibus
476 2851 662 2907 eadem
712 2848 936 2904 crimina
984 2843 1346 2900 remittantur.
1402 2838 1795 2897 Convenienter

181 2953 378 3001 autem
406 2943 514 2998 dixi
532 2985 548 3010 ,
578 2950 638 2997 ut
663 2938 878 2995 steriles
906 2936 959 2991 in
986 2933 1346 3005 eleemosynis
1373 2945 1481 2987 non
1506 2929 1645 2996 sint,
1671 2928 1793 2999 qui-

184 3038 295 3092 bus
336 3044 541 3090 tantum
582 3031 768 3087 tribuit
793 3028 1071 3098 Scriptura
1110 3024 1289 3089 divina
1313 3063 1331 3091 ,
1373 3030 1436 3077 ut
1463 3035 1646 3076 earum
1677 3027 1799 3073 tan-

186 3127 478 3185 tummodo
500 3127 729 3182 fructum
766 3138 827 3178 se
851 3122 1235 3191 imputaturum
1264 3112 1584 3186 praenuntiet
1610 3111 1796 3168 Dorm-

186 3236 301 3276 nns
326 3219 532 3276 dextris
552 3258 567 3283 ,
600 3225 657 3273 et
694 3228 881 3270 earum
910 3206 1283 3267 tantummodo
1308 3205 1645 3262 sterilitatem
1674 3201 1801 3258 sini-

184 3313 347 3377 stris;
371 3309 585 3382 quando
612 3307 697 3363 his
725 3305 964 3361 dicturus
991 3308 1096 3368 est,
1134 3297 1333 3364 Venite,
1356 3294 1600 3352 benedicti
1626 3291 1802 3349 Putris

184 3405 320 3471 mei,
347 3402 591 3473 percipite
612 3414 825 3471 regnum
846 3412 865 3451 :
891 3396 993 3452 illis
1016 3400 1194 3450 autem
1217 3432 1235 3460 ,
1266 3388 1348 3446 Ite
1370 3390 1424 3446 in
1461 3388 1632 3461 ignem
1655 3395 1805 3443 teter-

182 3512 327 3551 mtm
351 3497 371 3527 ³
408 3492 619 3563 (Matth.
650 3506 780 3553 xxv,
802 3488 905 3551 54.
933 3486 1049 3557 41).

265 3584 505 3642 CAPUT
542 3581 708 3638 LXX.
734 3609 803 3623 --
832 3579 921 3636 i9.
966 3576 1192 3633 Crimina
1224 3571 1552 3645 eleemosynis
1578 3586 1681 3625 non
1718 3585 1802 3623 re-

182 3680 365 3746 dimi,
396 3678 495 3733 nisi
524 3676 626 3731 vita
651 3682 894 3728 mutetur.
922 3670 1062 3727 Sane
1090 3666 1385 3723 cavendum
1426 3672 1510 3720 est
1549 3677 1619 3718 ne
1655 3658 1805 3732 quis-

182 3788 365 3845 quam
391 3770 663 3826 existimet
683 3763 895 3821 infanda
924 3763 1011 3818 illa
1032 3760 1278 3824 crimina,
1303 3757 1480 3830 qualia
1505 3756 1598 3827 qui
1618 3762 1800 3823 agunt,

184 3880 437 3939 regnum
469 3862 560 3918 Dei
588 3876 693 3915 non
732 3856 1119 3929 possidebunt,
1148 3850 1387 3923 quotidie
1417 3845 1767 3921 perpetranda
1788 3885 1804 3911 ,

181 3970 252 4017 ct
280 3957 650 4027 eleemosynis
677 3949 914 4024 quotidie
938 3944 1271 4005 redimenda.
1314 3943 1372 3998 ln
1398 3942 1589 3997 melius
1611 3940 1809 4011 quippe

180 4061 288 4109 est
308 4051 420 4104 vita
443 4045 719 4111 mutanda,
739 4052 794 4101 et
820 4058 916 4113 per
940 4042 1315 4112 eleemosynas
1337 4035 1405 4093 de
1425 4033 1659 4106 peccatis
1676 4047 1812 4103 prae-

186 4144 385 4203 teritis
415 4152 501 4199 cst
526 4135 897 4212 propitiandus
935 4136 1110 4201 Deus;
1150 4148 1259 4187 non
1296 4129 1365 4185 ad
1407 4127 1511 4184 hoc
1548 4124 1812 4183 emendus

182 4236 444 4311 quodam
474 4233 672 4299 modo,
711 4239 771 4285 ut
803 4244 865 4285 ea
891 4242 1108 4299 semper
1134 4225 1293 4280 liceat
1326 4222 1542 4292 impune
1566 4218 1814 4275 commit-

186 4308 345 4387 tere.
377 4323 591 4381 Nemini
619 4322 763 4378 enim
787 4320 924 4375 dedit
960 4319 1300 4373 laxamentum
1340 4310 1583 4384 peccandi
1622 4308 1814 4381 (Eccli.

180 4438 304 4489 xv,
331 4419 431 4490 2|)
456 4436 470 4470 :
492 4414 740 4487 quamvis
760 4408 1067 4469 miserando
1092 4408 1266 4465 deleat
1284 4406 1395 4478 jam
1412 4404 1549 4460 facta
1576 4409 1813 4474 peccata,

180 4516 241 4571 si
270 4530 388 4570 non
415 4508 712 4566 satisfactio
740 4518 976 4575 congrua
1006 4500 1324 4573 negligatur.

269 4602 520 4663 CAPUT
559 4598 752 4655 LXXI.
789 4594 1032 4651 Oratione
1068 4590 1341 4647 Dominica
1388 4587 1589 4660 expiari
1630 4585 1819 4641 leviora

180 4705 447 4773 peccata.
498 4693 573 4748 De
621 4686 943 4762 quotidianis
982 4692 1165 4740 autem
1209 4681 1462 4737 brevibus
1507 4678 1820 4747 levibusque

180 4768 476 4866 peccatis,
499 4783 617 4841 sine
637 4781 832 4855 quibus
856 4778 971 4834 haec
990 4777 1100 4832 vita
1128 4790 1234 4831 non
1261 4772 1491 4838 ducitur,
1514 4768 1821 4842 quotidiana

184 4860 463 4938 Iidelium
516 4874 690 4931 oratio
740 4870 1022 4928 satisfacit.
1074 4866 1275 4922 Eorum
1315 4874 1399 4921 est
1434 4862 1577 4919 enim
1606 4860 1821 4925 dicere,

182 4977 379 5032 Pater
401 4980 575 5025 noster
601 4967 688 5039 qui
706 4982 758 5020 es
778 4965 831 5019 in
851 4962 990 5018 castis
1012 5000 1029 5028 ,
1053 4958 1144 5031 qui
1166 4958 1277 5028 jam
1304 4954 1451 5011 Patri
1479 4953 1572 5009 tali
1598 4964 1825 5021 regene-

180 5068 313 5122 ηιιί
344 5070 567 5118 suntex
595 5072 733 5129 aqua
760 5064 814 5111 et
838 5053 1043 5124 Spiritu
1069 5051 1090 5083 ⁸
1115 5048 1297 5121 (Joan.
1322 5062 1401 5115 nt,
1423 5045 1504 5116 5).
1534 5044 1684 5100 Delet
1704 5056 1825 5097 om-

178 5162 348 5213 nino
377 5154 500 5207 lucc
527 5149 700 5205 oratio
743 5146 965 5202 minima
990 5152 1045 5199 et
1069 5139 1376 5214 quotidiana
1404 5146 1641 5209 peccata.
1677 5133 1830 5189 Delet

176 5263 250 5307 et
317 5250 415 5305 illa
449 5261 479 5299 a
516 5242 712 5314 quibus
740 5238 849 5294 vita
891 5235 1125 5292 ﬁdelium
1165 5234 1325 5289 etiam
1354 5231 1612 5286 scelerate
1637 5236 1784 5298 gesta
1809 5267 1826 5293 ,

174 5346 306 5405 sed
342 5335 664 5413 pmniteudo
686 5334 739 5389 in
761 5330 955 5387 melius
980 5336 1181 5385 mutata
1208 5323 1434 5381 discedit
1460 5339 1476 5375 :
1502 5321 1547 5376 si
1575 5317 1830 5390 quemad-

174 5438 450 5507 mode
476 5430 745 5486 veraciter
773 5425 1001 5490 dicitur,
1027 5420 1239 5476 Dimitte
1259 5418 1402 5473 nobis
1430 5414 1597 5469 debita
1622 5421 1793 5467 nostra
1812 5452 1828 5475 ,

172 5503 484 5610 quoniam
531 5539 639 5578 non
670 5520 866 5575 desunt
892 5532 1011 5586 qua:
1039 5512 1413 5574 dimittantur;
1454 5507 1527 5561 ita
1570 5503 1832 5560 veraciter

263 5659 285 5683 ⁸
339 5659 551 5703 (mtuam!
576 5659 706 5705 βιῶ-ι
728 5659 862 5697 θυμω
889 5659 1504 5701 ιισυωιιιιυιιιξυηωηηηι...
1736 5676 1748 5687 θ

262 5716 291 5745 ²
346 5716 443 5755 ιον
470 5737 485 5758 ι
512 5697 751 5763 rem?!“
777 5703 978 5756 "mm
1002 5701 1089 5742 υει
1109 5688 1241 5763 Ltus
1258 5674 1831 5763 ρυιενῑενλιςλῑξιαιέεέξέζὲῗι

173 5793 239 5826 νει
267 5740 491 5834 *ὧιῖ
1052 5740 1182 5811 bii,
1224 5758 1307 5811 et,
1351 5740 1624 5803 maledicti,
1661 5742 1838 5789 absunt

171 5855 209 5892 ³
246 5855 475 5941 τε,έοὶιὶ
498 5889 580 5937 bic
605 5893 657 5937 et
690 5880 835 5933 simili
872 5879 980 5931 loco
1001 5877 1143 5935 infra,
1162 5888 1269 5938 cap.
1293 5874 1385 5942 75,
1413 5869 1802 5942 addunt,_san_eto_
1820 5872 1839 5911 :

173 5971 335 6027 qua:
678 5948 822 5995 abest
844 5951 895 5994 et
916 5933 1138 6027 agape?
1162 5933 1576 6027 Evangelii
1613 5933 1838 5985 Joannis,

174 6006 327 6090 3;;
363 6017 415 6077 δ,
438 6017 489 6078 7,
515 6015 566 6073 5,
594 6014 643 6060 in
666 6021 815 6073 quem
839 6006 1133 6068 respiciebat
1156 6006 1462 6090 Αυευευξιυδ·

668 6113 939 6172 ΡΑτιιοι..
990 6102 1120 6160 XL.
1352 6072 1367 6107 ¹

1604 517 1809 582 LIBER
1847 522 2050 583 UNUS.

3359 526 3465 581 266

1876 635 2114 701 dicatur,
2166 632 2311 689 Sicut
2356 644 2402 688 et
2451 652 2541 689 nos
2583 636 2882 690 dimittimus
2929 635 3237 693 debitonbus
3277 642 3465 694 nostris

1874 746 2086 816 (Matth.
2116 762 2188 812 Vl,
2224 745 2278 812 9,
2314 745 2401 818 l9.)
2434 764 2447 800 :
2473 746 2523 800 id
2555 755 2655 813 est,
2684 746 2730 802 si
2763 748 2779 779 ¹
2802 746 2894 800 ﬁat
2919 746 3059 817 quod
3084 747 3309 816 dicitur;
3335 750 3463 819 quia

1874 851 1928 895 et
1956 842 2069 911 ipsa
2092 842 2431 913 eleemosyna
2460 850 2572 906 est,
2609 841 2822 896 veniam
2847 842 3049 913 petenti
3082 842 3286 899 homini
3305 844 3466 916 igno-

1875 947 2045 988 scere.
3512 984 3515 987 _

1947 1024 2174 1081 CAPUT
2211 1021 2421 1080 LXXII.
2463 1053 2535 1066 —
2574 1024 3023 1095 Eleemosgnarum
3060 1042 3245 1096 genera
3283 1026 3464 1081 multa.

1875 1116 1955 1171 Ac
1983 1131 2078 1186 per
2121 1117 2224 1172 hoc
2265 1116 2332 1171 ad
2378 1116 2559 1171 omnia
2603 1130 2723 1186 quze
2756 1115 2869 1170 utili
2900 1114 3262 1171 misericordia
3295 1116 3466 1182 fiunt,

1876 1209 2015 1265 valet
2044 1209 2187 1280 quod
2228 1209 2486 1264 Dominus
2514 1209 2623 1273 ait,
2665 1207 2799 1262 Date
2830 1208 3195 1279 elemosynam
3217 1249 3231 1272 ,
3264 1216 3315 1263 et
3356 1223 3471 1262 ecce

1878 1302 2051 1355 omnia
2093 1300 2284 1355 munda
2323 1309 2439 1355 sunt
2480 1301 2617 1355 vobis
2665 1298 2818 1373 (Luc.
2862 1315 2952 1365 xl,
2994 1300 3105 1371 41).
3136 1299 3253 1354 Non
3297 1299 3468 1354 solum

1878 1406 2006 1463 ergo
2033 1393 2055 1425 ³
2076 1393 2166 1463 qui
2195 1393 2286 1449 dat
2303 1393 2561 1449 esurienti
2586 1393 2763 1448 cibum
2784 1433 2799 1457 ,
2836 1391 3037 1447 sitienti
3075 1400 3257 1463 potum
3279 1432 3293 1456 ,
3325 1392 3473 1447 nudo

1878 1484 2257 1539 vestimentum
2279 1525 2293 1549 ,
2325 1483 2683 1555 peregrinanti
2728 1481 3017 1552 hospitium
3038 1522 3053 1549 ,
3083 1481 3301 1552 fugienti
3350 1482 3475 1537 lati-

1880 1574 2099 1642 bulum,
2139 1584 2341 1646 :egroto
2365 1574 2451 1630 vel
2488 1572 2695 1629 incluso
2720 1573 3074 1627 visitationem
3094 1613 3108 1637 ,
3150 1572 3360 1642 captivo
3390 1588 3477 1626 re-

1880 1665 2240 1738 demptionem
2266 1704 2280 1732 ,
2332 1664 2493 1720 debili
2536 1663 2962 1727 subvectionem,
3005 1676 3151 1717 caeco
3191 1661 3476 1717 deductio-

1882 1771 2035 1823 nem,
2071 1756 2213 1813 tristi
2237 1755 2690 1822 consolationem,
2723 1769 2830 1810 non
2879 1768 3011 1809 sano
3048 1753 3344 1820 medelam,
3389 1768 3478 1810 er-

1883 1848 2024 1904 ranti
2050 1848 2226 1917 viam,
2258 1848 2575 1905 deliberanti
2602 1846 2915 1914 consilium,
2947 1853 3002 1900 et
3039 1845 3182 1916 quod
3220 1846 3413 1915 cuique
3454 1844 3478 1877 ³

1884 1939 2246 1995 necessarium
2273 1948 2357 1995 est
2394 1938 2692 2009 indigenti;
2738 1950 2929 1992 verum
2958 1935 3121 1990 etiam
3148 1935 3239 2006 qui
3267 1934 3359 1989 dat
3381 1950 3477 1991 ve-

1886 2030 2028 2085 niam
2049 2028 2313 2101 peecanti,
2331 2031 2727 2101 eleemosynam
2748 2026 2867 2092 dat;
2892 2036 2948 2081 et
2975 2025 3065 2096 qui
3083 2025 3336 2081 emendat
3357 2039 3480 2080 ver-

1887 2120 2017 2177 bere
2040 2121 2095 2176 in
2116 2136 2276 2191 quem
2307 2128 2541 2191 potestas
2560 2120 2736 2184 datur,
2762 2117 2849 2174 vel
2874 2125 3089 2172 coercet
3113 2116 3289 2187 aliqua
3315 2115 3481 2171 disci-

1888 2212 2033 2283 plina
2050 2253 2066 2279 ,
2093 2220 2149 2268 et
2173 2221 2351 2268 tamen
2380 2220 2658 2283 peccatum
2684 2209 2801 2280 ejus
2823 2250 2839 2273 ,
2869 2223 2975 2279 quo
2995 2207 3063 2263 ab
3093 2207 3187 2263 illo
3214 2207 3373 2262 latsus
3392 2216 3483 2260 aut

1889 2302 2123 2358 on‘ensus
2148 2309 2251 2369 est,
2282 2301 2502 2357 dimittit
2525 2315 2591 2356 ex
2620 2299 2807 2366 corde,
2835 2299 2919 2354 vel
2943 2306 3062 2354 orat
3086 2305 3145 2353 ut
3168 2297 3219 2352 ei
3242 2296 3483 2352 dimitta-

1892 2406 2008 2465 tur,
2037 2412 2143 2453 non
2173 2396 2348 2453 solum
2373 2397 2426 2451 in
2452 2410 2519 2452 eo
2542 2393 2683 2465 quod
2708 2392 2929 2448 dimittit
2953 2398 3115 2461 atque
3139 2398 3281 2457 orat,
3300 2403 3486 2444 verum

1892 2490 2055 2545 ctiam
2082 2490 2133 2561 in
2163 2502 2230 2545 eo
2247 2487 2390 2560 quod
2410 2486 2652 2557 corripit,
2670 2490 2727 2540 et
2744 2484 2921 2555 aliqua
2948 2480 3311 2537 emendatoria
3327 2492 3488 2550 pmna

1892 2582 2107 2653 plectit,
2138 2582 2536 2652 eleemosynam
2580 2577 2703 2643 dat;
2747 2576 2872 2647 quia
2900 2571 3321 2629 misericordiam
3351 2586 3490 2642 pra:-

1894 2683 2019 2730 stat.
2047 2674 2208 2730 Multa
2237 2674 2381 2730 enim
2411 2672 2549 2728 bona
2575 2677 2899 2742 praestantur
2928 2666 3129 2733 invitis,
3155 2664 3369 2736 quando
3396 2678 3491 2720 eo-

1894 2784 2014 2825 rum
2041 2767 2342 2824 consulitur
2365 2764 2613 2830 utilitati,
2644 2777 2749 2816 non
2775 2758 3034 2815 voluntati
3063 2775 3080 2814 :
3108 2757 3234 2828 quia
3258 2755 3360 2829 ipsi
3388 2755 3491 2810 sibi

1896 2860 2236 2918 inveniuntur
2260 2872 2380 2914 esse
2398 2855 2623 2921 inimici,
2664 2850 2822 2907 amici
2843 2866 2972 2906 vero
3000 2864 3185 2907 eorum
3214 2848 3391 2918 potius
3414 2846 3492 2901 illi

1897 2966 2031 3022 quos
2076 2949 2320 3005 inimicos
2347 2954 2565 3018 putant;
2596 2952 2652 2999 et
2692 2942 2923 2998 reddunt
2958 2938 3189 2995 errando
3232 2937 3368 2991 mala
3397 2952 3494 3007 pro

1900 3042 2076 3110 bonis,
2106 3056 2228 3098 eum
2252 3039 2478 3097 reddere
2506 3037 2646 3096 mala
2672 3032 2993 3091 christianus
3022 3046 3128 3088 non
3166 3030 3359 3087 debeat
3390 3044 3492 3085 nec

1901 3152 1999 3210 pro
2023 3137 2197 3193 malis.
2228 3136 2388 3191 Multa
2416 3133 2594 3203 itaque
2617 3142 2811 3200 genera
2836 3136 2963 3182 sunt
2992 3126 3452 3198 eleemosynarum
3476 3162 3497 3190 ,

1901 3245 2021 3301 quae
2045 3243 2167 3285 cum
2211 3226 2470 3292 facimus,
2499 3222 2814 3294 adjuvamur
2839 3227 2892 3273 ut
2938 3215 3274 3272 dimittantur
3316 3223 3498 3272 nostra

1903 3330 2142 3394 peccata.

1975 3414 2202 3473 CAPUT
2242 3410 2477 3469 LXXIII.
2513 3439 2587 3451 --
2625 3406 2976 3477 Elcemosyna:
3001 3417 3161 3475 genus
3187 3399 3497 3463 maximum,

1906 3520 2115 3580 parcere
2134 3503 2374 3559 inimicis.
2392 3499 2498 3558 Sed
2523 3514 2587 3555 ea
2618 3496 2748 3553 nihil
2778 3504 2863 3552 est
2890 3493 3093 3562 majus,
3116 3503 3220 3561 qua
3247 3504 3312 3546 ex
3341 3488 3504 3544 corde

1905 3598 2243 3662 dimittimus,
2260 3593 2403 3667 quod
2428 3595 2481 3648 in
2509 3606 2608 3646 nos
2635 3589 2860 3661 quisque
2882 3584 3139 3656 peccavit.
3162 3581 3334 3637 Minus
3358 3583 3502 3636 enim

1908 3706 2161 3763 magnum
2186 3697 2269 3743 est
2288 3702 2413 3757 erga
2432 3699 2555 3741 eum
2582 3696 2704 3738 esse
2728 3678 3070 3741 benevolum,
3094 3676 3207 3731 sive
3228 3674 3389 3730 etiam
3411 3672 3505 3727 be-

1910 3784 2162 3851 neﬁcum,
2180 3780 2271 3852 qui
2302 3779 2395 3835 tibi
2424 3776 2549 3832 mali
2576 3774 2704 3829 nihil
2730 3770 2961 3827 Iecerit:
2989 3765 3120 3823 illud
3147 3764 3313 3820 multo
3340 3778 3503 3834 gran-

1910 3878 2029 3935 dius
2050 3884 2105 3933 et
2131 3868 2672 3944 magnificentissima:
2697 3860 2952 3919 bonitatis
2978 3866 3091 3924 est,
3113 3865 3171 3912 ut
3197 3865 3344 3911 tuum
3368 3868 3506 3924 quo-

1912 3985 2016 4044 que
2042 3943 2313 4025 inimicum
2340 3962 2550 4031 diligas,
2577 3955 2700 4013 etei
2730 3953 2819 4024 qui
2850 3951 2943 4007 tibi
2972 3947 3173 4004 malum
3201 3945 3350 4013 vult,
3379 3955 3434 3998 et
3461 3943 3507 3997 si

1916 4039 2094 4135 potest
2108 4059 2249 4124 facit,
2266 4065 2322 4111 tu
2338 4056 2536 4111 bonum
2562 4060 2776 4117 semper
2794 4042 2949 4107 velis,
2964 4039 3235 4108 faciasque
3248 4051 3369 4092 eum
3388 4050 3510 4105 pos-

1915 4130 1991 4212 sis
2009 4153 2049 4219 δ,
2074 4148 2295 4208 audiens
2314 4144 2581 4202 dicentem
2605 4140 2794 4204 Deum,
2818 4132 3027 4204 Diligite
3047 4130 3275 4183 inimicos
3296 4136 3508 4192 uestros,

1916 4247 2039 4303 bene
2059 4245 2207 4310 facile
2221 4241 2293 4296 eis
2311 4238 2398 4304 qui
2418 4251 2504 4290 vos
2522 4232 2736 4288 oderunt
2750 4270 2763 4292 ,
2776 4236 2824 4283 et
2840 4234 2981 4280 orate
2997 4236 3089 4293 pro
3107 4219 3275 4290 eisqui
3288 4233 3375 4273 vos
3392 4233 3505 4288 per-

1918 4348 2194 4411 sequuntur
2231 4332 2443 4406 (Matth.
2472 4343 2538 4394 v,
2578 4323 2694 4395 44).
2737 4319 2847 4377 Sed
2876 4316 3126 4390 quoniam
3157 4310 3511 4384 perfecturum

1920 4403 2046 4491 sunt
2064 4433 2166 4488 ista
2194 4403 2426 4484 filiorum
2449 4420 2576 4486 Dei,
2604 4430 2713 4488 quo
2738 4411 2955 4485 quidem
2985 4423 3045 4464 se
3064 4406 3224 4462 debet
3247 4404 3423 4460 omnis
3450 4403 3515 4456 li-

1922 4527 2059 4582 delis
2083 4518 2375 4580 extendere
2397 4520 2496 4581 ,μοι
2523 4510 2815 4565 humanum
2853 4502 3090 4557 animum
3117 4496 3186 4551 ad
3218 4496 3359 4551 hunc
3383 4492 3517 4549 alie-

1923 4629 2099 4682 ctum,
2130 4610 2334 4667 orando
2376 4607 2542 4662 Deum
2564 4643 2580 4670 ,
2607 4609 2899 4668 secumque
2925 4590 3132 4663 agendo
3158 4586 3519 4656 luetandoque

1926 4709 2252 4783 perducere:
2277 4714 2452 4758 tamen
2474 4697 2597 4768 quia
2613 4693 2717 4748 hoc
2741 4701 2847 4745 tam
2865 4699 3114 4756 magnum
3133 4682 3334 4737 bonum
3360 4687 3518 4733 tantae

1927 4768 2282 4859 multitudinis
2326 4804 2433 4847 non
2477 4795 2599 4851 est,
2647 4790 2899 4856 quantam
2928 4775 3199 4833 credimus
3241 4768 3519 4833 exaudiri,

1927 4908 2051 4953 eum
2079 4895 2132 4947 in
2168 4888 2410 4945 oratione
2436 4881 2633 4937 dicitur
2656 4919 2671 4945 ,
2708 4873 2917 4929 Dimitte
2944 4870 3086 4925 nobis
3111 4866 3279 4921 debita
3307 4871 3481 4919 nostra
3504 4901 3521 4928 ,

1930 4952 2056 5045 sicut
2085 4994 2133 5041 et
2156 4999 2249 5038 nos
2268 4976 2566 5035 dimittimus
2587 4965 2893 5025 debitoribus
2918 4961 3122 5024 nostris;
3149 4955 3334 5028 procul
3358 4952 3523 5008 dubio

1931 5080 2097 5136 verba
2119 5070 2426 5147 spensionis
2458 5066 2617 5135 hujus
2646 5059 2965 5129 implentur,
3006 5051 3052 5106 si
3080 5050 3243 5105 homo
3264 5043 3353 5117 qui
3381 5058 3523 5098 non-

1933 5173 2063 5228 dum
2092 5140 2166 5224 ita
2192 5161 2457 5235 profecit,
2481 5164 2540 5210 ut
2571 5153 2681 5225 jam
2710 5150 2731 5182 '
2758 5148 2944 5217 diligat
2989 5140 3262 5197 inimicum
3286 5179 3302 5203 ,
3342 5144 3526 5191 tamen

1937 5260 2151 5334 quando
2175 5228 2391 5326 rogatur
2417 5249 2484 5303 ab
2514 5242 2728 5299 homine
2755 5237 2846 5310 qui
2873 5232 3110 5306 peccmrit
3136 5230 3188 5285 in
3218 5243 3365 5294 eum,
3394 5234 3450 5280 ut
3476 5228 3526 5281 ei

2003 5420 2021 5451 ί
2058 5416 2223 5472 Abest,
2242 5423 2304 5467 st,
2327 5421 2355 5457 a
2378 5413 2483 5472 slss.
2511 5408 2562 5451 et
2584 5400 2645 5448 ab
2668 5405 2776 5472 am:

1999 5483 2022 5515 ε
2055 5459 2123 5527 lla
2133 5459 2257 5525 iisti
2272 5459 2328 5522 at
2350 5466 2485 5524 editi,
2510 5474 2603 5512 non
2626 5459 2778 5511 solum
2800 5463 2977 5507 ozaena.

2003 5543 2026 5577 ⁸
2058 5540 2227 5590 Plures
2247 5543 2373 5585 Mss.
2397 5528 2762 5593 ιιτδοάρωηιξπετ,
2977 5578 3301 5593 ᾼ,,-μ---,...-
3337 5568 3451 5593 ...λε

1988 5568 3531 5662 δ’νῖέὲίιῗονδ”)ῖεῖνδέέέίδιίὶξαυὲνέοἳείἙ2⁰¹¹ὶῖτξυζῖῗὶ²²ἑ

1942 5639 2386 5720 ὀὶσὲἶᾶὲῖῗίῖἠῇἷίέ
2411 5639 2509 5709 ίύιν
2534 5639 2736 5697 ἀηδίαις
2768 5639 3535 5720 (litibuft'x’fs'é’lf£93.31“?

2422 5697 2541 5763 Dan.
2560 5721 2751 5781 uecupu
2770 5697 3213 5781 δέ

1946 5757 2105 5843 ῒι
2429 5757 2764 5843 ῗῦξέἶῦιξῲε,
2790 5780 2897 5843 cum
2916 5757 3084 5843 passis,

1949 5818 2549 5904 i'iiiui'iii’izbi'éﬁmiii,’
2558 5818 2724 5904 ⁷φιξίὶη
2748 5818 2902 5904 ἐνίησί
2913 5818 3539 5904 pendettigrgs‘tdie‘mut

2582 5881 3014 5981 adinongtii'diétm
3038 5900 3050 5935 :
3080 5881 3289 5947 Diligite.
3318 5885 3414 5928 etc.

2017 5954 2478 6021 lviiuho'eivaticanis
2492 5954 2630 6021 'ttss.,
2649 5963 2699 6007 ut
2714 5954 2875 6005 etiam.

2768 6037 2985 6104 {Noui
3014 6036 3028 6089 ἰ
