4072 6520
516 558 617 615 πη

517 674 751 731 dimittat
771 709 786 733 ,
815 660 1030 721 dimittit
1074 672 1138 711 ex
1164 651 1325 710 corde
1364 667 1378 703 :
1410 646 1534 717 quia
1562 642 1722 697 etiam
1754 637 1855 693 sibi
1897 629 2105 702 roganti

522 769 702 835 utique
728 721 836 814 vult
859 750 1077 815 dimitti,
1106 761 1225 803 cum
1245 750 1364 798 erat
1390 748 1443 794 et
1464 735 1623 798 dicit,
1665 732 1810 786 Sicut
1840 737 1885 782 et
1917 740 2010 779 nos
2035 721 2107 774 di-

524 815 764 913 midium
791 843 1094 904 debitoribus
1124 835 1308 893 nostris
1326 850 1343 898 ,-
1369 831 1423 886 id
1444 836 1526 884 est
1549 867 1563 892 ,
1593 825 1681 880 Sic
1700 820 1911 877 dimitte
1931 815 2105 870 debita

526 910 709 1005 nostra
753 936 1062 1013 rogantibus
1082 929 1233 986 nobis
1252 968 1268 994 ,
1295 924 1432 978 sicut
1468 926 1522 974 et
1552 930 1651 972 nos
1674 910 1991 969 dimittimus
2020 920 2111 960 ro-

525 1037 774 1113 gantibus
792 1026 1126 1088 debitoribus
1149 1017 1369 1076 nostris.

598 1089 827 1185 ὸλὺυτ
867 1115 1101 1177 LXXIV.
1123 1141 1197 1155 --
1217 1109 1438 1165 Peccata
1473 1119 1577 1159 non
1602 1094 1873 1155 dimittenti
1900 1108 2001 1147 non
2030 1089 2115 1143 di-

529 1224 798 1277 mittuntur
822 1230 853 1268 a
879 1210 1009 1267 Deo.
1023 1207 1144 1263 Jam
1166 1217 1292 1259 vero
1312 1200 1402 1273 qui
1424 1211 1570 1262 eum,
1597 1193 1652 1248 in
1674 1203 1831 1262 quem
1857 1181 2114 1258 peccavit,

536 1312 809 1372 hizminem
832 1310 1005 1375 rogat,
1027 1299 1074 1355 si
1103 1302 1320 1369 peccato
1347 1306 1445 1347 suo
1475 1293 1717 1344 movetur
1732 1289 1791 1337 ut
1812 1285 1983 1349 roget,
2012 1289 2117 1329 non

536 1367 833 1463 est—adhuc
866 1367 1203 1467 deputandus
1231 1385 1510 1448 inimicus,
1558 1388 1615 1434 ut
1652 1390 1776 1433 eum
1805 1372 2025 1442 diligere
2053 1367 2123 1423 sit

538 1496 787 1560 dimcile,
816 1465 953 1546 sicut
985 1482 1201 1541 difﬁcile
1232 1487 1349 1535 erat
1384 1472 1597 1546 quando
1630 1465 1931 1525 inimicitias
1965 1474 2123 1517 exer-

540 1551 712 1645 cebat.
743 1551 994 1651 Quisquis
1033 1583 1211 1630 autem
1254 1566 1461 1640 roganti
1504 1572 1559 1619 et
1596 1558 1799 1633 peccati
1837 1555 1920 1611 sui
1950 1551 2124 1624 peni-

543 1679 673 1737 tenti
704 1646 810 1733 utin
836 1646 907 1728 es
923 1667 1089 1726 corde
1125 1662 1382 1727 dimittit,
1426 1656 1575 1713 nullo
1615 1650 1776 1708 modo
1804 1646 2070 1704 existimet
2095 1657 2126 1697 a

543 1736 769 1827 Domino
796 1779 892 1821 sua
914 1766 1129 1832 peccata
1156 1752 1379 1816 dimitti;
1411 1748 1662 1821 quoniam
1696 1739 1913 1798 mentiri
1930 1736 2130 1794 veritas

545 1880 653 1921 non
698 1865 893 1933 potest.
943 1854 1114 1921 Quem
1152 1861 1281 1903 vero
1309 1845 1472 1899 lateat
1514 1835 1785 1908 Evangelii
1831 1832 2130 1888 auditorem

545 1958 660 2013 sive
689 1921 942 2009 lectorem
967 1988 983 2013 ,
1019 1943 1142 2014 quis
1164 1937 1397 2000 dixerit,
1430 1931 1542 2004 Ego
1572 1946 1687 1986 sum
1727 1926 1909 1982 veritas
1951 1921 2128 1996 (Joan.

524 2064 657 2113 «xiv,
681 2043 778 2115 6)?
803 2040 903 2110 Qut
928 2051 1049 2092 cum
1074 2030 1346 2088 docuisset
1367 2024 1685 2087 orationem,
1712 2019 1851 2073 hanc
1874 2016 1925 2070 in
1947 2027 2009 2067 ea
2032 2026 2133 2081 po-

546 2140 704 2194 sitam
719 2106 1048 2190 sententiam
1069 2124 1418 2180 vehementer
1440 2109 1871 2174 commendavit,
1904 2106 2087 2161 dicens
2117 2118 2134 2157 :

550 2231 611 2285 Si
635 2227 770 2282 enim
790 2217 1080 2277 dimiseritis
1098 2212 1382 2269 hominibus
1399 2215 1605 2279 peccata
1629 2217 1823 2264 eorum,
1854 2197 2069 2251 dimittet
2089 2202 2134 2246 et

546 2320 685 2377 vobis
710 2317 865 2372 Pater
887 2320 1046 2368 vester
1077 2305 1291 2362 caelestis
1321 2307 1526 2372 peccata
1549 2304 1730 2350 vestra.
1764 2291 1825 2347 Si
1848 2298 2016 2342 autem
2036 2300 2135 2338 non

547 2409 834 2468 dimiseritis
860 2400 1145 2459 hominibus
1162 2440 1177 2464 ,
1202 2412 1292 2451 nec
1316 2392 1474 2447 Pater
1492 2397 1653 2444 vester
1680 2384 1895 2439 dimittet
1932 2386 2139 2450 peccata

512 2532 515 2537 -
549 2514 712 2559 vestra
734 2497 951 2571 (Matth.
972 2509 1049 2560 vi,
1074 2491 1163 2558 14,
1196 2484 1309 2559 l5).
1329 2483 1409 2540 Ad
1435 2492 1541 2537 tam
1568 2491 1817 2549 magnum
1846 2472 2137 2544 tonitruum

548 2596 639 2666 qui
670 2568 776 2648 non
794 2583 1206 2658 expergiscitur,
1236 2592 1344 2633 non
1374 2573 1589 2639 dormit,
1625 2568 1721 2625 sed
1746 2573 1987 2621 mortuus
2007 2569 2091 2617 est
2121 2576 2137 2615 :

549 2658 602 2741 et
634 2687 1030 2751 tamen-potens
1059 2680 1143 2729 est
1165 2671 1256 2727 ille
1284 2668 1447 2724 etiam
1480 2670 1723 2719 mortuos
1746 2658 2031 2715 suscitare.

620 2746 857 2830 CAPUT_
880 2764 1093 2824 LXXV.
1118 2792 1192 2842 τ-
1208 2760 1302 2817 20.
1332 2758 1668 2842 Eleemosyna
1687 2750 1955 2805 sceleratos
1990 2755 2038 2800 et
2058 2746 2142 2799 in-

551 2865 724 2936 ﬁdeles
762 2877 863 2915 non
888 2853 1101 2912 mundat
1120 2836 1157 2918 ,⁷
1175 2850 1273 2905 nisi
1300 2854 1573 2902 mutentur.
1602 2841 1746 2898 Sane
1787 2839 1876 2909 qui
1904 2836 2142 2892 scelera-

553 2931 757 3010 tissime
802 2952 1020 3011 vivunt,
1071 2957 1172 2999 nec
1199 2946 1390 2995 curant
1440 2936 1601 2990 talem
1644 2931 1808 2987 vitam
1862 2940 2145 2995 moresque

552 3046 824 3114 corrigere
844 3083 858 3107 ,
887 3048 942 3094 et
970 3038 1109 3091 inter
1138 3032 1250 3102 ipsa
1296 3028 1528 3083 facinora
1562 3031 1618 3079 et
1655 3020 1851 3091 ﬂagitia
1880 3033 1977 3073 sua
2004 3017 2146 3072 elee-

552 3147 809 3207 mosyuas
839 3130 1180 3199 frequentare
1206 3137 1311 3177 non
1353 3125 1595 3182 cessant,
1644 3114 1844 3168 frustra
1883 3110 2004 3165 ideo
2042 3108 2146 3162 sibi

555 3203 935 3286 blandiuntur,
982 3217 1234 3289 quoniam
1267 3211 1522 3267 Dominus
1562 3208 1671 3272 ait,
1703 3205 1837 3259 Date
1879 3203 2149 3272 eleemosy-

530 3335 675 3373 'nam
691 3360 705 3383 ,
729 3326 773 3370 et
796 3328 909 3369 ecce
933 3308 1103 3365 omnia
1123 3304 1313 3360 munda
1334 3310 1452 3357 sunt
1483 3300 1638 3354 vobis.
1674 3296 1787 3351 Hoc
1815 3295 1958 3350 enim
1988 3308 2148 3363 quam

559 3413 667 3465 late
691 3413 897 3479 pateat,
922 3418 1030 3459 non
1056 3398 1377 3468 intelligunt.
1401 3392 1507 3450 Sed
1535 3400 1591 3446 ut
1617 3390 1949 3458 intelligant,
1979 3395 2151 3441 atten-

556 3503 686 3555 dant
714 3498 909 3569 quibus
934 3490 1151 3549 dixerit.
1176 3488 1379 3558 Nempe
1403 3486 1456 3540 in
1488 3482 1780 3553 Evangelio
1800 3482 1877 3535 sic
1896 3479 2151 3548 scriptum

559 3602 643 3647 est
672 3609 685 3645 :
715 3587 842 3645 Cum
880 3584 1188 3656 loqueretur,
1227 3579 1421 3649 rogavit
1458 3576 1602 3632 illum
1625 3573 1831 3645 quidam
1861 3570 2154 3625 Phariswus

560 3695 613 3736 ut
644 3680 910 3754 pranderet
940 3673 1081 3747 apud
1115 3687 1200 3737 se;
1223 3678 1273 3726 et
1300 3670 1556 3741 ingressus
1583 3664 1827 3720 recubuit.
1859 3660 2156 3715 Phariswus

558 3786 725 3831 autem
752 3773 898 3839 erepit
923 3770 1059 3824 intra
1078 3782 1131 3824 se
1155 3772 1394 3837 reputans
1421 3761 1609 3825 dicere,
1634 3774 1789 3829 quare
1814 3773 1912 3809 non
1931 3754 2158 3823 baptiza-

559 3886 641 3925 tus
684 3876 808 3923 esset
852 3873 969 3918 ante
1009 3858 1301 3933 prandium.
1351 3854 1419 3909 Et
1457 3854 1529 3908 ait
1571 3851 1823 3906 Dominus
1862 3848 1929 3901 ad
1965 3847 2154 3902 illum:

562 3962 717 4017 Nunc
740 3974 825 4014 vos
845 3999 859 4023 ,
885 3952 1139 4010 Pbarisan'
1158 3994 1172 4018 ,
1200 3947 1337 4021 quod
1362 3945 1552 4019 deforis
1580 3954 1652 3998 est
1682 3940 1855 3996 colicis
1891 3949 1938 3995 et
1966 3939 2155 4002 catini,

560 4052 840 4115 mundatis;
858 4046 993 4120 quod
1022 4054 1191 4099 autem
1212 4044 1349 4096 intus
1378 4050 1449 4095 est
1470 4047 1717 4102 vestrum,
1747 4033 1953 4105 plenum
1975 4040 2049 4087 est
2077 4048 2163 4083 ra-

563 4147 683 4212 pina
707 4151 753 4197 et
774 4138 1052 4210 iniquitate.
1078 4132 1261 4199 Stulti,
1286 4146 1452 4185 nonne
1471 4128 1556 4197 qui
1582 4130 1698 4198 fecit
1727 4124 1780 4178 id
1808 4122 1945 4194 quod
1972 4121 2161 4193 deforis

559 4245 637 4290 est
658 4277 673 4299 ,
707 4232 858 4288 etiam
886 4229 938 4283 id
964 4226 1099 4299 quod
1124 4226 1261 4279 intus
1300 4232 1371 4275 est
1400 4220 1516 4292 fecit
1553 4219 1613 4273 ‘1’
1650 4216 2003 4271 Verumtamen
2028 4213 2163 4283 quod

560 4334 819 4397 superest,
850 4323 968 4376 date
991 4321 1357 4388 eleemosynam
1378 4357 1391 4382 ,
1424 4324 1471 4369 et
1497 4328 1608 4367 ecce
1630 4312 1804 4365 omnia
1827 4308 2021 4365 munda
2046 4320 2162 4363 sunt

564 4420 703 4474 vobis
730 4417 879 4492 (Luc.
912 4430 967 4470 ιι
987 4455 1002 4479 ,
1029 4412 1189 4468 37-“
1226 4410 1266 4483 ).
1292 4407 1440 4464 itane
1462 4406 1565 4460 hoc
1595 4404 1915 4462 intellecturi
1940 4418 2158 4467 sumus,

568 4520 627 4564 nt
660 4505 947 4563 Pharisaais
987 4517 1092 4557 non
1138 4499 1458 4555 habentibus
1501 4494 1657 4549 [idem
1685 4494 1919 4560 Christi,
1953 4492 2163 4548 etiamsi

566 4619 674 4660 non
702 4602 754 4657 iu
773 4616 894 4656 eum
916 4594 1239 4654 crediderint
1257 4634 1272 4658 ,
1302 4606 1403 4647 nec
1430 4589 1600 4644 renati
1622 4586 1913 4642 fuerintes
1946 4601 2082 4656 aqua
2110 4594 2165 4640 et

567 4692 807 4766 Spiritu,
842 4687 1039 4745 munda
1082 4685 1190 4741 sint
1214 4682 1428 4745 omnia,
1462 4688 1664 4734 tantum
1709 4678 1755 4733 si
1797 4677 2167 4747 eleemosynas

565 4785 855 4850 dederint,
884 4780 1024 4836 sicut
1062 4777 1147 4834 isti
1172 4790 1264 4831 eas
1287 4771 1493 4829 dandas
1518 4780 1706 4841 putant
1726 4769 1897 4824 tcum
1928 4769 2035 4824 sint
2062 4769 2164 4822 im~

568 4877 751 4935 numdi
777 4886 969 4930 omnes
997 4884 1131 4941 quos
1166 4882 1273 4922 non
1303 4863 1527 4920 mundat
1552 4863 1681 4917 tides
1710 4861 1906 4916 Christi
1930 4903 1945 4925 ,
1968 4860 2043 4914 de
2065 4877 2166 4930 qua

564 4974 825 5043 scriptum
853 4976 936 5024 est
953 5008 967 5031 ,
996 4962 1255 5019 Mundam
1274 4960 1376 5030 ﬁde
1400 4958 1559 5013 corda
1579 4973 1750 5012 eorum
1782 4955 1917 5029 (Act.
1939 4970 2010 5009 xv
2027 4996 2041 5017 ,
2072 4954 2166 5027 9);

567 5074 619 5119 et
645 5063 788 5117 dicat
819 5058 1126 5130 Apostolus,
1152 5050 1443 5108 Immundis
1473 5056 1642 5102 autent
1664 5056 1709 5102 et
1729 5044 2019 5116 inﬁdelibus
2040 5045 2168 5099 nihil

570 5170 640 5212 cst
666 5152 1061 5217 mundum,.sed
1094 5147 1289 5219 polluta
1314 5153 1433 5200 sunt
1476 5158 1650 5196 eorum
1693 5152 1739 5195 et
1784 5155 1923 5193 mens
1966 5148 2011 5192 et
2056 5154 2171 5191 con-

569 5250 777 5306 scientia
811 5247 941 5319 (Tit.
982 5262 1034 5313 I,
1066 5242 1178 5315 d5).
1216 5238 1498 5311 Quomodo
1523 5250 1652 5306 ergo
1682 5234 1967 5290 Pharisreis
1994 5232 2171 5286 omnia

576 5340 772 5396 munda
794 5346 971 5392 essent
991 5378 1008 5402 ,
1037 5335 1080 5388 si
1103 5333 1475 5403 eleemosyuas
1493 5371 1508 5397 ,
1532 5329 1723 5383 darent
1756 5334 1811 5381 et
1861 5324 2045 5378 fideles
2067 5338 2173 5377 non

573 5429 795 5485 essent?
826 5429 931 5481 Aut
969 5422 1239 5494 quomodo
1279 5422 1463 5476 ﬁdeles
1491 5427 1672 5474 essent
1692 5458 1706 5481 ,
1750 5417 1794 5470 si
1823 5416 1875 5470 in
1903 5416 2173 5470 Christum

575 5523 797 5578 credere
844 5530 1001 5587 atque
1049 5517 1105 5569 in
1153 5514 1269 5584 ejus
1306 5513 1514 5569 renasci
1543 5512 1710 5581 gratia
1741 5507 2077 5564 noluissent?
2109 5507 2176 5559 Et

578 5627 757 5668 tamen
780 5624 965 5665 verum
997 5604 1241 5675 estquod
1270 5604 1582 5670 audierunt,
1612 5602 1743 5656 Date
1769 5601 2136 5671 eleemosynam
2157 5641 2171 5666 ,

580 5717 623 5762 et
651 5720 762 5759 ecce
789 5701 957 5756 omnia
984 5698 1174 5751 munda
1200 5706 1315 5751 sunt
1341 5695 1498 5749 vobis.

641 5822 659 5855 ι
697 5821 781 5870 llic
802 5816 929 5880 apud
943 5824 1052 5880 tm.
1082 5809 1328 5880 additum:
1360 5811 1523 5880 {fidele
1550 5817 1601 5862 ut
1632 5810 1777 5861 etiam
1808 5810 1862 5861 id
1893 5811 2020 5880 quod
2038 5810 2177 5880 intus

582 5888 650 5934 est
673 5873 906 5954 itumitum
926 5874 1014 5954 ﬁat
1031 5875 1294 5954 tumul-ab
1319 5873 1465 5924 editis
1486 5880 1684 5954 Arn-‘81::
1713 5882 1827 5922 Dan.
1848 5882 1905 5954 ‘et
1926 5874 2175 5941 plerisque

579 5932 648 6059 ile
672 5932 939 6007 potioribus
981 5932 1110 5989 Mss.’
1134 5936 1291 5997 abest,
1325 5950 1517 5987 necnon
1559 5938 1621 5985 ab
1655 5932 2175 5997 Evangelio'lueaici-

634 6024 701 6059 μς).

1013 529 1466 597 ENCIHRIDION,
1506 524 1663 582 SlVE
1697 521 1787 577 DE
1836 512 2029 576 FIDE,
2071 506 2200 562 Sl’E
2241 502 2326 558 ET
2367 496 2782 562 CllAlilTATE,
2822 493 2879 549 S.
2922 488 3289 549 AUGUSTlNl

3698 485 3807 543 968

2286 616 2511 675 CAPUT
2542 613 2773 671 LXXVI.
2796 643 2865 653 —
2889 610 3066 665 Prima
3095 609 3409 676 eleemosyna
3428 648 3443 671 ,
3483 606 3674 659 animle
3703 622 3808 659 sua

2214 712 2435 768 misereri
2459 718 2506 764 et
2528 717 2660 763 recte
2680 707 2861 760 vivere.
2900 702 3002 770 Qui
3041 700 3183 756 enim
3208 700 3224 730 ¹
3258 700 3369 752 vult
3404 697 3657 753 ordinate
3681 696 3811 752 dare

2215 807 2614 874 eleemosyuam
2634 841 2647 864 ,
2679 814 2709 852 a
2735 811 2795 852 se
2825 797 2940 865 ipso
2978 793 3138 847 debet
3166 791 3399 861 incipere
3418 831 3435 857 ,
3465 795 3523 845 et
3549 804 3670 843 eam
3713 790 3812 843 sibi

2220 898 2445 967 primum
2484 892 2632 948 dare.
2662 889 2759 943 Est
2781 886 2924 942 enim
2962 884 3302 953 eleemosyna
3329 895 3464 950 Opus
3499 879 3813 934 misericor-

2219 990 2354 1054 diae;
2398 984 2782 1051 verissimeque
2809 978 3012 1034 dictum
3057 982 3173 1039 est,
3220 972 3461 1027 Miserere
3500 973 3693 1033 animle
3722 981 3820 1025 tute

2223 1080 2429 1153 placens
2458 1077 2564 1131 Deo
2594 1073 2786 1143 (Eccli.
2814 1087 2917 1125 xxx
2943 1112 2958 1135 ,
3003 1066 3118 1140 Ἡ).
3169 1067 3395 1136 Propter
3425 1065 3531 1119 hoc
3578 1063 3817 1119 renasci-

2223 1189 2361 1236 mur,
2387 1179 2443 1226 ut
2469 1170 2577 1223 Deo
2604 1167 2926 1237 placeamus,
2951 1161 3034 1216 cui
3061 1159 3252 1214 merito
3273 1157 3525 1228 diSplicet
3554 1155 3699 1226 quod
3728 1170 3821 1208 na-

2225 1263 2423 1321 scendo
2440 1258 2818 1317 contraximus.
2839 1254 2961 1308 llatc
2985 1262 3068 1307 est
3082 1251 3252 1321 prima
3274 1249 3644 1319 eleemosyna,
3665 1261 3821 1316 quam

2226 1353 2382 1409 nobis
2401 1350 2646 1406 dedimus
2666 1389 2680 1409 ,
2707 1344 2959 1416 quoniam
2984 1356 3083 1395 nos
3120 1339 3267 1410 ipsos
3297 1339 3527 1393 miseros
3547 1339 3568 1368 ¹
3601 1352 3699 1407 per
3729 1336 3827 1389 mi-

2228 1444 2457 1501 serantis
2478 1440 2571 1495 Dei
2602 1433 3024 1492 misericordiam
3061 1428 3476 1499 requisivimus,
3498 1427 3707 1497 justum
3744 1425 3831 1494 ju-

2230 1537 2425 1592 dicium
2456 1534 2572 1604 ejus
2609 1530 2946 1589 confitentes,
2979 1538 3083 1594 quo
3107 1521 3290 1577 miseri
3316 1520 3491 1575 eﬂ'ecti
3519 1533 3732 1584 sumus,
3760 1517 3829 1572 de

2231 1644 2337 1700 quo
2376 1626 2507 1681 dicit
2535 1620 2816 1694 Apostolus
2837 1659 2851 1682 ,
2881 1615 3141 1670 Judicinm
3169 1613 3372 1682 quidem
3401 1626 3464 1664 ea:
3490 1626 3592 1663 uno
3624 1609 3679 1662 in
3705 1625 3834 1661 con.

2232 1716 2602 1773 dentnationent
2632 1726 2652 1766 :
2676 1718 2732 1765 et
2766 1722 2969 1778 magum
3006 1703 3251 1759 cbaritati
3298 1702 3413 1771 ejus
3441 1700 3645 1771 gratias
3674 1713 3836 1767 agen-

2237 1818 2350 1873 tes,
2382 1806 2449 1861 de
2472 1820 2574 1874 qua
2606 1802 2743 1857 idem
2770 1800 2883 1869 ipse
2914 1796 3039 1851 dicit
3063 1794 3249 1865 gratia:
3288 1790 3644 1861 prmdicator,
3678 1788 3836 1844 Com-

2237 1898 2442 1954 mendat
2469 1906 2635 1950 autem
2661 1909 2806 1948 suam
2827 1890 3145 1944 dilectionem
3171 1885 3309 1939 Deus
3334 1884 3389 1937 in
3410 1883 3576 1947 nobis,
3595 1882 3839 1953 quoniam

2236 2008 2352 2046 cum
2378 1989 2544 2044 adhuc
2572 1996 2853 2058 peccatores
2878 1997 3116 2045 essemus,
3144 1978 3377 2033 Christus
3407 1992 3500 2047 pro
3529 1975 3676 2029 nobis
3699 1990 3841 2027 mor-

2239 2092 2356 2137 tuus
2397 2090 2469 2134 est
2500 2077 2675 2151 (Rom.
2721 2091 2752 2128 ν
2772 2116 2786 2137 ,
2818 2073 2883 2128 16
2904 2114 2918 2138 ,
2949 2072 2981 2126 8
3001 2111 3016 2136 ,
3045 2069 3138 2140 9);
3173 2080 3229 2122 ut
3266 2078 3320 2122 et
3347 2081 3446 2121 nos
3476 2064 3745 2120 veraciter
3771 2063 3839 2119 de

2242 2180 2423 2225 nostra
2465 2167 2680 2222 miseria
2701 2164 3002 2235 judicantes
3022 2202 3037 2228 ,
3067 2169 3120 2215 et
3140 2159 3309 2214 Deum
3340 2157 3606 2212 charitate
3627 2155 3649 2187 ³
3679 2170 3843 2225 quam

2241 2262 2458 2316 donavit
2488 2260 2604 2330 ipse
2631 2257 2912 2326 diligentes
2933 2296 2947 2321 ,
2981 2253 3066 2323 pie
3094 2260 3346 2320 recteque
3373 2250 3645 2304 vivamus.
3685 2247 3845 2315 Quod

2238 2351 2498 2423 judicium
2519 2357 2574 2404 et
2598 2347 2911 2403 cbaritatem
2936 2343 3030 2399 Dei
3054 2357 3174 2398 cum
3200 2341 3455 2396 Pharisari
3478 2339 3841 2410 praiterirent,

2243 2441 2585 2497 deeimabant
2627 2449 2804 2494 tamen
2834 2446 3053 2507 propter
3090 2434 3464 2505 eleemosynas
3506 2446 3647 2502 quas
3687 2433 3850 2487 facie-

2245 2538 2373 2592 bant
2396 2536 2557 2591 etiam
2577 2547 2801 2605 qumque
2829 2530 3182 2585 minutissima
3205 2528 3471 2582 fructuum
3499 2541 3725 2581 suorum
3754 2543 3767 2578 :
3795 2536 3848 2578 et

2247 2628 2369 2683 ideo
2394 2642 2499 2683 non
2518 2624 2717 2681 dabant
2737 2622 3107 2692 eleemosynas
3134 2634 3164 2672 a
3194 2634 3252 2673 se
3275 2617 3615 2687 incipientes,
3636 2631 3850 2671 secum-

2247 2736 2351 2792 que
2372 2720 2520 2790 prius
2541 2714 2960 2773 misericordiam
2987 2712 3245 2767 iacientes
3267 2710 3309 2763 ⁵.
3336 2710 3563 2780 PrOpter
3583 2723 3751 2779 quem
3772 2706 3851 2761 di-

2247 2812 2493 2869 lectionis
2522 2811 2764 2867 ordinem
2791 2808 2989 2863 dictum
3017 2814 3099 2861 est
3118 2846 3135 2871 ,
3164 2804 3360 2877 Diliges
3386 2804 3681 2875 proximum
3711 2813 3850 2856 tuum

2250 2916 2489 2979 tanquam
2515 2915 2562 2958 te
2586 2904 2753 2973 ipsum
2776 2900 2923 2973 (Luc.
2952 2916 2986 2954 ι
3010 2942 3024 2967 ,
3051 2894 3169 2970 27).
3195 2897 3326 2952 Cum
3357 2912 3486 2967 ergo
3516 2897 3853 2966 increpasset

2250 3012 2345 3054 eos
2371 2996 2511 3069 quod
2552 2994 2848 3050 forinsecus
2871 3007 2931 3046 se
2958 2990 3207 3045 lavabant
3225 3029 3241 3056 ,
3271 2989 3415 3043 intus
3442 2997 3623 3043 autem
3665 2989 3851 3058 rapina

2251 3099 2306 3145 et
2331 3089 2608 3159 iniquitate
2634 3085 2777 3157 pleni
2804 3090 2958 3139 erant
2976 3124 2991 3148 ,
3020 3081 3320 3137 admonens
3345 3080 3573 3151 quadam
3611 3080 3855 3135 eleemo-

2252 3196 2384 3254 syna
2407 3180 2429 3213 '
2449 3223 2463 3246 ,
2497 3194 2655 3249 quam
2693 3176 2797 3232 sibi
2828 3176 2989 3230 homo
3016 3173 3175 3229 debet
3219 3170 3467 3243 primitus
3497 3172 3630 3227 dare
3652 3214 3667 3238 ,
3716 3172 3855 3225 inte-

2254 3276 2397 3330 riora
2421 3270 2667 3328 mundari
2696 3285 2713 3325 :
2754 3267 3139 3334 Verumtamen,
3185 3264 3392 3335 inquit,
3424 3264 3561 3333 quod
3585 3273 3819 3334 superest
3840 3305 3855 3329 ,

2256 3368 2375 3422 date
2418 3367 2783 3435 elemosynam
2804 3400 2823 3428 ,
2852 3369 2899 3416 et
2942 3375 3055 3414 ecce
3098 3357 3270 3413 omnia
3299 3355 3490 3409 munda
3533 3364 3652 3408 sunt
3700 3355 3856 3409 vobis.

2257 3465 2461 3522 Deinde
2490 3471 2548 3519 ut
2583 3460 2893 3517 ostenderet
2918 3457 3043 3528 quid
3069 3454 3471 3519 admonuisset,
3513 3460 3572 3506 et
3598 3450 3732 3522 quid
3764 3448 3860 3520 ipsi

2258 3558 2437 3615 facere
2475 3571 2580 3611 non
2608 3558 2896 3616 curarent,
2927 3563 2996 3606 ne
3018 3547 3167 3602 illum
3198 3553 3451 3616 putarent
3491 3558 3687 3598 eorum
3713 3541 3859 3597 eice-

2261 3662 2515 3720 mosynas
2553 3645 2802 3717 ignorare
2832 3658 2848 3696 :
2881 3639 2991 3697 Sed
3017 3654 3092 3693 var
3130 3636 3268 3691 vchs
3288 3676 3305 3703 ,
3334 3635 3505 3705 inquit
3533 3630 3859 3688 Pharisaeis:

2261 3750 2512 3810 tanquam
2540 3737 2778 3802 diceret,
2828 3732 2943 3807 Ego
2981 3730 3196 3803 quidem
3235 3728 3544 3785 commonni
3590 3743 3691 3783 vos
3720 3728 3863 3783 elec-

2262 3847 2539 3906 mosynam
2569 3828 2797 3885 dandam
2819 3868 2833 3893 ,
2881 3840 2979 3897 per
2999 3839 3158 3897 quam
3186 3823 3341 3878 vobis
3384 3821 3585 3876 munda
3616 3822 3730 3875 sint
3756 3835 3869 3876 om-

2263 3926 2386 3991 nia;
2420 3922 2527 3979 Sed
2569 3936 2645 3976 va:
2671 3919 2809 3974 vobis
2833 3917 2921 3990 qui
2966 3914 3229 3970 deeimatis
3254 3922 3475 3966 mentem
3520 3920 3569 3965 et
3610 3920 3786 3964 rutam
3825 3918 3871 3963 et

2265 4032 2413 4071 omne
2441 4014 2555 4069 olus
2572 4029 2593 4079 ;
2624 4012 2720 4066 has
2758 4010 2902 4065 enim
2930 4007 3057 4063 novi
3099 4006 3472 4075 eleemosynas
3499 4009 3717 4057 vestras
3736 4044 3753 4069 ,
3804 4015 3870 4055 ne

2264 4109 2333 4164 de
2358 4108 2464 4161 illis
2492 4121 2577 4159 me
2604 4118 2747 4159 nunc
2767 4116 2862 4157 vos
2884 4100 3225 4155 admonuisse
3246 4094 3582 4151 arbitremini
3612 4110 3629 4148 :
3660 4103 3709 4147 et
3730 4108 3868 4165 pra:-

2266 4199 2426 4255 teritis
2442 4196 2696 4268 judicium
2720 4203 2766 4248 et
2786 4193 3080 4247 cbaritatem
3106 4189 3231 4253 Dei;
3253 4204 3355 4258 qua
3378 4186 3730 4256 eleemosyna
3751 4197 3875 4255 pos-

2267 4293 2396 4349 setis
2426 4292 2494 4345 ab
2521 4288 2668 4343 omni
2698 4286 3102 4358 inquinamento
3132 4281 3370 4337 interiori
3402 4278 3676 4344 mundari,
3696 4287 3757 4333 ut
3784 4292 3873 4331 vo-

2269 4386 2351 4441 bis
2373 4382 2567 4439 munda
2588 4388 2769 4435 essent
2790 4389 2843 4434 et
2867 4392 3091 4448 corpora
3114 4391 3231 4446 quae
3252 4374 3440 4428 lavatis
3460 4391 3473 4426 :
3495 4373 3601 4427 hoc
3625 4381 3710 4426 est
3735 4370 3873 4424 enim

2269 4477 2473 4541 omnia,
2505 4483 2560 4529 et
2598 4471 2851 4528 interiora
2897 4469 3102 4524 scilicet
3130 4475 3184 4522 et
3222 4465 3527 4529 exteriora;
3575 4464 3719 4517 sicut
3748 4460 3873 4516 alibi

2271 4568 2484 4639 legitur,
2507 4564 2559 4619 Μ
2566 4564 2753 4619 undate
2766 4576 2881 4630 qua:
2901 4560 3037 4614 intus
3052 4566 3187 4622 sunt,
3207 4565 3253 4611 et
3273 4572 3388 4627 qua:
3402 4554 3528 4627 foris
3545 4563 3669 4607 sunt
3692 4552 3879 4606 munda

2271 4669 2419 4716 erunt
2437 4656 2651 4731 (Matth.
2670 4669 2819 4719 mn,
2836 4649 2951 4724 26).
2970 4648 3077 4705 Sed
3096 4664 3163 4703 uc
3184 4649 3316 4703 istas
3342 4645 3747 4717 eleemosynas,
3766 4660 3881 4715 qua:

2274 4753 2409 4807 ﬁunt
2426 4751 2493 4805 de
2514 4746 2771 4803 fructibus
2793 4754 2968 4807 teme,
2994 4740 3269 4810 respuisse
3289 4737 3565 4793 videretur
3589 4754 3602 4789 :
3630 4735 3785 4803 Hac,
3805 4736 3883 4789 in-

2274 4845 2406 4916 quit,
2428 4839 2644 4913 oportuit
2662 4842 2848 4910 facere,
2866 4834 2919 4888 id
2941 4843 3043 4898 est,
3060 4830 3319 4901 judicium
3337 4838 3391 4884 et
3410 4826 3740 4884 cbaritatem
3766 4826 3877 4885 Dei;

2275 4946 2319 4989 et
2345 4934 2438 4988 illa
2464 4948 2566 4985 non
2592 4929 2820 4983 omittere
2843 4924 2998 4996 (an.
3030 4938 3109 4991 ιι,
3140 4920 3255 4994 42),
3284 4919 3337 4975 id
3366 4927 3470 4987 est,
3499 4917 3878 4990 eleemosynas

2277 5028 2543 5081 fructuum
2567 5031 2922 5077 terrenorum.

2342 5116 2573 5173 CAPUT
2603 5111 2864 5168 LXXVII.
2886 5142 2955 5151 —
2977 5108 3232 5179 Iniquitas
3257 5106 3533 5161 deserenda
3552 5147 3566 5171 ,
3601 5114 3657 5157 ut
3688 5104 3882 5175 prosint

2277 5211 2624 5277 eleemosyme.
2654 5204 2770 5258 Non
2798 5216 2926 5273 ergo
2954 5218 3013 5256 se
3039 5199 3244 5264 fallant,
3268 5198 3359 5268 qui
3386 5212 3483 5267 per
3507 5196 3884 5267 eleemosynas

2279 5300 2541 5372 quaslibet
2569 5296 2897 5366 largissimas
2925 5294 3192 5348 fructuum
3217 5304 3441 5345 suorum
3463 5288 3552 5343 vel
3583 5287 3891 5358 cujuscum-

2279 5406 2386 5463 que
2417 5389 2676 5460 pecunia',
2704 5386 3071 5455 impunitatem
3099 5398 3158 5437 se
3182 5396 3364 5437 emere
3390 5380 3707 5435 existimant
3739 5380 3795 5433 in
3819 5379 3887 5431 la-

2345 5506 2360 5535 ί
2397 5504 2471 5552 sic
2490 5508 2599 5552 Mss.
2625 5500 2745 5549 Editi
2769 5512 2907 5559 vero,
2933 5496 3016 5559 qui
3032 5503 3208 5559 autem.

2343 5567 2365 5597 ³
2398 5573 2519 5614 'chs
2538 5572 2666 5620 Mss,
2686 5574 2770 5611 nos
2792 5560 2921 5623 ipsos
2943 5558 3115 5609 merito
3136 5558 3353 5623 miseros.

2347 5628 2367 5660 ³
2400 5627 2538 5685 Editi,
2562 5633 2607 5675 et
2636 5622 2723 5673 Dei
2746 5620 3046 5685 charitatem.
3073 5620 3374 5685 (:astigantur
3395 5631 3456 5685 es
3485 5624 3595 5685 Mss:

2343 5688 2367 5720 ⁸
2401 5674 2500 5736 Am.
2526 5674 2601 5734 ir.
2630 5694 2739 5736 Lov.
2766 5692 2891 5746 post,
2916 5683 3162 5746 finientes,
3187 5674 3386 5746 addunt,
3411 5674 3651 5746 δίεπε-ἰδῇ
3674 5690 3761 5727 eas
3784 5678 3897 5727 (latt-

2283 5750 2378 5861 ἕὶιῖἒ
2397 5754 2581 5814 putant.
2604 5740 2895 5796 Verba'suut
2910 5740 2974 5794 ex
2998 5744 3253 5807 superiore
3276 5744 3435 5803 capite
3460 5740 3590 5789 male
3615 5740 3713 5790 huc
3740 5748 3894 5790 trans-

2303 5826 2398 5862 illa.

2346 5876 2367 5906 ⁸
2394 5882 2493 5922 Am.
2511 5878 2584 5921 Er.
2603 5880 2713 5921 Lov.
2727 5876 2781 5920 et
2794 5878 2928 5929 Arn.,
2941 5869 3203 5919 admonens
3226 5862 3488 5929 quamdam
3502 5861 3863 5929 eleemosynmi
3882 5871 3898 5908 :

2283 5944 2333 6046 δι
2492 5942 2623 6044 lpost,
2649 5936 2796 6039 dqre,
2825 5925 3089 5993 habebant,
3110 5934 3155 5980 ct
3175 5925 3406 5979 interiora
3434 5925 3704 5975 mundare.
3733 5929 3901 5971 Fanen-

2319 6013 2361 6046 .i:
2525 6010 2567 6046 ιε
2593 6009 2656 6045 ex
2685 6005 2789 6045 .iss.

2319 6007 2456 6046 .iutut‘
2492 6004 2567 6047 hic
2593 6009 2656 6045 ex
2684 6004 2789 6045 MSS.
