4072 6578
187 541 286 597 269

185 660 429 714 cinerum
467 650 801 709 immanitate
839 663 903 706 ac
928 645 1247 721 flagitiorum
1288 644 1521 716 nequitia
1569 658 1779 713 per-ma-

187 747 349 806 nendi
374 764 389 802 :
423 760 530 801 non
555 743 733 800 solum
759 742 902 798 enim
930 741 1045 796 haec
1068 739 1288 806 faciunt»,
1317 736 1410 792 sed
1438 737 1507 790 ita
1532 734 1778 806 diligunt,

186 849 246 895 ut
272 838 327 894 in
354 837 434 893 eis
471 850 691 906 semper
717 840 934 906 optent,
976 840 1180 886 tantum
1215 829 1260 884 si
1288 828 1495 900 possint
1525 827 1741 897 impune
1764 865 1781 892 ,

193 930 412 988 versari.
438 928 538 997 Qui
553 937 725 983 autem
742 926 908 998 diligit
925 924 1261 995 iniquitatem,
1280 920 1388 977 odit
1402 920 1625 974 animam
1639 935 1786 974 suam

190 1025 361 1099 (Psal.
398 1040 467 1092 ι,
496 1024 588 1095 6);
619 1031 676 1078 et
702 1021 793 1092 qui
832 1018 947 1074 odit
986 1017 1219 1073 animam
1250 1030 1400 1070 suam
1420 1052 1437 1081 ,
1486 1028 1590 1068 non
1620 1020 1703 1069 est
1731 1012 1799 1067 in.

191 1133 314 1175 eam
339 1115 650 1171 misericors
667 1153 683 1180 ,
712 1111 807 1168 sed
832 1109 1068 1166 crudelis
1099 1124 1114 1163 :
1145 1105 1415 1177 diligendo
1441 1119 1561 1159 eam
1589 1104 1788 1175 quippe

190 1207 487 1265 secundum
504 1205 781 1269 sarculum,
799 1202 911 1259 odit
930 1217 1053 1258 eam
1072 1197 1363 1256 secundum
1380 1198 1569 1253 Deum.
1586 1195 1642 1252 Si
1659 1209 1789 1267 ergo

191 1298 357 1356 vellet
370 1298 423 1353 ei
440 1297 565 1353 dare
579 1295 1000 1366 eleemosynam,
1014 1307 1110 1362 per
1126 1305 1287 1362 quam
1304 1289 1380 1344 illi
1395 1298 1577 1345 essent
1590 1286 1788 1343 munda

189 1391 373 1446 omnia
394 1431 411 1456 ,
438 1388 641 1445 odisset
667 1402 785 1443 eam
813 1384 1105 1441 secundum
1133 1382 1386 1438 saeculum
1407 1424 1423 1449 ,
1451 1390 1506 1437 et
1545 1380 1789 1451 diligeret

191 1481 489 1538 secundum
512 1481 701 1535 Deum.
728 1476 897 1533 Nemo
917 1488 1094 1530 autem
1118 1474 1209 1529 dat
1233 1474 1631 1545 eleemosynam
1656 1485 1790 1542 qua-

191 1572 438 1629 lemlibet
456 1613 472 1637 ,
496 1570 600 1625 nisi
633 1569 772 1625 unde
794 1568 885 1624 det
908 1568 975 1623 ab
1003 1568 1093 1622 illo
1122 1567 1349 1638 accipiat
1373 1565 1464 1636 qui
1491 1580 1599 1621 non
1626 1570 1782 1634 eget:

194 1665 322 1721 ideo
346 1664 545 1720 dictum
572 1671 676 1731 est,
704 1660 1057 1717 Misericordia
1082 1660 1193 1730 ejus
1217 1658 1484 1729 praeveniet
1507 1673 1586 1713 me
1614 1654 1784 1729 (Psal.

191 1773 322 1814 Lvm
342 1800 357 1822 ,
382 1755 495 1828 11).

263 1849 496 1906 CAPUT
528 1848 616 1903 LX
626 1846 809 1903 XVIII.
830 1876 904 1888 —
921 1846 1011 1900 21.
1036 1843 1254 1901 Peccata
1270 1843 1503 1915 quaedam
1525 1851 1660 1908 sunt,
1679 1856 1792 1913 quia

191 1947 421 1998 hmano
451 1941 653 2013 judicio
684 1957 784 1994 non
810 1954 916 1994 esse
955 1948 1275 2009 putarentur.
1320 1936 1449 2004 Qum
1477 1936 1586 1990 sint
1613 1944 1792 1990 autem

194 2036 334 2091 levia
352 2077 369 2103 ,
397 2051 516 2105 qua:
552 2034 733 2104 gravia
761 2042 976 2103 peccata
996 2072 1012 2099 ,
1056 2047 1163 2086 non
1193 2030 1428 2085 humano
1450 2070 1463 2094 ,
1490 2028 1585 2084 sed
1610 2028 1793 2084 divino

193 2137 323 2183 sunt
348 2126 620 2198 pensanda
641 2123 1123 2196 jndicio.Videmus
1150 2121 1548 2192 enimqutedam
1575 2120 1644 2176 ab
1663 2120 1795 2191 ipsis

195 2234 415 2290 quoque
454 2216 728 2287 Apostolis
773 2214 1099 2288 ignoscendo
1131 2213 1293 2269 fuisse
1328 2213 1796 2284 concessazquale

196 2309 330 2363 illud
351 2308 597 2379 estquod
617 2306 938 2363 venerabilis
960 2307 977 2338 ¹
1001 2305 1202 2361 Paulus
1225 2302 1541 2375 conjugibus
1562 2302 1657 2370 ait,
1681 2301 1798 2358 No—

197 2403 287 2455 lite
325 2401 569 2470 fraudare
596 2399 808 2453 invicem
826 2438 844 2465 ,
874 2398 972 2453 nisi
1011 2414 1073 2453 ea:
1100 2413 1348 2451 consensu
1387 2399 1455 2450 ad
1481 2405 1711 2466 tempus,
1742 2405 1797 2451 ut

195 2492 385 2545 vacetis
410 2489 667 2555 orationi;
709 2498 757 2543 et
780 2489 966 2543 iterum
994 2488 1062 2541 ad
1089 2487 1312 2558 idipsum
1348 2497 1505 2541 estote
1524 2488 1545 2517 ²
1565 2529 1581 2553 ,
1610 2502 1671 2540 ne
1710 2503 1798 2541 vos

198 2592 355 2636 tentet
374 2591 578 2636 satanas
599 2590 808 2652 propter
824 2580 1242 2634 incontinentiam
1261 2587 1479 2633 uestram
1501 2592 1520 2631 :
1538 2577 1680 2648 quod
1702 2592 1800 2647 pu-

197 2676 308 2729 tari
339 2685 519 2745 posset
543 2687 650 2727 non
688 2686 811 2728 esse
840 2679 1116 2742 peccatum
1137 2711 1153 2737 ,
1193 2668 1408 2725 misceri
1433 2668 1641 2725 scilicet
1665 2683 1801 2724 cou-

192 2765 317 2836 jug’r
347 2782 453 2819 non
480 2765 706 2819 filiorum
736 2761 1194 2834 procreandorum
1222 2775 1404 2827 causa,
1430 2760 1573 2832 quod
1599 2759 1800 2817 bonum

195 2867 292 2913 est
323 2859 552 2928 nuptiale
572 2900 587 2925 ,
619 2857 713 2913 sed
740 2856 972 2912 carnalis
1006 2856 1167 2912 etiam
1194 2855 1520 2925 voluptatis;
1551 2863 1609 2909 ut
1636 2852 1804 2909 forni-

196 2949 469 3015 cationis,
496 2950 607 3005 sive
632 2948 917 3015 adulterii,
946 2948 1059 3004 sive
1095 2947 1409 3018 cujusquam
1448 2946 1674 3003 alterius
1701 2947 1805 3002 im-

194 3042 484 3097 munditia:
510 3041 846 3097 mortiferum
873 3041 1071 3095 malum
1094 3082 1109 3107 ,
1156 3039 1301 3111 quod
1330 3048 1486 3110 turpe
1523 3049 1605 3096 est
1640 3041 1804 3096 etiam

194 3132 390 3189 dicere
408 3173 426 3200 ,
451 3148 555 3204 quo
585 3142 762 3204 potest
792 3142 1029 3188 tentante
1054 3140 1238 3187 satana
1259 3130 1428 3189 libido
1451 3132 1761 3203 pertrahere
1781 3171 1805 3204 ,

195 3225 655 3280 incontinentiam
674 3225 874 3280 devitet
897 3225 1202 3279 infirmitas.
1227 3224 1418 3280 Posset
1430 3240 1581 3296 ergo,
1599 3235 1655 3280 ut
1671 3224 1807 3295 dixi,

194 3316 316 3373 hoc
353 3318 528 3387 putari
553 3332 658 3373 non
688 3331 810 3373 esse
835 3326 1148 3387 peccatum,
1174 3316 1280 3371 nisi
1320 3316 1616 3372 addidisset
1646 3334 1661 3371 :
1692 3316 1808 3371 Hoc

194 3419 379 3462 autem
406 3409 518 3463 dico
542 3410 819 3467 secundum
846 3409 1039 3463 veniam
1060 3449 1079 3477 ,
1104 3425 1207 3463 non
1229 3408 1505 3464 secundum
1538 3408 1809 3481 imperium

192 3499 246 3571 (l
278 3498 404 3554 Cor.
436 3515 529 3565 vn,
558 3502 612 3564 5,
646 3500 724 3571 6).
756 3499 885 3569 Quis
918 3509 1098 3555 autem
1120 3500 1232 3569 jam
1259 3515 1379 3556 esse
1405 3510 1808 3571 peccatumne-

187 3604 294 3665 get
318 3635 334 3661 ,
362 3610 485 3648 cum
525 3593 640 3647 dari
668 3594 875 3650 veniam
902 3593 1217 3649 facientibus
1250 3594 1544 3664 apostolica
1573 3593 1803 3650 auctori-

194 3693 323 3740 tate
340 3727 357 3752 ,
391 3684 621 3739 fateatur
642 3684 703 3737 ’Ἰ
730 3684 859 3740 Tale
880 3683 1132 3755 quiddam
1158 3694 1242 3739 est
1261 3725 1278 3751 ,
1323 3683 1413 3738 ubi
1439 3682 1569 3738 dicit
1600 3700 1616 3737 :
1644 3683 1812 3738 Audet

184 3778 477 3848 quisquam
500 3784 717 3831 vestrum
739 3776 977 3831 adversm
1001 3777 1218 3830 alterum
1241 3776 1499 3847 negotium
1519 3775 1709 3830 habens
1718 3776 1814 3847 ju-

187 3870 375 3925 dicari
399 3870 541 3941 apud
556 3869 774 3939 iniquos,
794 3877 838 3923 et
862 3885 964 3923 non
989 3867 1131 3939 apud
1146 3867 1378 3923 sanctos?
1395 3867 1462 3923 Et
1476 3867 1636 3939 paulo
1656 3878 1809 3938 post:

186 3963 501 4021 δίκαιαι-ἔα
540 3962 697 4034 igitur
730 3962 932 4031 judicia
959 3961 1003 4016 si
1028 3960 1303 4015 habueritis
1322 4002 1338 4027 ,
1382 3961 1589 4031 inquit,
1617 3976 1702 4015 eos
1726 3961 1815 4034 qui

185 4055 613 4127 contemptibiles
638 4067 755 4108 sunt
782 4054 835 4107 in
860 4051 1092 4108 Ecclesia
1113 4094 1128 4121 ,
1156 4052 1249 4107 hos
1274 4051 1516 4105 collocata
1535 4050 1578 4104 ⁸.
1603 4050 1687 4105 Ad
1729 4067 1817 4105 re-

184 4149 489 4207 verentiam
509 4146 647 4201 vobis
674 4145 788 4199 dico
810 4160 829 4199 :
850 4144 922 4199 sic
948 4159 1049 4197 non
1076 4153 1150 4197 est
1176 4142 1305 4197 inter
1330 4158 1417 4196 vos
1444 4141 1710 4215 quisquam
1732 4158 1819 4196 sa-

1620 530 1821 587 LiBER
1864 530 2059 588 U-NUS.

3375 542 3484 599 270

1893 652 1974 698 ret
1994 643 2196 713 justum
2235 656 2295 699 se
2325 641 2522 702 habere
2563 644 2872 717 negotium,
2916 646 3014 705 sed
3057 648 3388 721 iniquitatem
3417 668 3481 709 se

1890 736 2032 805 pati,
2064 750 2221 806 quam
2268 735 2427 791 vellet
2454 752 2483 791 a
2513 750 2575 792 se
2611 736 2853 808 judicum
2878 740 3141 797 sententia
3172 745 3435 800 removeri
3460 762 3478 811 ;

1886 828 2141 883 continuo
2165 827 2358 883 talibus
2381 829 2790 900 cogitationibus
2820 830 2904 887 vel
2932 833 3363 890 cxcusationibus
3387 851 3484 892 oe-

1887 920 2083 986 currit,
2117 929 2276 991 atque
2317 921 2393 975 ait
2422 936 2437 973 :
2475 919 2646 986 Quare
2670 938 2773 976 non
2814 924 2976 994 magis
3002 924 3316 994 iniquitatent
3341 930 3481 1001 pati-

1887 1010 2049 1065 mini?
2074 1028 2232 1082 quare
2255 1028 2356 1065 non
2382 1012 2548 1083 potius
2571 1011 2921 1083 fraudamini.’
2944 1012 3009 1071 Ut
3037 1015 3105 1069 ad
3134 1016 3263 1072 illud
3287 1017 3483 1074 redea-

1893 1110 2010 1167 tur,
2041 1101 2183 1173 quod
2208 1102 2464 1175 Dominus
2492 1102 2601 1171 ait,
2635 1102 2698 1158 Si
2720 1103 2835 1175 quis
2858 1104 3070 1159 voluerit
3092 1106 3315 1162 tunicam
3341 1118 3484 1164 tuam

1892 1195 2098 1263 tollere,
2127 1206 2177 1249 et
2195 1194 2396 1266 judicio
2422 1203 2585 1250 tecum
2610 1196 2911 1252 contendere
2929 1238 2946 1265 ,
2977 1197 3174 1253 dimitte
3196 1200 3276 1254 illi
3293 1209 3343 1255 et
3365 1203 3486 1272 pai-

1892 1284 2018 1340 lium
2042 1284 2255 1360 (Matth.
2283 1301 2351 1351 v,
2381 1286 2509 1358 £0);
2536 1296 2591 1344 et
2617 1288 2725 1344 alio
2752 1289 2905 1357 loco,
2935 1288 3035 1357 Qui
3060 1291 3358 1359 abstulerit,
3398 1295 3487 1351 in-

1890 1378 2038 1449 quit,
2069 1388 2190 1445 tua,
2228 1380 2341 1434 noli
2365 1390 2589 1451 repetere
2619 1379 2769 1454 (Luc.
2800 1397 2886 1451 vr,
2926 1383 3043 1454 30).
3075 1384 3354 1441 Prohibuit
3383 1388 3489 1443 ita-

1891 1484 1996 1540 que
2026 1484 2152 1525 suos
2190 1470 2258 1526 de
2297 1471 2646 1527 saecularibus
2675 1474 2836 1529 rebus
2865 1490 2985 1531 cum
3014 1476 3134 1531 aliis
3176 1476 3487 1536 hominibus

1892 1558 2363 1632 baberejudicium
2391 1581 2406 1619 :
2432 1579 2498 1620 ex
2518 1579 2622 1636 qua
2645 1564 2887 1622 doctrina
2910 1568 3199 1637 Apostolus
3218 1568 3347 1625 dicit
3367 1585 3492 1628 esse

1890 1651 2165 1709 delictum.
2193 1654 2393 1711 Tamen
2417 1671 2541 1714 cum
2562 1658 2691 1715 sinit
2714 1658 2767 1713 in
2790 1659 3029 1715 Ecclesia
3058 1660 3184 1716 talia
3206 1661 3405 1732 judicia
3429 1663 3492 1717 li-

1892 1744 1996 1799 niri
2024 1744 2167 1801 inter
2191 1746 2383 1803 fratres
2408 1747 2664 1805 fratribus
2691 1749 3056 1821 judicautibus
3073 1793 3089 1818 ,
3116 1760 3268 1808 extra
3295 1754 3490 1810 Eccle-

1893 1836 2030 1891 siam
2049 1852 2179 1893 vero
2206 1838 2519 1895 terribiliter
2537 1849 2712 1907 vetat;
2737 1841 3079 1897 manifestum
3107 1852 3189 1899 est
3212 1844 3373 1900 etiam
3400 1845 3492 1901 hic

1894 1929 2022 2002 quid
2059 1930 2354 1987 secundum
2382 1932 2592 1988 veniam
2631 1934 2956 1990 concedatur
2984 1934 3231 1991 infirmis.
3263 1936 3496 2007 Propter

1896 2022 2014 2079 haec
2040 2032 2201 2095 atque
2228 2024 2534 2095 hujusmodi
2580 2037 2833 2097 peccata,
2866 2038 2921 2083 et
2946 2029 3084 2096 alia,
3127 2029 3254 2086 licet
3278 2031 3344 2087 iis
3383 2033 3490 2087 mi-

1898 2128 2028 2169 nora
2050 2154 2065 2179 ,
2093 2130 2213 2184 qua:
2256 2114 2391 2171 fiunt
2412 2116 2702 2173 verborum
2732 2126 2787 2174 et
2828 2119 3211 2191 cogitationum
3233 2120 3492 2178 offensio-

1898 2204 2079 2272 nibus,
2108 2206 2353 2276 apostolo
2379 2205 2580 2263 Jacobo
2607 2208 2897 2266 confitente
2920 2225 2985 2267 ac
3012 2210 3247 2280 dicente,
3270 2212 3337 2268 In
3360 2214 3495 2269 mul-

1899 2297 1963 2352 tis
1999 2297 2135 2353 enim
2158 2297 2466 2366 offendimus
2505 2318 2679 2357 omnes
2708 2300 2912 2374 (Jacobi
2939 2320 2997 2361 ιιι
3016 2346 3034 2375 ,
3062 2304 3156 2379 2);
3197 2316 3409 2378 oportet
3438 2317 3500 2365 ut

1899 2387 2136 2457 quotidie
2159 2390 2455 2462 crebroque
2478 2406 2695 2448 oremus
2719 2394 3026 2467 Dominum,
3047 2407 3205 2469 atque
3228 2399 3493 2466 dicamus,

1900 2481 2112 2537 Dimitte
2153 2482 2295 2540 nobis
2323 2484 2488 2539 debita
2513 2498 2726 2553 nostra;
2754 2502 2856 2544 nec
2880 2488 2934 2543 in
2963 2504 3030 2545 eo
3071 2491 3212 2561 quod
3256 2494 3501 2564 sequitur

1902 2573 2227 2629 mentiamur
2244 2617 2259 2641 ,
2288 2575 2419 2632 sicut
2451 2584 2500 2631 et
2529 2594 2621 2632 nos
2646 2577 2944 2635 dimittimus
2969 2579 3276 2638 debitoribus
3314 2586 3501 2641 nostris

1904 2663 2116 2737 (Matth.
2149 2682 2199 2721 Vl
2218 2708 2233 2729 ,
2264 2666 2377 2739 12).
3506 2728 3522 2742 ,

1974 2755 2200 2814 CAPUT
2230 2758 2472 2817 LXXIX.
2505 2791 2577 2801 —
2614 2761 2741 2831 Qua.-
2770 2764 2895 2819 lecia
2922 2765 3170 2834 videntur,
3193 2784 3300 2825 esse
3342 2771 3503 2826 inter-

1906 2846 2029 2902 dum
2073 2851 2391 2919 gravissima.
2423 2852 2562 2909 Sunt
2588 2864 2765 2909 autem
2810 2857 3053 2926 qumdam
3083 2874 3203 2930 qua:
3234 2861 3505 2920 levissima

1907 2951 2254 3012 putarentur,
2300 2945 2400 3000 nisi
2430 2946 2484 3001 in
2513 2945 2805 3019 Scripturis
2844 2948 3346 3008 demonstrarentur
3383 2956 3507 3025 opi-

1909 3032 2069 3088 nione
2092 3036 2359 3104 graviora.
2390 3035 2522 3105 Quis
2559 3037 2704 3094 enim
2731 3038 2999 3095 dicentem
3040 3039 3191 3097 fratri
3220 3057 3323 3099 suo
3342 3085 3358 3112 ,
3390 3045 3504 3099 Fa-

1911 3132 2014 3190 tue,
2045 3140 2194 3181 reum
2222 3126 2483 3198 gehennae
2511 3138 2745 3199 putaret,
2773 3130 2876 3187 nisi
2901 3130 3113 3188 Veritas
3138 3131 3379 3190 diceret?
3406 3136 3508 3192 Cui

1912 3224 2090 3272 tamen
2120 3218 2326 3274 vulneri
2368 3218 2601 3290 subjecit
2628 3222 2885 3277 continuo
2914 3222 3233 3280 medicinam
3254 3268 3270 3294 ,
3299 3242 3511 3298 prince-

1912 3317 2059 3379 plum
2083 3307 2332 3365 fraterna:
2348 3312 2799 3369 reconciliationis
2820 3314 3120 3389 adjungens
3138 3334 3151 3371 :
3169 3334 3293 3374 mox
3311 3320 3512 3393 quippe

1911 3400 2019 3465 ait,
2050 3400 2110 3457 Si
2152 3418 2272 3475 ergo
2299 3401 2457 3470 offers
2478 3404 2495 3435 ⁸
2528 3420 2710 3459 munus
2747 3414 2889 3460 tuum
2914 3408 2983 3461 ad
3020 3408 3216 3478 altare,
3243 3419 3291 3465 et
3315 3412 3386 3465 ibi
3427 3430 3513 3467 re-

1913 3492 2152 3548 cordatus
2194 3494 2388 3566 fueris,
2421 3495 2541 3565 quia
2569 3496 2729 3565 frater
2757 3508 2876 3552 tuus
2904 3498 3055 3554 habet
3091 3501 3287 3571 aliquid
3326 3504 3515 3558 adrer-

1913 3602 2024 3640 sum
2037 3594 2105 3654 te,
2120 3595 2224 3644 etc.
2248 3586 2456 3660 (.llatth.
2484 3604 2539 3658 v,
2551 3589 2643 3656 22,
2661 3590 2780 3665 25).
2797 3591 3031 3664 Autquis
3043 3595 3332 3651 mStimaret
3354 3612 3515 3669 quant

1917 3694 2167 3750 magnum
2209 3689 2487 3750 peccatum
2516 3681 2619 3749 sit,
2650 3682 2768 3739 dies
2795 3682 3085 3740 observare
3125 3694 3180 3743 et
3209 3701 3425 3743 menses
3454 3700 3511 3745 et

1916 3787 2088 3827 annos
2114 3780 2171 3829 et
2213 3782 2455 3845 tempora
2474 3815 2491 3843 ,
2523 3776 2662 3831 sicut
2699 3776 2989 3832 observant
3012 3779 3103 3850 qui
3130 3782 3297 3839 certis
3322 3782 3516 3839 diebus

1918 3865 2032 3920 sive
2058 3864 2334 3921 mensibus
2357 3866 2472 3923 sive
2494 3867 2651 3922 annis
2671 3867 2858 3922 volunt
2880 3868 2963 3924 vel
2994 3868 3185 3926 nolunt
3209 3872 3410 3944 aliquid
3432 3875 3518 3929 in-

1918 3957 2137 4025 clioare,
2158 3973 2223 4014 eo
2250 3958 2395 4029 quod
2421 3960 2716 4016 secundum
2746 3975 2914 4015 vanas
2938 3960 3211 4018 doctrinas
3237 3964 3519 4025 hominum

1921 4048 2089 4105 fausta
2108 4049 2191 4106 vel
2214 4049 2440 4105 infausta
2471 4050 2782 4107 existiment
2806 4061 3069 4122 tempora;
3089 4054 3192 4110 nisi
3214 4055 3374 4128 hujus
3389 4060 3518 4115 mali

1923 4144 2345 4215 magnitudinem
2389 4159 2455 4200 ex
2488 4144 2681 4200 timore
2720 4146 2963 4216 Apostoli
3012 4160 3396 4217 pensaremus,
3428 4154 3521 4224 qui

1923 4235 2119 4291 talibus
2143 4238 2251 4301 ait,
2286 4234 2461 4290 Timeo
2489 4250 2576 4292 vos
2596 4278 2610 4302 ,
2637 4253 2701 4291 ne
2722 4240 2854 4311 forte
2875 4237 2984 4293 sine
3004 4254 3159 4295 causa
3184 4239 3521 4301 laboraverint

1923 4329 1977 4384 in
2002 4330 2138 4385 vobis
2166 4328 2363 4400 (Colat.
2396 4346 2449 4386 tv
2466 4371 2484 4399 ,
2518 4330 2610 4402 11)
2626 4329 2651 4384 ?

1996 4423 2226 4481 CAPUT
2255 4423 2470 4481 LXXX.
2493 4453 2566 4467 --
2587 4423 2804 4480 Peccata
2832 4426 3088 4484 horrenda
3151 4445 3249 4484 usu
3291 4430 3526 4486 uidentur

1928 4517 2077 4571 levia.
2106 4516 2220 4573 lluc
2249 4516 2496 4573 accedit’
2526 4516 2667 4588 quod
2696 4527 2912 4588 peccata
2932 4560 2948 4587 ,
2978 4518 3223 4591 quamvis
3248 4538 3439 4592 magna
3471 4533 3527 4579 et

1930 4607 2218 4675 horrenda,
2248 4624 2371 4664 cum
2401 4607 2455 4664 in
2483 4607 2926 4666 consuetudinem
2952 4612 3219 4680 venerint,
3245 4622 3337 4669 aut
3365 4629 3525 4683 parva

1928 4709 2021 4755 aut
2064 4699 2206 4755 nulla
2230 4714 2358 4757 esse
2393 4699 2721 4767 creduntur;
2752 4715 2921 4773 usque
2946 4702 3084 4759 adeo
3114 4713 3171 4759 ut
3214 4720 3320 4760 non
3350 4708 3525 4760 solum

1932 4808 2038 4849 non
2083 4791 2435 4861 occultanda,
2466 4809 2653 4849 verum
2697 4794 2858 4849 etiam
2889 4796 3226 4864 prredicanda
3266 4813 3329 4853 ac
3368 4798 3529 4852 ditia-

1932 4883 2126 4939 manda
2149 4883 2462 4950 videantur,
2497 4883 2745 4955 quando,
2785 4885 2924 4940 sicut
2948 4890 3205 4957 scriptum
3232 4896 3317 4943 est
3336 4928 3353 4953 ,
3383 4887 3526 4941 Lau-

1932 4974 2087 5030 datur
2129 4984 2363 5046 peccator
2387 4976 2440 5030 in
2469 4975 2736 5030 desideriis
2760 4978 2944 5031 animai
2981 4994 3124 5045 suta,
3155 4987 3204 5033 et
3242 4979 3331 5049 qui
3352 4979 3531 5049 iniqua

1933 5071 2059 5139 gerit
2088 5067 2396 5122 benedicitur
2422 5066 2597 5137 (Psal.
2629 5083 2705 5134 lx,
2730 5066 2846 5138 24).
2875 5066 3024 5121 Talis
3048 5069 3102 5122 in
3133 5068 3329 5123 divinis
3354 5070 3531 5127 Librls

1936 5159 2187 5229 iniquitas
2204 5159 2406 5214 clamor
2423 5166 2664 5213 vocatur.
2692 5156 2841 5213 Sicut
2856 5156 3023 5211 babes
3049 5158 3190 5227 apud
3209 5158 3396 5215 Isaiam
3416 5179 3535 5231 pro-

1938 5255 2150 5320 phetam
2180 5248 2250 5304 de
2278 5249 2431 5303 vinea
2476 5248 2613 5302 mala
2643 5262 2660 5299 :
2694 5246 2997 5317 Exspectavi
3014 5289 3030 5315 ,
3071 5249 3277 5319 inquit,
3308 5261 3364 5306 ut
3390 5254 3533 5325 face-

1934 5350 2009 5394 ret
2024 5339 2300 5412 judicium,
2323 5337 2439 5409 fecit
2463 5345 2630 5391 autem
2649 5336 2965 5406 iniquitatem
2987 5338 3040 5408 ³,
3067 5348 3113 5394 et
3137 5356 3239 5394 non
3255 5342 3533 5412 justitiam,

1935 5432 2024 5485 sed
2048 5430 2319 5484 clamorem
2345 5427 2499 5498 (Isai.
2520 5442 2574 5494 v,
2594 5425 2670 5499 7).
2697 5426 2847 5483 Unde
2868 5438 2954 5483 est
2977 5440 3030 5484 et
3057 5430 3188 5486 illud
3215 5432 3267 5486 in
3294 5433 3489 5489 Genesi
3514 5454 3530 5492 :

1938 5522 2144 5577 Clamor
2167 5519 2508 5575 Sodomorum
2531 5529 2576 5574 ct
2600 5518 3049 5576 Gomorrhworum
3072 5524 3439 5593 multiplicatus
3460 5537 3537 5581 est

1938 5616 2090 5687 (Cen.
2121 5630 2278 5680 xvut,
2324 5611 2441 5684 20).
2472 5611 2605 5681 Quia
2650 5627 2758 5666 non
2784 5612 2955 5667 solum
2980 5612 3094 5684 jam
3120 5615 3260 5685 apud
3286 5632 3381 5672 eos
3426 5634 3534 5672 nun

1938 5708 2296 5780 puniebantur
2324 5706 2413 5760 illa
2446 5704 2643 5777 flagitia
2663 5746 2680 5773 ,
2711 5720 2896 5760 verum
2928 5707 3088 5761 etiam
3121 5708 3333 5779 publice
3372 5709 3536 5767 veluti

1937 5802 2053 5872 lege
2075 5798 2567 5870 frequentabantur.
2589 5796 2679 5854 Sic
2699 5798 2897 5853 nostris
2920 5801 3249 5872 temporibus
3272 5803 3340 5858 ita
3363 5802 3537 5861 multa

2006 5897 2022 5961 ξ
2057 5898 2106 5940 lu
2129 5898 2261 5953 uss,
2295 5892 2489 5961 offeres.
2527 5896 2811 5961 Graeceest,
2845 5888 3151 5961 prospherés.

2005 5957 2025 5985 ³
2059 5962 2165 6005 Iov.
2193 5951 2252 6004 et'
2282 5951 2392 6004 Arn.
2419 5951 2529 6003 hinc
2553 5951 2733 6001 accidit
2752 5962 2771 6000 :
2794 5951 3122 6002 minus'bene.

2010 6019 2028 6051 ³
2065 6028 2084 6066 \
2100 6028 2267 6070 cteros
2284 6026 2388 6069 uss.
2409 6019 2523 6079 duo,
2544 6011 2655 6079 fecit
2679 6018 2837 6064 autem
2852 6013 3060 6074 facinus.

184 4245 354 4316 piens
382 4240 473 4313 qui
501 4240 658 4311 possit
684 4237 816 4292 inter
835 4241 1049 4309 fratrem
1073 4252 1220 4291 suum
1235 4232 1519 4305 judicare?
1546 4233 1635 4288 sed
1659 4235 1819 4306 frater

183 4350 324 4389 cum
347 4337 513 4404 fratre
527 4330 816 4403 judicatur,
845 4337 890 4382 et
914 4327 1008 4381 hoc
1033 4325 1173 4397 apud
1198 4325 1429 4395 inﬁdeles
1449 4324 1471 4380 .’
1494 4323 1627 4379 Nam
1653 4333 1710 4381 et
1730 4323 1817 4380 hic

185 4433 401 4496 posset
430 4419 877 4493 putarijudicium
907 4418 1104 4473 habere
1132 4415 1391 4472 adversus
1416 4416 1642 4471 alterum
1662 4456 1678 4481 ,
1710 4430 1818 4470 non

184 4534 335 4575 esse
375 4526 657 4586 peccatum
679 4555 693 4578 ,
724 4512 819 4568 sed
860 4508 1227 4566 tantummodo
1253 4508 1307 4564 id
1346 4518 1494 4564 extra
1526 4508 1820 4564 Ecclesium

182 4613 353 4668 velle
390 4608 624 4681 judicari
645 4648 659 4672 ,
692 4606 795 4661 nisi
836 4615 1048 4661 secutus
1078 4604 1392 4673 adjurngeret
1423 4620 1437 4656 :
1465 4599 1591 4657 Iam
1618 4602 1823 4672 quidem

181 4705 431 4760 omnino
441 4700 681 4755 delictum
704 4709 799 4765 est,
816 4699 934 4769 quia
950 4696 1149 4771 judicia
1164 4695 1356 4751 habetis
1370 4695 1624 4750 vobiscum
1641 4692 1685 4767 (l
1701 4693 1819 4750 Cor.

179 4816 249 4858 vs
274 4840 299 4868 ,
341 4795 493 4865 1-7).
522 4794 587 4849 Et
613 4808 683 4849 ne
707 4792 985 4864 quisquam
1019 4790 1120 4845 hoc
1146 4790 1216 4843 ita
1249 4796 1568 4851 excusaret,
1596 4797 1655 4843 ut
1675 4786 1824 4843 dice-

256 4978 283 5011 ι
330 4981 465 5032 vos,
488 4966 794 5031 sanabilis,
809 4968 1142 5032 deest‘inupo
1165 4973 1360 5032 tantum
1374 4978 1405 5016 e
1427 4964 1665 5016 Vaticanis
1678 4972 1790 5032 ayss.

252 5041 284 5073 ³
330 5025 495 5096 aditi,
523 5034 588 5096 ad
611 5025 1109 5096 ipsum'reuertimini,
1151 5036 1208 5079 Αι
1240 5027 1482 5096 plerique_
1502 5025 1829 5096 ac_meliores

170 5071 1829 5160 uss.fad'itu'ﬁaiﬁ'ieiiﬁiWLéﬁqiifﬁﬁétécﬁﬁéEséi

297 5152 460 5228 solet
481 5152 842 5228 Augustinusiu
860 5152 1065 5218 Epistula
1088 5152 1198 5228 292,
1222 5154 1526 5228 ing-sermone
1541 5152 1675 5228 sui,
1698 5165 1748 5228 ιι.
1764 5153 1821 5228 75,]

170 5212 255 5280 ξ’ηῂ
268 5212 380 5274 lib.
416 5221 453 5270 5
486 5212 674 5288 mliti?-
700 5212 922 5288 Faustum
933 5250 956 5288 _,
981 5228 1092 5288 cap...
1112 5215 1177 5288 9.;
1203 5214 1478 5288 eademque
1500 5212 1660 5288 lectio
1701 5214 1826 5288 apud

168 5276 501 5350 ἑιιὶεεειιειιι⁸
513 5280 729 5331 adhibita
750 5280 842 5350 fuit
859 5276 1126 5350 inbomilia
1149 5277 1198 5325 in
1219 5276 1701 5350 numerosvigesima
1726 5276 1828 5350 ter-

271 5336 316 5396 ‘z’
356 5344 505 5409 quasi
528 5356 617 5406 pro
630 5339 986 5409 staterchestlte,
1013 5337 1400 5409 legerentobm,
1418 5336 1649 5409 ginestlte.
1665 5337 1827 5409 Iuliae

164 5397 450 5476 ξὶιεάἑιη
488 5397 780 5476 sententiae,
804 5400 926 5462 loco,
950 5397 1371 5460 incontinentiam;
1397 5397 1614 5449 nonnulli
1634 5400 1829 5449 codices

160 5467 866 5533 teruncintaupermiem-
1090 5524 1117 5533 ..

244 5520 293 5568 ³⁷
322 5520 404 5581 ω’
417 5520 595 5588 editis,
618 5526 882 5591 apostolica
914 5524 1176 5591 auctoritas
1207 5524 1433 5591 fateatur.
1451 5530 1524 5591 ⁸Δι.
1542 5522 1591 5570 in
1614 5520 1829 5591 melioris

158 5606 335 5652 nam:
368 5599 470 5656 Mss
492 5625 509 5649 ,
542 5584 805 5656 apostolica
842 5587 1126 5656 auctoritate
1144 5584 1350 5656 fateatur
1374 5596 1392 5635 :
1416 5584 1464 5656 id
1497 5592 1592 5656 est,
1615 5586 1686 5656 ab
1708 5593 1829 5656 Apo-

155 5645 331 5715 £130
378 5645 504 5703 dari’
526 5645 721 5720 veniam
737 5650 1046 5720 ,Hsecundum
1078 5645 1363 5720 illudpaulo
1386 5654 1503 5697 ante
1533 5645 1827 5706 dictum,“

1622 5768 1825 5843 ab...

152 5862 281 5903 nec
339 5850 530 5893 textus
563 5834 760 5903 graecus
786 5834 1033 5903 'Apostoli.
1071 5842 1270 5903 Rursum
1304 5834 1829 5903 infra__consentientes

233 5895 381 5961 ἇςου
402 5895 610 5952 ναίει-εδ
628 5900 825 5949 codices
841 5895 1111 5961 sequimur
1123 5932 1151 5961 ,_
1166 5896 1350 5947 relictis
1374 5896 1518 5961 editis
1534 5930 1550 5956 ,
1573 5907 1657 5957 qut
1696 5895 1828 5961 lere-

233 5928 381 5961 ξιζιςι)
406 5928 538 5952 vcscs
552 5928 610 5949 ca
628 5928 825 5949 ιρυυιυυο
858 5928 1102 5961 δειίυιιιιυι
1166 5928 1350 5947 [ungula
1374 5928 1518 5945 υυηω
1534 5930 1550 5956 ,
1573 5928 1657 5957 “u-
1696 5928 1759 5942 ιν.
1773 5928 1827 5942 ν-

149 5928 341 6026 aut.
376 5965 507 6033 ξηιςν
526 5963 801 6033 [ναιῖεηεεςι
825 5932 1223 6025 [γαινωηῂιιῆσαί
1240 5972 1284 6021 e,
1310 5956 1394 6009 sed
1417 5958 1570 6019 frater
1591 5969 1701 6008 cum
1724 5954 1828 6018 fra-

144 6022 247 6089 ῐνῐι
274 6022 505 6082 judicio
526 6022 793 6075 contendit.
