4072 6530
560 533 654 587 271

557 644 692 700 mala
714 684 731 711 ,
762 642 862 697 etsi
892 656 995 697 non
1028 640 1149 696 talia
1172 681 1187 705 ,
1217 640 1269 694 in
1296 648 1534 709 apertam
1562 635 2002 693 consuetudinem
2033 634 2139 706 jam

555 742 819 791 venerunt
838 775 851 797 ,
883 741 942 787 ut
970 746 1066 803 pro
1096 732 1179 787 bis
1209 745 1316 786 non
1346 730 1519 784 solum
1550 727 2018 784 excommunicare
2043 725 2141 778 ali-

449 881 460 890 ,
551 842 709 899 quem
756 826 949 880 Iaicum
983 839 1090 879 non
1135 824 1465 890 audeamus,
1495 821 1591 878 sed
1622 834 1722 876 nec
1765 819 2021 875 clericum
2050 816 2142 871 de-

550 916 795 989 gradare.
813 914 968 972 Unde
990 930 1113 969 cum
1135 928 1460 985 exponerem
1477 923 1602 967 ante
1617 912 1815 982 aliquot
1841 923 2009 964 annos
2026 907 2143 976 Epi-

546 1009 743 1063 stolam
772 1006 839 1060 ad
868 1005 1106 1073 Galatas,
1139 1005 1191 1060 in
1222 1019 1288 1059 eo
1313 1004 1431 1073 ipso
1468 1003 1585 1059 loco
1612 1002 1701 1057 ubi
1727 1001 1803 1056 ait
1828 999 2138 1071 Apostolus,

552 1099 728 1154 Timeo
749 1114 836 1152 vos
862 1113 924 1151 ne
949 1095 1081 1167 forte
1106 1095 1217 1150 sine
1239 1110 1394 1149 causa
1420 1092 1752 1148 laboraverim
1780 1092 1833 1145 in
1857 1091 2027 1155 vobis;
2049 1105 2142 1145 ex-

549 1194 785 1247 clamare
825 1188 1133 1259 compulsus
1162 1203 1279 1243 sum
1313 1204 1327 1241 :
1366 1205 1386 1240 (
1417 1187 1507 1241 Va:
1552 1184 1782 1256 peccatis
1824 1182 2098 1238 hominum
2122 1222 2139 1249 ,

551 1298 671 1352 quae
694 1281 809 1336 sola
844 1280 1091 1334 inusitata
1118 1276 1546 1333 exhorrescimus
1580 1292 1593 1328 :
1627 1275 1818 1329 usitata
1850 1287 2011 1337 vero,
2044 1285 2143 1342 pro

550 1373 745 1443 quibus
772 1370 1051 1426 abluendis
1081 1368 1203 1424 Filii
1232 1370 1327 1424 Dei
1356 1367 1572 1439 sanguis
1598 1365 1796 1422 etl‘usus
1824 1373 1926 1433 est,
1955 1378 2141 1435 quam-

548 1465 636 1517 vis
669 1473 774 1517 tam
816 1476 1006 1531 magna
1033 1460 1175 1526 sint,
1203 1468 1259 1513 ut
1283 1459 1506 1513 omnino
1528 1456 1705 1512 claudi
1748 1463 1933 1510 contra
1966 1468 2025 1510 se
2064 1454 2143 1508 fa-

546 1564 694 1609 ciant
737 1569 958 1625 regnum
1007 1553 1104 1609 Dei
1128 1553 1144 1584 ¹
1164 1594 1181 1620 ,
1213 1567 1359 1623 saepe
1386 1551 1616 1607 videndo
1646 1549 1826 1605 omnia
1870 1549 2098 1604 tolerare
2122 1586 2137 1615 ,

539 1662 695 1717 saepe
724 1645 998 1701 tolerando
1020 1645 1273 1700 nonnulla
1300 1645 1461 1699 etiam
1491 1643 1669 1699 facere
1697 1642 1964 1714 cogimur!
1983 1649 2142 1711 atque

549 1739 775 1803 utinam,
808 1753 840 1792 ο
868 1737 1113 1801 Domine,
1135 1751 1241 1791 non
1271 1736 1451 1793 omnia
1484 1748 1604 1804 qua:
1630 1749 1736 1788 non
1766 1732 2099 1803 potuerimus
2120 1732 2143 1763 '

528 1830 835 1899 prohibere
854 1868 870 1893 ,
916 1827 1172 1882 faciamus
1194 1845 1213 1879 ι
1238 1826 1457 1897 (Expos.
1478 1824 1648 1895 Epist.
1668 1824 1736 1879 ad
1757 1822 1927 1878 Gatat.
1949 1839 2000 1877 n.
2024 1821 2139 1893 55)!

549 1921 657 1976 Sed
688 1920 871 1975 videro
900 1930 1077 1974 utrum
1112 1933 1201 1974 me
1226 1916 1609 1972 immoderatus
1630 1914 1787 1971 dolor
1813 1914 2024 1969 incaute
2045 1911 2143 1967 ali-

546 2012 676 2082 quid
706 2011 1025 2080 compulerit
1053 2009 1256 2064 dicere.

618 2101 845 2156 CAPUT
866 2097 1173 2155 LXXXl.—-
1183 2099 1275 2154 2‘2.
1296 2098 1499 2153 Peccati
1517 2113 1686 2153 causa:
1705 2099 1839 2163 dum,
1858 2097 2143 2167 ignorantia

549 2204 595 2247 et
630 2194 923 2263 inﬁrmitas,
968 2207 1096 2261 quas
1138 2207 1283 2246 nemo
1330 2191 1482 2245 vincit
1519 2191 1617 2245 nisi
1645 2190 1885 2243 diuinitus
1911 2188 2139 2260 adjutus.

552 2287 665 2340 lloc
706 2299 848 2338 nunc
877 2284 1074 2350 dicam,
1102 2282 1247 2353 quod
1272 2281 1489 2352 quidem
1537 2290 1591 2335 et
1620 2281 1671 2335 in
1702 2280 1823 2334 aliis
1851 2278 2141 2350 Opusculo-

547 2392 667 2430 rum
694 2390 934 2430 meorum
966 2375 1098 2430 locis
1123 2389 1267 2443 smpc
1296 2373 1408 2442 jam
1438 2372 1569 2427 dixi.
1614 2371 1831 2427 Duabus
1867 2385 1934 2426 ex
1964 2370 2141 2425 causis

545 2481 863 2536 peccamus;
910 2473 1002 2520 aut
1037 2465 1275 2521 nondum
1300 2464 1532 2521 videndo
1580 2464 1707 2533 quid
1733 2463 1911 2519 facere
1941 2462 2143 2518 debea-

547 2574 685 2623 mus,
734 2565 830 2613 aut
874 2573 982 2613 non
1012 2556 1259 2612 faciendo
1286 2556 1429 2627 quod
1457 2555 1655 2613 debere
1696 2555 1816 2610 fieri
1854 2555 1963 2626 jam
1994 2553 2141 2610 vide-

546 2650 664 2704 nnis
714 2665 729 2703 :
776 2665 1001 2720 quorum
1026 2649 1249 2704 duorum
1278 2647 1409 2703 illud
1457 2647 1772 2718 ignorantia:
1812 2646 2009 2701 malum
2034 2654 2137 2712 est,

546 2743 647 2801 hoc
678 2742 1025 2796 infirmitatis.
1076 2741 1274 2796 Contra
1315 2755 1435 2810 qua:
1482 2739 1700 2810 quidem
1751 2753 1989 2809 pugnare
2041 2753 2141 2793 nos

543 2835 794 2890 convenit
825 2852 837 2888 :
886 2834 982 2889 sed
1012 2833 1254 2903 profecto
1282 2832 1570 2901 vincimur,
1616 2832 1720 2887 nisi
1758 2832 2013 2887 divinitus
2041 2831 2139 2886 ad-

540 2927 808 2995 jnvemur,
842 2934 899 2979 ut
925 2939 1032 2978 non
1057 2923 1229 2979 solum
1251 2923 1531 2980 videamus
1556 2922 1684 2995 quid
1711 2922 2012 2981 faciendum
2045 2921 2134 2988 sit,

544 3016 643 3075 sed
687 3017 846 3070 etiam
905 3014 1200 3071 accedente
1247 3013 1515 3069 sanitate3
1571 3012 1861 3069 delectatio
1918 3012 2139 3083 justitiae

545 3109 721 3163 vincat
750 3110 801 3162 in
832 3107 991 3163 nobis
1026 3121 1208 3162 earum
1234 3121 1417 3162 rerum
1442 3106 1851 3173 delectationes,
1888 3121 2021 3176 quas
2053 3104 2139 3160 vel

536 3200 746 3255 habere
772 3198 1058 3269 cupiendo,
1087 3198 1172 3255 vel
1194 3198 1442 3253 amittere
1470 3196 1785 3265 metuendo,
1811 3197 2043 3253 scientes
2062 3196 2142 3253 vi-

544 3294 839 3362 dentesque
891 3306 1212 3363 peccamus;
1253 3291 1363 3361 jam
1420 3307 1528 3346 non
1580 3292 1755 3347 solum
1804 3300 2136 3361 peccatores,

542 3386 687 3456 quod
729 3399 944 3440 eramus
981 3384 1140 3439 etiam
1185 3398 1307 3437 cum
1350 3398 1446 3453 per
1481 3383 1835 3453 ignorantiam
1878 3383 2137 3453 peccaba-

545 3492 686 3542 mus,
717 3490 902 3529 verum
934 3475 1093 3529 etiam
1134 3473 1267 3544 legis
1295 3474 1751 3543 praevaricatores,
1779 3488 1901 3529 cum
1942 3473 1995 3528 id
2031 3487 2136 3527 non

544 3570 769 3623 facimus
818 3567 959 3638 quod
1010 3565 1351 3633 faciendum,
1398 3566 1483 3620 vel
1562 3566 1783 3622 facimus
1836 3566 1979 3638 quod
2030 3581 2137 3621 non

544 3661 842 3717 faciendum
870 3674 988 3715 esse
1010 3659 1121 3731 jam
1144 3659 1361 3713 scimus.
1385 3658 1724 3729 QuaprOpter
1758 3674 1863 3713 non
1890 3659 2061 3713 solum
2088 3659 2134 3713 si

538 3752 885 3823 peccavimus
919 3760 975 3805 ut
1011 3752 1272 3822 ignoscat,
1302 3759 1523 3821 propter
1561 3750 1702 3821 quod
1744 3751 1993 3819 dicimus,
2035 3750 2136 3805 Di-

541 3845 681 3898 mitte
709 3844 850 3898 nobis
874 3843 1040 3896 debita
1070 3851 1264 3907 nostra,
1290 3842 1421 3896 sicut
1450 3850 1500 3896 et
1526 3858 1619 3896 nos
1658 3841 1961 3897 dimittimus
1995 3841 2138 3896 debi-

536 3938 731 3991 toribus
761 3935 981 3999 nostris;
1021 3949 1207 3989 verum
1235 3934 1399 3988 etiam
1442 3948 1511 3988 ne
1541 3948 1826 4003 peccemus
1866 3944 1925 3989 ut
1963 3943 2134 4004 regat,

540 4040 759 4104 propter
785 4029 925 4100 quod
956 4028 1207 4092 dicimus,
1249 4026 1331 4081 Ne
1361 4044 1452 4081 nos
1480 4028 1675 4100 inferas
1713 4028 1767 4082 in
1809 4028 2137 4082 tentationem

547 4125 759 4194 (Manli.
794 4140 868 4191 vi,
898 4120 983 4187 12,
1012 4119 1145 4193 13);
1176 4119 1269 4177 ille
1296 4118 1566 4192 rogandus
1596 4130 1696 4188 est,
1729 4120 1814 4179 cui
1854 4120 2050 4179 dicitur
2081 4120 2134 4177 in

544 4216 778 4279 Psalmo,
812 4214 1057 4268 Dominus
1083 4213 1388 4267 illuminatio
1424 4230 1537 4267 mea
1581 4226 1627 4267 et
1657 4215 1795 4269 salus
1820 4232 1931 4269 mea
1961 4214 2133 4289 (Psal.

544 4326 690 4375 xxvi,
728 4309 817 4381 1);
847 4316 903 4362 ut
932 4307 1251 4362 illuminatio
1286 4306 1536 4362 detrahat
1575 4307 1962 4378 ignorantiam,
1992 4310 2136 4366 salus

546 4405 932 4458 inﬁrmitatem.

616 4491 840 4549 CAPUT
880 4489 1139 4545 LXXXII.
1178 4519 1252 4531 -—
1299 4489 1605 4544 Paenitentia
1633 4489 1730 4545 Dei
1765 4492 1975 4545 donum.
2002 4492 2134 4547 Nam

540 4598 600 4645 et
624 4588 734 4657 ipsa
766 4584 1100 4656 poenitentia,
1124 4583 1338 4654 quando
1361 4582 1519 4655 digna
1540 4598 1703 4640 causa
1731 4593 1816 4640 est
1840 4585 2134 4642 secundum

543 4696 749 4738 morem
790 4678 1045 4734 Ecclesiae
1072 4691 1170 4732 cur
1214 4684 1420 4747 agatur,
1468 4677 1781 4748 plerumque
1827 4678 2138 4736 infirmitate

543 4793 651 4833 non
681 4772 886 4845 agitur;
924 4771 1047 4843 quia
1074 4778 1130 4826 et
1154 4769 1327 4841 pudor
1352 4770 1513 4825 timor
1532 4779 1613 4825 est
1643 4770 1981 4842 displicendi,
2007 4772 2133 4828 dum

541 4873 662 4942 plus
688 4868 923 4925 delectat
950 4864 1226 4920 hominum
1248 4862 1595 4929 existimatio,
1623 4878 1779 4932 quam
1803 4864 2005 4934 justitia
2033 4880 2134 4935 qua

540 4979 600 5019 se
626 4962 850 5033 quisque
879 4954 1126 5012 humiliat
1149 4953 1479 5024 ptenitendo.
1510 4953 1662 5009 Unde
1687 4971 1792 5009 non
1822 4956 1995 5011 solum
2015 4973 2136 5013 cum

542 5057 718 5126 agitur
746 5051 1080 5124 poenitentia,
1129 5064 1312 5104 verum
1343 5048 1503 5103 etiam
1534 5056 1589 5102 ut
1614 5058 1819 5119 agatur,
1850 5050 1945 5107 Dei
1972 5054 2137 5109 mise-

545 5148 772 5203 ricordia
797 5146 1097 5202 necessaria
1143 5151 1247 5198 est.
1278 5142 1527 5211 Alioquin
1558 5157 1661 5195 non
1686 5141 1887 5198 diceret
1908 5144 2138 5215 Aposto-

545 5239 630 5293 lus
650 5237 715 5290 de
741 5236 1054 5306 quibusdam
1083 5252 1097 5290 :
1123 5233 1206 5288 Ne
1231 5238 1362 5307 forte
1386 5234 1469 5287 det
1496 5234 1599 5287 illis
1629 5232 1766 5289 Deus
1792 5236 2135 5305 penitentiam

548 5327 755 5396 (IlTim.
772 5342 830 5393 ιι,
845 5326 1034 5396 ἳῦμῑι
1051 5335 1106 5379 ut
1122 5325 1309 5380 Petrus
1325 5340 1506 5379 amare
1522 5323 1694 5391 fleret,
1710 5327 1968 5397 praemisit
1981 5343 2138 5385 evan-

612 5484 630 5549 }
665 5478 808 5531 Paulo
823 5477 1078 5549 alialectio
1102 5483 1179 5549 est
1191 5480 1741 5549 Expositionist‘pistolge
1759 5482 1819 5532 ad
1834 5482 2042 5549 gelatos,
2054 5487 2137 5535 ubi

547 5545 773 5609 habetur,
797 5555 846 5609 ri.
865 5541 955 5590 53$:
976 5541 1151 5589 usitata
1180 5552 1291 5609 vero
1322 5555 1409 5603 pro
1432 5541 1603 5609 quibus
1635 5541 1893 5609 abluendis
1912 5541 2138 5597 Filii—Dei

547 5605 742 5669 sanguis
759 5600 944 5674 effusus
966 5608 1054 5674 est,
1551 5605 1671 5664 sint,
1696 5614 1741 5655 et
1764 5605 1954 5659 omnino
1973 5610 2136 5661 citanti

548 5665 711 5718 contra
735 5679 785 5716 se
807 5665 987 5727 facirmt
1005 5674 1211 5727 regnum
1235 5665 1339 5727 Dei.
1405 5665 1461 5713 n’.

618 5733 636 5761 ³
672 5723 826 5787 Editi,
861 5723 1145 5791 poterimus.
1187 5723 1370 5791 Melius
1396 5735 1526 5786 Mss.,
1572 5730 1883 5791 potuerimus.
1908 5740 2021 5782 Nam
2065 5738 2134 5784 sic

549 5792 791 5853 Exyositio
808 5785 953 5853 eitata
971 5785 1193 5853 Epistulae
1212 5786 1270 5835 ad
1295 5787 1495 5853 Galatas.

614 5850 633 5888 εἰ
668 5862 796 5902 tinus
820 5867 850 5901 e
867 5850 1153 5899 COIbct‘tinis
1174 5851 1536 5901 vetustissimus
1558 5850 1733 5912 codex,
1756 5856 2010 5907 accedente
2026 5872 2135 5909 sua-

548 5917 722 5968 ritate:
747 5929 841 5964 non
866 5916 1055 5977 inepto.
1076 5914 1237 5977 Aptius
1262 5920 1421 5977 tamen
1448 5920 1552 5961 Mss.
1578 5918 1743 5977 cgeteri
1766 5928 1815 5965 et
1840 5920 1972 5973 editi,
2000 5936 2135 5973 «με,

550 5985 686 6032 (Mue
705 5977 905 6031 sanitate
933 5972 1068 6038 {qua
1087 5972 1265 6026 si'iltt‘t’t
1289 5973 1497 6038 pellatur
1522 5974 1697 6023 malum
1722 5979 2019 6032 inlit'tttitnlis.

1054 524 1516 590 ENCIIIItIDION,
1559 521 1713 579 SIVE
1757 521 1843 574 DE
1882 518 2062 583 FIDE,
2106 517 2233 573 SPE
2278 517 2364 573 ET
2406 519 2823 586 Cll.\RITA'l'E,
2868 520 2925 575 S.
2967 519 3336 576 AUGUSTINI

3720 518 3818 573 272

2244 632 2449 702 gelista,
2482 644 2535 688 et
2561 633 2635 687 ait
2657 652 2669 688 :
2692 633 2934 703 Respexit
2953 650 3067 687 eum
3091 633 3347 688 Dominus
3368 631 3524 704 (Luc.
3572 646 3710 697 xm,
3731 630 3815 686 61.

2310 722 2536 778 CAPUT
2556 722 2841 778 LXXXIII.
2862 721 3147 778 Peccatum
3186 725 3242 777 in
3274 722 3537 792 Spiritum
3558 730 3817 776 sanctum.

2241 814 2346 881 Qui
2382 830 2511 871 vero
2546 815 2601 869 in
2650 815 2886 871 Ecclesia
2928 816 3128 871 remitti
3169 825 3387 887 peccata
3432 829 3544 869 non
3575 813 3818 878 credens,

2242 910 2543 965 contemnit
2586 918 2791 964 tantam
2816 909 2985 965 divini
3020 909 3266 964 muneris
3299 908 3628 980 largitatem,
3680 916 3734 961 et
3770 906 3821 959 in

2244 1001 2346 1057 hac
2367 1003 2730 1058 obstinatione
2750 1002 2946 1057 mentis
2964 1001 3108 1056 diem
3126 1000 3329 1057 claudit
3343 1011 3675 1064 extremum,
3703 1011 3823 1053 reus

2242 1102 2330 1148 est
2350 1093 2440 1147 illo
2464 1092 2823 1147 irremissibili
2842 1101 3067 1163 peccato
3086 1091 3136 1145 in
3155 1091 3417 1162 Spiritum
3464 1098 3741 1152 sanctum,
3771 1088 3823 1141 in

2245 1182 2611 1253 quoChristus
2628 1192 2849 1253 peccata
2873 1181 3119 1236 dimittit.
3142 1181 3217 1236 De
3230 1196 3337 1251 qua
3378 1179 3691 1252 quastione
3724 1176 3825 1232 dif-

2248 1274 2376 1330 ficili
2390 1275 2443 1330 in
2469 1276 2703 1346 quodam
2721 1283 2948 1347 propter
2967 1274 3071 1330 hoc
3093 1275 3268 1332 solum
3287 1274 3605 1345 conscripto
3647 1271 3827 1328 libello

2245 1368 2709 1433 enucleatissime,
2749 1374 3014 1437 quantum
3048 1365 3222 1438 potui,
3247 1364 3520 1436 disputavi
3549 1362 3657 1436 (a).

2257 1447 2272 1468 ⁸
2318 1452 2544 1508 CAPUT
2583 1453 2870 1510 LXXXIV.
2906 1485 2974 1495 —
3001 1456 3038 1510 9..
3065 1452 3096 1509 ῑ.
3126 1455 3204 1510 De
3237 1458 3407 1513 carnis
3448 1468 3833 1514 resurrectione.

2246 1542 2365 1599 Jam
2393 1558 2520 1600 vero
2544 1544 2612 1601 de
2640 1547 3032 1603 resurrectione
3064 1548 3264 1614 carnis,
3306 1565 3413 1605 non
3457 1550 3599 1606 sicut
3625 1551 3835 1622 quidam

2247 1636 2575 1703 revixerunt,
2623 1637 2920 1708 iterumque
2949 1642 3314 1708 suntmortui,
3345 1640 3440 1697 sed
3480 1642 3534 1696 in
3580 1652 3834 1698 aiternam

2246 1729 2431 1797 vitam,
2476 1729 2615 1784 sicut
2646 1729 2845 1786 Christi
2881 1731 3046 1801 ipsius
3098 1747 3224 1789 caro
3270 1734 3588 1801 resurrexit,
3650 1750 3835 1806 quem-

2247 1819 2534 1875 admodum
2582 1821 2780 1890 possim
2828 1820 3065 1877 breviter
3113 1822 3427 1893 disputare,
3478 1832 3535 1879 et
3588 1826 3837 1881 omnibus

2246 1912 2627 1983 quaestionibus
2664 1928 2784 1983 qua:
2815 1913 2883 1968 de
2922 1914 3022 1969 hac
3051 1929 3109 1970 re
3151 1916 3355 1971 moveri
3383 1916 3650 1983 assolent,
3684 1918 3837 1972 satis-

2248 2005 2423 2061 facere
2465 2020 2572 2061 non
2611 2006 2842 2061 invenio.
2882 2006 3337 2064 Resurrecturam
3399 2017 3581 2065 tamen
3622 2024 3837 2065 carnem

2246 2098 2483 2153 omnium
2507 2097 2826 2168 quicumque
2850 2098 2961 2152 nati
2986 2106 3111 2153 sunt
3133 2098 3409 2154 hominum
3427 2108 3590 2170 atque
3616 2114 3839 2155 nascen-

2247 2198 2351 2255 tur,
2379 2197 2433 2244 et
2459 2188 2655 2243 mortui
2683 2196 2991 2259 suntatque
3019 2190 3337 2259 morientur,
3368 2190 3517 2247 nullo
3550 2191 3719 2247 modo
3740 2191 3837 2247 du-

2245 2280 2419 2337 bitare
2444 2279 2605 2335 debet
2629 2280 2977 2336 christianus.

2315 2370 2542 2427 CAPUT
2579 2370 2841 2426 LXXXV.
2876 2370 3129 2427 —Fetus
3173 2372 3387 2427 abortiui
3438 2390 3506 2427 an
3554 2382 3836 2445 resurgent.

2246 2465 2398 2522 Unde
2428 2465 2599 2535 primo
2628 2464 2863 2520 occurrit
2887 2464 2954 2521 de
2970 2464 3227 2521 abortivis
3254 2465 3449 2521 fetibus
3472 2466 3729 2537 quazstio,
3754 2465 3839 2536 qui

2242 2557 2352 2627 jam
2377 2555 2592 2627 quidem
2622 2556 2730 2611 nati
2761 2564 2888 2612 sunt
2910 2556 2961 2611 in
2992 2556 3159 2612 uteris
3187 2566 3439 2625 matrum,
3473 2556 3572 2613 sed
3602 2556 3837 2612 nondum

2245 2649 2316 2703 ita
2349 2658 2404 2702 ut
2420 2648 2529 2719 jam
2556 2655 2776 2719 possent
2803 2649 3031 2704 renasci.
3062 2649 3119 2706 Si
3145 2650 3286 2705 enim
3308 2661 3716 2706 resurrecturos
3748 2665 3839 2705 eos

2244 2741 2575 2807 dixerimus;
2615 2740 2686 2796 de
2710 2741 2774 2797 iis
2801 2742 2892 2811 qui
2926 2742 3037 2811 jam
3076 2740 3288 2796 formati
3314 2750 3462 2808 sunt,
3485 2741 3713 2798 tolerari
3740 2756 3837 2812 pec

2246 2842 2352 2890 test
2377 2842 2663 2903 utcumque
2688 2832 2831 2904 quod
2856 2833 3050 2889 dicitur
3081 2850 3095 2889 :
3128 2833 3387 2889 informes
3418 2848 3550 2889 vero
3578 2832 3836 2887 abortus‘

2246 2927 2366 2996 quis
2418 2939 2525 2980 non
2564 2925 2857 2997 proclivius
2887 2927 3061 2996 perire
3106 2926 3411 2993 arbitretur,
3449 2926 3591 2981 sicut
3636 2925 3838 2981 semina

2244 3034 2366 3089 quas
2400 3026 2658 3088 concepta
2689 3033 2796 3073 non
2837 3016 3070 3074 fuerint?
3111 3017 3219 3074 Sed
3249 3018 3372 3090 quis
3399 3032 3597 3089 negare
3623 3018 3837 3084 audeat,

2244 3109 2347 3165 etsi
2389 3108 2661 3164 allirmare
2705 3124 2812 3163 non
2843 3107 3056 3177 audeat,
3105 3108 3159 3163 id
3194 3118 3434 3164 acturam
3479 3108 3839 3165 resurrectio.

2245 3215 2386 3268 nem,
2417 3208 2476 3255 ut
2516 3198 2735 3270 quiquid
2773 3199 2959 3255 forma:
2998 3198 3170 3256 defuit
3208 3199 3534 3270 impleatur?
3562 3202 3745 3271 Atque
3774 3201 3841 3254 ita

2245 3308 2352 3347 non
2372 3290 2515 3347 desit
2570 3290 2863 3361 perfectio,
2909 3306 3033 3362 qua:
3088 3305 3368 3347 accessura
3425 3300 3545 3346 erat
3573 3300 3839 3361 tempore,

2244 3382 2690 3454 quemadmodum
2715 3396 2823 3438 non
2852 3390 3011 3439 erunt
3034 3382 3162 3438 vitia
3191 3398 3309 3455 quze
3334 3392 3685 3439 accesserant
3714 3392 3843 3438 tem-

2243 3491 2374 3547 pore
2408 3484 2510 3531 :ut
2541 3490 2714 3546 neque
2741 3475 2793 3530 in
2821 3491 2887 3532 eo
2909 3476 3052 3546 quod
3088 3484 3268 3546 aptum
3307 3485 3363 3531 et
3384 3490 3688 3547 congruum
3726 3476 3844 3532 dies

2242 3568 2453 3623 allaturi
2480 3567 2711 3636 fuerant,
2740 3576 2931 3623 natura
2959 3568 3271 3635 fraudetur;
3300 3582 3475 3639 neque
3512 3568 3571 3623 in
3600 3584 3670 3624 eo
3700 3568 3844 3640 quod

2243 3660 2525 3717 adversum
2553 3669 2714 3730 atque
2757 3661 3085 3715 contrarium
3124 3659 3242 3715 dies
3288 3659 3619 3729 attulerant,
3650 3670 3844 3715 natura

2243 3762 2522 3823 turpetur;
2551 3752 2647 3809 sed
2669 3753 2961 3824 integretur
2980 3752 3121 3823 quod
3140 3751 3376 3807 nondum
3404 3760 3524 3807 erat
3540 3753 3844 3825 integrum,

2242 3846 2380 3901 sicut
2407 3845 2788 3901 instaurabitur
2814 3844 2957 3916 quod
2979 3844 3153 3900 fuerat
3181 3844 3423 3900 vitiatum
3446 3843 3551 3917 (b).

2313 3937 2539 3995 CAPUT
2576 3936 2864 3993 LXXXVI.
2914 3968 2987 3979 —
3032 3936 3192 3993 Fetus
3235 3938 3290 3992 in
3344 3946 3487 3993 utero
3512 3938 3727 4011 quando
3768 3940 3844 3993 ui-

2244 4046 2356 4085 uere
2382 4030 2613 4100 incipiat.
2640 4031 2716 4083 Ac
2738 4044 2834 4100 per
2854 4028 2958 4085 hoc
2984 4028 3450 4099 scrupulosissime
3489 4030 3717 4101 quidem
3766 4030 3847 4085 in-

2245 4133 2325 4183 ter
2353 4121 2693 4182 doctissimos
2719 4126 2888 4199 quani
2910 4142 2972 4182 ac
2993 4121 3251 4199 disputari
3274 4130 3468 4198 potest,
3494 4121 3643 4192 quod
3664 4132 3845 4177 utrum

2242 4219 2310 4275 ab
2335 4218 2549 4273 homine
2589 4218 2823 4274 inveniri
2877 4220 3045 4290 possit
3093 4219 3301 4291 ignoro,
3350 4215 3569 4291 quando
3620 4215 3847 4293 incipiat

2242 4312 2405 4367 homo
2429 4311 2481 4365 in
2498 4319 2653 4366 utero
2674 4312 2883 4378 vivere;
2912 4321 3089 4368 utrum
3115 4314 3187 4369 sit
3209 4314 3455 4386 qumdam
3480 4315 3591 4369 vita
3619 4327 3676 4371 et
3705 4319 3727 4348 ²
3749 4333 3846 4372 oc-
3932 4382 3945 4397 ί

2251 4406 2390 4460 culta
2410 4444 2425 4472 ,
2452 4420 2571 4475 qua:
2622 4403 2858 4460 nondum
2885 4406 3116 4461 motibus
3143 4406 3371 4463 viventis
3403 4417 3685 4477 appareat.
3710 4407 3843 4462 Nam

2242 4511 2437 4566 negare
2456 4496 2653 4551 vixisse
2688 4496 2990 4566 puerperia,
3027 4513 3146 4568 qua:
3173 4507 3455 4568 propterea
3492 4499 3843 4553 membratim

2241 4595 2562 4643 exsecantur
2588 4597 2642 4643 et
2678 4587 2964 4658 ejiciuntur
3001 4603 3067 4644 ex
3112 4590 3282 4645 uteris
3321 4592 3743 4661 prmgnantium,
3777 4607 3847 4647 ne

2240 4687 2440 4733 matres
2486 4694 2699 4750 quoque
2736 4679 2778 4733 si
2816 4687 3027 4734 mortua
3064 4679 3136 4735 ibi
3172 4680 3545 4752 relinquantur
3568 4683 3842 4747 occidant,

2242 4770 2566 4843 impudentia
2624 4769 2787 4825 nimia
2837 4770 3069 4826 videtur.
3129 4771 3207 4826 Ex
3250 4787 3359 4842 quo
3416 4783 3602 4829 autem
3650 4772 3839 4843 incipit

2243 4864 2404 4918 homo
2440 4860 2640 4927 vivere,
2681 4877 2745 4916 ex
2774 4862 2866 4916 illo
2894 4863 3074 4932 utique
3121 4862 3228 4934 jam
3272 4863 3411 4919 mori
3455 4872 3660 4936 potest.
3704 4865 3845 4919 Mor-

2242 4963 2364 5010 tuus
2394 4967 2545 5022 vero,
2574 4953 2897 5024 ubicumque
2924 4955 2999 5008 illi
3028 4970 3173 5011 mors
3202 4956 3373 5026 potuit
3412 4956 3670 5022 evenire,
3702 4972 3841 5028 quo-

2243 5047 2405 5103 modo
2444 5046 2512 5101 ad
2538 5047 2989 5101 resurrectionem
3019 5061 3126 5101 non
3167 5047 3438 5117 pertineat
3472 5057 3842 5115 mortuorum,

2241 5138 2477 5209 reperire
2508 5153 2611 5191 non
2641 5151 2879 5206 possum.

2313 5225 2538 5283 CAPUT
2584 5227 2892 5282 LXXXVII.
2945 5258 3017 5268 —
3070 5227 3349 5283 Monstrosi
3400 5231 3535 5301 fetus
3585 5232 3848 5299 quomodo

2241 5320 2591 5375 resurrecturi.
2614 5319 2799 5389 Neque
2827 5320 2969 5374 enim
2998 5330 3053 5375 et
3098 5330 3339 5375 monstra
3381 5338 3503 5391 qua:
3541 5332 3850 5377 nascuntur

2242 5420 2297 5465 et
2327 5411 2540 5476 vivunt,
2590 5410 2883 5480 quamlibet
2932 5411 3039 5465 cito
3078 5413 3409 5475 moriantur,
3454 5421 3550 5467 aut
3593 5430 3850 5469 resurre-

2241 5512 2390 5559 ctura
2422 5503 2777 5573 negabuntur,
2831 5512 2923 5557 aut
2970 5503 3042 5557 ita
3092 5503 3112 5535 ³
3144 5514 3519 5560 resurrectura
3565 5506 3850 5563 credenda

2305 5616 2321 5647 ³
2358 5621 2536 5663 Decem
2554 5623 2680 5674 Mss,
2704 5613 2957 5665 abortivos.

2304 5678 2323 5740 ξ
2361 5686 2457 5724 Am.
2484 5684 2558 5725 Er.
2578 5683 2697 5726 Dan.
2724 5686 2835 5725 Arn.
2865 5685 2916 5726 et
2939 5679 3079 5740 pauci
3101 5686 3205 5728 MSS.
3233 5680 3467 5737 omitunt,
3494 5686 3560 5731 et.

2304 5739 2325 5770 ³
2358 5741 2440 5788 Hic
2478 5746 2577 5788 Am.
2618 5745 2692 5787 Er.
2731 5746 2782 5787 et
2800 5746 2913 5787 Dan.
2943 5739 3154 5802 addunt,
3183 5741 3378 5802 vitiata,
3418 5756 3531 5806 quae
3566 5757 3671 5795 vox
3710 5745 3853 5794 abest

2238 5814 2265 5850 a
2291 5807 2395 5848 MSS.

2302 5865 2373 5925 (α)
2390 5870 2494 5930 ‘Non
2516 5863 2629 5930 alio,
2654 5863 2913 5930 credimus,
2940 5861 3124 5930 libello,
3145 5866 3234 5914 nisi
3253 5874 3485 5916 sermone
3505 5881 3641 5920 nunc
3664 5872 3694 5919 7
3708 5872 3722 5918 ι
3736 5905 3749 5930 ,
3770 5866 3857 5930 qni

2239 5926 2350 5977 olim
2372 5927 2435 5973 de
2463 5927 2627 5973 Verbis
2649 5928 2829 5973 Domini
2849 5926 2935 5974 fuit
2958 5928 3029 5973 11.

2303 5992 2373 6050 (tr)
2402 5988 2496 6034 \‘iJ.
2529 5992 2607 6036 lin.
2638 5988 2696 6035 22
2717 5989 2779 6036 dc
2803 5991 2999 6037 civitate
3035 5990 3137 6049 Dei,
3173 6002 3305 6053 capp.
3339 5989 3410 6052 12,
3447 5991 3519 6041 I3.
