4072 6564
208 448 308 505 2η

209 576 353 629 sunt,
399 577 465 619 ac
495 574 604 616 non
643 556 833 632 potius
857 560 1110 632 correcta
1156 549 1547 632 emendataque
1587 554 1798 632 natura.

212 625 364 695 Absit
387 635 532 690 enim
559 639 620 687 ut
646 625 798 685 illum
820 625 1192 689 bimembrem,
1213 625 1311 693 qui
1340 635 1513 690 nuper
1537 628 1693 673 natus
1719 626 1804 671 est

212 730 267 789 in
295 724 536 791 Oriente,
564 722 630 778 de
652 735 757 792 quo
800 726 855 775 et
897 716 1090 773 fratres
1142 710 1440 770 ﬁdelissimi
1484 708 1629 781 quod
1673 722 1798 764 eum

211 817 443 876 viderint
476 814 799 881 retulerunt,
827 819 881 867 et
910 819 1111 866 sanctte
1146 806 1421 864 memoriae
1443 803 1803 875 Hieronymus

212 912 498 985 presbyter
544 908 803 979 scriptum
841 903 1058 977 reliquit
1090 901 1165 977 (a)
1210 919 1224 956 :
1268 900 1429 965 absit,
1462 899 1701 969 inquam,
1744 903 1803 950 ut

214 1020 378 1060 unum
413 1001 691 1057 hominem
713 997 999 1070 duplicem,
1023 1011 1087 1052 ac
1125 1010 1234 1051 non
1259 994 1437 1066 potius
1460 992 1620 1058 duos,
1653 987 1799 1062 quod

213 1094 447 1155 inwrum
477 1090 672 1155 fuerat,
704 1089 749 1144 si
770 1087 972 1159 gemini
1007 1092 1376 1153 nascerentur,
1400 1092 1803 1140 resurrecturos

213 1189 605 1244 existimemus.
636 1185 713 1239 Ita
760 1191 953 1239 caetera
1002 1196 1121 1253 quae
1160 1177 1361 1250 singuli
1391 1177 1586 1249 quique
1618 1183 1803 1247 partus

212 1279 301 1336 vel
341 1278 569 1350 amplius
594 1275 680 1331 vel
722 1275 901 1331 minus
926 1271 1131 1344 aliquid
1163 1268 1432 1337 habendo,
1464 1268 1551 1324 vel
1572 1266 1801 1339 quadam

214 1373 379 1433 nimia
414 1369 751 1427 deformitate
774 1374 1015 1423 monstra
1035 1364 1305 1430 dicuntur,
1329 1360 1395 1417 ad
1426 1360 1671 1416 humana:
1702 1372 1802 1413 na-

213 1478 351 1522 tura:
380 1465 597 1537 ﬁguram
623 1459 1021 1518 resurrectione
1041 1456 1469 1519 revocabuntur;
1495 1454 1567 1509 ita
1605 1460 1663 1507 ut
1692 1452 1803 1506 sin-

211 1558 352 1630 gulm
372 1556 564 1612 anima:
586 1553 791 1625 singula
814 1566 909 1609 sua
930 1564 1157 1621 corpora
1179 1548 1475 1615 obtineant,
1513 1545 1670 1601 nullis
1705 1559 1803 1600 co-

211 1647 541 1705 haerentibus
581 1647 744 1704 etiam
780 1657 1131 1716 qumcumque
1171 1642 1495 1698 cohaerentia
1536 1649 1659 1695 nata
1687 1638 1803 1694 iue-

210 1747 373 1806 rant;
398 1737 492 1794 sed
513 1751 760 1793 seorsum
787 1735 889 1792 sibi
911 1734 1133 1806 singulis
1158 1747 1252 1789 sua
1279 1732 1517 1789 membra
1545 1730 1805 1802 gestanti-

208 1831 333 1897 bus,
362 1829 555 1901 quibus
581 1827 799 1884 humani
829 1827 1071 1899 corporis
1099 1825 1398 1896 completur
1426 1825 1722 1897 integritas.

276 1920 512 1979 CAPUT
548 1918 880 1976 LXXXVIII.
911 1949 984 1961 —-
1006 1917 1325 1974 Instauratio
1363 1917 1531 1974 carnis
1560 1934 1805 1989 quocum-

211 2030 305 2084 que
329 2012 486 2069 modo
512 2013 736 2086 perierit.
764 2011 884 2068 Non
922 2020 1101 2068 autem
1129 2011 1269 2083 perit
1310 2010 1422 2067 Deo
1454 2019 1664 2067 terrena
1692 2025 1805 2066 ma.

212 2106 374 2161 teries
404 2104 473 2160 de
493 2119 597 2175 qua
632 2102 939 2159 mortalium
967 2110 1181 2159 creatur
1201 2116 1329 2158 caro
1362 2121 1377 2158 :
1409 2101 1505 2159 sed
1528 2103 1583 2158 in
1617 2117 1809 2173 quem-

212 2194 344 2255 libet
401 2194 681 2266 pulverem
724 2194 1028 2251 cineremve
1089 2194 1367 2263 solvatur,
1427 2194 1484 2250 in
1538 2193 1807 2266 quoslibet

212 2285 411 2342 halitus
454 2299 722 2356 aurasque
747 2283 1010 2356 diﬁ'ugiat,
1041 2284 1096 2340 in
1135 2298 1527 2357 quamcumque
1574 2284 1808 2340 aliorum

212 2392 498 2450 corporum
537 2376 891 2432 substantiam
920 2376 1006 2433 vel
1031 2376 1085 2432 in
1114 2376 1228 2448 ipsa
1257 2377 1523 2433 elementa
1543 2386 1800 2444 vertatur,

209 2470 263 2526 in
289 2483 752 2541 quorumcumque
781 2468 1092 2524 animalium
1135 2469 1297 2524 etiam
1321 2468 1599 2524 hominum
1626 2468 1806 2525 cibum

209 2561 366 2619 cedat
398 2574 726 2631 carnemque
758 2567 1015 2629 mutetur,
1052 2560 1125 2615 illi
1156 2560 1352 2615 anima;
1379 2559 1627 2616 humana:
1668 2576 1809 2631 pun-

208 2662 299 2712 cto
344 2652 606 2724 temporis
658 2650 861 2719 redit‘,
908 2666 1028 2723 qua:
1053 2651 1199 2706 illam
1224 2651 1492 2722 primitus,
1548 2659 1607 2707 ut
1645 2651 1809 2708 homo

206 2746 392 2814 ﬁeret,
427 2747 644 2811 viveret,
676 2753 963 2815 cresceret,
995 2744 1269 2802 animavit.

277 2838 517 2897 CAPUT
552 2840 843 2898 LXXXIX.
874 2870 946 2881 -—-
970 2840 1252 2914 Super/ina
1292 2842 1547 2913 quomodo
1578 2842 1811 2898 redibunt

204 2938 278 2992 ad
305 2955 517 3010 corpus.
564 2938 681 3012 Ipsa
711 2942 895 3014 itaque
921 2950 1135 2998 terrena
1178 2941 1454 3011 materies,
1482 2956 1605 3012 qua:
1631 2939 1811 2997 disce-

203 3031 372 3087 dente
400 3032 581 3087 anima
611 3034 671 3087 fit
694 3033 944 3102 cadaver,
975 3048 1086 3089 non
1115 3033 1189 3088 ita
1219 3033 1619 3089 resurrectione
1655 3047 1812 3102 repa-

201 3124 436 3191 rabitur,
468 3133 533 3180 ut
559 3140 623 3181 ea
651 3141 771 3197 quae
796 3126 1102 3182 dilabuntur
1136 3135 1191 3182 et
1228 3126 1281 3181 in
1308 3126 1444 3184 alias
1474 3138 1636 3199 atque
1673 3128 1811 3185 alias

197 3216 437 3272 aliarum
462 3230 649 3272 rerum
675 3218 882 3288 species
912 3218 1217 3289 formasque
1240 3226 1543 3285 vertuntur,
1562 3218 1810 3289 quamvis

196 3309 267 3363 ad
294 3324 507 3380 corpus
528 3309 753 3366 redeant
777 3309 920 3366 unde
944 3309 1149 3381 dilapsa
1179 3318 1326 3377 sunt,
1358 3309 1427 3365 ad
1448 3310 1667 3366 easdem
1686 3324 1812 3381 quo-

194 3417 305 3473 que
331 3402 593 3474 corporis
621 3410 802 3473 partes
844 3402 934 3458 ubi
978 3401 1216 3468 fuerunt,
1262 3401 1442 3459 redire
1468 3417 1691 3460 necesse
1720 3403 1811 3459 sit.

194 3493 463 3565 Alioquin
492 3494 541 3548 si
571 3494 779 3564 capillis
805 3493 1100 3566 reditquod
1127 3501 1237 3549 tam
1266 3494 1452 3550 crebra
1482 3502 1702 3551 tonsura
1718 3494 1816 3551 de-

190 3589 386 3655 traxit,
415 3588 465 3644 si
500 3587 768 3658 unguibus
791 3587 935 3659 quod
964 3588 1124 3644 toties
1147 3586 1680 3659 dempsitexsectio;
1714 3588 1815 3643 im-

191 3679 497 3735 moderata
531 3688 586 3734 et
616 3677 871 3734 indecens
910 3679 1289 3750 cogitantibus,
1321 3687 1377 3735 et
1412 3679 1535 3737 ideo
1573 3694 1818 3736 resurre-

187 3772 438 3827 ctionem
482 3769 671 3825 carnis
709 3785 816 3825 non
843 3770 1187 3828 credentibus
1223 3772 1459 3828 occurrit
1489 3770 1811 3827 informitas.

185 3862 297 3919 Sed
322 3860 804 3935 quemadmodum
831 3863 878 3917 si
914 3872 1091 3919 statua
1120 3862 1408 3934 cujuslibet
1431 3862 1677 3919 solubilis
1704 3878 1819 3919 me-

183 3955 301 4011 talli
326 3965 431 4011 aut
477 3957 617 4025 igne
640 3954 1108 4025 liquesceregaut
1136 3961 1511 4011 contereretur
1554 3954 1607 4010 in
1631 3954 1819 4025 pulve-

184 4064 330 4116 rem,
361 4057 467 4104 aut
498 4045 929 4104 confunderetur
958 4046 1011 4102 in
1045 4061 1299 4115 massam,
1330 4055 1385 4103 et
1409 4062 1529 4101 eam
1557 4047 1717 4103 vellet
1740 4063 1819 4103 ar-

186 4144 322 4201 tifex
370 4156 587 4200 rursus
634 4156 703 4197 ex
754 4140 898 4195 illius
924 4141 1162 4197 materia:
1192 4139 1489 4211 quantitate
1533 4154 1815 4210 reparare;

182 4235 326 4291 nihil
360 4234 681 4291 interesset
716 4230 784 4287 ad
822 4232 939 4302 ejus
965 4231 1323 4303 integritatem
1345 4273 1360 4298 ,
1394 4247 1514 4303 quae
1560 4231 1819 4303 particula

181 4329 444 4385 materia:
476 4325 577 4383 cui
606 4322 852 4381 membro
890 4331 1080 4380 statua:
1106 4323 1449 4391 redderetur,
1478 4323 1607 4380 dum
1640 4334 1819 4381 tamen

178 4430 361 4477 totum
395 4435 472 4476 ex
523 4431 642 4490 quo
671 4414 957 4472 constituta
978 4415 1171 4483 fuerat,
1208 4416 1453 4473 restituta
1478 4424 1776 4473 resumeret
1804 4435 1818 4472 :

175 4512 253 4570 ita
288 4514 449 4569 Deus
476 4508 818 4566 mirabiliter
836 4518 996 4578 atque
1019 4508 1357 4564 ineﬁabiliter
1382 4508 1594 4575 artifex,
1618 4508 1687 4565 de
1710 4518 1822 4565 toto

177 4622 291 4677 quo
319 4620 465 4661 caro
521 4608 721 4658 nostra
766 4601 1098 4667 constiterat,
1134 4616 1253 4658 eam
1280 4602 1510 4657 mirabili
1555 4612 1610 4658 et
1635 4602 1823 4658 ineffa-

178 4698 271 4755 bili
300 4696 625 4755 celeritate
654 4693 939 4760 restituet;
972 4708 1073 4749 nec
1108 4692 1310 4764 aliquid
1338 4693 1589 4749 attinebit
1613 4694 1680 4750 ad
1706 4694 1822 4766 ejus

175 4788 760 4862 redintegrationem,
778 4792 958 4842 utrum
988 4784 1166 4856 capilli
1188 4784 1257 4840 ad
1283 4786 1507 4858 capillos
1532 4786 1824 4844 redeantet

178 4898 400 4955 ungues
433 4880 515 4936 ad
564 4891 803 4949 ungues,
834 4891 904 4933 an
933 4876 1188 4949 quidquid
1227 4892 1412 4935 eorum
1449 4878 1685 4951 perierat
1707 4895 1825 4938 mtt-

177 4987 327 5034 tetur
374 4978 436 5033 in
472 4986 741 5037 carnem,
774 4978 829 5026 et
869 4970 925 5026 in
952 4983 1133 5042 partes
1173 4972 1308 5028 alias
1334 4974 1580 5043 corporis
1604 4986 1825 5031 revoce-

175 5081 285 5135 tur,
314 5076 577 5126 curante
621 5062 848 5120 artiﬁcis
893 5063 1226 5136 providentia
1280 5081 1349 5122 ne
1391 5066 1521 5137 quid
1571 5067 1826 5126 indecens

174 5164 269 5217 rm
304 5162 417 5233 (b).

243 5251 508 5312 CAPUT
554 5247 779 5305 XC.—-
810 5246 878 5302 In
903 5255 1099 5305 statura
1145 5259 1193 5305 et
1222 5250 1381 5323 efﬁgie
1427 5253 1655 5323 corporis
1697 5253 1828 5308 nihil

168 5349 268 5403 erit
297 5346 667 5402 indecorum.
696 5337 808 5395 Nec
843 5338 975 5399 illud
1002 5348 1085 5398 est
1122 5356 1478 5414 consequens,
1511 5353 1571 5400 ut
1602 5343 1723 5402 ideo
1746 5345 1830 5401 di-

237 5511 255 5540 ³
281 5512 430 5562 μοι,
460 5495 678 5551 reddit.

232 5570 313 5631 (a)
342 5556 743 5631 ttiéronymus,
769 5556 1047 5631 in‘Epistola
1068 5559 1125 5631 ad
1151 5561 1386 5613 \‘italem:
1416 5569 1577 5631 «_t\'um
1611 5565 1723 5631 quia
1748 5579 1831 5615 no-

175 5651 203 5681 ι
223 5620 355 5687 ἡὴ,
381 5620 591 5690 inquii,
623 5627 777 5669 aetate
800 5620 982 5683 duplex
1001 5622 1167 5685 Lyddze
1185 5634 1327 5674 natus
1352 5632 1429 5690 est
1446 5625 1605 5686 homo,
1627 5620 1833 5690 duorum

175 5716 203 5744 ι
222 5689 481 5757 apitum,
503 5691 741 5757 quatuor
754 5694 1007 5757 ’tttanuum,
1025 5698 1122 5733 uno
1134 5694 1309 5736 ventre
1329 5694 1381 5757 et
1401 5689 1588 5757 duobus
1610 5689 1829 5757 jn2_t_i_iliti_s2

176 5776 201 5806 ι
222 5744 418 5807 attines
457 5744 722 5800 lidrrnnes
753 5744 831 5807 ita,
852 5747 981 5795 nasci
1015 5759 1222 5797 necesse
1250 5750 1362 5800 est?
1386 5768 1406 5795 ν
1449 5744 1635 5801 (:ont'cr'.
1664 5749 1747 5800 lib.
1778 5744 1834 5801 to

170 5806 241 5877 de,
260 5806 494 5870 tfivitate
508 5812 785 5877 _Dci,_cap.
810 5806 858 5877 8:

236 5868 313 5946 (ιτ)
357 5880 471 5929 κω,
507 5874 606 5928 ω).
642 5868 791 5919 adde
816 5870 1014 5921 civitate
1040 5873 1139 5932 Dei,
1170 5886 1273 5936 cap.
1308 5875 1360 5924 l9

1634 429 1837 485 LIBER
1880 414 2077 485 unus.

3400 436 3506 492 276

1908 558 2062 599 versa
2106 543 2177 597 sit
2226 550 2428 598 statura
2470 545 2901 603 reviviscentium
2962 546 3321 619 singulorum,
3374 550 3501 619 quia

1909 632 2081 689 fuerat
2107 632 2318 689 diversa
2346 634 2658 703 viventium,
2690 647 2783 692 aut
2810 639 2975 694 macri
3001 654 3123 696 cum
3168 640 3356 696 eadem
3384 657 3502 697 ma-

1909 727 2012 792 cie,
2050 734 2143 781 aut
2173 725 2397 797 pingues
2422 741 2544 781 cum
2584 727 2773 784 eadem
2805 729 3123 800 pinguedine
3158 731 3501 786 reviviscunt.

1908 817 2013 874 Sed
2041 818 2086 873 si
2113 818 2218 874 hoc
2237 828 2319 874 est
2345 818 2399 873 in
2423 819 2649 875 consilio
2670 819 2966 893 Creatoris,
3008 831 3067 877 ut
3103 822 3158 877 in
3201 822 3379 892 efﬁgie
3404 840 3501 881 sua

1908 909 2165 981 cujusque
2188 909 2487 982 proprietas
2515 919 2571 966 et
2597 910 2960 969 discernihilis
2989 914 3283 970 similitudo
3308 929 3522 969 servem

1910 1010 2016 1067 tur,
2045 1001 2097 1057 in
2124 1002 2333 1059 caeteris
2368 1011 2547 1059 autem
2578 1004 2819 1075 corporis
2849 1005 3004 1060 bonis
3026 1007 3040 1039 ί
3063 1008 3285 1077 aequalia
3307 1018 3527 1063 cuncta.

1910 1092 2229 1165 reddantur,
2261 1094 2332 1149 ita
2362 1094 2758 1150 modiﬁcabitur
2783 1095 2873 1151 illa
2903 1095 2958 1151 in
2982 1111 3303 1169 unoquoque
3331 1107 3537 1153 mate-r-

1910 1184 2039 1251 ries,
2074 1194 2134 1242 ut
2174 1201 2277 1242 nec
2300 1187 2502 1258 aliquid
2530 1203 2599 1244 ex
2631 1203 2695 1245 ea
2730 1197 2935 1259 pereat,
2964 1200 3016 1246 et
3045 1190 3188 1261 quod
3213 1190 3372 1246 alicui
3410 1191 3535 1246 dco-

1909 1276 2068 1333 fuerit
2097 1277 2188 1334 ille
2230 1278 2497 1350 suppleat,
2542 1280 2634 1351 qui
2662 1280 2825 1335 etiam
2853 1280 2922 1336 de
2961 1280 3129 1336 nihilo
3162 1280 3335 1351 potuit
3360 1281 3543 1351 quod.

1909 1367 2078 1423 voluit
2106 1369 2340 1438 operari.
2366 1368 2423 1425 Si
2452 1379 2635 1425 autem
2661 1369 2715 1425 in
2750 1371 3069 1441 corporib.s
3109 1372 3501 1443 resurgentium
3534 1414 3543 1422 .

1908 1459 2242 1516 rationabilis
2269 1460 2602 1531 inaequalitas
2628 1462 2750 1530 erit,
2781 1464 2920 1517 sicut
2960 1471 3043 1518 est
3093 1477 3274 1518 iocum
3309 1463 3535 1533 quibus.

1908 1542 2099 1606 cantus
2129 1551 2414 1621 impletur;
2445 1551 2549 1607 hoc
2586 1552 2679 1607 fiet
2698 1552 2889 1622 cuique
2919 1552 2986 1608 dc
3014 1553 3239 1608 materie
3263 1553 3530 1622 corporis,

1908 1643 2014 1709 sui,
2043 1642 2188 1716 quod
2211 1651 2266 1699 et
2292 1642 2564 1699 hominem
2603 1643 2831 1699 reddat‘
2872 1644 3129 1715 angelicis
3164 1645 3412 1711 canibus,
3450 1653 3537 1699 et.

1910 1734 2043 1790 nihil
2082 1735 2466 1791 inconveniens
2513 1751 2699 1792 eorum
2741 1736 2953 1807 ingerat
2981 1737 3249 1792 sensibus.
3280 1736 3521 1792 lndeco-~~

1908 1841 2029 1882 rum
2073 1828 2271 1897 quippe
2311 1826 2510 1897 aliquid
2542 1826 2615 1881 ibi
2645 1843 2751 1882 non
2789 1827 2922 1895 erit;
2954 1827 3048 1883 sed
3074 1828 3328 1900 quidquid
3358 1829 3509 1883 futuq

1909 1934 2029 1974 rum
2059 1927 2163 1988 est,
2194 1918 2297 1975 hoc
2325 1918 2563 1986 decebit;
2598 1919 2720 1990 quia
2768 1934 2867 1975 nec
2911 1919 3146 1976 futurum
3176 1930 3278 1989 eet,
3306 1920 3351 1975 si
3396 1936 3533 1976 non.

1909 2011 2138 2068 decebit.

1980 2102 2210 2159 CAPUT
2248 2100 2383 2158 XCI.
2409 2132 2483 2144 —
2509 2102 2792 2175 Resurgent
2818 2104 3018 2175 piorum
3069 2119 3283 2174 corpora
3310 2119 3408 2174 quo
3430 2102 3525 2155 ads

1909 2194 2243 2250 substantiam
2274 2194 2466 2264 carnis,
2494 2195 2584 2250 sed
2608 2195 2717 2251 sine
2744 2194 2883 2250 omni
2911 2195 3051 2250 vitio.
3081 2195 3381 2266 Resurgent
3409 2192 3521 2265 igiw

1911 2296 2000 2341 tur
2027 2295 2337 2343 sanctorum
2366 2301 2593 2358 corpora
2627 2287 2745 2343 sine
2790 2287 2899 2342 ullo
2924 2287 3083 2353 vitio,
3120 2286 3238 2341 sine
3273 2286 3380 2340 ulla
3406 2284 3520 2341 de...

1911 2378 2204 2446 formitate,
2250 2379 2390 2436 sicut
2440 2381 2558 2436 sine
2592 2380 2700 2435 ulla
2749 2380 3113 2451 corruptione,
3144 2394 3333 2443 onere,
3361 2379 3517 2434 difﬁ-

1910 2470 2147 2527 cultate:
2199 2471 2254 2526 in
2305 2471 2501 2542 quibus
2553 2479 2697 2526 tanta
2727 2471 3010 2536 facilitas’,
3062 2478 3258 2541 quanta
3287 2470 3546 2526 felicitas.

1912 2563 2035 2619 erit.
2064 2563 2292 2633 Propter
2319 2562 2463 2634 quod
2493 2571 2547 2618 et
2571 2563 2866 2634 spiritualia
2893 2562 3034 2618 dicta
3062 2569 3207 2629 sunt,
3240 2576 3361 2616 cum
3386 2575 3510 2631 pro-

1912 2655 1997 2711 cul
2025 2654 2188 2711 dubio
2216 2669 2443 2726 corpora
2470 2656 2577 2711 sint
2607 2654 2805 2724 futura,
2835 2671 2943 2711 non
2970 2655 3208 2726 spiritus.
3241 2654 3345 2711 Sed
3373 2655 3531 2710 sicut:

1914 2764 2059 2806 nunc
2102 2764 2300 2821 corpus
2346 2749 2580 2805 animale
2629 2749 2842 2813 dicitur,
2872 2749 3017 2820 quod
3063 2758 3243 2805 tamen
3293 2764 3508 2819 corpus,

1916 2857 2023 2899 non
2053 2842 2229 2898 anima
2257 2850 2375 2909 est;
2419 2841 2491 2896 ita
2518 2850 2647 2897 tunc
2675 2841 2957 2913 spiritualc
3000 2856 3195 2913 corpus
3235 2840 3358 2908 erit,
3385 2855 3511 2895 cor-

1917 2948 2018 3005 pus
2050 2942 2252 3001 tamen,
2286 2947 2391 2989 non
2435 2933 2655 3003 spiritus
2684 2933 2807 2988 crit.
2836 2932 3066 2988 Proinde
3090 2939 3345 3003 quantum
3385 2932 3517 2986 atti-v

1917 3032 2012 3081 net
2050 3024 2120 3079 ad
2166 3023 2588 3094 corruptionem,
2640 3039 2760 3094 qum
2806 3038 2948 3079 nunc
2989 3032 3239 3095 aggravat
3281 3023 3513 3078 animam

1921 3114 2078 3187 (Sap.
2105 3130 2182 3183 ix,
2216 3113 2329 3188 15),
2362 3122 2416 3170 et
2444 3113 2511 3169 ad
2541 3114 2687 3181 vitia,
2721 3115 2915 3185 quibus
2940 3130 3067 3170 caro
3101 3114 3360 3170 adversus
3401 3118 3513 3185 spi-

1920 3209 2081 3265 ritum
2123 3208 2456 3280 concupiscit
2502 3207 2700 3278 (Galat.
2724 3207 2912 3280 v,i7),
2952 3218 3079 3264 tunc
3108 3225 3213 3264 non
3244 3209 3536 3274 eritcaso,.

1919 3299 2016 3356 sed
2045 3313 2271 3371 corpus;
2301 3298 2435 3368 quia.
2477 3308 2531 3353 et
2575 3298 2818 3355 coelestia
2873 3314 3101 3370 corpora
3142 3300 3514 3370 perhibentur.

1920 3392 2150 3464 Propter
2188 3391 2331 3463 quod
2385 3391 2586 3447 dictum
2635 3402 2738 3459 est,
2786 3391 2918 3447 Caro
2968 3403 3014 3447 et
3055 3394 3266 3465 sanguis
3303 3410 3517 3464 regnum

1921 3481 2020 3537 Dei
2060 3499 2163 3537 non
2192 3481 2517 3553 possidebunt
2548 3496 2567 3537 :
2597 3490 2653 3537 et
2682 3491 2933 3553 tanquam
2964 3498 3246 3555 exponens
3276 3485 3401 3555 quid
3432 3484 3518 3539 di-

1921 3574 2081 3643 xerit,
2110 3590 2267 3646 neque
2293 3574 2573 3646 corruptio,
2602 3574 2793 3645 inquit,
2825 3575 3259 3647 incorruptionem
3288 3575 3521 3647 posside-

1923 3671 1991 3725 bit
2022 3670 2065 3743 (Ι
2094 3670 2214 3726 Cor.
2246 3684 2340 3737 xv,
2367 3666 2480 3741 50).
2517 3667 2670 3737 Quod
2698 3668 2847 3739 prius
2876 3668 3028 3734 dixit,
3061 3685 3179 3723 caro
3203 3677 3249 3722 et
3272 3669 3519 3740 sanguis;

1923 3762 2028 3818 hoc
2054 3760 2321 3833 posterius
2341 3760 2494 3826 dixit,
2524 3760 2782 3830 corruptio
2808 3775 2829 3815 :
2857 3768 2913 3815 et
2940 3760 3082 3831 quod
3108 3760 3277 3830 prius,
3304 3776 3518 3829 regnum

1924 3853 2021 3909 Dei
2050 3869 2068 3907 :
2093 3852 2196 3907 hoc
2224 3851 2513 3922 posterius,
2542 3851 2991 3921 incorruptionem.
3042 3850 3308 3917 Quantum
3339 3858 3516 3905 autem

1924 3945 2119 4001 attinet
2159 3943 2228 3999 ad
2252 3942 2626 4010 substantiam,
2658 3943 2819 3998 etiam
2847 3950 2973 3996 tunc
2992 3957 3118 3997 caro
3147 3942 3266 3996 erit.
3291 3942 3525 4011 Pronior

1925 4035 2067 4108 quod
2093 4044 2148 4091 et
2175 4042 2298 4107 post
2326 4033 2779 4090 resurrectionem
2807 4047 3001 4103 corpus
3029 4031 3247 4099 Christi,
3280 4048 3405 4088 caro
3430 4049 3520 4102 ap.-

1924 4128 2125 4198 pellata
2164 4134 2249 4183 est
2287 4124 2438 4198 (Luc.
2483 4140 2629 4193 xxrv,
2679 4122 2792 4197 59).
2820 4123 2924 4180 Sed
2956 4124 3076 4180 ideo
3107 4125 3179 4179 ait
3208 4124 3521 4194 Apostolus,

1928 4218 2223 4275 Semmatur
2256 4234 2441 4288 corpus
2479 4216 2732 4283 animale,
2761 4226 2986 4288 resurget
3023 4232 3208 4287 corpus
3258 4217 3526 4288 spiritualc

1931 4308 1974 4381 (l
2008 4311 2127 4365 Cor.
2158 4323 2248 4376 xv,
2272 4306 2362 4378 Η)
2405 4323 2418 4360 :
2451 4307 2705 4377 quoniam
2738 4316 2882 4361 tanta
2920 4306 3023 4362 erit
3066 4315 3193 4361 tunc
3235 4308 3520 4361 concordia

1928 4416 2108 4458 carnis
2137 4408 2191 4456 et
2216 4398 2459 4470 spiritus,
2482 4398 2784 4454 vivificante
2809 4397 2998 4469 spiritu
3031 4399 3147 4454 sine
3176 4400 3524 4454 sustentaculi

1929 4490 2156 4562 alicujus
2199 4489 2489 4563 indigentia
2519 4489 2786 4545 subditam
2814 4504 3054 4555 carnem,
3098 4498 3157 4544 ut
3197 4490 3329 4545 nihil
3372 4490 3526 4544 nobis

1930 4594 2193 4658 repugnet
2221 4599 2289 4641 ex
2316 4583 2507 4651 nobis;
2538 4583 2635 4639 sed
2662 4583 2801 4639 sicut
2826 4582 2959 4639 foris
2986 4585 3280 4651 nemiuem,
3331 4584 3399 4637 ita
3428 4600 3525 4639 nec

1932 4679 2075 4735 intus
2105 4692 2206 4732 nos
2232 4676 2380 4747 ipsos
2405 4673 2674 4745 patiamur
2700 4674 2967 4730 inimicos.

2002 4768 2231 4828 CAPUT
2260 4767 2420 4825 XCII.
2439 4766 2747 4839 -—Corpora
2775 4768 3135 4823 damnatorum
3158 4769 3331 4841 qualia
3358 4784 3530 4821 rcsurs

1932 4873 2068 4937 gent.
2096 4861 2431 4934 Quicumque
2454 4876 2583 4918 vero
2610 4862 2679 4917 ab
2717 4861 2805 4917 illa
2837 4862 3152 4932 perditionis
3182 4876 3373 4927 massa,
3408 4877 3527 4931 qu:e

1934 4956 2072 5012 facta
2103 4966 2186 5011 est
2220 4970 2321 5026 per.
2346 4955 2619 5011 hominem
2651 4955 2913 5025 primum,
2957 4971 3063 5010 non
3102 4955 3393 5009 liberantur
3434 4971 3531 5025 per

1934 5065 2098 5106 unum
2128 5048 2479 5107 Mediatorem
2511 5048 2606 5104 Dei
2641 5057 2696 5104 et
2736 5048 3009 5104 hominum
3034 5089 3049 5113 ,
3088 5058 3366 5119 resurgcnt
3407 5051 3532 5119 qui-

1934 5141 2057 5198 dem
2098 5142 2258 5196 etiam
2290 5141 2389 5211 ipsi
2427 5140 2788 5210 unusquisque
2815 5154 2935 5193 cum
2966 5154 3063 5194 sua
3108 5155 3270 5195 carne
3294 5183 3309 5208 ,
3351 5143 3445 5197 sed
3477 5150 3535 5199 ut

1935 5250 2057 5292 cum
2097 5233 2311 5290 diabolo
2345 5241 2402 5288 et
2438 5232 2553 5303 ejus
2594 5232 2796 5302 angelis
2826 5231 3132 5302 puniantur.
3177 5233 3362 5290 Utrum
3404 5251 3537 5291 sane

1937 5325 2038 5398 ipsi
2081 5340 2202 5381 cum
2244 5324 2387 5379 vitiis
2429 5333 2483 5379 et
2516 5323 2942 5381 deformitatibus
2981 5339 3201 5381 suorum
3246 5343 3531 5400 corporum

1938 5426 2257 5488 resurgant,
2308 5430 2659 5486 qumcumque
2715 5415 2767 5470 in
2812 5416 2891 5471 eis
2942 5417 3131 5475 vitiosa
3179 5428 3235 5476 et
3273 5421 3533 5477 deformia

1939 5510 2178 5566 membra
2202 5516 2495 5580 gestarum,
2529 5508 2579 5562 in
2612 5508 2935 5578 requirendo
2964 5510 3210 5567 laborare
3241 5514 3366 5585 quid
3400 5532 3535 5586 npus

2006 5692 2020 5723 ¹
2060 5697 2123 5740 Ex
2152 5690 2385 5741 Vaticanis
2406 5696 2512 5739 Mss.
2538 5702 2666 5739 imus
2681 5690 2850 5751 habet,
2874 5692 3122 5751 corporeis
3136 5691 3382 5745 membris.

2006 5756 2025 5785 ’
2062 5753 2191 5821 apud
2234 5761 2331 5800 Ani.
2368 5758 2442 5799 Er.
2481 5760 2580 5821 Dan
2605 5759 2822 5821 et‘Lov.,
2846 5753 3025 5821 reddat
3062 5756 3316 5821 (aqualem.
3364 5759 3530 5817 Abt‘St,

1942 5815 2191 5877 auyimlem,
2221 5826 2246 5862 a
2273 5821 2377 5863 Mss.
2406 5823 2457 5864 et
2479 5816 2540 5863 ab
2557 5815 2771 5865 editione
2798 5816 3003 5865 Arualdi.

2013 5880 2031 5910 ³
2069 5888 2163 5926 λιιι.
2194 5884 2265 5926 Er.
2295 5886 2340 5927 et
2379 5886 2480 5929 llt'S
2499 5877 2845 5939 .\tss.,/'ncilitns
2871 5879 3172 5943 resin'qrmti.
3197 5883 3345 5939 Minus
3368 5889 3532 5941 recte]
