4072 6522
556 459 663 518 275

557 576 687 631 est?
728 572 912 643 Neque
949 571 1092 628 enim
1144 569 1364 640 fatigare
1393 583 1493 624 nos
1521 567 1681 622 debet
1722 566 1923 621 incerta
1959 581 2147 620 eorum

557 661 814 717 habitudo
848 659 930 715 vel
958 658 1323 729 pulchritudo,
1363 672 1592 728 quorum
1623 655 1725 711 erit
1755 665 1899 709 certa
1930 665 1984 709 et
2009 670 2151 709 sem-

557 754 763 823 piterna
790 751 1083 806 damnatio.
1121 748 1230 804 Nec
1259 756 1506 814 moveat,
1538 745 1806 818 quomodo
1838 745 1890 799 in
1934 744 2013 799 eis
2049 743 2152 798 erit

554 860 756 915 corpus
777 842 1204 913 incorruptibile,
1230 841 1275 893 si
1300 839 1482 894 dolere
1505 838 1738 909 poterit;
1767 845 1859 891 aut
1883 834 2150 906 quomodo

552 933 931 1005 corruptibile,
975 934 1022 988 si
1052 932 1186 986 mori
1218 946 1323 985 non
1363 930 1578 1001 poterit.
1606 928 1724 988 Non
1752 937 1835 984 est
1863 929 2004 983 enim
2024 942 2148 982 vera

551 1028 685 1095 vita,
719 1026 822 1081 nisi
862 1025 953 1080 ubi
996 1024 1221 1079 feliciter
1242 1023 1471 1090 vivitur,
1503 1036 1602 1077 nec
1630 1036 1755 1075 vera
1784 1020 2109 1089 incorruptio
2131 1060 2146 1085 ,

550 1121 655 1176 nisi
700 1119 790 1175 ubi
828 1119 976 1175 salus
1012 1117 1161 1173 nullo
1201 1116 1386 1172 dolore
1428 1115 1807 1184 corrumpitur.
1837 1111 1937 1169 Ubi
1972 1120 2149 1167 autem

550 1211 739 1268 infelix
782 1212 918 1266 mori
968 1226 1075 1265 non
1116 1211 1342 1275 sinitur,
1382 1218 1440 1263 ut
1486 1209 1556 1263 ita
1599 1207 1815 1274 dicam,
1859 1220 2006 1260 mors
2036 1206 2149 1275 ipsa

551 1319 660 1357 non
691 1302 915 1358 moritur
942 1318 958 1368 ;
988 1310 1044 1357 et
1081 1301 1170 1355 ubi
1198 1299 1352 1355 dolor
1379 1308 1669 1370 perpetuus
1710 1312 1815 1352 non
1848 1296 2138 1362 interimit,

550 1395 648 1451 sed
670 1394 852 1466 afﬂigit
869 1434 886 1462 ,
916 1395 1029 1464 ipsa
1052 1393 1324 1463 corruptio
1354 1406 1461 1446 non
1480 1391 1683 1446 finitur.
1716 1390 1841 1446 [hec
1859 1389 1911 1444 in
1938 1388 2144 1443 sanctis

552 1485 849 1557 Scripturis
871 1526 885 1552 ,
912 1489 1134 1539 secunda
1172 1499 1308 1538 mors
1334 1482 1528 1539 dicitur
1547 1482 1567 1555 (
1587 1482 1747 1554 Apoc.
1775 1498 1830 1547 ll,
1864 1482 1952 1545 11,
1982 1490 2029 1534 et
2050 1495 2147 1547 xx,

554 1577 765 1651 6,14).

623 1670 853 1727 CAPUT
906 1670 1420 1737 XClll.—Quorum
1472 1668 1824 1724 damnatorum
1865 1671 2041 1739 futura
2081 1668 2149 1723 sit

550 1761 819 1815 mitissima
843 1777 1009 1830 pana.
1050 1760 1159 1816 Nec
1192 1762 1365 1833 prima
1410 1769 1587 1815 tamen
1624 1774 1726 1831 qua
1767 1774 1920 1814 suum
1950 1772 2147 1830 corpus

549 1853 728 1906 anima
768 1852 1072 1922 relinquere
1114 1852 1357 1922 cogitur,
1400 1865 1500 1906 nec
1535 1850 1768 1906 secunda
1806 1865 1908 1921 qua
1940 1852 2148 1920 pcenale

552 1957 750 2012 corpus
786 1943 1005 1998 anima‘
1048 1942 1352 2013 relinquere
1396 1956 1502 1997 non
1550 1942 1905 2011 permittitur,
1946 1941 2147 1997 homini

549 2032 862 2097 accidisset,
914 2033 957 2087 si
1002 2047 1160 2087 nemo
1203 2040 1501 2103 peccasset.
1548 2032 1824 2087 Mitissima
1861 2046 1990 2089 sane
2032 2048 2147 2086 om-

549 2125 697 2178 nium
726 2139 885 2195 paena
909 2125 1012 2180 erit
1035 2139 1221 2179 eorum
1245 2125 1332 2194 qui
1360 2133 1557 2195 prmter
1581 2133 1858 2193 peccatum
1880 2122 2024 2194 quod
2042 2125 2148 2178 ori-

548 2215 728 2286 ginale
771 2222 1085 2281 traxerunt,
1130 2214 1332 2269 nullum
1364 2218 1580 2283 insuper
1613 2212 1971 2267 addiderunt:
2000 2221 2055 2267 et
2092 2212 2143 2265 in

549 2305 764 2360 caeteris
790 2306 885 2376 qui
909 2305 1247 2373 addiderunt,
1278 2313 1426 2360 tanto
1466 2306 1691 2375 quisque
1727 2304 2143 2359 tolerabiliorem

548 2395 623 2450 ibi
651 2396 862 2452 habebit
884 2396 1301 2462 damnationem,
1331 2407 1533 2467 quanto
1555 2396 1640 2451 hic
1674 2396 1934 2451 minorem
1963 2395 2147 2451 habuit

551 2486 911 2557 iniquitatem.

619 2578 848 2637 CAPUT
882 2578 1062 2636 XCIV.
1094 2610 1163 2623 —
1188 2580 1278 2636 2‘.
1314 2578 1381 2636 In
1416 2580 1519 2635 vita
1546 2589 1737 2636 caterua
1760 2578 1920 2640 sancti
1951 2578 2149 2650 plenius

549 2679 849 2742 cognoscent
868 2672 993 2743 quid
1015 2673 1087 2727 eis
1106 2671 1375 2728 contulerit
1406 2673 1592 2744 gratia.
1610 2672 2027 2728 Remaneutibus
2048 2671 2146 2726 ita-

547 2780 654 2835 que
678 2764 883 2835 angelis
928 2774 983 2819 et
1022 2764 1327 2820 hominibus
1366 2765 1609 2835 reprobis
1634 2765 1685 2819 in
1727 2774 1925 2819 mterna
1956 2779 2145 2835 pmna,

546 2865 677 2912 tunc
723 2858 891 2912 sancti
933 2857 1103 2912 scient
1150 2858 1360 2928 plenius
1405 2856 1533 2927 quid
1564 2857 1689 2911 boni
1734 2857 1817 2912 eis
1857 2857 2149 2912 contulerit

547 2948 738 3015 gratia.
764 2946 914 3000 Tunc
940 2946 1104 3002 rebus
1124 2946 1252 3016 ipsis
1280 2946 1579 3001 evidentius
1604 2947 1883 3016 apparebit
1920 2946 2062 3016 quod
2090 2946 2143 3001 in

550 3039 766 3093 PSalmo
806 3039 1065 3108 scriptum
1096 3048 1201 3105 est,
1236 3038 1639 3092 Misericordiam
1666 3050 1712 3093 et
1741 3038 1999 3109 judicium
2025 3054 2147 3092 can-

552 3130 668 3182 tabo
691 3129 778 3182 tibi
799 3170 814 3194 ,
846 3126 1066 3182 Domine
1096 3127 1283 3203 (Psal.
1314 3144 1366 3195 c,
1400 3126 1466 3200 1)
1496 3144 1511 3195 ;
1544 3130 1663 3198 quia
1694 3130 1799 3183 nisi
1825 3145 1923 3199 per
1945 3129 2151 3184 indebi-

552 3229 665 3275 tam
694 3219 1109 3275 misericordiam
1139 3236 1296 3275 nemo
1333 3221 1624 3288 liberatur,
1655 3231 1707 3277 et
1728 3223 1824 3277 nisi
1854 3238 1949 3294 per
1993 3222 2148 3277 debi-

553 3322 665 3367 tum
686 3312 940 3383 judicium
974 3328 1132 3367 nemo
1168 3313 1469 3368 damnatur.

632 3406 857 3460 CAPUT
896 3404 1296 3460 XCV.—Tunc
1329 3406 1679 3462 revrlabuntnr
1722 3409 1917 3463 occulta
1950 3409 2150 3479 judicia

551 3498 651 3552 Dei
679 3498 732 3552 in
759 3498 1017 3551 hominum
1045 3499 1502 3570 pra'destinatione.
1538 3499 1783 3555 Voluntas
1802 3500 1896 3555 Dei
1916 3501 2150 3572 eﬁicacis-

549 3589 701 3642 sima.
733 3588 882 3643 Tunc
903 3604 1009 3644 non
1037 3589 1220 3645 latebit
1246 3589 1388 3661 quod
1418 3606 1560 3647 nunc
1583 3590 1730 3656 latet,
1767 3608 1887 3647 cum
1918 3592 1984 3647 de
2014 3592 2149 3647 duo-

552 3681 654 3735 bus
688 3682 920 3750 parvulis
948 3698 1089 3738 unus
1128 3693 1272 3738 esset
1314 3683 1670 3739 assumendus
1711 3700 1806 3755 per
1840 3685 2148 3740 misericor—

553 3774 720 3843 diam,
760 3776 897 3831 alius
939 3791 1037 3846 per
1068 3775 1326 3845 judicium
1361 3776 1776 3847 relinquendus,
1821 3776 1874 3831 in
1918 3792 2059 3847 quo,
2106 3778 2150 3831 is

551 3867 642 3936 qui
681 3876 1074 3931 assumeretur,
1104 3876 1420 3937 agnosceret
1474 3868 1599 3937 quid
1640 3868 1740 3922 sibi
1773 3882 1868 3937 per
1893 3867 2148 3938 iudicium

550 3957 861 4025 deberetur,
892 3958 991 4013 nisi
1024 3958 1391 4014 misericordia
1416 3958 1731 4013 subveniret
1767 3974 1781 4023 ;
1811 3973 1909 4013 cur
1938 3958 2027 4013 ille
2054 3972 2151 4027 po-

554 4050 662 4104 tius
687 4066 846 4119 quam
875 4050 974 4105 iste
1001 4049 1157 4104 fuerit
1185 4059 1510 4121 assumptus,
1537 4065 1660 4104 cum
1690 4064 1849 4104 causa
1874 4064 1976 4103 una
2008 4056 2152 4103 esset

556 4141 820 4197 ambobus
862 4159 875 4196 :
906 4156 1004 4197 cur
1029 4142 1168 4212 apud
1196 4142 1455 4212 quosdam
1495 4158 1602 4197 non
1642 4142 1793 4198 facta:
1831 4143 1939 4198 sint
1984 4143 2151 4197 virtu-

556 4240 660 4295 tes,
692 4247 811 4302 qum
832 4233 875 4287 si
904 4231 1057 4287 facta:
1078 4233 1322 4301 fuissent,
1351 4234 1589 4304 egissent
1613 4234 1688 4289 illi
1712 4235 1954 4291 homines
1980 4236 2151 4305 pruni-

560 4323 782 4376 tentiam
807 4325 862 4388 ',
904 4331 961 4378 et
1007 4323 1159 4379 factm
1212 4326 1320 4378 sint
1358 4324 1495 4394 apud
1543 4340 1638 4379 eos
1668 4326 1759 4395 qui
1797 4341 1903 4380 non
1944 4325 2153 4380 fuerant

554 4413 830 4467 credituri.
876 4414 1227 4484 Apertissime
1272 4428 1503 4483 namque
1544 4414 1799 4469 Dominus
1847 4414 2020 4470 dicit:
2063 4413 2154 4469 γω

557 4503 649 4559 tibi
673 4543 687 4569 ,
716 4502 965 4557 Corozain
989 4519 1009 4569 ,'
1047 4520 1122 4558 va:
1158 4503 1563 4571 tibi,Bethsaida
1596 4504 1617 4558 !
1646 4504 1766 4575 quia
1790 4505 1835 4558 si
1858 4506 1912 4558 in
1943 4504 2077 4575 Tyro
2106 4516 2153 4560 et

557 4596 752 4651 Sidone
779 4596 931 4665 facta:
963 4596 1406 4669 fuissent-virtutes
1440 4612 1556 4663 qua:
1586 4600 1737 4667 facta
1763 4605 1879 4651 sunt
1899 4597 1952 4650 in
1991 4597 2151 4665 vobis,

552 4688 677 4742 oliui
721 4688 774 4741 in
806 4687 973 4742 cilicio
1011 4697 1057 4743 et
1094 4688 1260 4742 cinere
1286 4688 1632 4759 paenitentiam
1658 4688 1874 4759 egissent
1914 4687 2153 4759 (Matth.

552 4797 614 4836 ιι
632 4824 653 4847 ,
676 4780 744 4835 2i
762 4781 801 4849 ).
839 4780 953 4835 Nec
992 4780 1174 4851 utique
1218 4780 1357 4834 Deus
1381 4778 1575 4848 injuste
1603 4780 1773 4834 noluit
1797 4779 1974 4835 salvos
2002 4781 2113 4835 fieri
2135 4823 2150 4849 ,

553 4889 678 4928 cum
711 4872 917 4944 possint
944 4872 1077 4927 salvi
1114 4886 1266 4938 esse,
1294 4871 1343 4926 si
1384 4870 1585 4925 vellent
1612 4870 1654 4923 ³.
1687 4869 1838 4925 Tune
1876 4870 1929 4925 in
1960 4870 2151 4926 claris-

551 5024 664 5060 nam
685 5012 748 5063 de
772 5010 999 5063 facilitate
1032 5008 1211 5074 agendi
1237 5008 1398 5073 potius
1418 5007 1525 5057 hzec
1556 5006 1920 5070 interpretanda
1951 5014 2152 5065 senten-

556 5076 625 5121 tia
646 5086 739 5124 est.

621 5136 635 5164 ι
674 5142 781 5183 Lov.
810 5144 863 5185 et
884 5144 1015 5195 Δια,
1040 5132 1269 5183 animam.
1296 5132 1414 5195 Editi
1439 5129 1596 5195 alii_e_t
1618 5137 1746 5195 Mss,
1774 5128 1954 5195 animo.

618 5196 641 5257 ξ
674 5203 869 5256 Septem
893 5190 1019 5257 Mss,
1047 5194 1252 5257 egissent
1277 5193 1440 5257 utique
1462 5190 1537 5243 illi
1560 5191 1773 5257 Impgtines
1804 5191 2147 5257 prmzitentiqnt.

620 5256 647 5287 ι
676 5253 880 5328 veteres
899 5253 1094 5328 codices
1113 5258 1279 5328 viginti
1303 5253 1540 5328 quinque,
1565 5253 1753 5328 scilicet
1775 5253 1963 5328 humani
1983 5253 2153 5328 biblio-

556 5316 717 5366 theca:
752 5319 985 5366 Vaticana:
1007 5319 1103 5367 duo
1120 5353 1134 5376 ,
1162 5314 1223 5367 'et
1245 5314 1542 5368 Parisienses
1574 5317 1652 5365 isti
1674 5314 1930 5366 sexdecim
1950 5350 1967 5372 ,
1991 5318 2152 5377 Regna

557 5377 867 5426 bibliotheca:
890 5390 1034 5435 unus,
1056 5380 1291 5429 Navarrici
1310 5379 1505 5439 collegii
1527 5378 1641 5436 duo,
1657 5378 1906 5427 Sorbonici
1925 5384 2151 5439 quatuor,

553 5440 765 5487 abbatis:
789 5440 940 5486 sancti
967 5440 1165 5487 victoris
1182 5446 1287 5488 tres
1301 5475 1315 5497 ,
1335 5448 1515 5489 sanctae
1537 5439 1797 5488 Genovefte
1819 5451 1961 5494 unus.
1984 5451 2151 5487 emno-

558 5501 627 5550 bii
666 5498 823 5548 sancti
846 5499 1071 5547 Bernardi
1097 5506 1175 5547 Pl’.
1203 5500 1493 5549 r‘ulieusium
1528 5512 1671 5559 unus,
1700 5508 1779 5549 Pf‘.
1815 5500 2151 5549 Dominicano-

556 5574 665 5609 rum
688 5562 765 5608 via
788 5560 994 5609 .Iacobea
1018 5572 1159 5622 unus,
1182 5567 1261 5607 PP.
1285 5562 1703 5610 Franciscanorum
1726 5562 1921 5622 majoris
1937 5574 2152 5611 conven-

550 5630 631 5673 tus
666 5634 794 5685 unus
814 5655 829 5679 ,
850 5620 1059 5685 coenobii
1096 5622 1248 5685 nostri
1281 5624 1621 5685 Germanensis
1652 5624 1781 5681 duo,
1804 5620 2152 5685 prtetereaque

560 5678 917 5733 Lemoviceusis
936 5678 1161 5745 Ecclesia;
1192 5684 1342 5731 sancti
1370 5682 1587 5732 startialis
1604 5696 1745 5741 unus,
1770 5678 1978 5731 abbatiae
1999 5678 2149 5745 nega-

560 5746 817 5797 tispmontis
838 5756 983 5801 unus,
1009 5744 1338 5803 Longi-pontis
1360 5756 1485 5791 unus
1503 5781 1516 5799 ,
1544 5747 1798 5794 Beccensis
1821 5758 1946 5793 unus
1965 5782 1977 5801 ,
1997 5744 2149 5795 sancti

562 5811 689 5858 Petri
711 5807 775 5857 de
798 5806 989 5855 Cultura
1008 5808 1132 5877 apud
1156 5812 1449 5895 oetiomaupos
1462 5818 1606 5895 auus,
1628 5808 1995 5895 Remigii
2022 5808 2149 5895 apud

565 5876 725 5895 ειη-..ηι-
754 5882 874 5895 ...η-ο
931 5876 975 5895 ιιι
1000 5874 1354 5895 αηιιηιιιιςιστηιε
1412 5879 1463 5895 nr-
1503 5878 1681 5895 nloncvc
1740 5880 1762 5895 σι
1804 5876 1879 5895 nnc
1932 5870 1968 5895 ιιὶ
1994 5882 2045 5895 ..Α
2087 5878 2131 5895 AO

564 5876 729 5919 nemos
754 5882 878 5918 unus
896 5902 910 5924 ,
930 5876 981 5916 et
998 5866 1356 5927 antiquissimus
1378 5867 1683 5927 Corbeiensis
1706 5866 1903 5916 habent.
1994 5866 2147 5917 vellet.

558 5939 728 5982 Contra
770 5932 906 5990 editi,
930 5942 1027 5978 uno
1070 5926 1283 5987 excepto
1318 5928 1584 5988 trualdino,
1626 5926 1815 5991 ferunt,
1858 5929 1894 5979 si
1934 5930 2099 5978 uellem
2131 5944 2147 5978 ,-

1056 452 1517 521 ENClllRlDlON,
1557 451 1713 508 SIVE
1753 450 1838 505 DE
1878 448 2054 515 FtDE,
2093 448 2220 506 SPE
2259 446 2355 504 ET
2386 450 2805 519 CllARlTATE,
2838 452 2896 509 S.
2935 450 3302 510 AUGUSTINI

3729 452 3844 511 276

2256 565 2391 620 siina
2420 567 2692 637 sapientiai
2729 569 2847 624 luce
2876 568 3158 637 videbitur,
3184 569 3327 641 quod
3362 584 3505 624 nunc
3539 568 3750 640 piorum
3778 573 3846 627 fi-

2254 657 2350 713 des
2378 657 2566 727 habet,
2600 671 2885 732 antequam
2920 662 3197 718 manifesta
3241 663 3545 729 cognitione
3578 662 3843 729 videatur,

2253 765 2411 821 quam
2449 763 2620 817 certa,
2671 753 3036 821 immutabilis,
3066 754 3437 811 efficacissima
3477 754 3549 808 sit
3588 755 3839 809 voluntas

2254 840 2348 894 Det
2377 857 2392 902 ;
2414 857 2572 912 quam
2600 843 2762 898 multa
2789 845 2957 914 possit
2982 855 3036 899 et
3060 859 3165 900 non
3183 846 3329 910 velit,
3355 845 3491 899 nihil,
3507 854 3690 900 autem
3714 846 3842 900 velit

2253 932 2392 999 quod
2424 948 2528 987 non
2560 936 2727 1003 possit
2761 953 2776 989 :
2806 951 3072 1007 quamque
3097 936 3168 991 sit
3201 952 3385 991 verum
3415 937 3560 1007 quod
3599 939 3651 992 in
3691 938 3848 993 Psal-

2254 1038 2342 1076 tuo
2371 1024 2599 1090 canitur,
2637 1024 2775 1079 Deus
2817 1036 2985 1081 autem
3014 1037 3184 1083 noster
3226 1028 3282 1082 in
3311 1028 3437 1085 ctelo
3464 1046 3669 1083 sursum
3692 1030 3709 1060 ί
3745 1047 3761 1094 ;
3793 1030 3847 1083 in

2253 1116 2375 1169 coelo
2411 1126 2464 1171 et
2490 1116 2543 1171 in
2582 1126 2713 1172 terra
2742 1121 2911 1173 onmia
2943 1136 3269 1192 quaecumque
3290 1122 3469 1187 voluit,
3514 1124 3633 1193 fecit
3660 1122 3845 1194 (PsaL

2253 1221 2403 1272 cxut,
2437 1208 2560 1279 11).
2589 1209 2740 1277 Quod
2766 1212 2948 1281 utique
2976 1228 3079 1265 non
3110 1222 3192 1267 est
3227 1229 3441 1277 verum,
3474 1214 3518 1267 si
3541 1214 3717 1283 aliqua
3748 1231 3846 1266 vo—

2252 1296 2377 1364 luit,
2406 1309 2461 1355 et
2490 1315 2593 1355 non
2623 1300 2747 1355 fecit
2777 1318 2791 1366 ;
2821 1310 2893 1366 et,
2934 1302 3077 1371 quod
3103 1310 3185 1357 est
3223 1302 3523 1374 indignius,
3567 1303 3690 1360 ideo
3734 1320 3841 1361 nou

2253 1385 2408 1456 fecit,
2450 1390 2697 1460 quoniam
2736 1406 2803 1446 ne
2834 1390 2985 1447 fieret
3025 1392 3167 1461 quod
3208 1392 3421 1448 volebat
3462 1395 3804 1464 omnipotens
3828 1434 3847 1461 ,

2253 1479 2497 1535 voluntas
2525 1480 2755 1537 hominis
2781 1482 3075 1552 impedivit.
3120 1483 3234 1538 Non
3265 1499 3391 1555 ergo
3430 1484 3488 1539 fit
3512 1484 3715 1556 aliquid
3751 1486 3849 1542 nisi

2251 1573 2591 1642 omnipotens
2616 1572 2728 1628 fieri
2759 1574 2911 1639 velit,
2954 1574 3037 1629 vel
3076 1576 3302 1631 sinendo
3343 1584 3400 1631 ut
3435 1576 3528 1631 fiat
3551 1617 3573 1643 ,ν
3596 1578 3680 1632 vel
3732 1577 3846 1647 ipse

2251 1664 2514 1721 faciendo.

2320 1757 2545 1814 CAPUT
2572 1758 2981 1815 XCVl.—Deus
3001 1760 3125 1832 facit
3150 1758 3303 1825 bene,
3329 1758 3479 1814 etiam
3500 1761 3716 1816 sinendo
3738 1763 3851 1832 ﬁeri

2249 1852 2401 1908 male.
2427 1853 2535 1910 Nec
2553 1854 2897 1910 dubitandum
2923 1865 3007 1912 est
3025 1856 3187 1911 Deum
3210 1853 3383 1909 facere
3408 1854 3566 1919 bene,
3594 1855 3760 1910 etiam
3780 1857 3853 1910 si-

2250 1943 2424 1998 nendo
2452 1944 2565 2000 fieri
2586 1961 2930 2017 quascumque
2946 1946 3080 2001 fiunt
3100 1945 3263 2001 male.
3283 1944 3397 1999 Non
3431 1946 3574 2000 enim
3603 1946 3711 2002 hoc
3753 1948 3855 2002 nisi

2244 2034 2390 2103 justo
2422 2035 2621 2106 judicio
2658 2037 2823 2104 sinit;
2852 2047 2906 2093 et
2926 2037 3166 2109 profecto
3192 2037 3388 2093 bonum
3412 2048 3494 2093 est
3527 2053 3691 2093 omne
3712 2040 3855 2109 quod

2243 2124 2442 2195 justtun
2464 2137 2564 2183 est.
2578 2129 2830 2198 Quamvis
2843 2145 2971 2201 ergo
2993 2145 3055 2186 ea
3073 2146 3189 2201 quae
3203 2128 3340 2185 mala
3357 2140 3501 2196 sunt,
3521 2131 3572 2186 in
3588 2141 3853 2203 quantum

2250 2219 2387 2274 mala
2413 2230 2567 2289 sunt,
2597 2238 2704 2276 non
2733 2221 2843 2276 sint
2868 2222 3006 2278 bona
3031 2239 3045 2288 ;
3070 2229 3248 2277 tamen
3271 2230 3454 2277 utnon
3484 2223 3661 2277 solum
3688 2223 3852 2286 bona,

2249 2311 2343 2367 sed
2370 2316 2527 2368 etiam
2572 2314 2679 2369 sint
2715 2325 2769 2369 et
2806 2316 2941 2369 mala
2967 2356 2983 2382 ,
3024 2315 3223 2370 bonum
3253 2323 3357 2371 est.
3389 2314 3524 2370 Nam
3566 2315 3673 2371 nisi
3712 2325 3857 2371 esset

2250 2402 2353 2458 hoc
2379 2404 2611 2473 bonum,
2655 2414 2713 2460 ut
2739 2414 2920 2461 essent
2948 2415 3004 2461 et
3031 2406 3171 2461 mala
3195 2448 3212 2475 ,
3253 2408 3399 2461 nullo
3430 2407 3592 2462 modo
3625 2423 3752 2463 esse
3784 2410 3855 2462 si-

2250 2506 2508 2553 nerentur
2557 2498 2625 2554 ab
2661 2499 3027 2569 omnipotente
3072 2498 3215 2555 bono
3254 2516 3269 2553 :
3308 2499 3394 2554 cui
3445 2499 3632 2568 procul
3691 2500 3855 2555 dubio

2250 2603 2408 2660 quam
2438 2588 2594 2645 facile
2621 2598 2705 2646 est
2738 2590 2879 2662 quod
2911 2591 3022 2646 vult
3051 2590 3251 2657 facere,
3279 2599 3387 2646 tam
3416 2590 3572 2647 facile
3600 2600 3689 2647 est
3710 2593 3853 2662 quod

2254 2694 2358 2733 non
2392 2680 2507 2735 vult
2548 2695 2669 2736 esse
2698 2696 2805 2736 non
2832 2682 3029 2738 sinere.
3076 2680 3189 2736 Hoc
3216 2681 3315 2736 nisi
3358 2682 3678 2747 credamus,
3715 2684 3857 2753 ρει-ἰ·

2250 2771 2465 2826 clitatur
2485 2772 2656 2842 ipsum
2685 2781 2895 2828 nostra:
2920 2771 3284 2829 Confessionis
3310 2777 3330 2806 ³
3360 2774 3593 2837 initium,
3625 2791 3733 2845 qua
3759 2790 3854 2830 nos

2253 2861 2304 2915 in
2349 2863 2513 2918 Deum
2544 2863 2754 2918 Patrem
2786 2863 3206 2934 omnipotentem
3250 2863 3471 2920 credere
3506 2864 3849 2923 confitemur.

2252 2953 2434 3024 Neque
2459 2955 2601 3010 enim
2642 2955 2711 3011 ob
2738 2955 2879 3009 aliud
2913 2954 3177 3011 veraciter
3214 2964 3434 3015 vocatur
3468 2956 3846 3027 omnipotens,

2254 3048 2359 3101 nisi
2382 3048 2628 3118 quoniam
2654 3047 2907 3123 quidquid
2934 3048 3046 3101 vult
3072 3055 3274 3118 potest,
3302 3062 3403 3104 nec
3425 3048 3710 3104 voluntate
3751 3064 3847 3103 cu-

2249 3138 2478 3208 iuspiam
2525 3149 2785 3195 creatura:
2825 3139 3115 3195 voluntatis
3152 3139 3537 3211 omnipotentis
3566 3142 3854 3213 impeditur

2253 3231 2493 3287 effectus.

2324 3323 2555 3379 CAPUT
2594 3322 2799 3378 XCVII.
2823 3354 2895 3364 —
2925 3322 3171 3380 Voluntas
3197 3326 3292 3379 Dei
3316 3325 3513 3380 saluare
3543 3327 3762 3382 volentis
3786 3345 3857 3381 an

2252 3416 2559 3488 impediatur
2599 3416 2821 3470 humana
2858 3416 3134 3471 voluntate.
3175 3418 3532 3485 Quamobrem
3564 3420 3853 3474 videndum

2252 3516 2337 3563 est
2360 3506 2816 3580 quemadmodum
2846 3507 2917 3562 sit
2958 3507 3024 3563 de
3072 3508 3183 3564 Deo
3221 3508 3455 3577 dictum,
3497 3511 3623 3579 quia
3673 3521 3729 3566 et
3757 3510 3857 3566 hoc

2253 3602 2531 3658 verissime
2577 3600 2867 3672 Apostolus
2905 3601 3076 3665 dixit,
3124 3600 3227 3670 Qui
3267 3618 3439 3656 omnes
3474 3602 3710 3657 homines
3752 3605 3859 3657 vult.

2248 3694 2417 3749 salvos
2438 3693 2549 3763 ﬁeri
2575 3694 2630 3765 (l
2656 3692 2786 3747 Tim.
2816 3708 2881 3759 ιι,
2914 3694 2948 3748 4
2968 3693 3007 3765 ).
3034 3692 3165 3749 Cum
3192 3695 3335 3749 enim
3368 3711 3472 3750 non
3502 3712 3698 3751 omnes
3718 3738 3733 3759 ,
3758 3697 3853 3752 sed

2255 3786 2421 3841 multo
2450 3786 2631 3857 plures
2658 3801 2762 3841 non
2793 3785 2926 3840 fiunt
2954 3786 3083 3841 salvi
3106 3828 3120 3851 ,
3150 3787 3360 3843 videtur
3379 3789 3566 3859 utique
3592 3805 3701 3844 non
3732 3789 3844 3844 fieri

2254 3878 2395 3949 quod
2441 3880 2579 3934 Deus
2608 3881 2719 3935 vult
2745 3879 2896 3947 fieri,
2928 3878 3158 3935 humana
3191 3881 3399 3936 scilicet
3429 3882 3711 3939 voluntate
3753 3884 3857 3938 im-

2256 3971 2505 4041 pedientc
2551 3972 2880 4028 voluntatem
2932 3972 3049 4029 Dei.
3109 3972 3333 4040 Quando
3395 3974 3537 4029 enim
3598 3978 3855 4046 quaeritur

2255 4078 2414 4117 causa
2465 4078 2561 4118 cur
2602 4079 2709 4118 non
2744 4079 2933 4124 omnes
2976 4066 3109 4120 salvi
3144 4067 3308 4132 fiant,
3349 4067 3670 4137 reSponderi
3716 4071 3856 4125 solet

2256 4155 2377 4224 quia
2417 4153 2519 4209 hoc
2554 4154 2652 4225 ipsi
2686 4157 2889 4211 nolunt.
2934 4156 3089 4225 Quod
3134 4157 3350 4228 quidem
3380 4159 3482 4214 dici
3508 4159 3577 4214 de
3620 4163 3855 4228 parvulis

2256 4262 2363 4301 non
2390 4254 2584 4317 potest,
2608 4262 2833 4317 quorum
2860 4248 3093 4303 nondum
3116 4258 3200 4305 est
3228 4250 3388 4315 velle,
3411 4265 3504 4305 seu
3529 4253 3695 4306 nolle.
3721 4253 3852 4307 Nam

2257 4339 2398 4407 quod
2438 4338 2664 4394 infantili
2692 4340 2712 4371 ³
2738 4350 2887 4395 ιιιοῑιι
2920 4339 3150 4407 faciunt,
3181 4341 3224 4395 si
3254 4356 3441 4396 eorum
3476 4342 3738 4398 voluntati
3764 4346 3853 4409 ju-

2256 4432 2524 4489 dicaretur
2547 4448 2666 4489 csse
2698 4433 3036 4489 tribuendum
3055 4477 3070 4501 ,
3103 4434 3317 4505 quando
3347 4434 3705 4505 baptizantur,
3735 4453 3853 4493 cum

2258 4523 2513 4577 resistunt
2538 4532 2794 4593 quantum
2820 4533 3063 4595 possunt,
3091 4524 3251 4579 etiam
3284 4525 3529 4580 nolentes
3552 4542 3649 4589 eos
3672 4528 3857 4587 salvos.

2262 4615 2373 4669 fieri
2400 4614 2721 4672 diceremus.
2753 4616 2858 4671 Sed
2896 4617 3134 4688 apertius
3176 4618 3431 4673 Dominus
3472 4618 3523 4672 in
3554 4618 3852 4690 Evangelia

2258 4708 2586 4779 compellans
2616 4708 2831 4777 impiam
2859 4708 3129 4764 civitatem
3153 4749 3166 4772 ,
3202 4708 3412 4774 Quoties
3436 4750 3459 4776 ,μ
3483 4709 3659 4779 inquit
3683 4752 3698 4774 ,
3720 4712 3853 4763 volui

2258 4830 2469 4881 cumque
2500 4816 2597 4867 illis
2627 4818 2923 4881 conveniunt
2957 4817 3011 4868 hi
3029 4818 3401 4881 subsequentes
3428 4817 3659 4871 undecim
3692 4833 3855 4868 manu-

2262 4878 2456 4941 scripti,
2484 4892 2613 4943 unus
2645 4887 2698 4929 et
2732 4878 2861 4929 alter
2899 4881 3184 4943 Vaticanus,
3198 4878 3473 4943 'Colberlini
3514 4887 3636 4939 tres,
3684 4882 3857 4943 Regius

2260 4954 2404 4999 unus,
2429 4942 2614 4990 Αιιιοιιὶί
2636 4947 2786 4990 Faure
2804 4942 3020 4991 Doctoris
3039 4941 3271 5003 Theologi
3294 4941 3549 4991 Facultatis
3572 4941 3855 4992 Parisieusis

2260 5015 2403 5059 unus,
2429 5004 2547 5052 item
2560 5003 2867 5061 Sorbonicus,
2887 5003 3179 5062 Victorinus,
3197 5005 3590 5052 Carcassouensis
3613 5013 3668 5053 et
3687 5012 3855 5053 Lemo-

2260 5066 2473 5113 vicensis
2506 5076 2634 5127 unus
2658 5078 2669 5112 :
2697 5076 2972 5127 quanquam
2996 5065 3044 5113 in
3064 5065 3155 5113 isto
3185 5066 3512 5113 Lemovicensi
3531 5100 3547 5120 ,
3573 5068 3623 5114 in
3659 5065 3756 5115 alio
3792 5078 3854 5115 ex

2261 5126 2519 5190 recensitis
2538 5126 2853 5190 Colbertinis,
2869 5127 3019 5190 inque
3042 5138 3139 5174 uno
3163 5138 3226 5175 ex
3239 5127 3489 5190 __\'aticanis
3504 5128 3727 5190 iugulata
3756 5128 3857 5176 fue-

2260 5195 2335 5250 rat
2360 5186 2518 5237 littera
2533 5186 2812 5250 peuultima,
2830 5194 2883 5237 ut
2898 5185 3154 5250 legeretur
3176 5185 3330 5237 vellet.
3357 5185 3685 5243 Lovauieﬁses
3700 5192 3855 5239 Theo-

2262 5248 2361 5311 logi
2383 5250 2433 5296 in
2456 5248 2545 5297 sua
2573 5248 3067 5311 Ορρινιιιιι-ςιιιιεέιιέῑίιιὶ⁸
3084 5248 3299 5311 editione
3321 5250 3622 5311 scripserunt
3653 5251 3712 5298 ad
3738 5264 3859 5299 mar-

2260 5309 2445 5371 ginem.
2470 5329 2515 5371 γι
2533 5309 2673 5360 Forte
2693 5345 2709 5369 ,
2727 5309 2921 5360 vellet.»
2949 5311 3023 5360 sic
3056 5309 3324 5371 legendum
3355 5309 3697 5359 ineunctantcr
3730 5313 3857 5359 allir-

2262 5370 2360 5422 fuat
2380 5370 2659 5421 Guillelmus
2680 5374 2835 5421 [istius
2858 5373 2907 5420 in
2942 5379 3073 5421 Sent.
3104 5370 3123 5418 1
3148 5406 3161 5429 ,
3185 5372 3297 5419 dist.
3332 5371 3411 5428 46,
3439 5384 3604 5432 parag.
3629 5371 3687 5431 ἐς
3714 5386 3773 5422 ac
3791 5376 3857 5422 sic

2261 5436 2422 5495 reipsa
2442 5432 2565 5497 legit
2586 5442 2756 5485 Petrus
2776 5434 3067 5483 Lornbardus
3092 5434 3142 5483 in
3165 5441 3298 5482 Sent.
3330 5434 3373 5491 1,
3396 5434 3512 5486 dist.
3535 5433 3615 5494 45,
3637 5447 3748 5497 mp.
3778 5435 3859 5484 Itis

2261 5502 2437 5544 autem.

2329 5560 2345 5589 ι
2382 5563 2456 5605 Er.
2475 5564 2587 5606 Iov.
2616 5564 2669 5607 et
2692 5566 2800 5606 Arn.
2820 5558 3065 5615 omittunt,
3089 5555 3140 5608 in
3156 5553 3276 5605 caelo
3298 5568 3508 5606 sursum.
3531 5557 3724 5607 Habent
3743 5558 3859 5608 editi

2262 5618 2338 5667 alii
2366 5627 2417 5667 et
2438 5626 2545 5669 Mss.
2571 5620 2649 5668 hic
2671 5620 2787 5669 etin
2806 5624 2965 5667 Enarr.
2986 5621 3035 5667 in
3058 5618 3176 5667 Psal.
3200 5619 3305 5666 115.

2328 5689 2345 5712 ³
2380 5681 2549 5750 aditi,
2571 5688 2748 5750 nostra:
2791 5678 2908 5750 ﬁdei
2964 5678 3296 5750 (ionfessionis.
3326 5680 3473 5728 Abest
3485 5714 3513 5750 _,
3536 5677 3678 5750 fidei,
3700 5692 3729 5729 a
3752 5687 3855 5750 ttss

2260 5747 2601 5853 Etiﬁgopassim
2627 5740 2908 5805 posita'sine
2944 5740 3105 5792 addito
3131 5750 3207 5791 est
3240 5756 3349 5800 vox,
3375 5740 3696 5802 confessionis
3714 5778 3729 5800 ,
3756 5742 3871 5793 lato.

2263 5841 2271 5851 ι
2294 5822 2318 5851 ι’
2459 5821 2487 5852 Ι.

2263 5814 2487 5853 .‘anbf‘ll.

2380 5876 2448 5916 δι’
2472 5876 2565 5916 am.
2596 5874 2666 5915 Er.
2701 5874 2811 5915 nan,
2838 5873 2885 5937 et
2911 5866 3089 5929 aliquot
3114 5872 3217 5915 Mss.
3247 5872 3299 5916 At
3322 5871 3432 5915 Lov.
3462 5873 3511 5916 et
3539 5874 3673 5927 Anu,
3701 5864 3858 5930 infati-

2292 5946 2311 5977 ἷί
2336 5946 2368 5979 ι.

2265 5938 2368 5980 fult.
