4072 6530
229 459 339 515 ιιι-ι

231 569 474 642 colligere
497 567 633 638 ﬁlios
673 573 785 621 tuos
814 565 945 620 sicut
984 562 1181 638 gallina
1203 562 1372 634 pullos
1393 576 1531 625 suos,
1576 568 1624 614 et
1654 559 1824 613 nolui-

233 663 302 719 sti
339 657 572 731 (Matth.
613 659 772 726 xxui,
802 655 910 729 57)
940 657 954 712 !
989 666 1239 727 tanquam
1266 654 1360 709 Dei
1389 651 1639 708 voluntas
1668 665 1831 720 supe-

238 764 356 811 rata
382 755 453 810 sit
485 753 764 808 hominum
786 750 1058 807 voluntate
1080 792 1096 816 ,
1124 757 1180 805 et
1198 745 1578 803 inﬁrmissimis
1602 742 1836 800 nolendo

238 846 661 917 impedientibus
680 858 787 899 non
810 841 1043 912 potuerit
1068 839 1248 896 facere
1273 836 1674 909 potentissimus
1695 833 1839 907 quod

238 940 485 995 volebat.
524 938 595 993 Et
612 937 707 993 ubi
745 946 830 992 est
853 934 953 991 illa.
972 932 1358 1004 omnipotentis
1380 972 1396 998 ,
1425 944 1529 1001 qua
1563 929 1619 983 in
1646 929 1770 983 calo
1794 936 1842 982 et

236 1033 294 1085 in
320 1041 455 1085 terra
490 1029 663 1085 omnia
686 1042 1012 1097 quacumque
1030 1024 1211 1090 voluit,
1240 1023 1385 1096 fecit;
1411 1021 1460 1076 si
1499 1020 1753 1091 colligere
1780 1017 1843 1071 il-

240 1124 349 1179 lios
394 1121 692 1178 Jerusalem
729 1119 933 1185 voluit,
980 1125 1036 1174 et
1073 1131 1181 1172 non
1214 1115 1384 1171 fecit?
1409 1114 1495 1169 An
1531 1113 1711 1185 potius
1756 1110 1842 1165 illa

238 1213 467 1286 quidem
494 1211 634 1267 ﬁlios
659 1226 788 1267 suos
814 1211 884 1266 ab
909 1211 1028 1282 ipso
1051 1207 1230 1279 colligi
1252 1205 1423 1261 noluit
1445 1246 1462 1273 ,
1491 1204 1588 1261 sed
1615 1220 1678 1259 ea
1706 1217 1844 1273 quo-

240 1320 355 1375 que
379 1303 595 1359 nolente
623 1302 760 1357 ﬁlios
789 1304 907 1373 ejus
934 1298 1150 1370 collegit
1174 1299 1288 1369 ipse
1316 1311 1451 1368 quos
1479 1294 1693 1351 voluit?
1720 1293 1844 1365 quia

240 1396 301 1451 in
326 1394 453 1450 creto
481 1403 526 1447 et
551 1394 604 1447 in
626 1402 761 1448 terra
779 1434 795 1458 ,
825 1407 931 1447 non
961 1390 1207 1463 quasdam
1232 1388 1398 1444 voluit
1420 1396 1475 1443 et
1501 1386 1654 1453 fecit,
1695 1400 1844 1455 quae-

243 1484 377 1541 dam
405 1498 532 1540 vero
559 1483 726 1539 voluit
753 1492 808 1539 et
841 1498 947 1538 non
983 1482 1108 1538 fecit
1140 1496 1153 1548 ;
1191 1479 1286 1536 sed
1320 1478 1491 1534 omnia
1524 1491 1848 1548 qua-cumque

242 1575 433 1639 voluit,
461 1576 599 1645 fecit.

326 1666 552 1724 CAPUT
582 1665 809 1722 XCVIII.
830 1696 902 1707 -—
940 1666 1032 1724 25.
1072 1665 1209 1720 Deus
1236 1665 1326 1721 etsi
1370 1671 1529 1736 potest
1568 1670 1851 1717 convertere

246 1775 382 1831 quos
396 1758 628 1823 uoluerit,
658 1776 759 1813 non
777 1767 945 1813 tamen
966 1759 1139 1829 inique
1157 1758 1303 1830 facit,
1342 1772 1457 1811 cum
1483 1754 1615 1810 alios
1643 1768 1851 1808 conver-

248 1853 337 1918 tit,
381 1851 511 1907 alios
546 1868 648 1906 non
673 1852 932 1907 convertit.
968 1851 1233 1924 Originale
1267 1849 1526 1905 vinculum
1560 1847 1850 1903 damnatio-

253 1946 361 2000 nis.
404 1945 539 2015 Quis
561 1961 725 2017 porro
752 1955 860 2002 tam
909 1946 1070 2017 impie
1116 1944 1371 2015 desipiat,
1420 1952 1481 1998 ut
1504 1942 1647 1998 dicat
1687 1942 1851 1996 Deum

254 2039 431 2093 malas
456 2039 732 2094 hominum
759 2040 1064 2096 voluntates
1088 2053 1223 2110 quas
1249 2036 1498 2104 voluerit,
1522 2034 1735 2106 quando
1759 2048 1854 2088 vo—

257 2129 459 2196 luerit,
483 2129 573 2184 ubi
605 2130 852 2197 voluerit,
884 2131 936 2185 iu
956 2131 1155 2186 bonum
1187 2144 1292 2184 non
1314 2143 1475 2199 posse
1499 2126 1854 2183 convertere?

255 2219 369 2276 Sed
397 2236 518 2276 cum
548 2221 693 2286 facit,
724 2238 821 2292 per
858 2222 1277 2278 misericordiam
1314 2222 1440 2276 facit
1472 2239 1485 2274 :
1517 2234 1640 2275 cum
1670 2226 1850 2274 autem

256 2330 369 2369 non
392 2314 545 2382 facit,
573 2316 942 2386 perjudicium
973 2332 1078 2372 non
1108 2316 1253 2372 facit.
1282 2316 1549 2384 Quoniam
1576 2316 1726 2389 cujus
1749 2314 1857 2369 vult

257 2407 555 2475 miseretur,
607 2416 655 2462 et
701 2424 852 2480 quem
890 2409 993 2462 vult
1040 2408 1275 2462 obdurat.
1316 2407 1469 2477 Quod
1511 2416 1570 2463 ut
1609 2406 1855 2463 diceret‘

256 2498 587 2569 Apostolus,
630 2501 853 2570 gratiam
901 2501 1311 2557 commendabat
1356 2499 1467 2558 :ad
1506 2501 1660 2571 cujus
1705 2515 1858 2556 com-

258 2592 665 2651 mendationem
695 2593 762 2649 de
786 2593 891 2649 illis
920 2594 973 2650 in
1006 2595 1265 2651 Rebecca:
1289 2604 1445 2651 utero
1472 2594 1703 2666 geminis
1738 2593 1857 2649 fue-

258 2692 347 2738 rat
368 2684 482 2754 jam
527 2685 760 2749 locutus,
790 2685 987 2758 quibus
1024 2686 1260 2742 nondum
1307 2686 1485 2754 natis,
1519 2702 1621 2743 nec
1662 2685 1861 2758 aliquid

260 2780 548 2849 agentibus
576 2781 699 2835 boni
733 2797 829 2836 seu
861 2782 1019 2847 mali,
1050 2796 1104 2838 ut
1128 2784 1405 2839 secundum
1430 2786 1719 2841 electionem
1743 2801 1864 2857 pro-
1886 2803 1901 2813 ·

261 2873 492 2943 positum
515 2872 607 2927 Dei
637 2884 895 2943 maneret,
920 2893 1022 2931 non
1052 2894 1114 2931 ex
1152 2876 1386 2949 aperibus
1404 2920 1419 2944 ,
1443 2879 1533 2934 sed
1560 2894 1623 2933 ea:
1658 2886 1865 2933 vocante

260 2966 461 3019 dictum
486 2974 558 3021 est
577 2967 644 3034 ei,
673 2967 807 3034 Quia
829 2971 996 3040 major
1028 2970 1203 3025 seruiet
1226 2970 1432 3025 minori.
1466 2970 1697 3042 Propter
1722 2970 1865 3041 quod

261 3058 513 3115 adhibuit
540 3060 771 3118 alterum
800 3062 1174 3133 propheticum
1200 3063 1588 3129 testimonium,
1617 3062 1709 3118 ubi
1731 3063 1866 3120 scri-

264 3160 419 3220 ptum
448 3160 532 3207 est
550 3192 567 3218 ,
597 3151 759 3208 Jaceb
788 3154 966 3222 dilexi,
1011 3153 1149 3211 Esau
1181 3163 1349 3209 autent
1375 3155 1492 3210 odio
1523 3155 1697 3210 habui.
1725 3152 1865 3211 Sen-

263 3243 410 3299 tiens
435 3252 617 3300 autem
658 3245 1107 3316 quemadmodum
1141 3255 1323 3316 posset
1346 3245 1449 3302 hoc
1482 3246 1625 3319 quod
1665 3245 1865 3302 dictum

262 3346 363 3393 est
407 3330 723 3407 permovere
770 3353 863 3394 eos
909 3339 999 3409 qui
1040 3348 1322 3410 penetrare
1368 3339 1714 3411 intelligendo
1758 3354 1865 3395 non

265 3441 499 3501 possunt
528 3431 667 3485 hanc
691 3431 1023 3487 altitudinem
1057 3431 1265 3502 gratim,
1296 3431 1434 3499 Quid
1458 3448 1577 3504 ergo
1599 3431 1823 3486 dicemus
1842 3432 1869 3486 7

263 3523 347 3578 ait
376 3540 392 3589 ;
432 3523 680 3596 numquid
718 3524 956 3595 iniquitas
988 3526 1128 3594 apud
1155 3523 1321 3579 Deum
1360 3524 1387 3578 7
1416 3523 1576 3578 Absit.
1624 3524 1867 3594 Iniquum

263 3618 417 3673 enim
439 3616 651 3673 videtur
678 3658 694 3683 ,
723 3627 784 3672 ut
806 3618 922 3672 sine
946 3616 1071 3673 ullis
1096 3618 1357 3673 bonorum
1384 3617 1712 3672 malorumve
1741 3631 1869 3685 ope-

265 3724 392 3763 rum
418 3707 643 3774 meritis,
673 3724 836 3763 unum
867 3708 1007 3763 Deus
1034 3708 1237 3778 diligat,
1270 3707 1445 3763 oderit
1471 3706 1722 3762 alterum.
1753 3707 1867 3776 Qua

267 3801 325 3853 in
365 3814 425 3855 re
453 3800 497 3854 si
533 3797 712 3854 futura
750 3814 913 3869 opera
936 3800 1022 3855 vel
1048 3798 1186 3854 bona
1214 3798 1370 3869 hujus
1392 3799 1474 3854 vel
1520 3800 1659 3853 mala
1690 3798 1832 3854 illius
1852 3841 1867 3867 ,

265 3908 395 3961 qua:
423 3892 565 3947 Deus
592 3891 776 3962 utique
806 3891 1119 3963 praesciebat
1139 3932 1152 3955 ,
1186 3890 1347 3947 vellet
1384 3891 1644 3962 intelligi,
1671 3905 1872 3961 nequa-

267 3999 435 4053 quam
462 3983 705 4048 diceret,
734 4000 836 4037 non
863 4000 928 4037 ea:
946 3983 1185 4053 operibus
1216 3998 1236 4038 :
1259 3982 1354 4038 sed
1374 3983 1607 4049 diceret,
1631 3998 1696 4038 ex
1727 3982 1872 4037 futu-

270 4079 351 4134 ris
394 4077 644 4148 operibus
683 4092 699 4142 ;
748 4092 920 4147 eoque
966 4076 1127 4131 modo
1159 4076 1314 4131 istam
1349 4077 1583 4131 solveret
1616 4076 1872 4147 quaestio-

268 4186 401 4226 nem
434 4186 449 4235 ;
494 4169 600 4223 imo
625 4169 869 4234 nullam,
920 4184 1078 4238 quam
1110 4168 1245 4223 solvi
1279 4183 1413 4237 opus
1441 4176 1614 4236 esset,
1673 4166 1875 4223 faceret

268 4261 653 4333 quaestionem.
689 4258 845 4315 Nunc
872 4274 1000 4315 vero
1028 4274 1149 4315 cum
1176 4258 1578 4329 respondisset,
1608 4258 1780 4325 Absit,
1820 4258 1873 4314 id

266 4362 359 4409 est
382 4395 399 4420 ,
448 4351 590 4407 absit
619 4362 678 4406 ut
717 4351 787 4407 sit
818 4350 1065 4422 iniquitas
1093 4350 1234 4422 apud
1265 4352 1427 4406 Deum
1456 4368 1471 4417 ;
1504 4365 1630 4406 mox
1655 4358 1715 4406 ut
1740 4365 1872 4421 pro—

267 4448 430 4502 haret
474 4445 614 4501 nulla
656 4444 759 4501 hoc
795 4445 1072 4515 iniquitate
1114 4444 1206 4499 Dei
1255 4443 1407 4510 ﬁeri,
1458 4443 1671 4514 inquit:
1701 4440 1873 4514 Moysi

271 4542 415 4597 enim
438 4540 562 4595 dicit
586 4581 602 4605 ,
642 4538 913 4593 miserebor
949 4538 1097 4609 cujus
1124 4537 1360 4591 misertus
1379 4552 1486 4604 ero,
1516 4546 1563 4591 et
1584 4536 1874 4590 misericor-

271 4634 417 4687 diam
442 4630 693 4704 prrestabo
718 4632 799 4685 cui
820 4630 1104 4685 misericors
1134 4631 1297 4703 fuero.
1325 4628 1456 4696 Quis
1495 4629 1637 4683 enim
1669 4628 1769 4683 nisi
1797 4628 1871 4683 in-

273 4726 485 4795 sipiens
517 4724 687 4779 Deum
722 4723 958 4793 iniquum
989 4730 1183 4792 putet,
1224 4721 1338 4777 sive
1368 4720 1630 4791 judicium
1663 4720 1877 4789 ptenale

278 4820 491 4889 ingerat
519 4817 683 4887 digno
707 4857 724 4883 ,
751 4816 865 4871 sive
904 4813 1328 4870 miscricordiam
1356 4821 1572 4883 prtestet
1613 4810 1831 4882 indigno
1854 4809 1882 4865 Ῡ

279 4911 523 4981 Denique
564 4909 765 4975 infert,
807 4915 861 4963 et
886 4908 1050 4973 dicit,
1082 4905 1248 4979 Igitur
1282 4922 1385 4959 non
1425 4904 1636 4959 volentis
1660 4944 1673 4968 ,
1721 4919 1881 4973 neque

277 5001 560 5067 canentis,
588 5000 678 5055 sed
706 4998 982 5053 misereutis
1011 5007 1083 5053 est
1111 4996 1226 5052 Dei.
1260 4995 1448 5051 Ambo.
1473 4996 1651 5065 itaque
1680 4994 1877 5063 gemini

276 5106 470 5152 natura
486 5093 578 5148 lilii
600 5093 695 5148 ira:
716 5091 1072 5147 nascebantur
1086 5088 1305 5161 (Ep/tes.
1320 5105 1377 5153 ιι,
1396 5088 1476 5159 5),
1495 5086 1654 5141 nullis
1666 5085 1880 5157 quidem

274 5188 536 5260 operibus
562 5186 827 5257 propriis,
857 5184 953 5241 sed
995 5184 1322 5255 originaliter
1354 5198 1422 5237 ex
1457 5181 1627 5236 Adam
1663 5180 1878 5235 vinculo

274 5281 645 5337 damnationis
674 5279 937 5334 obstricti.
972 5278 1198 5347 Sed-qui
1222 5276 1396 5343 dixit,
1428 5274 1706 5330 Miserebor
1734 5276 1882 5344 cujus

275 5376 517 5429 misertus
541 5389 629 5428 ero
650 5374 669 5404 ³
690 5414 705 5439 ,
738 5371 904 5427 Jaoob
951 5369 1134 5426 dilexit
1163 5385 1262 5440 per
1295 5366 1715 5423 misericordiam
1756 5380 1881 5435 gra-

276 5467 473 5521 tuitam
498 5506 513 5530 ,
564 5463 707 5519 Esau
752 5472 929 5518 autem
958 5462 1081 5516 odio
1107 5461 1291 5515 habuit
1322 5475 1416 5529 per
1438 5458 1697 5528 judicium
1728 5457 1882 5513 dehi-

272 5570 415 5615 tum.
467 5556 621 5626 Quod
666 5570 790 5611 cum
833 5555 1118 5610 deberetur
1146 5551 1432 5615 ambobus,
1465 5549 1517 5604 in
1548 5549 1718 5603 altero
1748 5549 1884 5603 alter

336 5744 353 5775 ¹
394 5742 533 5799 aliti,
564 5740 694 5806 quod
723 5750 836 5806 ciuis
870 5738 1153 5806 ἀξίαι-βέλη
1184 5743 1314 5806 Mss,
1340 5734 1469 5806 quod
1493 5731 1772 5806 utftieeret.
1796 5736 1885 5779 Eo-

265 5808 387 5855 dum
403 5795 556 5856 sensu
575 5795 725 5861 infra,
751 5805 801 5852 in
824 5803 982 5863 capite
1004 5801 1111 5863 tos,
1136 5799 1332 5862 legitur,
1347 5795 1407 5863 _'ut
1424 5796 1513 5863 ltoc
1533 5795 1728 5863 diceret.

337 5873 355 5901 ²
369 5869 493 5939 niui
514 5876 641 5939 post.
658 5857 1000 5939 misertus-ero,
1024 5857 1271 5939 addunt‘mt
1290 5857 1673 5939 ittiset'icordittitt
1689 5859 1891 5939 prterita-

270 5932 332 5981 ὑί]
350 5927 436 5983 cui
459 5921 742 5982 misericors
766 5927 922 5988 fuero,
939 5925 1066 5989 quod
1082 5926 1173 5975 hoc
1190 5922 1294 5974 loco
1318 5936 1413 5973 non
1439 5922 1684 5985 reperitur
1710 5921 1755 5969 in
1780 5926 1883 5967 uss.

1646 443 1851 503 LIBER
1892 443 2090 502 UNUS.

3428 458 3534 515 ΠΒ

1943 560 2158 627 agnovit
2195 575 2302 616 non
2347 562 2416 619 de
2457 564 2568 621 suis
2622 565 2940 625 distantibus
2997 569 3205 628 meritis
3244 570 3347 626 sibi
3410 587 3534 630 esse

1944 651 2275 721 gloriandum
2296 696 2310 721 ,
2341 656 2484 726 quod
2510 658 2563 713 in
2598 659 2785 715 eadem
2821 675 2979 717 causa
3024 661 3165 718 idem
3210 661 3529 735 supplicium

1944 761 2053 802 non
2091 748 2313 805 incurrit
2344 766 2359 816 ;
2391 753 2486 808 sed
2526 752 2595 810 de
2630 754 2826 810 divinae
2860 758 3041 825 gratia:
3069 754 3310 828 largitate
3353 774 3369 813 :
3407 760 3550 828 quia.

1946 854 2047 893 non
2074 840 2283 895 volentis
2309 859 2464 914 neque
2481 848 2750 912 currentis,
2773 848 2863 902 sed
2885 847 3165 902 miserentis
3202 857 3277 903 est
3304 847 3415 902 Dei.
3437 849 3533 902 Αι,

1947 931 2158 988 tissimo
2185 935 2379 1006 quippe
2420 952 2486 992 ac
2523 938 2879 994 suluherrimo
2907 951 3242 997 sacramento
3282 942 3537 996 universa

1947 1019 2133 1092 facies,
2170 1035 2350 1097 atque,
2392 1036 2449 1083 ut
2478 1029 2549 1083 ita
2577 1030 2826 1099 dixerim,
2854 1032 3031 1088 vultus
3059 1041 3362 1088 sanctarum
3392 1033 3539 1089 Scri-

1949 1125 2247 1187 pturarum,
2280 1119 2417 1176 bene
2455 1121 2724 1178 intuentes
2753 1122 2807 1178 id
2826 1123 3117 1181 admonere
3152 1125 3448 1192 invenitur,
3479 1134 3538 1180 ut

1948 1208 2041 1280 qui
2059 1210 2309 1282 gloriatur
2326 1253 2341 1279 ,
2364 1213 2418 1268 in
2447 1213 2669 1271 Domino
2695 1216 2942 1288 glorietur
2970 1219 2989 1288 (
3011 1218 3031 1272 ι
3056 1217 3173 1274 Cor.
3203 1234 3241 1286 ι,
3270 1220 3329 1274 51
3350 1218 3395 1293 ).

2022 1304 2248 1363 CAPUT
2270 1306 2454 1362 XCIX.
2471 1340 2543 1350 —
2561 1308 2629 1366 Ut
2655 1326 2841 1384 magna
2862 1312 3080 1367 bonitate
3100 1313 3361 1366 miseretur
3380 1310 3537 1378 Deus,

1949 1397 2023 1452 ita
2048 1399 2191 1454 nulla
2214 1399 2477 1470 iniquitate
2503 1402 2736 1460 obdurat.
2768 1407 3061 1476 Apostatica
3089 1405 3259 1459 radix.
3287 1403 3419 1461 Cum
3441 1421 3541 1459 au-

1953 1498 2058 1545 tem
2085 1491 2177 1546 Dei
2199 1492 2615 1549 misericordiam
2642 1496 3070 1552 commendasset
3097 1497 3147 1551 in
3191 1511 3257 1552 eo
3278 1494 3419 1565 quod
3447 1495 3542 1559 ait,

1952 1578 2121 1653 Igitur
2143 1599 2244 1638 non
2286 1584 2515 1650 volentis,
2546 1603 2703 1658 neque
2722 1588 2996 1655 currentis,
3043 1587 3135 1643 sed
3163 1586 3442 1641 miscrentis
3470 1596 3545 1640 est

1955 1672 2051 1729 Dei
2080 1689 2100 1739 ;
2127 1673 2321 1731 deinde
2344 1684 2403 1731 ut
2426 1677 2587 1733 etiam
2621 1677 2884 1748 judicium
2932 1678 3331 1734 commendaret
3373 1676 3545 1749 (quo-

1954 1765 2099 1820 niam
2131 1767 2182 1821 in
2211 1782 2319 1838 quo
2348 1784 2454 1824 non
2497 1769 2556 1824 ﬁt
2583 1771 2979 1839 misericordia,
3026 1786 3130 1826 non
3161 1771 3411 1841 iniquitas
3448 1769 3506 1823 ﬁt
3533 1810 3550 1834 ,

1955 1858 2326 1930 sedjudicium
2360 1878 2374 1927 ;
2400 1877 2506 1916 non
2539 1872 2620 1918 est
2643 1865 2841 1935 quippe
2870 1863 3123 1934 iniquitas
3148 1862 3287 1933 apud
3318 1863 3543 1932 Deum),

1956 1950 2211 2006 continuo
2248 1951 2522 2021 subjunxit
2547 1995 2561 2019 ,
2593 1963 2754 2025 atque
2788 1955 2901 2008 ait:
2936 1953 3071 2009 Dicit
3110 1954 3243 2008 enim
3278 1952 3549 2024 Scriptura

1959 2040 2259 2111 Pharaoni,
2298 2044 2432 2111 Quia
2452 2045 2521 2099 ad
2550 2045 2644 2100 Itoc
2672 2054 2718 2100 te
2745 2045 2959 2100 excitavi
2976 2086 2994 2114 ,
3036 2053 3091 2099 ut
3123 2044 3386 2100 ostendam
3416 2045 3468 2098 in
3504 2052 3552 2096 te

1959 2135 2237 2204 potentiam
2262 2134 2279 2167 ¹
2314 2151 2512 2203 meam,
2544 2145 2591 2191 et
2628 2144 2683 2191 ut
2710 2136 3039 2191 annuntietur
3076 2152 3259 2191 nomen
3292 2150 3460 2191 meum
3497 2134 3552 2187 in

1959 2229 2192 2285 universa
2211 2238 2365 2284 terra.
2391 2228 2596 2296 Quibus
2621 2228 2777 2284 dictis
2800 2228 2865 2283 ad
2895 2238 3181 2298 utrumque
3200 2225 3548 2291 concludens,

1960 2320 2013 2376 id
2053 2329 2169 2389 est,
2211 2330 2267 2377 et
2301 2320 2370 2377 ad
2400 2321 2819 2377 misericordiam
2856 2330 2909 2377 et
2937 2320 3003 2376 ad
3041 2320 3299 2392 judicium
3330 2337 3343 2372 :
3373 2318 3513 2391 Ergo
3535 2361 3549 2384 ,

1963 2414 2154 2485 inquit,
2184 2415 2333 2481 cuius
2358 2413 2464 2468 vult
2492 2414 2777 2479 miseretur,
2807 2421 2853 2467 et
2886 2429 3032 2484 quem
3069 2412 3173 2466 vult
3200 2410 3431 2465 obdurat.
3460 2408 3557 2463 Mi—

1963 2514 2173 2562 scretur
2187 2505 2392 2561 scilicet
2429 2520 2620 2576 magna
2650 2504 2908 2569 bonitate,
2936 2503 3162 2559 obdurat
3190 2503 3331 2557 nulla
3362 2500 3555 2572 iniqui-

1965 2608 2074 2656 tate
2113 2607 2217 2667 ;ut
2256 2613 2357 2654 nec
2381 2598 2633 2655 liberatus
2656 2597 2724 2654 de
2762 2598 2873 2652 suis
2899 2596 3103 2652 meritis
3138 2596 3427 2667 glorietur,
3459 2607 3558 2648 nec

1965 2692 2248 2749 damnatus
2271 2692 2374 2748 nisi
2399 2691 2467 2747 de
2486 2693 2599 2747 suis
2625 2690 2832 2748 meritis
2855 2696 3234 2760 conqueratur.
3263 2687 3384 2743 Sola
3411 2686 3556 2741 enim

1967 2787 2136 2858 gratia
2174 2785 2483 2856 redemptos
2515 2784 2772 2841 discernit
2795 2800 2826 2840 a
2860 2781 3113 2853 perditis,
3151 2795 3284 2852 quos
3315 2781 3365 2834 in
3396 2795 3557 2834 unam

1968 2877 2283 2950 perditionis
2300 2886 2648 2934 concreverat
2667 2891 2898 2933 massam
2917 2877 2983 2932 ab
3002 2875 3206 2946 origine
3225 2873 3381 2929 ducta
3399 2887 3557 2926 causa

1968 2970 2289 3026 communis.
2327 2969 2441 3025 Hoc
2482 2980 2660 3025 autem
2691 2970 2779 3041 qui
2806 2984 2872 3024 eo
2903 2968 3064 3024 modo
3092 2966 3270 3029 audit,
3298 2973 3356 3018 ut
3382 2963 3557 3029 dicat,

1973 3063 2112 3133 Quid
2148 3064 2316 3119 adhuc
2353 3064 2712 3135 conqueritur?
2758 3080 2875 3120 nam
2905 3062 3153 3118 voluntati
3186 3061 3297 3129 ejus
3324 3059 3436 3130 quis
3468 3074 3564 3111 re-

1970 3155 2102 3210 sistit
2131 3154 2159 3210 ?
2189 3163 2441 3226 tanquam
2484 3164 2765 3226 propterea
2814 3154 2988 3211 malus
3029 3169 3137 3208 non
3168 3153 3409 3208 videatur
3442 3167 3565 3208 esse

1970 3247 2269 3320 culpandus
2291 3290 2307 3317 ,
2337 3248 2458 3319 quia
2498 3248 2638 3303 Deus
2685 3248 2833 3320 cujus
2866 3250 2971 3302 vult
3017 3247 3311 3312 miseretur,
3345 3254 3390 3300 et
3419 3262 3564 3315 quem

1972 3341 2079 3394 vult
2125 3338 2390 3394 obdurat:
2413 3339 2554 3394 absit
2597 3346 2655 3392 ut
2694 3339 2889 3410 pudeat
2927 3352 3025 3392 nos
3069 3337 3170 3393 hoc
3201 3336 3564 3404 respondere,

1972 3431 2116 3505 quod
2160 3432 2503 3502 reSpondisse
2542 3431 2783 3486 videmus
2809 3430 3122 3500 Apostolum
3157 3446 3172 3486 :
3207 3428 3253 3484 0
3279 3432 3429 3483 homo
3451 3470 3466 3493 ,
3512 3436 3567 3482 tu

1973 3527 2086 3599 quis
2114 3543 2167 3581 es
2186 3568 2201 3592 ,
2233 3526 2320 3597 qui
2346 3524 2653 3595 respondeas
2697 3523 2804 3579 Deo
2834 3524 2861 3577 Ρ
2902 3521 3172 3593 Numquid
3199 3522 3321 3575 dicit
3347 3522 3564 3592 ﬁgmen-

1976 3628 2083 3671 tum
2110 3618 2156 3671 ei
2180 3617 2270 3690 qui
2296 3634 2348 3672 se
2377 3617 2526 3687 [insit
2550 3658 2565 3683 ,
2594 3614 2768 3682 Quare
2810 3632 2889 3668 me
2913 3615 3074 3687 fecisti
3097 3614 3170 3668 sic
3198 3613 3223 3667 .’
3251 3612 3432 3666 Annon
3473 3614 3568 3665 Ita-

1975 3709 2054 3765 bet
2074 3718 2364 3781 potestatem
2386 3707 2575 3780 ﬁgulus
2596 3707 2692 3762 luti
2730 3723 2793 3762 ea:
2812 3707 2986 3760 eadem
3008 3721 3173 3758 massa
3199 3707 3384 3775 facere,
3425 3702 3569 3755 aliud

1976 3800 2179 3872 quidem
2228 3817 2317 3855 vas
2362 3801 2415 3854 in
2460 3800 2735 3865 honorem,
2781 3795 2926 3851 aliud
2963 3812 3077 3851 vero
3114 3796 3168 3849 in
3211 3794 3567 3849 contumeliam

1977 3891 2171 3965 (Rom.
2200 3907 2275 3957 ιιι,
2310 3890 2472 3945 11-21
2503 3890 2520 3959 )
2551 3889 2585 3944 ἲ
2604 3890 2717 3943 lloe
2744 3888 2861 3943 loco
2888 3886 3029 3942 enim
3055 3884 3268 3956 quidam
3291 3884 3436 3939 stulti
3466 3899 3563 3953 pu-

1978 3996 2093 4041 tant
2135 3974 2451 4056 Apostolum
2492 3984 2544 4037 in
2580 3982 2930 4053 responsione
2970 3978 3267 4043 defecisse,
3300 3986 3355 4033 et
3389 3976 3567 4045 in0pia

1978 4078 2267 4135 reddenda:
2316 4074 2536 4131 rationis
2581 4073 2902 4144 repressisse
2945 4068 3351 4126 contradictoris
3403 4068 3571 4121 auda-

1979 4172 2138 4227 ciam.
2181 4168 2287 4226 Sed
2328 4184 2579 4240 magnum
2623 4166 2783 4220 habet
2806 4164 3013 4234 pondus
3052 4161 3194 4235 quod
3223 4161 3421 4218 dictum
3448 4167 3530 4215 est
3555 4201 3570 4225 ,

1982 4263 2030 4321 0
2049 4265 2219 4331 homo,
2244 4273 2297 4318 tu
2318 4264 2428 4333 quis
2456 4280 2505 4317 es
2531 4261 2555 4317 7
2580 4261 2645 4316 Et
2670 4261 2723 4315 in
2746 4259 2941 4315 talibus
2963 4255 3346 4329 quaestionibus
3371 4254 3436 4309 ad
3462 4268 3574 4308 suae

1980 4355 2291 4426 capacitatis
2330 4352 2813 4409 considerationem
2851 4357 3067 4404 revocat
3105 4346 3379 4402 hominem
3406 4344 3572 4400 verbo

1982 4448 2197 4520 quidem
2228 4447 2380 4503 brevi
2408 4447 2430 4479 ’
2451 4487 2464 4511 ,
2495 4444 2589 4500 sed
2617 4460 2675 4500 re
2701 4444 2813 4514 ipsa
2840 4458 3030 4513 magna
3051 4450 3132 4497 est
3160 4440 3389 4496 redditio
3414 4440 3577 4494 ratio:

1984 4542 2088 4597 nis.
2119 4540 2174 4595 Si
2203 4540 2345 4595 enim
2393 4538 2509 4592 hmc
2550 4551 2655 4592 non
2688 4538 2859 4606 capit,
2885 4536 3006 4607 quis
3027 4543 3108 4590 est
3138 4533 3227 4605 qui
3255 4531 3577 4603 re5p0ndcat

1984 4636 2137 4691 Deo?
2163 4634 2218 4689 Si
2244 4640 2418 4688 autem
2445 4631 2605 4702 capit,
2635 4630 2804 4701 magis
2830 4646 2932 4684 non
2962 4627 3163 4683 invenit
3189 4625 3317 4698 quid
3348 4640 3570 4694 respon-

1985 4725 2128 4781 deat.
2151 4723 2309 4779 V'idet
2328 4722 2491 4787 enim,
2516 4721 2563 4777 si
2579 4722 2743 4794 capit,
2769 4719 3075 4775 universum
3096 4733 3263 4789 genus
3285 4715 3578 4771 humanum

1986 4824 2094 4871 tam
2125 4815 2268 4886 justo
2294 4814 2497 4886 judicio
2540 4814 2723 4869 divino
2749 4814 2803 4869 in
2832 4812 3121 4883 apostatica
3166 4809 3343 4865 radice
3359 4806 3582 4861 damna-

1988 4920 2196 4977 tum,ut
2216 4908 2421 4964 etiamsi
2442 4907 2617 4962 nullus
2634 4906 2756 4963 inde
2772 4906 3105 4968 liberaretur,
3126 4917 3286 4957 nemo
3305 4907 3447 4955 recte
3466 4914 3581 4968 pos-

1989 5012 2071 5059 set
2122 5001 2215 5058 Dei
2236 5001 2541 5071 vituperare
2565 4999 2824 5071 justitiam
2858 5014 2871 5061 ;
2918 5007 2972 5051 et
3012 4995 3099 5066 qui
3134 4993 3458 5056 liberantur,
3503 4990 3582 5044 sic

1989 5095 2290 5167 oportuisse
2313 5093 2549 5159 liberari,
2575 5099 2631 5146 ut
2655 5106 2721 5147 ex
2740 5090 2979 5161 pluribus
3011 5102 3116 5141 non
3147 5082 3405 5147 liberatis,
3425 5092 3585 5152 atque

1992 5189 2044 5243 in
2065 5185 2409 5243 danmationc
2424 5182 2717 5253 justissima
2742 5178 3035 5243 derelictis,
3060 5173 3438 5230 ostenderetur
3458 5173 3585 5244 quid

1992 5279 2276 5335 meruisset
2310 5276 2554 5331 universa
2585 5270 2917 5341 conspersio,
2939 5277 2989 5323 et
3019 5281 3124 5338 quo
3153 5266 3311 5321 etiam
3331 5264 3463 5319 istos
3488 5264 3587 5320 de-

1992 5374 2161 5430 bitum
2187 5370 2445 5441 judicium
2472 5365 2568 5422 Dei
2590 5364 2846 5431 duceret,
2873 5360 2976 5416 nisi
3012 5360 3091 5415 eis
3114 5357 3347 5414 indebita
3378 5356 3589 5412 miseri-

1995 5466 2175 5523 cordia
2204 5461 2514 5518 subveniret
2540 5476 2554 5513 :
2582 5466 2642 5515 ut
2667 5455 2960 5512 volentium
2990 5453 3057 5508 de
3093 5451 3204 5507 suis
3235 5450 3442 5506 meritis
3472 5448 3587 5517 glo-

1996 5560 2142 5622 riari,
2168 5572 2315 5611 omne
2341 5570 2397 5608 os
2426 5554 2714 5607 obstruetur
2738 5547 2863 5624 (Id.
2904 5563 2983 5616 tu,
3010 5542 3116 5617 l9)
3145 5561 3160 5613 ;
3191 5553 3245 5600 et
3284 5543 3371 5611 qui
3401 5542 3593 5613 gloria-

1997 5664 2097 5718 tur,
2126 5653 2177 5705 iu
2199 5648 2417 5703 Domino
2448 5646 2711 5718 glorietur.

2063 5791 2079 5822 ι
2118 5786 2456 5851 aliquoties,
2482 5782 2855 5851 fortitudinem,"
3136 5850 3143 5851 ί
3328 5827 3449 5851 ,M,

2061 5854 2081 5884 '
2115 5832 2456 5901 Eubulidas:
2482 5832 2727 5897 {Elatia
2751 5839 3001 5893 talibus...
3039 5841 3282 5890 revocaret
3321 5832 3574 5887 hominem

2001 5917 2137 5968 verbo
2162 5914 2355 5979 quidem
2382 5910 2554 5971 brevis,
2590 5907 2673 5959 sed
2702 5921 2769 5968 re,
2797 5914 2892 5955 etc.
