4072 6558
470 483 574 539 279

537 589 764 648 CAPUT
781 589 842 645 C.
875 617 944 626 —
969 585 1058 640 ‘26.
1089 581 1239 637 Nihil
1265 580 1377 650 ﬁeri
1403 587 1584 649 prwter
1604 574 1913 630 voluntatem
1938 565 2053 631 Dei,

467 686 620 740 etiam
647 682 769 734 dum
796 680 852 748 ﬁt
877 687 1052 730 contra
1077 675 1186 746 ejus
1207 673 1534 727 voluntatem.
1570 666 1695 721 llmc
1719 671 1848 720 sunt
1873 675 2061 730 magna

468 788 624 841 opera
645 769 852 824 Domini
868 810 883 834 ,
905 765 1154 838 exquisita
1177 763 1230 817 in
1251 777 1423 816 omnes
1452 758 1732 812 voluntates
1752 753 1860 822 ejus
1883 749 2058 821 (Psal.

464 880 535 918 cx
564 905 578 928 ,
609 863 668 933 2)
703 879 715 916 :
743 871 798 917 et
829 871 933 914 tam
965 858 1235 928 sapienter
1261 852 1522 923 exquisita
1547 891 1563 915 ,
1597 855 1652 902 ut
1676 861 1796 901 cum
1825 843 2062 911 angelica

466 964 520 1009 et
548 954 780 1009 humana
810 962 1053 1007 creatura
1082 953 1390 1019 peccasset,
1422 943 1472 998 id
1501 951 1614 1007 est,
1636 954 1747 994 non
1772 935 1912 1007 quod
1940 935 2028 990 ille
2047 975 2063 1000 ,

469 1046 566 1101 sed
593 1044 737 1116 quod
761 1043 927 1099 voluit
949 1043 1062 1112 ipsa
1083 1039 1335 1104 fecisset,
1356 1035 1516 1090 etiam
1541 1049 1634 1102 per
1653 1029 1896 1086 eamdem
1919 1040 2067 1082 crea-

474 1147 610 1190 tura:
635 1135 965 1190 voluntatem
986 1173 1001 1197 ,
1033 1145 1135 1201 qua
1179 1127 1376 1182 factum
1409 1133 1490 1181 est
1529 1121 1670 1194 quod
1713 1120 1939 1176 Creator
1966 1132 2066 1170 no-

473 1230 606 1293 luit,
638 1227 887 1297 impleret
916 1225 1029 1294 ipse
1057 1220 1200 1293 quod
1229 1219 1430 1284 voluit;
1460 1217 1597 1271 bene
1627 1223 1785 1268 utens
1814 1220 1869 1266 et
1887 1209 2064 1273 malis,

481 1333 734 1387 tanquam
756 1332 962 1372 summe
984 1317 1182 1380 bonus,
1209 1311 1273 1366 ad
1302 1324 1486 1366 eorum
1516 1305 1913 1362 damnationem
1936 1314 2071 1372 quos

475 1412 623 1481 juste
656 1408 1051 1480 praedestinavit
1076 1404 1142 1460 ad
1172 1417 1382 1474 pinnam
1406 1443 1421 1469 ,
1453 1409 1507 1456 et
1534 1398 1602 1456 ad
1631 1411 1816 1454 eorum
1843 1395 2071 1450 salutem

484 1519 620 1573 quos
665 1501 893 1570 benigne
949 1496 1345 1570 prmdestinavit
1389 1494 1456 1548 ad
1510 1491 1757 1562 gratiam.
1805 1489 2071 1558 Quantum

485 1594 626 1647 enim
668 1591 734 1646 ad
775 1592 920 1661 ipsos
966 1589 1192 1656 attinet,
1221 1584 1362 1658 quod
1403 1584 1546 1639 Deus
1589 1581 1757 1638 uoluit
1789 1578 2073 1634 fecerunt:

484 1693 740 1754 quantum
775 1697 904 1739 vero
922 1681 989 1736 ad
1018 1677 1460 1750 omnipotentiam
1499 1675 1630 1740 Dei,
1659 1672 1806 1730 nullo
1836 1669 1994 1724 modo
2024 1668 2078 1723 id

486 1775 702 1830 efﬁcere
730 1775 1030 1830 valuerunt.
1059 1772 1171 1827 lloc
1207 1769 1406 1841 quippe
1437 1769 1553 1837 ipso
1589 1764 1733 1836 quod
1762 1772 1948 1820 contra
1980 1777 2072 1815 vo-

489 1867 750 1920 luntatem
789 1863 1034 1920 fecerunt
1071 1863 1220 1933 ejus,
1252 1861 1321 1917 de
1361 1860 1489 1929 ipsis
1522 1857 1664 1913 facta
1705 1867 1788 1911 est
1830 1854 2078 1909 voluntas

489 1957 626 2022 ejus.
649 1956 937 2026 Propterea
966 1969 1194 2025 namque
1224 1967 1409 2023 magna
1442 1967 1596 2018 opera
1637 1947 1879 2012 Domini,
1907 1945 2080 2013 exqui-

490 2049 589 2102 sita
605 2048 657 2100 in
677 2063 848 2100 omnes
866 2047 1148 2100 voluntates
1169 2046 1278 2114 ejus
1295 2059 1314 2108 ;
1331 2049 1388 2096 ut
1410 2040 1547 2095 miro
1576 2048 1628 2092 et
1653 2035 1902 2092 inell'abili
1924 2034 2083 2090 modo

495 2153 602 2193 non
635 2139 728 2192 fiat
769 2147 963 2208 pratter
1001 2136 1117 2208 ejus
1141 2136 1470 2191 voluntatem
1491 2173 1507 2199 ,
1537 2131 1677 2202 quod
1708 2131 1866 2186 etiam
1896 2137 2082 2185 contra

495 2228 615 2297 ejus
635 2227 692 2282 fit
706 2228 1054 2283 voluntatem.
1075 2226 1209 2295 Quia
1230 2241 1336 2281 non
1355 2222 1524 2288 ﬁeret,
1546 2223 1589 2277 si
1608 2237 1713 2276 non
1729 2221 1929 2276 sineret
1952 2237 1966 2274 :
1986 2233 2085 2274 nec

499 2320 681 2389 utique
699 2319 890 2376 nolens
913 2319 1059 2385 sinit,
1079 2317 1172 2373 sed
1192 2317 1410 2383 volens;
1431 2331 1529 2370 nec
1554 2314 1756 2369 sineret
1778 2313 1948 2368 bonus
1969 2311 2084 2368 fieri

497 2413 663 2480 male,
691 2412 790 2466 nisi
819 2412 1159 2482 omnipotens
1179 2418 1232 2465 et
1257 2409 1324 2463 de
1356 2408 1494 2463 malo
1520 2407 1692 2461 facere
1717 2414 1896 2476 posset
1923 2402 2082 2458 bene.

570 2503 797 2560 CAPUT
837 2503 920 2559 CI.
947 2534 1020 2544 —
1068 2502 1309 2557 Voluntas
1351 2500 1450 2556 Dei
1486 2500 1616 2554 bona
1651 2515 1740 2568 per
1765 2499 1921 2553 bonas
1946 2512 2089 2568 taque

498 2607 546 2651 et
591 2595 757 2650 malas
797 2594 1081 2650 voluntates
1123 2594 1386 2648 hominum
1430 2608 1628 2662 semper
1671 2589 1932 2661 impletur.
1972 2589 2088 2650 Ali-

498 2687 712 2758 quando
729 2696 905 2743 autem
931 2689 1065 2742 bona
1087 2686 1363 2742 voluntate
1385 2683 1546 2740 homo
1573 2683 1685 2738 vult
1704 2681 1922 2752 aliquid,
1947 2679 2091 2752 quod

499 2779 644 2835 Deus
671 2793 775 2833 non
801 2778 944 2843 vult,
971 2779 1130 2833 etiam
1164 2777 1277 2848 ipse
1304 2776 1442 2830 bona
1482 2774 1652 2829 multo
1690 2773 1920 2842 amplius
1948 2771 2090 2826 mul-

500 2880 659 2939 toque
684 2869 883 2924 certius
900 2869 1170 2924 voluntate
1195 2885 1207 2922 :
1233 2883 1356 2920 nam
1383 2866 1523 2920 illius
1542 2863 1681 2918 mala
1704 2864 1952 2919 voluntas
1971 2876 2092 2920 esse

500 2975 774 3029 nunquam
808 2968 1001 3030 potest.
1031 2958 1307 3028 Tanquam
1337 2959 1381 3010 si
1413 2957 1585 3010 bonus
1611 2955 1750 3009 ﬁlius
1768 2962 1974 3022 patrem
2002 2968 2095 3008 ve-

502 3051 566 3104 lit
602 3051 816 3113 vivere,
849 3065 1010 3120 quem
1041 3049 1182 3103 Deus
1213 3049 1347 3102 bona
1379 3047 1654 3102 voluntate
1696 3045 1810 3099 vult
1835 3045 1992 3104 mori.
2023 3045 2092 3100 Et

499 3154 689 3195 rursus
719 3139 832 3195 fieri
863 3147 1038 3208 potest
1065 3147 1123 3192 ut
1150 3137 1253 3194 hoc
1280 3137 1408 3191 velit
1435 3136 1596 3190 homo
1623 3134 1897 3190 voluntate
1927 3134 2095 3202 mals,

505 3230 650 3302 quod
677 3231 818 3284 Deus
852 3231 963 3284 vult
989 3230 1128 3284 bona
1155 3247 1168 3282 :
1197 3229 1341 3284 velut
1360 3228 1406 3282 si
1435 3227 1608 3284 malus
1635 3225 1776 3280 filius
1801 3226 1927 3282 velit
1956 3225 2092 3280 mori

510 3333 738 3394 patrem,
761 3324 888 3379 velit
904 3324 1010 3378 hoc
1024 3323 1183 3378 etiam
1203 3323 1360 3376 Deus.
1377 3320 1579 3390 Nempe
1598 3320 1685 3375 ille
1701 3319 1812 3373 vult
1828 3318 1968 3389 quod
1989 3333 2094 3374 ncn

503 3417 617 3472 vult
645 3417 786 3471 Deus
805 3458 819 3482 ,
853 3416 955 3470 iste
983 3429 1112 3470 vero
1141 3414 1192 3468 id
1215 3414 1324 3468 vult
1344 3412 1486 3484 quod
1516 3413 1631 3466 vult
1655 3420 1708 3466 et
1737 3412 1909 3466 Deus:
1930 3418 1984 3466 et
2013 3419 2096 3464 ta-
2153 3421 2161 3430 '

504 3525 630 3567 men
661 3509 814 3565 bona:
838 3509 929 3563 Dei
952 3508 1206 3564 voluntati
1235 3509 1403 3578 pietas
1431 3505 1574 3560 illius
1604 3505 1781 3574 potius
1799 3512 2057 3559 consonat
2077 3541 2096 3569 ,

505 3602 752 3672 quamvis
793 3599 935 3654 aliud
979 3599 1244 3664 volentis,
1276 3613 1434 3667 quam
1481 3595 1640 3666 hujus
1680 3594 1822 3650 idem
1869 3593 2097 3648 volentis

505 3694 771 3766 impietas.
811 3693 1044 3757 Tantum
1081 3693 1305 3746 interest
1344 3689 1471 3761 quid
1514 3689 1653 3744 velle
1697 3687 1938 3754 homini,
1969 3687 2099 3760 quid

507 3789 624 3843 Deo
644 3795 930 3858 congruat,
958 3796 1013 3842 et
1048 3785 1112 3840 ad
1142 3800 1299 3856 quem
1330 3783 1493 3838 finem
1515 3796 1667 3836 suam
1695 3781 1922 3852 quisque
1949 3778 2098 3835 refe-

506 3891 594 3938 rat
613 3881 934 3937 voluntatem
957 3922 970 3945 ,
997 3887 1056 3934 ut
1075 3887 1166 3934 aut
1190 3877 1444 3948 probetur
1469 3885 1561 3932 aut
1586 3873 1936 3945 improbetur.
1962 3872 2097 3927 Nam

506 3975 648 4031 Deus
685 3973 941 4044 quasdam
984 3971 1287 4026 voluntates
1317 3985 1474 4037 suas,
1506 3968 1689 4039 utique
1717 3967 1886 4024 bonas
1913 3966 2101 4034 implet

506 4081 603 4135 per
633 4066 891 4121 malorum
922 4062 1194 4118 hominum
1235 4061 1534 4116 voluntates
1576 4059 1743 4114 malas
1776 4077 1789 4113 :
1823 4059 1960 4114 sicut
2005 4072 2102 4126 per

506 4155 726 4210 Judaeos
768 4154 1062 4210 malevolos
1104 4153 1244 4208 bona
1287 4153 1559 4209 voluntate
1598 4150 1774 4205 Patris
1802 4165 1900 4220 pro
1946 4148 2100 4203 nobis

507 4246 753 4300 Christus
777 4245 988 4300 occisus
1013 4253 1124 4310 est;
1149 4243 1289 4314 quod
1318 4250 1521 4298 tantum
1547 4241 1745 4296 bonum
1777 4241 1970 4295 factum
1994 4247 2098 4304 est,

509 4345 570 4392 ut
597 4336 869 4404 apostolus
897 4336 1086 4390 Petrus
1122 4333 1337 4405 quando
1373 4333 1425 4387 id
1453 4332 1569 4386 ﬁeri
1611 4331 1854 4394 nolebat,
1884 4338 2102 4386 satanas

509 4428 579 4485 ab
608 4428 724 4498 ipso
747 4428 834 4498 qui
853 4427 1024 4481 occidi
1044 4434 1264 4480 venerat
1289 4424 1559 4479 diceretur
1589 4421 1802 4493 (Matth.
1837 4439 1952 4485 xvt,
1975 4421 2093 4494 25).

509 4519 681 4584 Quam
710 4519 864 4572 boum
890 4517 1216 4588 apparebant
1245 4517 1545 4571 voluntates
1582 4513 1793 4582 piorum
1826 4514 2059 4568 ﬁdelium
2081 4556 2099 4581 ,

511 4613 599 4681 qui
640 4610 894 4666 nolebant
931 4609 1232 4680 apostolum
1265 4607 1484 4661 Paulum
1514 4605 1813 4660 Jerusalem
1842 4620 2096 4675 pergere,

509 4718 577 4757 ne
622 4701 692 4755 ibi
723 4707 996 4770 pateretur
1033 4699 1206 4764 mala,
1235 4713 1354 4767 qua:
1401 4696 1617 4768 Agabus
1658 4694 1914 4765 propheta
1961 4711 2098 4764 pra:-

506 4794 717 4848 dixerat
747 4790 884 4862 (Act.
913 4805 1008 4845 ιιι
1028 4831 1043 4856 ,
1079 4787 1301 4860 1Οο12)ἱ³
1329 4795 1383 4841 et
1427 4797 1608 4865 tamen
1635 4787 1774 4840 Deus
1803 4786 1916 4839 hate
1953 4786 2098 4838 illum

509 4885 614 4955 pati
647 4882 860 4938 volebat
906 4896 1002 4952 pro
1032 4878 1400 4935 annuntianda
1427 4877 1535 4932 fide
1575 4877 1805 4941 Christi,
1843 4891 2103 4932 exercens

507 4986 799 5048 martyrem
837 4975 1056 5032 Christi.
1099 4973 1284 5043 Neque
1314 4973 1471 5027 istam
1504 4970 1524 5004 ί
1545 4970 1738 5026 bonam
1769 4970 2096 5025 voluntatem

507 5085 656 5124 suam
687 5068 924 5140 implevit
963 5082 1059 5138 per
1097 5064 1522 5120 Christianorum
1567 5063 1870 5120 voluntates
1901 5062 2095 5128 bonas,

509 5163 605 5218 sed
632 5177 730 5232 per
764 5161 1070 5216 .ludmorunt
1101 5159 1267 5214 malas
1293 5175 1304 5210 :
1327 5167 1380 5212 et
1406 5155 1470 5210 ad
1503 5171 1623 5210 eum
1658 5156 1832 5224 potius
1862 5154 2099 5223 pertinu-

510 5254 640 5307 bant
677 5253 764 5319 qui
805 5251 1057 5307 nolebant
1083 5249 1222 5321 quod
1261 5249 1503 5314 volebat,
1538 5263 1694 5317 quant
1725 5247 1795 5300 illi
1841 5263 1936 5315 per
1965 5260 2097 5316 quos

509 5344 749 5398 volentes
780 5343 974 5398 factum
1001 5341 1248 5413 estquod
1279 5343 1518 5407 volebat;
1547 5339 1670 5410 quia
1711 5340 1936 5408 idipsum
1977 5339 2096 5408 qni-

509 5435 664 5498 dem,
693 5433 787 5487 sed
816 5435 929 5502 ipse
955 5449 1049 5503 per
1082 5449 1175 5490 eos
1215 5433 1351 5488 bona
1373 5475 1387 5498 ,
1417 5435 1491 5488 illi
1522 5442 1698 5488 autem
1726 5432 1863 5486 mala
1905 5430 2095 5487 volun-

511 5536 618 5581 tate
644 5524 902 5578 fecerunt.

581 5613 810 5672 CAPUT
853 5611 962 5668 CII.
1001 5642 1076 5654 —
1123 5609 1372 5668 Voluntas
1421 5612 1520 5667 Dei
1563 5614 1755 5667 invicta
1801 5629 2020 5682 semper,
2048 5620 2097 5666 et

511 5723 767 5778 nunquam
810 5705 983 5771 mala,
1044 5703 1146 5757 sive
1193 5702 1506 5770 misereatur,
1551 5705 1654 5758 sive
1714 5704 1946 5759 obduret.
1989 5701 2096 5758 Sed

511 5797 858 5870 quanta-libet
887 5798 995 5852 sint
1019 5794 1324 5850 voluntates
1351 5795 1437 5850 vel
1465 5796 1774 5864 angelorum
1804 5796 1888 5853 vel
1917 5795 2091 5852 homi-

581 5916 600 5951 ί
625 5917 698 5966 sic
719 5921 822 5964 uss.
855 5921 906 5963 .tt
925 5919 1031 5964 Lor.
1057 5915 1109 5962 et
1136 5917 1262 5973 Arn,
1287 5920 1438 5973 nrqne
1460 5908 1582 5960 enim
1601 5908 1699 5961 istc.

1040 464 1493 531 ENCIIIRIDION,
1539 460 1694 519 SIVE
1735 456 1825 513 DE
1863 450 2040 510 FIDE.
2081 447 2208 502 SPE
2248 445 2666 513 CHARITATE.
2706 451 2762 508 S.
2808 451 3180 510 AUGUSTINI

3645 451 3752 511 286

2170 579 2318 631 num,
2349 567 2428 619 vel
2451 567 2710 623 bonorum
2731 569 2813 624 vel
2841 569 3101 625 malorum
3123 611 3141 638 ,
3168 567 3252 625 vel
3281 568 3408 624 illud
3435 567 3578 639 quod
3611 568 3753 623 Deos

2165 657 2250 712 vel
2274 656 2416 712 aliud
2445 659 2684 714 volentes
2703 674 2861 729 quant
2887 661 3029 717 Deus
3048 702 3064 728 ,
3091 661 3480 732 omnipotentis
3505 663 3755 719 voluntas

2164 765 2378 821 semper
2403 751 2594 805 invicta
2623 760 2708 808 est
2729 770 2742 806 :
2765 768 2885 824 quae
2911 755 3052 810 mala
3078 769 3200 810 esse
3236 771 3510 826 nunquam
3543 765 3754 825 potest;

2169 842 2291 911 quia
2319 843 2481 898 etiam
2504 844 2520 876 ³
2542 858 2662 898 cum
2687 845 2821 900 mala
2852 845 3054 916 irrogat
3073 887 3088 910 ,
3113 845 3256 916 justa
3283 855 3401 914 est,
3433 857 3489 902 et
3515 848 3759 917 profectu

2169 949 2288 1002 quae
2312 933 2454 1004 justa
2494 937 2638 1002 est”,
2667 936 2805 991 mala
2846 952 2955 993 non
2999 945 3104 993 est.
3146 937 3288 994 Deus
3316 939 3480 1009 igitur
3505 941 3756 1010 omnipo-

2174 1034 2294 1080 tens
2335 1025 2447 1080 sive
2474 1040 2570 1095 per
2612 1025 3029 1084 misericordiam
3072 1031 3225 1101 cujus
3261 1031 3376 1085 vult
3416 1031 3756 1098 misereatur,

2171 1117 2286 1173 sive
2314 1133 2411 1186 per
2423 1117 2681 1188 judicium
2707 1136 2864 1190 quem
2890 1123 3003 1177 vult
3027 1123 3250 1180 obduret
3271 1164 3288 1190 ,
3321 1139 3420 1178 nec
3450 1124 3631 1193 inique
3658 1125 3759 1177 ali-

2173 1208 2300 1278 quid
2330 1209 2486 1277 facit,
2515 1224 2615 1266 nec
2645 1210 2746 1265 nisi
2776 1211 2964 1268 volens
2989 1214 3276 1285 quidquam
3305 1213 3465 1282 facit,
3499 1222 3557 1270 et
3585 1217 3769 1270 omnia

2175 1314 2523 1371 quaecumque
2548 1303 2689 1367 vult,
2721 1301 2866 1358 facit.

2247 1390 2472 1446 CAPUT
2500 1390 2632 1447 CIII.
2658 1423 2732 1435 —
2751 1393 2845 1448 27.
2884 1393 3159 1450 Excutitur
3185 1397 3375 1450 dictum
3419 1396 3656 1468 Apostoli
3698 1399 3770 1452 ad

2178 1479 2495 1537 Timotheum
2514 1524 2530 1550 ,
2567 1501 2587 1536 ι
2619 1484 2720 1554 Qui
2746 1487 2858 1541 vult
2878 1501 3067 1543 omnes
3089 1487 3338 1545 homines
3359 1489 3540 1545 salvos
3567 1489 3706 1546 fieri.
3742 1511 3766 1544 ο

2179 1575 2258 1630 Ae
2279 1589 2378 1645 per
2403 1576 2504 1630 hoe
2518 1590 2637 1632 cum
2659 1577 2902 1634 audimus
2918 1589 2972 1635 et
2996 1579 3052 1635 in
3067 1582 3236 1636 sacris
3253 1581 3471 1640 Litteris
3503 1583 3730 1654 legimus
3750 1626 3766 1648 ,

2179 1667 2324 1737 quod
2348 1668 2476 1724 velit
2501 1683 2690 1726 omnes
2713 1669 2957 1726 homines
2981 1673 3160 1728 salvos
3190 1674 3303 1730 fieri
3326 1715 3340 1737 ,
3369 1676 3620 1746 quamvis
3645 1691 3770 1730 cer-

2179 1769 2295 1816 tum
2320 1761 2391 1816 sit
2431 1761 2585 1818 nobis
2623 1778 2731 1820 non
2770 1779 2958 1821 omnes
2995 1765 3239 1823 homines
3267 1768 3446 1823 salvos
3471 1768 3628 1837 fieri,
3664 1785 3770 1826 non

2185 1861 2362 1907 tamen
2385 1853 2507 1908 ideo
2530 1852 2791 1910 debemus
2815 1856 3355 1926 omnipotentissima:
3381 1859 3474 1914 Dei
3505 1861 3776 1916 voluntati

2183 1942 2382 2014 aliquid
2423 1943 2714 2015 derogare;
2745 1946 2842 2002 sed
2881 1946 2950 2002 ita
2984 1949 3283 2019 intelligere
3328 1950 3470 2019 quod
3511 1951 3772 2021 scriptum

2186 2043 2298 2100 est,
2327 2033 2427 2100 Qui
2450 2051 2622 2090 omnes
2651 2035 2878 2092 homines
2911 2039 3019 2092 vult
3043 2040 3208 2093 salvos
3239 2041 3380 2108 ﬁeri,
3411 2049 3667 2110 tanquam
3696 2041 3778 2095 di-

2185 2135 2400 2180 ceretur
2425 2126 2630 2182 nullum
2651 2127 2926 2184 hominem
2948 2131 3061 2186 fieri
3088 2131 3291 2186 salvum
3309 2173 3326 2199 ,
3348 2132 3450 2186 nisi
3474 2147 3636 2201 quem
3662 2131 3778 2188 fieri

2188 2209 2305 2284 ipse
2345 2215 2743 2273 volueritmon
2785 2219 2930 2289 quod
2978 2221 3156 2276 nullus
3208 2223 3279 2277 sit
3326 2221 3641 2289 hominum,
3676 2222 3780 2280 nisi

2188 2323 2349 2378 quem
2377 2308 2582 2366 salvum
2627 2310 2746 2367 fieri
2789 2313 2946 2380 velit;
2978 2312 3072 2369 sed
3115 2313 3259 2384 quod
3300 2313 3478 2370 nullus
3519 2313 3648 2382 ﬁat,
3682 2317 3786 2372 nisi

2189 2414 2348 2470 quem
2377 2401 2545 2468 velit;
2572 2411 2628 2458 et
2669 2403 2792 2460 ideo
2829 2404 2900 2460 sit
2935 2405 3206 2475 rogandus
3247 2414 3305 2460 ut
3348 2407 3510 2472 velit,
3537 2407 3662 2478 quia
3692 2424 3781 2463 ne-

2191 2508 2345 2552 cesse
2367 2503 2450 2550 est
2469 2493 2583 2549 fieri
2604 2494 2655 2550 si
2680 2495 2925 2552 voluerit.
2954 2497 3030 2551 De
3055 2495 3258 2550 orando
3286 2497 3486 2567 quippe
3522 2498 3638 2553 Deo
3660 2514 3784 2570 age-

2192 2587 2283 2642 bat
2301 2586 2588 2656 Apostolus
2610 2627 2629 2655 ,
2656 2595 2717 2643 ut
2737 2588 2839 2644 hoc
2863 2588 3086 2644 diceret.
3113 2587 3204 2645 Sic
3231 2590 3376 2646 enim
3398 2591 3781 2662 intelligimus,

2193 2678 2410 2760 etquod
2441 2679 2498 2734 in
2529 2679 2820 2750 Evangelio
2849 2681 3108 2752 scriptum
3129 2690 3248 2750 est,
3274 2683 3374 2750 Qui
3397 2683 3655 2738 illuminat
3674 2701 3782 2739 om-

2195 2785 2308 2826 nem
2337 2771 2587 2826 hominem
2616 2771 2794 2841 (Joan.
2821 2788 2869 2841 ι,
2891 2773 2946 2844 9)
2969 2789 2985 2828 :
3011 2788 3116 2828 non
3145 2774 3269 2845 quia
3291 2774 3468 2830 nullus
3494 2782 3580 2829 est
3618 2774 3784 2831 homi-

2195 2879 2324 2920 num
2351 2864 2441 2934 qui
2467 2879 2577 2922 non
2596 2865 2949 2932 illuminetur,
2971 2866 3071 2922 sed
3091 2868 3223 2939 quia
3240 2869 3344 2923 nisi
3373 2869 3442 2924 ab
3467 2868 3589 2939 ipso
3617 2871 3785 2924 nullus

2197 2956 2546 3014 illuminatur.
2574 2959 2683 3013 Aut
2708 2967 2856 3016 certe
2884 2959 2962 3014 sic
2989 2958 3192 3016 dictum
3218 2967 3330 3023 est,
3367 2960 3469 3027 Qui
3492 2977 3670 3015 omnes
3695 2962 3783 3015 ho-

2197 3051 2357 3108 mines
2378 3050 2482 3104 vult
2506 3048 2671 3106 salvos
2695 3051 2839 3120 ﬁeri;
2857 3066 2967 3108 non
2982 3051 3123 3124 quod
3144 3053 3321 3108 nullus
3348 3052 3626 3106 hominum
3651 3063 3788 3108 esset

2200 3157 2360 3211 quem
2405 3142 2609 3200 salvum
2641 3143 2757 3198 fieri
2798 3143 2998 3212 nollet,
3024 3144 3116 3214 qui
3145 3144 3370 3199 virtutes
3407 3145 3784 3200 miraculorum

2201 3235 2376 3294 tacere
2395 3235 2568 3292 noluit
2591 3235 2734 3306 apud
2753 3251 2847 3293 eos
2865 3251 3001 3308 quos
3022 3236 3151 3292 dicit
3175 3247 3393 3293 acturos
3422 3238 3586 3293 fuisse
3615 3239 3786 3309 paeni-

2198 3325 2418 3386 tentiam
2445 3327 2490 3382 si
2518 3325 2733 3383 fecisset
2757 3345 2770 3381 :
2793 3327 2888 3382 sed
2915 3337 2974 3384 ut
2997 3344 3168 3384 omnes
3188 3328 3419 3384 homines
3437 3346 3600 3385 omne
3625 3346 3788 3400 genus

2200 3415 2490 3476 lmmauum
2515 3415 2536 3448 ⁸
2566 3416 2922 3488 intelligamus
2951 3433 3046 3488 per
3071 3433 3434 3490 quascumque
3459 3419 3797 3477 differentias-

2201 3506 2572 3574 distributum,
2597 3523 2784 3577 reges,
2816 3509 3052 3578 privatos
3073 3551 3090 3576 ,
3119 3509 3357 3576 nobiles,
3391 3510 3680 3580 ignobiles,
3705 3526 3793 3566 su-

2203 3599 2412 3666 blimes,
2442 3599 2700 3666 humiles,
2728 3599 2948 3667 doctos,
2976 3600 3253 3670 indoctos,
3287 3601 3478 3672 integri
3516 3603 3788 3672 corporis,

2201 3690 2439 3754 debiles,
2491 3691 2830 3762 ingeniosos,
2894 3692 3252 3758 tardieordes,
3302 3693 3515 3762 fatuos,
3562 3695 3790 3762 divites,

2203 3797 2493 3853 pauperes,
2546 3782 2874 3852 mediocres,
2934 3798 3153 3852 mares,
3203 3783 3466 3852 feminas,
3524 3783 3790 3850 infantes,

2203 3889 2432 3944 pueros,
2463 3873 2862 3940 adolescentes,
2903 3874 3164 3945 juvenes,
3194 3876 3469 3942 seniores,
3512 3890 3707 3941 senes;
3742 3876 3790 3932 in

2205 3968 2398 4038 linguis
2443 3967 2725 4034 omnibus,
2772 3968 2829 4023 in
2872 3969 3114 4025 moribus
3154 3969 3440 4035 omnibus,
3488 3970 3542 4024 in
3589 3971 3800 4025 artibus

2203 4061 2451 4116 omnibus
2471 4101 2488 4128 ,
2521 4060 2574 4118 in
2603 4059 3024 4130 professionibus
3064 4063 3344 4127 omnibus,
3374 4063 3427 4116 in
3459 4062 3793 4117 voluntatum

2205 4162 2257 4209 et
2283 4155 2733 4214 conscientiarum
2761 4155 3020 4209 varietate
3044 4155 3421 4210 innumerabili
3447 4157 3790 4223 constitutos,

2204 4254 2258 4300 et
2284 4245 2328 4299 si
2352 4245 2478 4315 qttid
2505 4245 2648 4308 aliud
2672 4244 3094 4301 differentiarum
3115 4256 3196 4302 est
3221 4245 3275 4301 in
3307 4247 3637 4303 hominibus.
3659 4247 3800 4315 Quid

2207 4345 2288 4392 est
2311 4336 2454 4391 enim
2477 4351 2661 4392 eorum
2683 4335 2826 4392 unde
2851 4351 2957 4391 non
2987 4337 3126 4392 Deus
3152 4351 3249 4407 per
3278 4336 3623 4408 Unigenitum
3642 4355 3794 4394 suum

2211 4429 2488 4484 Dominum
2517 4439 2755 4484 nostrum
2782 4443 2881 4499 per
2907 4444 3096 4484 omnes
3124 4438 3310 4500 gentes
3337 4428 3519 4486 salvos
3550 4430 3667 4486 ﬁeri
3696 4429 3794 4485 ho-

2208 4520 2378 4578 mines
2408 4522 2568 4588 velit,
2601 4531 2655 4576 et
2691 4521 2814 4577 ideo
2850 4521 3010 4576 faciat
3034 4521 3078 4587 ⁸,
3109 4523 3232 4590 quia
3282 4524 3632 4591 omnipotens
3659 4524 3795 4578 velle

2209 4613 2438 4669 inaniter
2475 4628 2580 4667 non
2611 4621 2787 4681 potest
2823 4612 3200 4682 quodcumque
3227 4613 3489 4667 voluerit?
3522 4613 3798 4684 Praesepe-

2208 4714 2292 4758 rat
2318 4705 2459 4760 enim
2488 4704 2776 4774 Apostolus
2802 4712 2859 4759 ut
2882 4715 3127 4764 oraretur
3155 4721 3247 4777 pro
3287 4706 3553 4759 omnibns'
3577 4707 3797 4761 htmini-

2209 4798 2298 4852 (ms
2323 4840 2338 4863 ,
2396 4807 2450 4853 et
2475 4798 2778 4867 Specialiter
2801 4797 3078 4852 addiderat
3101 4813 3193 4868 pro
3230 4797 3430 4868 regibus
3464 4807 3508 4851 et
3546 4798 3609 4850 iis
3635 4799 3724 4867 qui
3749 4798 3800 4850 in

2206 4891 2514 4946 sublimitate
2546 4900 2692 4956 sunt,
2719 4891 2810 4961 qui
2841 4890 3018 4962 putari
3046 4899 3326 4960 poterant,
3357 4889 3494 4944 fastu
3523 4899 3577 4944 et
3614 4906 3800 4959 super-

2207 4984 2291 5039 bia
2322 4983 2565 5039 stcculari
2597 4998 2627 5037 a
2664 4983 2787 5037 fidei
2817 4983 3124 5037 christiana:
3154 4981 3454 5036 humilitate
3483 4981 3798 5036 abhorrere.

2208 5077 2437 5134 Proinde
2467 5077 2682 5143 dicens,
2718 5075 2833 5130 Hoc
2871 5076 3002 5130 enim
3041 5077 3227 5130 bonum
3247 5083 3321 5129 est
3350 5090 3520 5126 coram
3550 5074 3803 5128 salvatore

2209 5178 2378 5223 nostra
2406 5167 2509 5221 Dea
2530 5209 2546 5234 ,
2590 5167 2641 5222 id
2670 5175 2754 5223 est
2772 5209 2786 5232 ,
2815 5174 2876 5222 ut
2903 5169 3061 5222 etiam
3093 5182 3190 5236 pro
3218 5165 3414 5219 talibus
3438 5174 3658 5229 oretur;
3693 5174 3798 5217 sta-

2211 5266 2301 5318 tim
2348 5272 2407 5318 ut
2445 5262 2872 5330 desperationem
2925 5260 3168 5325 tolleret,
3197 5258 3436 5324 addidit,
3482 5257 3585 5324 Qui
3629 5273 3800 5309 omnes

2209 5355 2434 5408 homines
2458 5356 2562 5408 vult
2603 5354 2768 5408 salvos
2795 5353 2906 5421 ﬁeri
2925 5394 2938 5412 .
2965 5361 3010 5404 et
3037 5352 3090 5405 in
3119 5351 3429 5421 agnitionem
3456 5349 3682 5401 veritatis
3710 5363 3794 5398 ve—

2271 5473 2287 5503 ι
2323 5469 2519 5528 Quidam
2543 5468 2670 5530 libri,
2708 5479 2818 5530 qua:
2848 5466 3009 5530 ctiam.

2170 5559 2176 5566 -
2270 5537 2289 5566 ³
2326 5527 2454 5589 tota,
2479 5529 2592 5593 quia
2606 5527 2742 5593 justo
2771 5535 2858 5580 est.
2886 5529 2971 5587 Alii
2993 5527 3205 5593 codices,
3229 5531 3484 5590 quwjnsta
3504 5527 3592 5593 est.

2270 5597 2290 5626 ³
2324 5586 2540 5643 Nonnulli
2583 5586 2688 5642 M'ss.
2722 5586 2965 5656 omittunt,
2979 5655 2985 5656 γ
3011 5586 3308 5656 humanum;
3349 5586 3411 5636 et
3450 5586 3648 5650 quidam
3695 5595 3804 5632 cum

2209 5659 2423 5708 editione
2449 5657 2626 5711 Damni,
2655 5656 2761 5715 ejus
2787 5653 2891 5702 loco
2916 5655 3114 5715 habent,
3131 5649 3394 5700 hominum.

2271 5722 2288 5749 '°
2327 5727 2453 5767 t‘uus
2475 5733 2503 5764 e
2531 5713 2763 5766 Vaticanis
2787 5725 2912 5772 3355.,
2938 5713 3040 5778 ﬁat.
3218 5772 3230 5778 _
3333 5771 3361 5778 __
3568 5769 3578 5777 .

2266 5783 2288 5814 ⁵
2322 5789 2422 5830 Am.
2457 5787 2532 5828 Fr.
2578 5786 2694 5829 Dan.
2751 5786 2802 5828 et
2851 5771 3000 5832 m1.
3050 5786 3140 5839 pro
3186 5771 3402 5838 singulis.
3471 5771 3643 5839 verius
3697 5775 3801 5839 stes.

2204 5857 2380 5902 magno
2418 5855 2690 5906 consensu,
2714 5855 2802 5908 pro
2834 5830 3065 5892 onmihns'.
3093 5840 3165 5888 sic
3209 5830 3337 5889 enim
3376 5833 3659 5898 AfOStOlus,
3697 5830 3808 5878 loco.

2152 5963 2156 5965 ἓ
2205 5918 2364 5960 illiilli).
