4072 6524
230 452 328 511 281

233 575 346 628 nire
367 568 413 641 (Ι
443 566 578 623 Tim.
608 580 669 632 ιι,
694 561 835 634 ιρι).
866 558 983 615 Hoc
1002 554 1197 627 quippe
1227 551 1368 607 Deus
1399 548 1596 641 bonum
1623 539 1831 613 judica-

232 667 347 733 vit,
370 638 426 719 ut
447 657 779 718 orationibus
807 651 1085 708 humilium
1114 646 1425 717 dignaretur
1448 638 1671 694 salutem
1699 647 1835 704 prae-

180 754 185 757 i
232 727 385 817 stare
407 752 720 813 sublimium
742 765 755 802 :
776 745 919 819 quod
938 744 1121 813 utique
1139 740 1249 810 jam
1264 734 1508 791 videmus
1534 727 1832 798 impletum.

237 854 351 909 Isto
374 846 661 905 locutionis
685 841 848 899 modo
879 845 935 894 et
958 832 1215 891 Dominus
1242 838 1323 886 est
1352 840 1484 883 usus
1512 824 1566 878 in
1588 820 1833 890 Evange-

237 946 316 1001 Iio
332 986 353 1014 ,
380 942 469 997 ubi
506 941 583 995 ait
610 932 898 993 Phariszeis
921 972 937 998 ,
971 924 1244 982 Decimatis
1268 929 1489 975 mentum
1510 960 1526 985 ,
1557 924 1605 971 et
1627 922 1799 970 rutam
1816 951 1833 978 ,

235 1046 290 1093 et
319 1005 467 1090 omne
494 1033 608 1087 olus
636 1028 787 1102 (Luc.
827 1041 882 1080 ιι
900 1067 917 1091 ,
957 1019 1073 1093 42).
1103 1017 1286 1087 Neque
1313 1011 1457 1069 enim
1486 1005 1838 1102 Pharisaeiet

235 1138 595 1203 quaecumque
618 1097 793 1177 aliena
821 1126 876 1173 et
911 1113 1150 1171 omnium
1176 1124 1274 1181 per
1298 1118 1489 1162 omnes
1510 1110 1682 1159 terras
1702 1097 1837 1153 alie-

238 1187 556 1294 nigenarum
587 1214 767 1271 omnia
810 1210 954 1265 olera
998 1196 1530 1261 deeimabant.Sicut
1574 1206 1702 1263 ergo
1746 1187 1836 1294 hic

236 1281 396 1373 omne
418 1315 530 1369 olus
550 1351 566 1380 ,
594 1322 756 1365 omne
783 1304 989 1361 olerum
1011 1313 1212 1371 genus;
1235 1294 1308 1350 ita
1337 1289 1522 1348 etillie
1548 1300 1719 1342 omnes
1742 1281 1838 1337 ho-

237 1410 444 1473 mines,
475 1416 636 1461 omne
659 1398 938 1456 hominum
968 1406 1137 1465 genus
1177 1386 1475 1457 intelligere
1511 1391 1835 1452 possumus:

238 1511 299 1559 et
324 1510 663 1573 quocumque
687 1492 794 1548 alio
818 1487 979 1545 modo
1006 1482 1231 1554 intelligi
1258 1485 1437 1551 potest
1458 1519 1474 1544 ,
1501 1474 1628 1531 dum
1659 1483 1838 1573 tamen

238 1563 472 1648 credere
517 1563 627 1643 non
672 1596 930 1654 cogamur
968 1573 1168 1647 aliquid
1210 1570 1629 1640 omnipotentem
1672 1563 1839 1617 Deum

240 1684 486 1750 voluisse
505 1680 620 1736 fieri
640 1722 655 1747 ,
686 1677 989 1744 factumque
1014 1684 1121 1725 non
1146 1680 1293 1732 esse;
1325 1662 1415 1735 qui
1442 1661 1557 1716 sine
1582 1656 1704 1713 ullis
1728 1669 1843 1709 am-

240 1745 597 1849 biguitatibus
614 1745 706 1837 ,isi
735 1770 788 1823 in
812 1765 936 1820 caelo
961 1772 1009 1819 et
1031 1763 1085 1816 in
1116 1767 1271 1823 terra,
1304 1755 1442 1811 sicut
1464 1766 1588 1808 eum
1608 1745 1839 1804 veritas‘

240 1843 454 1935 cantat,
490 1864 661 1920 omnia
712 1870 1037 1933 quwcumque
1083 1850 1275 1917 voluit,
1301 1847 1418 1919 fecit
1441 1887 1455 1911 ,
1483 1843 1655 1916 (Psal.
1684 1854 1840 1907 cxnt,

242 1964 271 2020 1
287 1960 366 2035 l),
399 1956 640 2030 profecto
663 1954 841 2009 facere
867 1947 1039 2004 noluit
1064 1943 1435 2017 quodcumque
1456 1952 1565 1993 non
1590 1934 1734 1991 fecit.

316 2026 550 2108 CAPUT
589 2046 725 2103 CIV.
764 2074 837 2085 ——
860 2041 952 2096 28.
987 2038 1117 2105 Quw
1146 2034 1297 2110 fuerit
1338 2032 1572 2087 uoluntas
1599 2026 1694 2081 Dei
1724 2041 1847 2097 erga

241 2143 537 2204 Adamnm,
584 2153 732 2210 quem
784 2141 1106 2205 peccaturum
1158 2125 1473 2200 prwsciebat.
1511 2122 1848 2189 Quapropter

243 2238 410 2296 etiam
433 2234 665 2306 primum
688 2229 963 2285 hominem
989 2225 1132 2280 Deus
1152 2223 1209 2276 in
1235 2235 1296 2276 ea
1318 2218 1489 2273 salute
1510 2215 1563 2270 in
1588 2227 1692 2284 qua
1711 2226 1847 2267 con-

244 2330 394 2387 ditus
440 2334 587 2392 erat,
633 2321 906 2379 custodire
947 2317 1235 2382 voluisset,
1270 2324 1501 2382 eumque
1547 2312 1849 2378 opportuno

245 2433 493 2493 tempore
529 2428 653 2492 post
681 2416 892 2488 genitos
919 2412 1057 2468 ﬁlios
1083 2410 1200 2465 sine
1226 2402 1633 2476 interpositione
1662 2398 1850 2454 mortis

244 2514 319 2573 ad
347 2514 570 2569 meliora
598 2509 894 2581 perducere
913 2547 929 2573 ,
961 2502 1052 2558 ubi
1076 2500 1190 2573 jam
1229 2513 1339 2554 non
1366 2495 1544 2578 solum
1572 2497 1849 2563 peccatum

246 2621 360 2668 non
384 2608 407 2639 ⁸
432 2602 802 2666 committere,
831 2597 925 2653 sed
956 2609 1059 2650 nec
1078 2593 1407 2647 voluntatem
1437 2593 1624 2658 posset
1649 2581 1851 2638 habere

247 2696 547 2769 peccandi,
593 2694 637 2748 si
684 2691 753 2745 ad
801 2684 1228 2760 permanendum
1270 2682 1388 2737 sine
1432 2683 1682 2749 peccato,
1712 2671 1855 2729 sicut

250 2791 431 2844 factus
472 2794 623 2851 erat,
652 2790 967 2854 perpetuam
1007 2778 1337 2832 voluntatem
1378 2770 1685 2827 habiturum
1733 2779 1854 2821 esse

251 2879 578 2951 prmscisset.
611 2875 746 2944 Quia
772 2888 902 2928 vero
937 2886 1061 2927 eum
1088 2868 1229 2924 male
1252 2878 1477 2921 usurum
1505 2860 1677 2917 libero
1705 2856 1851 2913 arbi-

252 2950 393 3039 trio,
422 2973 525 3027 hoc
566 2977 650 3026 est
690 2975 1038 3040 peccaturum
1081 2977 1202 3019 esse
1252 2956 1605 3032 prazsciebat,
1634 2952 1703 3009 ad
1750 2950 1855 3007 hoc

251 3065 437 3136 potius
461 3062 786 3135 prmparavit
808 3059 1139 3114 voluntatem
1172 3068 1353 3119 suam,
1383 3060 1441 3107 ut
1464 3050 1602 3106 bene
1630 3049 1745 3120 ipse
1771 3043 1854 3099 fa-

248 3164 405 3213 ceret
429 3156 590 3211 etiam
614 3154 684 3210 de
712 3152 854 3209 male
882 3149 1143 3215 faciente,
1173 3162 1237 3202 ac
1282 3145 1361 3200 sic
1403 3140 1636 3198 hominis
1660 3138 1853 3193 volun-

252 3258 365 3305 tate
390 3249 533 3304 mala
561 3261 669 3303 non
700 3252 1075 3309 evacuaretur,
1105 3239 1202 3297 sed
1224 3236 1574 3294 nihilominus
1602 3231 1857 3302 implere.

255 3352 345 3397 tur
368 3338 754 3410 omnipotentis
779 3336 941 3392 bona.

327 3432 559 3491 CAPUT
599 3431 711 3487 CV.
744 3460 818 3471 —-
850 3428 1099 3483 Voluntas
1124 3423 1343 3480 hominis
1365 3422 1435 3476 ad
1463 3420 1647 3475 bonum
1675 3425 1722 3473 et
1748 3432 1859 3471 ma-

253 3527 361 3584 lum
386 3527 539 3580 aliter
565 3524 722 3579 libera
750 3524 803 3577 in
830 3522 993 3593 primo
1037 3528 1170 3575 statu
1193 3559 1209 3586 ,
1241 3516 1389 3571 aliter
1432 3516 1487 3569 in
1528 3513 1728 3568 ultimo.
1768 3508 1860 3566 Sic

254 3622 402 3677 enim
430 3618 713 3691 oportebat
738 3615 886 3687 prius
913 3613 1184 3669 hominem
1211 3609 1326 3665 ﬁeri
1345 3649 1363 3676 ,
1390 3614 1451 3663 ut
1477 3614 1533 3662 et
1561 3604 1700 3661 bene
1722 3601 1859 3657 velle

252 3720 471 3785 posset,
498 3722 555 3766 et
579 3709 753 3775 male;
794 3722 894 3763 nec
920 3706 1107 3779 gratis,
1139 3703 1185 3759 si
1214 3702 1383 3767 bene;
1412 3713 1512 3755 nec
1538 3698 1786 3770 impune,
1813 3693 1859 3750 si

254 3805 400 3861 male
428 3822 441 3858 :
472 3811 658 3874 postea
680 3815 811 3857 vero
840 3799 918 3855 sic
946 3798 1071 3863 erit,
1101 3804 1160 3851 ut
1186 3793 1326 3849 male
1351 3791 1492 3847 velle
1520 3805 1627 3845 non
1656 3788 1856 3860 possit;

254 3914 357 3961 nec
382 3897 504 3954 ideo
528 3896 699 3952 libero
728 3893 931 3951 carebit
954 3889 1198 3946 arbitrio.
1222 3886 1389 3942 Multo
1417 3884 1613 3954 quippe
1636 3879 1858 3936 liberius

253 3995 359 4049 erit
388 3992 671 4048 arbitrium
692 4032 706 4055 ,
730 3987 874 4061 quod
901 3987 1124 4042 omnino
1150 3998 1258 4040 non
1285 3980 1484 4053 poterit
1511 3977 1715 4035 servire
1735 3990 1861 4046 pec-

252 4094 399 4140 cato.
428 4082 616 4154 Neque
641 4081 783 4138 enim
823 4076 1086 4150 culpanda
1127 4084 1209 4132 cst
1236 4074 1516 4138 voluntas,
1546 4079 1638 4127 aut
1664 4069 1860 4125 volun-

253 4185 341 4231 tas
370 4189 476 4230 non
519 4182 636 4240 est,
663 4180 756 4229 aut
787 4170 958 4226 libera
1001 4165 1229 4223 dicenda
1273 4180 1378 4220 non
1424 4171 1539 4230 est,
1572 4176 1677 4233 qua
1718 4158 1861 4216 beati

252 4282 380 4323 esse
408 4265 488 4321 sic
511 4264 762 4320 volumus
781 4303 796 4330 ,
828 4270 884 4316 ut
911 4274 1030 4317 csse
1055 4256 1237 4314 miseri
1269 4271 1375 4312 non
1406 4253 1580 4311 solum
1602 4251 1857 4316 nolimus,

254 4359 356 4417 sed
399 4372 736 4429 nequaquam
776 4367 998 4426 prorsus
1024 4346 1163 4407 velle
1202 4348 1492 4419 possimus.
1541 4344 1691 4402 Sicut
1731 4357 1860 4412 ergo

254 4453 438 4509 anima
466 4461 647 4506 nostra
675 4450 834 4507 etiam
856 4460 999 4505 nunc
1025 4444 1170 4500 nolle
1196 4440 1590 4506 infelicitatem,
1619 4438 1691 4493 ita
1716 4436 1861 4492 nolle

256 4545 597 4615 iniquitatem
644 4556 860 4611 semper
904 4538 1152 4594 habitura
1194 4543 1298 4591 est.
1331 4533 1439 4591 Sed
1469 4532 1604 4589 ordo
1632 4539 1862 4601 praeter-

257 4637 557 4697 mittendus
603 4652 709 4692 non
759 4634 890 4701 fuit,
919 4632 973 4688 in
1018 4646 1126 4704 quo
1178 4629 1321 4686 Deus
1364 4626 1532 4685 voluit
1577 4622 1863 4683 ostendere

258 4744 425 4801 quam
468 4730 667 4785 bonum
716 4727 788 4781 sit
827 4723 1024 4781 animal
1068 4721 1331 4777 rationale
1373 4718 1516 4790 quod
1561 4717 1725 4773 etiam
1755 4730 1862 4771 non

260 4837 491 4895 peccare
541 4818 778 4891 possit’,
810 4816 1057 4888 quamvis
1104 4814 1175 4871 sit
1222 4812 1414 4868 melius
1455 4808 1596 4884 quod
1640 4821 1865 4879 peccare

262 4931 373 4971 non
394 4913 566 4984 possit
594 4929 607 4964 :
637 4911 777 4966 sicut
798 4910 972 4965 minor
994 4907 1092 4964 fuit
1121 4904 1496 4962 immortalitas
1515 4944 1530 4968 ,
1562 4901 1660 4958 sed
1687 4909 1864 4956 tamen

264 5008 399 5075 fuit,
431 5007 484 5061 in
527 5020 631 5076 qua
674 5012 856 5074 posset
884 5002 1043 5057 etiam
1074 5015 1182 5063 non
1211 4998 1382 5063 mori,
1412 4996 1661 5069 quamvis
1695 4994 1868 5066 major

262 5104 440 5161 futura
470 5100 540 5154 sit
567 5098 617 5153 in
650 5112 753 5167 qua
776 5112 880 5152 non
910 5094 1080 5165 possit
1108 5092 1263 5148 mori.

336 5193 565 5253 CAPUT
604 5190 738 5247 CVI.
757 5221 827 5231 —
853 5188 1038 5244 Libero
1081 5187 1293 5241 arbitrio
1315 5186 1481 5257 gratia
1509 5184 1788 5237 necessaria
1813 5182 1868 5236 in

265 5292 434 5363 primo
455 5299 501 5345 et
526 5286 746 5343 secundo
789 5294 946 5339 statu.
999 5283 1147 5337 Illam
1170 5281 1246 5352 (α)
1271 5290 1456 5335 natura
1490 5278 1720 5333 humana
1744 5291 1868 5347 per-

334 5444 352 5477 ί
383 5444 458 5493 Sic
479 5449 586 5490 Mss.
611 5437 731 5487 aditi
752 5448 890 5493 vero,
908 5435 1033 5485 sicut
1054 5440 1100 5485 et
1121 5430 1315 5484 veritas.

330 5508 351 5539 '
388 5507 551 5559 Abest,
578 5515 692 5557 non,
716 5501 779 5547 ab
797 5499 1024 5548 omnibus
1048 5510 1203 5559 prope
1222 5505 1330 5547 Mss.

332 5570 353 5601 ³
388 5575 487 5633 itm.
513 5557 585 5613 Fr.
612 5566 964 5633 Dan._ctlov.,
992 5557 1118 5633 quod
1137 5557 1285 5633 etiam
1307 5572 1509 5621 peccare
1524 5557 1775 5633 possit;_et
1790 5560 1868 5633 in-

261 5633 354 5687 fra.
381 5630 430 5681 in
464 5641 561 5692 qua
593 5631 751 5692 posset
781 5623 928 5692 etiam
949 5620 1072 5692 mori
1096 5634 1113 5671 :
1149 5620 1323 5671 omissa
1348 5630 1563 5692 negante
1604 5620 1866 5685 particula;

260 5684 411 5759 quam
434 5684 649 5759 utroque
800 5687 849 5735 in
883 5685 1131 5748 plerisque
1160 5692 1265 5734 Mss.
1288 5687 1580 5749 reperimus,
1604 5698 1793 5736 necnon
1818 5699 1867 5736 ιιι

267 5750 484 5809 édinoue
508 5750 721 5803 Arualdi.

327 5822 401 5882 (α)
436 5825 629 5869 mistra
647 5816 822 5882 nionet
838 5811 1118 5882 lambertus
1136 5817 1337 5859 [uincens
1352 5818 1412 5882 ut
1425 5808 1578 5882 _Illam_
1597 5807 1870 5882 referamus

263 5874 655 5933 atl'voluntatem
698 5875 934 5925 hominis.
973 5874 1039 5922 «le
1068 5887 1162 5936 qua
1200 5875 1435 5935 snperiori
1476 5874 1653 5933 capite.
1679 5875 1867 5936 terior

264 5954 385 5999 Petti
436 5943 565 5996 Loml
587 5937 695 5991 ardi
731 5938 1066 5993 interpretatio
1088 5935 1173 5986 εἰς
1200 5935 1355 5988 locum
1378 5937 1568 5989 citantis
1603 5938 1649 5987 in
1666 5935 1697 5984 ‘2
1716 5945 1863 5999 seut"

1663 418 1869 475 LIBER
1908 418 2110 479 UNUS.

3430 443 3540 500 982

1944 541 2078 598 didit
2099 557 2195 613 per
2214 544 2439 602 liberum
2473 547 2793 618 arbitrium;
2826 551 2963 609 hanc
2984 562 3069 611 est
3112 564 3396 627 acceptura
3432 573 3535 628 per

1942 636 2190 707 gratiam,
2213 652 2373 708 quam
2397 637 2591 709 fuerat,
2622 641 2800 698 sinon
2822 655 3409 718 peccasset,acoeptura
3438 663 3537 719 per

1941 729 2191 784 meritum
2224 748 2239 785 :
2283 732 2537 802 quamvis.
2558 732 2676 789 sine
2699 735 2865 805 gratia
2899 750 3000 793 nec
3018 745 3146 794 tunc
3166 724 3335 794 ullum
3364 741 3538 796 merip

1944 827 2058 876 tum
2080 837 2201 879 esse
2242 823 2520 895 potuisset.
2542 825 2677 894 Quia
2707 827 2806 882 etsi
2838 837 3113 899 peccatum
3138 830 3191 885 in
3222 831 3338 887 solo
3360 832 3534 887 libero

1943 913 2164 971 arbitrio
2189 925 2305 972 erat
2323 919 2690 988 constitutum,
2723 934 2831 974 non
2848 928 3024 977 tamen
3049 921 3269 992 iustitiae
3292 924 3535 979 retinen-

1943 1005 2027 1061 dae
2072 1009 2372 1065 sufﬁciebat
2396 1010 2624 1067 liberum
2664 1011 2964 1078 arbitrium,
2992 1012 3095 1067 nisi
3116 1013 3533 1084 participatione

1944 1101 2297 1160 immutabilis
2344 1103 2474 1160 boni
2516 1104 2758 1160 divinum
2805 1104 3129 1176 adiutorium
3176 1107 3536 1178 pricberetur.

1944 1193 2093 1252 Sicut
2111 1196 2254 1251 enim
2280 1197 2416 1253 mori
2460 1206 2542 1253 est
2570 1197 2626 1253 in
2652 1196 2887 1255 hominis
2930 1205 3197 1269 potestate
3238 1213 3359 1254 cum
3383 1198 3539 1265 velit,

1947 1303 2105 1344 nemo
2131 1298 2215 1345 est
2233 1289 2378 1345 enim
2397 1289 2489 1361 qui
2513 1304 2625 1345 non
2637 1290 2893 1361 seipsum,
2922 1298 2987 1347 ut
3005 1291 3137 1351 nihil
3160 1290 3305 1347 aliud
3334 1292 3545 1358 dicam,

1943 1382 2027 1438 vel
2054 1397 2161 1438 non
2178 1381 2445 1440 vescendo
2485 1382 2657 1454 possit
2681 1383 2969 1449 occidere;
3012 1384 3078 1439 ad
3103 1384 3277 1439 vitam;
3299 1398 3429 1439 vero
3456 1392 3541 1439 te.

1946 1477 2176 1534 nendam
2201 1477 2447 1533 voluntas
2488 1491 2596 1533 non
2631 1477 2763 1533 satis
2788 1485 2894 1542 est,
2925 1477 2970 1532 si
2998 1476 3271 1545 adjutoria.
3287 1476 3402 1532 sive
3441 1473 3543 1530 ali-

1947 1578 2248 1627 mentorum
2264 1571 2379 1626 sive
2393 1584 2851 1641 quorumcumque
2868 1570 3186 1624 tutaminum
3204 1568 3389 1625 desint
3412 1584 3439 1624 ελ
3458 1567 3552 1623 sic

1947 1664 2112 1720 homo
2135 1663 2191 1718 in
2233 1661 2479 1730 paradiso
2498 1661 2564 1717 ad
2595 1675 2654 1717 se
2680 1659 3035 1717 occidendum
3078 1658 3431 1730 relinquendo
3450 1658 3545 1730 ju<

1949 1756 2147 1813 stitiam
2175 1755 2398 1811 idoneus
2418 1763 2535 1811 erat
2558 1769 2656 1826 per
2682 1752 3032 1818 voluntatem,
3063 1760 3123 1807 ut
3153 1760 3334 1807 autem
3377 1751 3447 1806 ab
3471 1766 3549 1807 eo

1950 1858 2228 1907 teneretur
2246 1849 2349 1904 vita
2373 1847 2614 1919 iustitiae,
2641 1861 2831 1918 parum
2857 1852 2975 1902 erat
3002 1844 3165 1910 velle,
3201 1844 3306 1900 nisi
3332 1843 3420 1900 ille
3444 1842 3551 1914 qui

1950 1956 2074 1998 eum
2091 1940 2290 1997 fecerat
2316 1938 2612 2010 adjuvaret.
2638 1937 2749 1994 Sed
2774 1945 2895 2008 post
2918 1936 3067 1991 illam
3112 1935 3322 1991 ruinam
3362 1933 3547 2004 maior»

1951 2041 2036 2089 est
2053 2030 2420 2087 misericordia
2441 2030 2558 2097 Dei,
2584 2029 2797 2101 quando
2818 2037 2875 2086 et
2910 2029 3085 2101 ipsum
3116 2027 3395 2085 arbitrium
3425 2025 3443 2059 ¹
3475 2026 3546 2080 Ii-

1952 2123 2245 2181 berandum
2270 2130 2355 2178 est
2382 2137 2412 2176 a
2438 2123 2717 2188 servitute,
2749 2120 2836 2177 cui
2883 2120 3191 2176 dominatur
3213 2133 3337 2174 cum
3370 2126 3560 2173 morte.

1953 2223 2251 2286 peccatum.
2280 2212 2393 2270 Nec
2432 2210 2655 2268 Omnino
2697 2227 2797 2293 per
2835 2214 3096 2283 seipsum,
3127 2211 3221 2268 sed
3254 2227 3350 2281 per
3370 2210 3553 2266 solam

1956 2306 2048 2361 Dei
2075 2306 2317 2376 gratiam,
2341 2320 2462 2376 qua:
2491 2304 2543 2359 iu
2575 2304 2679 2359 nde
2705 2303 2905 2359 Christi
2926 2305 3097 2374 posita
3123 2312 3229 2369 est,
3250 2303 3551 2368 liberatur;

1954 2407 2014 2454 ut
2036 2399 2284 2454 voluntas
2321 2397 2455 2468 ipsa,
2484 2397 2622 2452 sicut
2650 2398 2913 2467 scriptum
2938 2404 3040 2463 est,
3066 2411 3097 2450 a
3139 2395 3367 2450 Domino
3406 2409 3550 2464 pra:-

1956 2499 2172 2564 paretur
2197 2490 2216 2562 (
2244 2488 2402 2545 Prov.
2450 2505 2565 2555 vui,
2588 2489 2681 2556 '55,
2727 2506 2827 2544 sec.
2852 2488 2998 2544 LXX
3025 2490 3065 2559 ),
3087 2504 3190 2559 qua
3230 2497 3424 2543 cratera
3454 2487 3563 2542 Dei

1957 2599 2181 2642 munera
2249 2583 2565 2655 capiantur,
2626 2597 2722 2654 per
2766 2596 2886 2653 quae
2953 2581 3197 2637 veniatur
3236 2579 3302 2634 ad
3354 2594 3549 2634 munus

1958 2684 2242 2733 aeternum.

2028 2766 2258 2825 CAPUT
2296 2764 2452 2823 CVII.
2488 2796 2555 2810 --
2591 2765 2707 2820 Vita
2734 2773 2923 2820 (eterna
2942 2778 3141 2819 merces
3159 2772 3206 2817 et
3235 2772 3402 2817 tamen
3423 2779 3543 2833 gra-

1960 2862 2052 2917 tia.
2084 2859 2331 2916 Voluntas
2355 2858 2454 2914 Dei
2479 2859 2542 2914 de
2566 2860 2766 2913 homine
2808 2867 3045 2928 peccante
3077 2857 3305 2927 impleta.
3330 2856 3484 2913 Unde
3501 2865 3561 2911 et

1960 2954 2130 3026 ipsam
2158 2953 2322 3008 vitam
2375 2961 2655 3016 aeternam,
2684 2967 2804 3023 qua:
2830 2959 2978 3007 certe
3005 2953 3024 2982 ²
3052 2966 3264 3006 merces
3308 2960 3389 3005 est
3419 2967 3552 3020 ope-

1959 3061 2079 3102 rum
2101 3046 2387 3113 bonorum,
2411 3046 2640 3117 gratiam
2668 3044 2761 3099 Dei
2788 3043 3026 3116 appellat
3070 3044 3365 3127 Apostolus
3393 3063 3406 3097 :
3443 3046 3554 3099 Sti-

1962 3137 2206 3210 pendium
2228 3138 2378 3203 enim,
2408 3137 2601 3208 inquit,
2627 3136 2819 3207 peccati
2856 3153 2991 3192 mors
3020 3154 3039 3203 ;
3065 3136 3230 3208 gratia
3274 3147 3439 3191 autem
3463 3136 3565 3191 Dci

1962 3231 2066 3286 vita
2089 3240 2280 3286 (eterna
2300 3230 2355 3284 in
2394 3228 2595 3291 Christo
2628 3227 2755 3283 Jesu
2796 3226 3023 3283 Domino
3053 3238 3227 3284 nostra
3253 3228 3271 3300 (
3302 3228 3457 3284 Rom.
3481 3245 3556 3293 Vt,

1961 3320 2036 3378 23
2059 3322 2099 3393 ).
2129 3320 2462 3391 Stipendium
2488 3335 2585 3391 pro
2612 3334 2775 3390 opere
2803 3319 3010 3374 militiae
3033 3318 3269 3375 debitum
3293 3320 3554 3388 redditur,

1963 3428 2071 3470 non
2092 3413 2323 3469 donatur
2352 3430 2366 3467 :
2399 3412 2519 3468 ideo
2565 3411 2717 3478 dixit,
2776 3411 3100 3482 Stipendium
3151 3413 3343 3482 peccati
3378 3429 3559 3476 mors;

1963 3516 2023 3564 ut
2047 3515 2276 3563 mortem
2310 3514 2528 3577 peccato
2546 3521 2652 3560 non
2677 3505 2944 3561 immerito
2969 3505 3191 3572 illatam,
3213 3505 3307 3560 sed
3326 3504 3557 3560 debitam

1965 3601 2380 3657 demonstraret.
2416 3597 2598 3655 Gratia
2624 3613 2755 3654 vero
2802 3597 2903 3652 nisi
2925 3599 3090 3668 gratis
3115 3604 3220 3662 est,
3255 3598 3422 3669 gratia
3452 3614 3557 3652 non

1965 3702 2068 3749 est.
2094 3691 2497 3762 Intelligendum
2529 3699 2613 3746 est
2642 3690 2800 3761 igitur
2820 3690 2981 3746 etiam
3021 3689 3136 3761 ipsa
3163 3688 3396 3745 hominis
3422 3690 3563 3744 bona

1965 3784 2156 3840 merita
2194 3799 2316 3839 esse
2356 3783 2451 3838 Dei
2500 3796 2764 3848 munera;
2794 3782 2987 3852 quibus
3039 3796 3158 3835 eum
3204 3782 3309 3836 vita
3351 3791 3559 3836 aeterna.

1966 3874 2230 3942 redditur,
2253 3873 2381 3946 quid
2408 3874 2508 3929 nisi
2536 3874 2704 3945 gratia
2751 3888 2849 3944 pro
2889 3872 3057 3944 gratia
3088 3872 3329 3928 redditur
3356 3873 3549 3944 (Joau.

1962 3988 2005 4038 ι,
2038 3969 2107 4026 l6
2134 3966 2195 4042 )?
2215 3967 2305 4025 Sic
2332 3981 2461 4039 ergo
2506 3965 2675 4022 factus
2700 3974 2784 4021 est
2814 3964 2978 4021 homo
3006 3973 3206 4031 rectus,
3229 3973 3355 4020 utet
3382 3980 3567 4019 manc-

1965 4063 2093 4119 rein
2120 4077 2181 4119 ea
2199 4060 2519 4117 rectitudine
2544 4066 2727 4130 posset
2756 4073 2860 4113 non
2888 4057 3005 4114 sine
3048 4056 3317 4127 adjutorio
3343 4056 3549 4123 divino,

1967 4167 2023 4215 ct
2065 4174 2163 4213 suo
2192 4156 2306 4212 ﬁeri
2363 4169 2650 4226 perversus
2702 4152 2948 4208 arbitrio.
3005 4150 3335 4209 Utrumlibet
3368 4152 3567 4207 horum

1968 4252 2239 4324 elegisset,
2272 4248 2371 4305 Dei
2421 4248 2669 4303 voluntas
2716 4246 2889 4315 ﬁeret,
2919 4244 3197 4301 autetiam
3241 4244 3308 4299 ab
3335 4244 3447 4309 illo,
3474 4254 3572 4300 ant

1967 4356 2112 4404 certe
2128 4345 2197 4402 de
2217 4343 2329 4400 illo.
2356 4341 2586 4398 Proinde
2613 4340 2736 4412 quia
2775 4354 2925 4395 suam
2965 4338 3152 4394 maluit
3191 4336 3367 4392 facere
3398 4352 3565 4406 quam

1971 4440 2088 4511 Dei,
2111 4438 2180 4496 dc
2209 4440 2300 4495 illo
2322 4436 2461 4493 facta
2485 4443 2569 4492 est
2590 4434 2836 4490 voluntas
2859 4432 2976 4501 Dei,
3000 4432 3087 4503 qui
3110 4446 3175 4487 ex
3202 4431 3389 4487 eadem
3423 4447 3567 4485 mas-

1970 4548 2028 4590 sa
2080 4531 2417 4605 perditionis,
2446 4544 2567 4601 qnze
2617 4526 2686 4583 dc
2740 4526 2884 4581 illius
2924 4524 3094 4595 stirpe
3124 4523 3401 4594 proﬂuxit,
3438 4523 3565 4579 facit

1969 4625 2112 4682 aliud
2136 4640 2228 4680 vas
2254 4624 2305 4678 in
2336 4622 2619 4684 honorem,
2653 4617 2798 4673 aliud
2843 4618 2901 4672 in
2953 4617 3329 4671 contumeliam
3358 4617 3376 4688 (
3410 4616 3564 4673 Itoni.

1971 4735 2048 4786 Ix,
2076 4717 2140 4773 ει
2174 4717 2193 4789 )
2226 4735 2239 4771 :
2269 4715 2321 4770 in
2350 4714 2631 4777 honorem,
2657 4726 2753 4782 per
2792 4708 3215 4765 misericordiam
3248 4725 3261 4773 ;
3296 4709 3346 4762 in
3378 4721 3569 4763 contu-

1972 4811 2209 4872 meliam,
2239 4824 2338 4878 per
2358 4805 2613 4876 judicium
2648 4820 2662 4857 :
2694 4811 2925 4858 utnemo
2952 4803 3211 4874 glorietur
3239 4801 3289 4855 in
3310 4800 3525 4855 homine
3550 4817 3567 4865 ;

1970 4918 2034 4957 ac
2064 4916 2158 4971 per
2182 4898 2306 4964 hoc,
2334 4912 2433 4951 nec
2458 4896 2510 4950 in
2541 4911 2623 4950 se.

2043 4990 2272 5047 CAPUT
2309 4987 2491 5045 CVIII.
2514 5015 2580 5028 -ο
2612 4984 2696 5039 Ea:
2739 4984 2848 5039 Deo
2878 4983 3019 5038 salus
3067 4990 3262 5048 nostra,
3308 4982 3381 5035 ita
3406 4990 3571 5035 utne:

1975 5101 2065 5156 per
2089 5082 2345 5139 Christum
2365 5080 2716 5140 liberaremur,
2763 5078 2805 5130 si
2830 5093 2929 5129 non
2954 5084 3078 5129 esset
3106 5073 3260 5127 Deus.
3290 5072 3428 5128 Nam
3469 5088 3570 5128 ne-

1973 5193 2076 5247 que
2095 5191 2189 5247 per
2214 5174 2386 5244 ipsum
2417 5172 2768 5227 liberaremur
2814 5182 2980 5221 unum
3011 5166 3357 5221 hlediatorcm
3389 5166 3483 5222 Dei
3516 5178 3570 5221 et

1974 5267 2250 5323 hominum
2283 5262 2555 5319 hominem
2599 5259 2783 5315 .lcsum
2825 5257 3133 5328 Christum(
3158 5256 3328 5312 ITim.
3362 5274 3426 5325 tt,
3472 5258 3575 5328 ὅ),

1974 5362 2076 5418 nisi
2104 5366 2250 5416 esset
2275 5367 2329 5414 et
2359 5357 2520 5411 Deus.
2551 5352 2660 5409 Sed
2715 5367 2836 5408 cum
2865 5350 3037 5407 factus
3064 5359 3148 5407 est
3175 5350 3366 5418 Adam,
3411 5351 3580 5406 homo

1974 5453 2181 5511 scilicet
2207 5457 2407 5515 rectus,
2437 5445 2731 5502 mediatorc
2765 5459 2870 5498 non
2889 5457 3024 5514 opus
3067 5441 3244 5499 crat’.
3270 5438 3403 5498 Cum
3441 5457 3575 5496 vero

1972 5564 2085 5615 dist.
2128 5561 2220 5618 29,
2261 5572 2368 5623 cap.
2396 5558 2417 5607 I
2443 5570 2457 5607 :
2503 5575 2526 5604 ι
2545 5554 2699 5615 Illam,
2734 5555 2938 5623 inquit,
2964 5552 3455 5623 immortalitatemhin
3481 5567 3576 5615 qua

1983 5645 2005 5673 ι
2041 5615 2233 5689 poterat
2253 5615 2365 5689 non
2386 5633 2509 5669 mort
2534 5627 2705 5689 natura
2734 5615 2943 5668 luunana
2964 5655 2976 5674 ,
3002 5615 3212 5689 perdidit
3236 5629 3327 5678 per
3366 5615 3578 5665 liberum

1981 5706 2004 5735 ιι
2036 5682 2288 5737 arbitrium
2314 5698 2326 5733 :
2353 5685 2477 5734 hanc
2500 5696 2620 5735 vero
2644 5684 2693 5733 in
2716 5694 2811 5744 qua
2838 5694 2931 5731 non
2951 5682 3131 5743 poterit
3153 5692 3294 5739 mort,
3319 5686 3568 5740 acceptura

1980 5769 2004 5799 ι
2037 5757 2116 5801 est
2131 5761 2222 5812 per
2244 5750 2466 5812 gratiam.
2488 5762 2510 5790 ιι

2039 5815 2055 5846 ί
2082 5799 2145 5861 In'
2167 5799 2380 5869 excusis,
2406 5807 2609 5859 liberum
2629 5803 2903 5859 arbitrium.
2934 5806 3098 5865 Abest,
3127 5799 3347 5864 liberum,
3367 5812 3394 5849 a
3420 5807 3526 5853 Mss.

2038 5878 2058 5908 ¹
2096 5882 2196 5923 Am.
2215 5880 2290 5923 Er.
2316 5881 2432 5923 Dan.
2460 5879 2511 5920 et
2534 5871 2719 5933 aliquot
2738 5876 2865 5933 Mss,
2883 5876 3031 5918 certa.

2040 5940 2060 5972 ⁸
2096 5938 2283 6001 aliquot
2304 5944 2408 5986 Mss.
2441 5950 2451 5984 :
2478 5932 2707 5987 .ttcdiuwr
2732 5932 2775 5982 ei
2798 5944 2889 5981 non
2914 5944 3029 5994 opus
3054 5937 3174 5979 emt.
