4072 6516
487 425 599 481 285

489 555 659 612 genus
683 537 966 595 humanum
1001 542 1221 605 peccata
1257 532 1416 604 longe
1442 536 1829 602 separaverunt
1870 543 1902 582 a
1941 526 2074 593 Deo,

492 649 586 702 per
604 629 969 694 Mediatorcm,
1020 625 1111 698 qui
1155 625 1303 681 solus
1335 625 1452 679 sine
1489 630 1710 694 peccato
1757 626 1912 675 natus
1959 626 2074 684 est,

490 724 638 788 vixit,
667 721 873 776 occisus
912 727 1016 787 est,
1038 717 1372 774 reconciliari
1402 731 1500 772 nos
1537 713 1816 786 oportebat
1844 711 1954 768 Deo
1991 726 2082 766 us-

487 832 594 886 que
618 815 685 870 ad
718 812 896 870 carnis
924 812 1376 868 resurrectionem
1412 810 1465 864 in
1493 809 1653 864 vitam
1691 815 1946 862 aeternam
1973 822 1988 860 :
2016 813 2076 858 ut

490 908 720 962 humana
751 903 1002 976 superbia
1035 919 1131 974 per
1156 901 1507 957 humilitatem
1541 899 1632 955 Dei
1669 906 1982 970 argueretur
2017 911 2081 952 ac

485 1008 786 1064 sanaretur,
843 1007 898 1053 et
924 997 1385 1051 demonstraretur
1432 992 1635 1048 homini
1677 1005 1835 1060 quam
1867 990 2077 1058 longea

486 1095 597 1149 Deo
631 1098 959 1154 recesserat,
1000 1104 1120 1145 eum
1149 1103 1245 1158 per
1289 1086 1626 1141 inearnatum
1656 1083 1822 1138 Deum
1853 1095 2077 1136 revoca-

483 1195 657 1250 retur,
691 1194 746 1238 et
771 1181 1075 1252 exemplum
1113 1177 1433 1235 obedientiae
1469 1190 1563 1246 per
1586 1173 1859 1228 hominem
1907 1171 2074 1226 Deum

481 1279 788 1334 contumaci
819 1275 1020 1334 homini
1072 1273 1402 1345 prmbcretur
1431 1287 1447 1336 ;
1499 1277 1554 1324 et
1593 1265 1878 1336 Unigenito
1904 1263 2076 1319 susci-

484 1372 665 1442 piente
706 1369 929 1424 formam
957 1365 1122 1432 servi,
1154 1379 1275 1436 qua:
1303 1361 1434 1418 nihil
1468 1369 1594 1415 ante
1621 1362 1913 1421 meruerat,
1962 1353 2081 1408 fons

482 1463 666 1534 gratia:
713 1459 1157 1531 panderetur;et
1202 1453 1380 1510 carnis
1406 1452 1566 1508 etiam
1619 1448 1942 1506 resurrectio
1993 1461 2082 1501 re-

481 1552 713 1622 demptis
740 1549 1001 1620 promissa
1025 1548 1078 1602 in
1101 1547 1218 1617 ipso
1249 1544 1606 1614 liedemptore
1626 1548 2074 1613 praemonstrare-

483 1654 599 1704 tur:
628 1652 685 1698 et
705 1657 803 1712 per
835 1639 1077 1696 eamdem
1106 1647 1349 1693 naturam
1391 1650 1550 1707 quam
1577 1649 1638 1690 se
1679 1633 1958 1704 decepisse
1976 1631 2074 1687 la:-

480 1733 723 1801 tabatur,
759 1731 1008 1788 diabolus
1052 1729 1398 1794 vinceretur;
1435 1741 1536 1782 nec
1563 1735 1740 1780 tamen
1767 1724 1929 1779 homo
1960 1723 2080 1796 glo-

482 1825 729 1890 riaretur,
761 1839 830 1880 ne
877 1823 1072 1878 iterum
1111 1819 1362 1890 superbia
1407 1825 1832 1873 nascereturzet
1857 1815 1903 1870 si
1947 1811 2080 1886 quid

480 1915 623 1971 aliud
651 1914 720 1970 de
746 1922 891 1969 tanto
921 1912 1225 1968 Medi-storis
1253 1917 1591 1964 sacramento
1615 1922 1646 1962 a
1670 1904 2080 1977 proficientibus

490 2005 661 2060 videri
683 2015 736 2061 et
764 2004 869 2060 dici
899 2010 1092 2075 potest,
1136 2010 1227 2057 aut
1251 2009 1459 2056 tantum
1487 1998 1676 2065 videri,
1721 1997 1930 2054 etiamsi
1969 1994 2078 2052 dici

481 2113 589 2152 non
619 2105 813 2166 potest.

551 2185 780 2244 CAPUT
817 2184 952 2241 CIX.
978 2214 1054 2225 —
1078 2182 1168 2239 29.
1191 2183 1492 2237 Animarum
1517 2178 1834 2252 receptacula
1854 2188 1973 2234 ante
1996 2193 2080 2233 re-

481 2277 862 2333 surrectionem.
882 2275 1118 2344 Tempus
1137 2283 1316 2326 autem
1339 2270 1478 2342 quod
1500 2269 1640 2325 inter
1667 2269 1901 2324 hominis
1925 2281 2070 2322 mor-

482 2377 590 2422 tem
645 2375 699 2422 et
748 2366 995 2422 ultimam
1033 2364 1483 2420 resurrectionem
1544 2360 1915 2432 interpositum
1971 2366 2076 2427 est,

479 2457 688 2513 animas
716 2456 911 2512 abditis
965 2454 1322 2526 receptaculis
1364 2452 1624 2517 continet,
1649 2451 1789 2506 sicut
1817 2464 2076 2521 unaque:-

479 2564 584 2619 que
608 2548 765 2619 digna
809 2556 892 2604 εει
915 2547 999 2602 vel
1033 2547 1220 2617 requie
1267 2545 1350 2599 vel
1407 2556 1648 2599 aerumna
1672 2583 1689 2611 ,
1723 2556 1819 2613 pro
1846 2555 1912 2596 eo
1935 2555 2004 2612 qu
2019 2539 2078 2600 ›‹1

477 2640 667 2694 sortita
688 2649 771 2693 est
811 2639 864 2692 in
891 2653 1052 2693 carne
1067 2653 1188 2693 cum
1215 2638 1444 2692 viveret.

549 2730 775 2787 CAPUT
810 2729 924 2787 CX.
952 2761 1025 2771 —
1060 2729 1388 2799 Sacri/icium
1435 2727 1616 2782 altaris
1645 2734 1692 2780 st
1737 2725 2068 2796 eleemosyna:

479 2841 573 2895 pro
607 2825 876 2894 defunctis,
923 2833 1172 2895 quatenus
1215 2832 1260 2876 et
1310 2819 1612 2892 quibusnam
1639 2819 1854 2890 prosint.
1882 2817 2069 2888 Neque

479 2915 778 2986 negandum
823 2922 906 2970 est
953 2913 1327 2969 defunctorum
1356 2912 1564 2969 animas
1615 2910 1812 2978 Pietate
1857 2924 2076 2964 suorum

478 3007 766 3062 \ivcutium
793 3004 1041 3070 relevari,
1065 3019 1188 3059 cum
1213 3017 1309 3073 pro
1331 3002 1435 3056 illis
1465 3000 1784 3056 sacrilieium
1819 2999 2078 3055 Mcdiato-

480 3101 559 3154 ris
576 3098 814 3163 olfertur,
868 3096 954 3152 vel
1007 3097 1367 3167 elcemosynre
1416 3095 1470 3149 in
1501 3092 1743 3149 Ecclesia
1775 3093 1926 3148 fiunt.
1958 3092 2068 3149 Sed

480 3191 564 3245 eis
593 3189 707 3244 haec
734 3196 975 3259 prosunt,
998 3188 1085 3259 qui
1108 3203 1228 3243 cum
1254 3188 1516 3252 viverent,
1543 3194 1600 3241 ut
1629 3186 1746 3241 han
1793 3186 1896 3242 sibi
1927 3193 2077 3257 post-

485 3297 550 3336 ea
599 3281 805 3352 possint
861 3280 1134 3351 prodesse,
1179 3289 1511 3336 meruerunt.
1540 3280 1635 3335 Est
1671 3280 1812 3335 enim
1852 3279 2070 3351 quidam

479 3373 692 3428 vivendi
720 3372 932 3441 modus,
978 3388 1079 3428 nec
1121 3381 1225 3427 tam
1262 3373 1432 3428 bonus
1459 3382 1517 3428 ut
1558 3389 1664 3428 non
1710 3373 1947 3444 requirat
1976 3375 2076 3428 ista

479 3475 602 3537 post
635 3476 897 3531 mortem;
927 3481 1027 3522 nec
1073 3474 1181 3522 tam
1230 3467 1403 3521 malus
1428 3474 1488 3521 ut
1523 3480 1631 3521 non
1655 3465 1704 3522 ei
1732 3467 1938 3537 prosint
1975 3465 2079 3522 ista

479 3568 600 3628 post
635 3566 860 3613 mortem
893 3576 907 3613 :
936 3567 1021 3614 est
1047 3574 1178 3615 vero
1211 3559 1332 3614 talis
1359 3559 1410 3614 in
1441 3558 1606 3626 bono,
1635 3567 1691 3614 ut
1727 3559 1828 3614 ista
1857 3575 1965 3615 non
1989 3575 2076 3616 re-

476 3651 654 3720 quirat
678 3666 693 3715 ;
713 3659 765 3704 et
790 3657 874 3704 est
915 3664 1102 3704 rursus
1132 3650 1251 3704 talis
1271 3649 1325 3704 in
1357 3649 1520 3715 malo,
1549 3658 1608 3704 ut
1636 3664 1736 3704 nec
1762 3649 1845 3704 his
1868 3649 2069 3718 valeat,

475 3757 598 3797 cum
625 3757 690 3796 ex
719 3741 821 3797 hac
869 3741 976 3796 vita
1026 3742 1359 3810 transierit‘,
1393 3741 1656 3814 adjuvari.
1685 3742 1943 3810 Quocirca
1970 3741 2060 3799 hic

474 3847 634 3887 omne
652 3833 900 3888 meritum
931 3844 1298 3905 comparatur,
1322 3849 1429 3905 quo
1478 3834 1648 3904 possit
1677 3843 1796 3904 post
1820 3833 1958 3890 banc
1985 3834 2067 3890 vi-

477 3934 582 3979 tam
609 3925 836 3980 relevari
872 3926 1134 3996 quispiam
1190 3927 1271 3982 vel
1323 3927 1554 3997 gravari.
1603 3927 1772 3982 Nemo
1806 3943 1866 3983 se
1889 3937 2071 3984 autem

473 4026 675 4086 speret,
707 4017 849 4088 quod
867 4016 954 4074 hic
971 4018 1266 4087 neglexerit
1285 4020 1328 4086 ³,
1352 4034 1474 4074 cum
1495 4019 1712 4087 obierit,
1735 4019 1877 4090 apud
1894 4021 2060 4076 Deum

475 4111 790 4179 promereri.
835 4110 949 4165 Non
981 4111 1138 4181 igitur
1167 4112 1265 4166 ista
1315 4127 1435 4182 qua:
1475 4127 1571 4182 pro
1621 4111 1890 4168 defunctis
1923 4127 2073 4168 eom-

475 4201 794 4257 tncndandis
844 4201 1146 4273 frequentat
1184 4203 1448 4271 Ecclesia,
1497 4205 1570 4259 illi
1598 4206 1906 4274 apostolica:
1938 4214 2065 4262 sunt

474 4295 700 4349 adversa
719 4296 1022 4361 sententi-.e,
1051 4311 1153 4366 qua
1181 4295 1380 4350 dictum
1412 4306 1515 4363 est,
1548 4296 1733 4351 Omnes
1761 4298 1894 4351 enim
1913 4306 2054 4352 asta-

480 4385 643 4440 binms
668 4395 786 4439 ante
823 4385 1044 4440 tribunal
1069 4385 1281 4452 Christi,
1313 4395 1366 4438 ut
1405 4389 1594 4457 referat
1616 4388 1958 4460 unusquisque
1985 4405 2069 4444 sc-

473 4475 696 4530 rnndum
721 4492 779 4530 ea
795 4492 909 4546 qua:
951 4493 1041 4547 per
1063 4492 1246 4547 corpus
1271 4477 1446 4548 gessit,
1478 4479 1579 4532 sive
1605 4480 1810 4545 bonum,
1841 4482 1945 4535 sive
1964 4497 2073 4534 ma-

473 4569 580 4623 lunt
608 4571 624 4636 (
651 4567 802 4622 Rom.
851 4584 962 4633 xiv,
991 4569 1076 4634 10,
1101 4579 1145 4623 et
1175 4567 1352 4624 llCor.
1384 4586 1436 4636 v,
1462 4570 1529 4626 l0
1551 4570 1602 4641 );
1631 4571 1754 4640 quia
1780 4572 1938 4626 etiam
1970 4571 2073 4628 hcc

472 4663 728 4717 meritum
751 4660 850 4715 sibi
893 4661 1118 4731 quisque
1147 4660 1274 4715 dum
1297 4661 1350 4715 in
1380 4677 1607 4732 corpore
1633 4663 1833 4718 viveret
1850 4678 2070 4734 compa-

472 4755 630 4821 ravit,
664 4764 721 4808 ut
749 4753 797 4806 ei
820 4754 1028 4824 possint
1074 4754 1176 4808 ista
1207 4753 1484 4824 prodesse.
1512 4755 1628 4810 Non
1659 4755 1802 4812 enim
1822 4757 2072 4814 omnibus

470 4855 730 4917 prosunt;
762 4855 816 4900 ct
866 4861 1034 4917 quare
1086 4860 1191 4900 non
1228 4846 1476 4902 omnibus
1523 4856 1768 4918 prosunt,
1822 4850 1920 4903 nisi
1952 4866 2073 4920 pro-

468 4950 587 5009 pter
613 4938 966 4994 differentiam
994 4938 1117 4992 vita:
1146 4953 1304 5009 quam
1341 4939 1567 5010 quisque
1604 4940 1769 5010 gessit
1796 4941 1848 4995 in
1875 4957 2071 5012 corpo-

469 5047 529 5086 re
550 5032 574 5084 ?
599 5030 728 5087 Cum
756 5048 884 5104 ergo
914 5031 1175 5088 sacriﬁcia
1200 5031 1314 5086 sive
1339 5032 1524 5088 altaris
1552 5033 1670 5088 sive
1693 5048 2071 5104 quarumcum-

470 5140 573 5192 que
599 5122 1058 5195 eiecmosynarum
1105 5140 1200 5194 pro
1221 5123 1503 5194 baptizatis
1528 5123 1796 5180 defunctis
1821 5127 2069 5181 omnibus

470 5215 784 5280 offeruntur,
809 5232 904 5286 pro
932 5216 1090 5273 valde
1116 5216 1274 5272 bonis
1303 5217 1596 5286 gratiarum
1622 5218 1860 5272 actiones
1894 5229 2020 5274 sunt
2049 5236 2064 5284 ;

472 5318 568 5373 pro
595 5319 703 5358 non
731 5304 886 5358 valde
914 5306 1069 5360 malis
1115 5308 1527 5377 propitiationes
1570 5317 1736 5375 sunt;
1771 5323 1870 5379 pro
1912 5308 2068 5364 valde

471 5395 624 5450 malis
669 5395 879 5449 etiamsi
931 5398 1072 5450 nulla
1129 5409 1255 5453 sunt
1307 5399 1614 5471 adjumenta
1680 5413 2062 5471 mortuorum;

469 5487 887 5557 qualescumque
933 5489 1176 5541 vivorum
1230 5492 1631 5548 consolationes
1689 5503 1833 5548 sunt.
1867 5493 2069 5561 Quibus

470 5592 647 5633 autem
677 5587 922 5648 prosunt,
967 5589 1059 5633 aut
1104 5581 1170 5634 ad
1200 5580 1302 5637 hoc
1329 5595 1570 5651 prosunt.
1601 5596 1659 5640 ut
1687 5588 1756 5641 sit
1784 5588 1942 5656 plena
1969 5603 2059 5644 re-

537 5693 554 5721 ι
593 5700 690 5752 tim.
714 5695 789 5738 Er.
816 5694 869 5738 et
890 5687 1088 5752 quidam
1112 5697 1238 5749 Mss,
1263 5703 1374 5740 cum
1395 5691 1500 5743 Iure
1520 5693 1616 5743 vita
1635 5695 1896 5748 transierit.

533 5753 554 5782 ³
571 5749 738 5823 t‘lurqs
759 5749 1069 5823 probavimus
1091 5758 1196 5800 Mss.
1218 5766 1228 5800 :
1259 5761 1462 5823 Neme
1477 5764 1637 5823 autem
1659 5767 1920 5820 prwparet,
1938 5762 2065 5823 quod

477 5812 553 5860 hic
603 5810 854 5881 negleiit.‘
875 5812 1140 5881 iidemque
1173 5826 1282 5862 cum
1321 5811 1427 5865 aliis
1463 5810 1710 5881 plerisque
1756 5810 2054 5881 prosequian

470 5881 548 5922 tur
564 5881 650 5935 sic,
663 5871 783 5924 “rum
807 5871 974 5926 ol-‘ierit
1002 5871 1253 5925 Dbminmn
1277 5871 1542 5939 promereri
1559 5891 1577 5943 ;
1603 5871 1794 5944 omisso,
1821 5871 1969 5947 (ψιάι.

993 414 1455 481 ENClllRlDION,
1498 413 1650 470 SIVE
1690 413 1780 468 DE
1819 411 2001 480 FIDE,
2043 409 2171 466 SPE
2211 411 2300 464 ET
2337 412 2760 483 CllAlllTATE,
2803 415 2862 472 S.
2905 418 3277 479 AUGUSTINI

3675 431 3784 491 234

2189 525 2394 592 missio.
2421 537 2513 584 aut
2557 539 2705 586 certe
2752 541 2808 588 ut
2856 533 3189 594 tolerabilior
3231 539 3324 596 fiat
3351 539 3511 615 lipsa
3563 545 3784 606 damna-

2187 622 2262 673 tio
2289 617 2393 692 (a).

2257 709 2481 768 CAPUT
2517 711 2651 769 CXI.
2687 745 2764 758 —
2817 715 2947 774 Dura
2983 720 3206 777 ciui:ates
3259 735 3371 795 post
3419 728 3680 799 judicium
3732 737 3783 791 in

2185 810 2372 856 (eterna
2399 803 2478 860 vet
2497 803 2804 863 beatitudine
2848 808 2928 865 vel
2969 813 3189 868 miseria.
3238 817 3368 873 Post
3421 828 3782 882 resurrectio-

2185 907 2308 948 nem
2338 910 2466 950 vero
2513 893 2655 954 facto
2688 901 2940 957 universo
2966 905 3344 980 completoque
3379 911 3609 981 judicio,
3643 931 3771 971 suos

2186 984 2323 1042 fines
2369 986 2642 1045 habebunt
2696 991 2936 1050 civitates
2976 995 3117 1066 duaa,
3149 1015 3255 1056 una
3305 1003 3512 1060 scilicet
3557 1005 3777 1076 Christi,

2183 1077 2353 1134 altera
2367 1079 2562 1136 diaboli
2596 1099 2611 1148 ;
2640 1099 2742 1138 una
2774 1084 3059 1155 bonorum,
3090 1091 3259 1148 altera
3299 1097 3604 1165 malorum;
3638 1112 3781 1158 utra-

2184 1185 2289 1240 que
2315 1178 2494 1229 tamen
2514 1183 2568 1228 et
2594 1175 2906 1244 angelorum
2936 1189 2993 1236 et
3017 1179 3314 1240 hominum.
3358 1185 3480 1244 Istis
3503 1191 3778 1261 voluntas,

2187 1261 2290 1317 illis
2311 1261 2532 1320 facultas
2573 1281 2678 1322 non
2714 1269 2913 1339 poterit
2961 1272 3066 1328 ulla
3096 1290 3218 1332 esse
3253 1281 3531 1350 peccandi,
3568 1285 3656 1340 vel
3678 1286 3779 1342 ulla

2183 1355 2417 1413 conditio
2445 1361 2737 1430 moriendi;
2765 1365 2882 1421 istis
2919 1366 2973 1421 in
2998 1376 3200 1426 aeterna
3231 1372 3343 1428 vita
3372 1389 3498 1431 vere
3520 1374 3778 1434 feliciter-

2184 1462 2288 1518 que
2315 1449 2630 1520 viventibus,
2661 1452 2768 1509 illis
2815 1456 3100 1514 infeliciter
3126 1460 3181 1516 in
3211 1472 3413 1520 aeterna
3441 1476 3620 1524 morte
3664 1470 3782 1527 sine

2184 1540 2446 1596 moriendi
2477 1551 2740 1613 potestate
2763 1548 2784 1578 '
2821 1546 3159 1619 durantibus,
3185 1553 3436 1623 quoniam
3460 1559 3678 1628 utrique
3708 1563 3784 1616 si-

2183 1647 2254 1689 ne
2279 1634 2406 1691 fine.
2436 1635 2540 1692 Sed
2571 1637 2624 1692 in
2675 1638 3005 1699 beatitudine
3055 1644 3143 1700 isti
3168 1646 3306 1703 alius
3349 1649 3459 1706 alio
3496 1655 3780 1722 praestabi-

2184 1725 2309 1794 lius,
2340 1727 2393 1783 in
2411 1728 2624 1786 miseria
2641 1746 2772 1789 vero
2796 1731 2871 1790 illi
2892 1734 3030 1792 alius
3067 1736 3176 1793 alio
3198 1739 3536 1799 tolerabilius
3563 1761 3780 1816 perma—

2184 1821 2408 1875 nebunt.

2255 1911 2480 2004 CAPUT
2516 1912 2675 1970 CXII.
2701 1945 2776 1956 —
2800 1915 3016 1975 Panum
3056 1921 3421 1982 damnatorum
3435 1938 3679 1985 internum
3700 1937 3781 2004 [o-

2182 2018 2254 2056 re.
2282 2001 2501 2060 Frustra
2530 2005 2710 2077 itaque
2736 2010 3004 2078 nonnulli,
3037 2011 3145 2068 imo
3165 2031 3324 2085 quam
3355 2018 3595 2088 plurimi,
3617 2001 3771 2080 auaro

2184 2108 2306 2148 nam
2328 2093 2698 2153 damnatorum
2725 2116 2940 2170 pmnam
2983 2113 3038 2158 et
3056 2106 3326 2163 cruciatus
3351 2108 3470 2165 sine
3497 2109 3778 2169 intermis-

2184 2187 2334 2243 sione
2348 2200 2635 2259 perpetuos
2655 2191 2890 2250 humano
2918 2196 3241 2254 miserantur
3269 2201 3486 2270 all'cctu,
3507 2213 3670 2275 atque
3698 2208 3778 2262 ita.

2182 2276 2423 2336 futurum
2446 2296 2566 2338 esse
2611 2299 2718 2340 non
2749 2284 2979 2342 credunt
2997 2287 3019 2320 ⁸
3045 2304 3060 2355 ;
3087 2304 3194 2345 non
3223 2291 3444 2362 quidem
3469 2294 3780 2367 Scripturis.

2181 2367 2379 2426 divinis
2423 2371 2796 2443 adversando,
2825 2375 2919 2432 sed
2950 2392 3048 2449 pro
3085 2394 3184 2435 suo
3210 2391 3360 2438 motu
3386 2384 3519 2440 dura
3546 2403 3777 2460 qumque

2183 2461 2494 2530 molliendo,
2525 2473 2579 2520 et
2602 2464 2656 2520 in
2683 2465 2943 2523 leniorem
2974 2467 3237 2527 flectendo
3266 2478 3615 2545 sententiam,
3648 2496 3774 2552 qua:

2182 2560 2370 2623 putant
2398 2555 2450 2608 in
2493 2555 2574 2611 eis
2623 2557 2914 2614 terribilius
2948 2559 2971 2590 ⁸
3013 2576 3135 2618 esse
3186 2563 3352 2632 dicta,
3385 2584 3546 2638 quam
3599 2575 3786 2632 verius

2183 2642 2282 2718 (ὁ).
2307 2644 2431 2701 Non
2453 2647 2596 2703 enim
2635 2647 2971 2720 obliviscetur,
3021 2653 3289 2726 inquiunt,
3341 2661 3570 2717 misereri
3616 2665 3774 2731 Deus,

2181 2747 2271 2792 aut
2295 2739 2563 2794 continebit
2582 2740 2636 2795 in
2656 2741 2732 2795 ira
2751 2759 2848 2798 sua
2877 2745 3223 2804 miserationes
3248 2767 3368 2804 suas
3388 2750 3564 2824 (Psal.
3588 2771 3776 2820 uxvr.

2184 2827 2315 2904 l0).
2360 2830 2474 2886 Hoc
2488 2830 2703 2902 quidem
2748 2833 2799 2888 in
2825 2835 3030 2904 psalmo
3058 2837 3251 2910 legitur
3299 2853 3529 2910 sancto;
3580 2847 3677 2902 sed
3707 2847 3775 2903 de

2182 2922 2268 2978 his
2290 2922 2406 2980 sine
2423 2924 2530 2978 ullo
2554 2926 2804 2996 scrupulo
2827 2927 3160 2999 intelligitur,
3179 2931 3270 3002 qui
3298 2949 3424 2989 vasa
3465 2937 3775 2994 misericor-

2181 3013 2695 3086 dizeuuncupantur,
2744 3017 2868 3087 quia
2895 3029 2950 3073 et
2977 3019 3078 3090 ipsi
3119 3037 3225 3077 non
3256 3040 3356 3094 pro
3383 3029 3594 3084 meritis
3639 3032 3773 3097 suis,

2180 3106 2276 3162 sed
2303 3107 2414 3162 Deo
2438 3109 2729 3164 miserante
2765 3109 2832 3165 de
2860 3111 3080 3168 miseria
3105 3113 3425 3173 liberantur.
3452 3122 3561 3176 Aut
3599 3123 3647 3178 si
3674 3123 3778 3183 hoc

2181 3198 2251 3256 ad
2273 3214 2458 3256 omnes
2479 3201 2790 3258 existimant
2820 3204 3112 3274 pertinere,
3143 3223 3250 3264 non
3298 3211 3420 3268 ideo
3443 3230 3671 3273 necesse
3696 3229 3788 3274 est

2180 3291 2650 3350 utdamnationem
2667 3295 2952 3366 opinentur
2974 3312 3134 3368 posse
3163 3298 3304 3360 ﬁniri
3331 3318 3521 3362 eorum
3553 3307 3623 3363 dc
3654 3311 3767 3379 qui-

2178 3471 2402 3583 beans;
2441 3469 2611 3535 plures
2641 3473 2898 3535 omittunt,
2943 3471 3066 3540 ﬁat;
3109 3479 3248 3542 cujus
3284 3479 3392 3532 loco
3432 3485 3654 3536 nonnulli
3696 3489 3784 3539 has

2218 3544 2318 3591 ent,
2336 3544 2414 3583 su.

2241 3597 2481 3708 :eunltgee
2511 3596 2748 3646 vaticanis
2780 3605 2832 3648 et
2851 3597 2977 3650 alius
2995 3613 3026 3650 e
3054 3599 3344 3657 Colbcrtiuis
3360 3641 3375 3666 ,
3399 3605 3503 3657 sine
3534 3609 3798 3664 moriendi)

2293 3671 2360 3707 ss:
2459 3693 2470 3706 .

2175 3665 2470 3707 necessitate.

2241 3719 2262 3786 ξ
2295 3718 2485 3786 Aliquot
2506 3726 2633 3780 Mss,
2656 3724 2796 3784 atque
2819 3719 2887 3772 ita
2909 3723 3094 3786 futuros
3115 3738 3217 3776 esse
3233 3739 3326 3778 non
3348 3730 3571 3782 credunt.

2237 3780 2263 3848 ξ
2294 3780 2460 3848 Plures
2482 3789 2606 3848 Mss,
2632 3780 2799 3848 putant
2815 3780 2968 3848 magis
2987 3786 3266 3840 terﬁbitius.

2240 3842 2809 3920 (dignamnationemltic
2833 3842 2921 3920 pro
2944 3850 3196 3920 punitione
3217 3865 3391 3920 eorum
3413 3855 3497 3920 qui
3530 3865 3640 3920 post
3663 3872 3794 3920 νειμ

2175 3904 2350 3969 gatorii
2370 3917 2538 3971 poenas
2569 3904 2782 3971 salvandi
2813 3904 2959 3971 sunt;
2985 3911 3098 3970 acci;
3117 3911 3311 3962 iendam
3346 3904 3511 3966 doc'uit
3530 3904 3780 3971 ‘Albe'rtus

2175 3967 2399 4044 sesque,
2413 3967 2687 4044 essem
2709 3967 2928 4044 (Eiet-.45:
2943 3967 3043 4044 ἠτις
3065 3967 3114 4031 δν
3131 3975 3190 4022 ad
3214 3977 3238 4044 ε
3262 3989 3277 4036 ς
3302 3989 3512 4044 cannula
3535 3967 3779 4044 ίοιεέιὲιλὲῐ

2175 4029 2408 4097 tationem
2429 4029 2690 4091 probarunt
2722 4032 2929 4094 Magistri
2964 4029 3197 4097 deinceps
3226 4029 3276 4086 in
3303 4029 3532 4088 eumdem
3572 4029 3778 4092 senion-

2174 4090 2551 4166 tiarumrlocum.
2568 4090 2990 4166 isttamen'Petrus
3013 4090 3304 4166 Lomiiardus
3327 4113 3389 4150 eo
3423 4100 3515 4151 loci
3541 4090 3666 4154 dist:
3677 4090 3774 4166 13,

2173 4166 2280 4226 (⁵³13·
2306 4161 2464 4216 Α’θηυε
2494 4153 2777 4227 "standum.
2795 4160 2905 4227 εδέν,
2934 4169 3021 4218 Pw
3049 4157 3392 4227 51.3"!"an
3425 4153 3776 4227 (ιυοτυιὶίάειὶιζ

2173 4205 2257 4289 qui
2282 4205 2527 4289 nunquam
2543 4205 2781 4289 liberandi
2814 4205 3778 4289 si{inpunitatisHageﬁijﬁéiia'é‘ami

2177 4275 2290 4326 inde
2311 4275 2606 4350 concludens
2625 4277 2750 4326 dixit
2773 4294 2843 4350 τέ
2864 4275 3166 4350 Mediocriter
3189 4275 3687 4350 malis'sull'nagantur
3698 4275 3772 4340 ad

2181 4351 2374 4414 ςρωῃεε
2392 4340 2786 4414 mitigationemn
2803 4348 2915 4413 Nam
2936 4343 2999 4391 ab
3021 4343 3127 4394 istis
3146 4347 3460 4414 mediocriter
3481 4340 3575 4414 mal
3583 4353 3623 4400 is
3643 4365 3780 4414 pror-

2173 4403 2606 4468 sus_secernit_eos
2625 4402 2708 4463 qui
2732 4413 2760 4450 a
2783 4403 2941 4468 poenis
2963 4409 3255 4468 purgatoriis
3284 4411 3392 4460 sive
3424 4402 3771 4464 celerius'sive

2175 4462 2359 4537 tardius
2379 4461 2696 4537 absolvunto
2706 4461 2802 4537 per
2815 4461 3041 4537 Ecclesiae
3055 4461 3257 4537 preces,
3274 4461 3775 4537 appellatqueomnes

2174 4523 2319 4596 hujus
2335 4525 2541 4596 generis
2554 4523 2866 4596 medica-iter
2879 4523 3161 4596 bonos._'nes
3175 4523 3318 4593 patet'
3332 4523 3566 4595 perlectis
3584 4523 3768 4587 ibidem

2173 4585 2578 4661 calzitulis,_solet
2612 4585 2824 4661 matari;
2856 4597 2938 4661 et,
2972 4591 3064 4640 sed
3091 4585 3288 4661 itefimt.
3317 4585 3434 4647 t'tinc
3456 4596 3620 4661 Glossa
3653 4585 3768 4661 iniit,

2173 4656 2349 4721 quaest.
2391 4648 2466 4708 l3,
2491 4661 2596 4721 cap.
2634 4656 2868 4721 Tempus,
2891 4648 2998 4721 haec
3027 4658 3241 4721 apposita
3279 4664 3385 4706 est:
3429 4676 3451 4704 α
3471 4648 3771 4711 mediocriter

2182 4709 2206 4756 ἆ
2227 4709 2366 4759 malis
2380 4709 2584 4784 prosunt
2626 4711 2684 4784 ad
2709 4709 2800 4762 hoc
2823 4709 2894 4784 fut
2922 4709 3104 4784 minus:
3120 4717 3406 4784 puniantur,
3427 4709 3676 4784 nunquam
3703 4709 3773 4772 ta-

2183 4787 2205 4816 α
2228 4785 2342 4820 men
2387 4772 2794 4840 liberabuntur.)
2821 4783 2908 4823 Pro
2951 4776 3042 4825 hac
3069 4772 3180 4840 ipsa
3215 4772 3445 4840 otinione
3471 4772 3772 4834 ab'Alberto

2175 4839 2340 4906 Magno
2363 4835 2906 4906 citaturt’rtepositivus.
2929 4835 3466 4906 lucellonensicodice
3487 4853 3771 4906 pervctusto

2176 4903 2339 4970 essunt
2360 4896 2590 4970 inserit-sta
2613 4896 2789 4970 caussa
2815 4912 2902 4970 pro
2923 4902 3062 4970 cujus
3085 4903 3241 4949 anima
3258 4896 3526 4970 dubitatur,
3549 4923 3573 4950 ι
3604 4908 3654 4955 in
3677 4896 3772 4970 qua

2175 4957 2341 5026 ist_ba_3c
2357 4957 2538 5019 legitur
2551 4959 2706 5026 oratio
2729 4971 2743 5006 :
2779 4977 2802 5005 ι
2816 4957 3136 5026 omnipotens
3153 4971 3204 5012 et
3223 4967 3499 5016 misericors
3514 4957 3669 5026 'Deus,
3689 4957 3771 5026 qui

2182 4985 2341 5007 totum].
2357 4985 2528 5019 ισδιιυι
2553 4985 2598 5006 υι
2609 4985 2706 5010 σιιυ
2729 4995 2742 5006 .
2779 4985 2802 5005 ι
2821 4985 3136 5022 υιιιιιινυιυιιδ
3153 4985 3204 5012 ει
3223 4985 3499 5016 ιιιξδυΐιωτδ
3522 4985 3669 5026 UCIIS,
3726 4985 3771 5020 ω

2182 5036 2205 5064 ι
2228 5016 2381 5067 habes
2403 5025 2695 5092 potestatem
2719 5022 3027 5092 mortiﬁcare,
3055 5031 3106 5092 et
3129 5025 3306 5074 iterum
3325 5029 3569 5078 viviticare
3588 5044 3601 5087 ;
3619 4985 3771 5080 deﬂu-

2181 5097 2205 5126 ι
2226 5092 2344 5129 cere
2385 5081 2444 5156 ad
2463 5081 2670 5156 inferos,
2697 5089 2750 5130 et
2785 5083 2964 5133 iterum
2998 5081 3268 5156 reducere;
3297 5097 3348 5138 et
3379 5104 3522 5141 vocas
3559 5081 3619 5141 ea
3661 5107 3782 5156 qua:-

2181 5159 2205 5189 ι
2227 5155 2323 5212 non
2337 5149 2467 5212 sunt,
2493 5150 2719 5212 tanquam
2739 5157 2921 5212 eaquze
2943 5155 3084 5212 sunt;
3105 5150 3243 5212 c_uju_s
3267 5158 3482 5212 potestas
3499 5161 3549 5203 et
3576 5157 3625 5203 in
3644 5149 3772 5205 coelo

2181 5220 2204 5250 ι
2228 5205 2344 5272 ct__in
2368 5210 2518 5262 terra,
2543 5211 2593 5252 et
2614 5205 2663 5252 in
2688 5208 2805 5254 mari
2826 5205 2883 5272 et
2904 5209 2952 5256 in
2990 5205 3327 5272 inferis'ple'na
3350 5215 3532 5266 assistit
3557 5230 3570 5265 :
3597 5225 3649 5266 te
3679 5217 3768 5266 hu-

2181 5282 2206 5310 α
2227 5264 2370 5314 miles
2398 5272 2770 5337 trementcsque
2805 5269 3126 5337 deprecamur
3151 5264 3247 5337 pro
3267 5276 3428 5337 anima
3463 5264 3638 5328 famuli
3670 5264 3770 5337 tui,

2181 5345 2205 5372 α
2227 5339 2370 5400 quam
2426 5329 2615 5400 traxisti
2655 5328 2720 5400 de
2753 5328 2981 5400 praesenti
3017 5328 3197 5400 saeculo
3235 5336 3422 5400 absque
3468 5328 3773 5400 tmoitcntite

2179 5405 2204 5435 ι
2225 5389 2406 5449 Spatia;
2430 5396 2484 5438 nt
2505 5392 2546 5439 si
2580 5389 2777 5454 forsitan
2817 5395 2881 5441 ob
2927 5395 3215 5454 gravitatem
3247 5389 3616 5453 criminumnon
3664 5389 3770 5454 me;

2178 5467 2206 5497 ει
2226 5457 2362 5517 retur
2384 5463 2594 5517 surgere
2616 5453 2684 5517 ad
2702 5453 2920 5517 gloriam,
2935 5453 3038 5517 iper
3063 5456 3166 5506 htcc
3188 5471 3329 5510 sacra
3361 5460 3621 5513 oblationis
3651 5453 3762 5514 liba-

2179 5511 2491 5584 :_Iiiiria,_vel'
2517 5511 2801 5584 to_l_erabilia_
2826 5511 3080 5584 liant'ipsa
3119 5526 3379 5584 tormenta.
3399 5540 3423 5567 ι
3456 5511 3770 5584 admei-Caldius,

2173 5571 2258 5621 nn.
2283 5573 2346 5622 de
2386 5573 2632 5643 miraculis
2653 5577 2803 5626 sancti
2838 5571 3112 5643 benedicti,
3141 5593 3248 5643 cap.
3273 5580 3328 5630 ει
3353 5617 3368 5641 ,
3393 5571 3572 5636 scribit
3595 5571 3772 5637 nan;

2171 5647 2349 5710 censes
2364 5637 2714 5710 proﬂanimabus
2738 5639 3013 5699 praxionum
3032 5642 3080 5710 in
3102 5637 3213 5692 acie
3233 5637 3470 5710 uasorum
3516 5662 3692 5710 preces
3713 5651 3770 5698 ad

2172 5700 2420 5770 Dominum
2444 5698 2703 5770 fudisse”
2720 5698 2963 5770 quatenus
2986 5704 3076 5751 etsi
3112 5707 3366 5770 perpetuis
3388 5723 3483 5758 non
3509 5698 3764 5760 mereren-

2179 5775 2200 5804 ι
2226 5769 2307 5830 tur.
2337 5758 2522 5830 absolvi
2547 5758 2856 5830 cruciatibus,
2880 5763 3054 5814 saltem
3089 5758 3357 5818 [itineribus
3392 5758 3767 5824 multarentura

2178 5839 2199 5868 α
2223 5823 2392 5870 stricto
2412 5823 2580 5872 iudice
2607 5826 2778 5883 renus.
2800 5843 2820 5869 ν

2237 5883 2305 5947 (b)
2343 5883 2439 5934 \‘id.
2469 5883 2532 5935 dc
2557 5886 2754 5935 Civitati:
2777 5888 2858 5940 Dci
2885 5885 2966 5938 lih.
2995 5887 3073 5952 2!,
3105 5903 3241 5955 capp.
3276 5890 3348 5953 l8,
3377 5893 3452 5944 ΞΗ.
