4072 6530
296 427 407 487 285

293 546 401 603 bus
423 544 626 600 dictum
672 546 775 605 est,
808 537 875 593 Et
912 535 1052 592 ibunt
1072 534 1159 590 isti
1183 531 1236 589 in
1266 530 1570 605 supplicium
1594 537 1887 585 cateruam:

298 654 369 694 ne
385 639 493 692 isto
518 632 681 690 modo
710 638 926 702 putetur
952 628 1195 684 habitura
1222 625 1385 681 ﬁnem
1413 620 1734 694 quandoque
1766 618 1892 675 feli-

294 733 433 787 citas
451 728 615 785 etiam
641 726 874 789 illorum,
902 721 971 777 de
996 720 1189 792 quibus
1212 735 1243 775 e
1271 718 1541 775 contrario
1563 714 1764 771 dictum
1783 721 1889 777 est,

293 820 438 878 Iusti
482 828 650 874 autem
670 817 724 870 in
746 814 901 871 vitam
920 809 1196 881 ceternam(
1221 808 1410 863 Matth.
1449 822 1583 873 xxv,
1612 806 1681 861 46
1709 803 1753 876 ).
1783 802 1892 859 Sed

296 928 493 986 ponas
505 911 877 967 damnatorum
906 905 1071 961 certis
1107 914 1410 973 temporum
1458 899 1754 955 intervallis
1770 897 1890 954 exi-

297 1005 542 1066 stiment,
587 1000 636 1056 si
676 999 780 1055 hoc
826 997 907 1053 eis
956 994 1157 1067 placet,
1194 990 1575 1064 aliquatenus‘
1621 986 1872 1059 mitigari.

299 1096 478 1153 Etiam
506 1093 586 1149 sic
613 1092 811 1163 quippe
852 1086 1075 1159 intelligi
1120 1092 1301 1157 potest
1324 1097 1542 1139 manere
1583 1081 1641 1136 in
1683 1080 1789 1135 illis
1813 1078 1893 1133 ira

298 1187 401 1243 Dei
426 1184 447 1259 (
471 1184 627 1240 Joan.
678 1198 759 1249 ut,
796 1182 865 1238 '56
894 1178 937 1253 ),
982 1179 1086 1235 hoc
1136 1185 1221 1235 est
1266 1177 1379 1248 ipsa
1429 1174 1701 1230 damnatio
1728 1170 1749 1246 (
1780 1172 1896 1227 hate

296 1276 449 1334 enim
476 1282 697 1329 vocatur
720 1272 797 1327 ira
829 1272 946 1338 Dei,
966 1285 1073 1326 non
1099 1268 1265 1325 divini
1295 1265 1462 1321 animi
1495 1261 1890 1335 perturbatio),

297 1367 448 1423 utin
495 1365 575 1421 ira
603 1378 721 1429 sua,
768 1362 873 1418 boc
926 1368 1012 1417 est
1052 1366 1305 1415 manente
1339 1357 1418 1413 ira
1435 1372 1554 1422 sua,
1582 1372 1688 1411 non
1718 1365 1894 1410 tamen

308 1456 589 1515 contineat
628 1453 1003 1510 miserationes
1042 1465 1168 1507 suas
1194 1467 1211 1517 ;
1235 1464 1344 1505 non
1372 1458 1578 1504 interno
1621 1446 1887 1516 supplicio

300 1552 471 1607 ﬁnem
497 1546 695 1615 dando,
747 1545 843 1602 sed
893 1544 1136 1601 levamen
1189 1541 1493 1599 adhibendo
1538 1540 1622 1595 vel
1661 1540 1897 1610 interpo-

299 1640 487 1699 nendo
512 1637 857 1696 cruciatibus.
877 1636 1016 1706 Quia
1043 1650 1145 1691 nec
1188 1633 1437 1691 Psalmus
1464 1632 1560 1699 ait,
1591 1630 1674 1686 Ad
1702 1631 1895 1686 ﬁnien-

299 1735 432 1792 dam
463 1734 597 1789 iram
620 1747 794 1796 suam,
827 1730 935 1797 vel,
993 1737 1117 1800 post
1166 1728 1300 1783 iram
1360 1740 1515 1782 suam
1542 1740 1559 1791 ;
1585 1722 1703 1791 sed,
1734 1723 1789 1777 in
1812 1722 1893 1776 ira

298 1844 419 1883 sua.
440 1824 575 1893 Qua:
602 1824 648 1880 si
675 1823 789 1879 sola
809 1831 952 1878 esset
979 1829 1177 1892 quanta
1204 1820 1274 1875 ibi
1301 1818 1523 1873 minima
1545 1815 1770 1886 cogitari
1798 1829 1889 1885 po-

301 1926 445 1983 test;
475 1916 652 1986 perire
697 1929 730 1969 a
768 1928 936 1985 regno
984 1913 1105 1975 Dei,
1132 1911 1389 1968 exsulare
1436 1926 1467 1965 a
1496 1908 1713 1966 civitate
1764 1907 1884 1973 Dei,

301 2006 531 2064 alienari
566 2021 597 2059 a
626 2006 732 2060 vita
773 2005 889 2072 Dei,
935 2018 1121 2060 carere
1167 2010 1276 2057 tam
1308 2016 1501 2073 magna
1553 1997 1897 2055 multitudine

301 2098 611 2155 dulcedinis
655 2097 750 2152 Det
783 2110 945 2168 quam
1001 2093 1284 2149 abscondit
1331 2091 1647 2148 timentibus
1690 2105 1751 2146 se
1788 2087 1894 2161 (α),

302 2192 529 2264 perfecit
578 2200 759 2246 autem
809 2188 1150 2260 sperantibus
1207 2187 1261 2241 in
1291 2200 1351 2242 se
1371 2184 1543 2258 (Psal.
1572 2199 1701 2249 xxx,
1748 2181 1821 2238 20
1853 2182 1895 2253 ),

305 2296 416 2340 tam
444 2282 666 2355 grandis
694 2290 778 2337 est
812 2294 997 2352 pmna,
1020 2288 1078 2335 ut
1120 2279 1170 2334 ei
1199 2278 1345 2334 nulla
1388 2276 1597 2347 possint
1624 2282 1897 2330 tormenta

303 2392 427 2447 quae
454 2375 698 2430 novimus
717 2370 1038 2442 comparari,
1067 2370 1113 2424 si
1136 2370 1224 2424 illa
1250 2368 1322 2423 sit
1345 2375 1571 2435 aeterna,
1590 2367 1693 2421 ista
1713 2372 1898 2419 autem

304 2468 415 2523 sint
438 2466 731 2537 quamlibet
748 2462 932 2519 multis
952 2461 1166 2517 sarculis
1182 2461 1362 2532 longa.

380 2557 609 2615 CAPUT
631 2555 815 2613 CXIII.
844 2583 917 2596 --
943 2554 1086 2610 Mors
1109 2554 1403 2625 impiorum,
1436 2560 1493 2605 ut
1520 2550 1623 2604 vita
1656 2550 1857 2622 piorum
1880 2588 1897 2616 ,

307 2658 575 2721 perpetua.
603 2646 838 2702 Manebit
874 2660 1006 2717 ergo
1031 2644 1149 2700 sine
1187 2642 1293 2699 ﬁne
1325 2656 1473 2697 mors
1517 2640 1610 2695 illa
1641 2647 1900 2711 perpetua

305 2742 705 2807 damnatorum,
737 2738 791 2794 id
819 2747 902 2793 est
926 2735 1179 2793 alienatio
1216 2750 1248 2789 a
1289 2735 1397 2790 vita
1429 2732 1547 2800 Dei,
1570 2741 1624 2789 et
1649 2730 1902 2788 omnibus

308 2833 416 2890 erit
446 2833 559 2903 ipsa
582 2830 898 2896 communis,
940 2827 1192 2900 quzelibet
1218 2828 1239 2859 ¹
1272 2825 1519 2881 homines
1546 2823 1615 2879 de
1642 2822 1903 2879 varietate

308 2941 588 2998 poenarum
608 2964 626 2991 ,
653 2923 722 2980 de
745 2923 992 2979 dolorum
1033 2919 1363 2977 relevatione
1388 2918 1475 2975 vel
1504 2915 1903 2974 intermissione

302 3033 407 3089 pro
435 3015 549 3072 suis
572 3015 818 3071 humanis
842 3014 1075 3069 motibus
1094 3010 1434 3081 suspicentur
1461 3027 1477 3065 :
1505 3010 1645 3065 sicut
1664 3007 1905 3065 manebit

302 3108 666 3163 communiter
677 3106 920 3162 omnium
944 3105 1053 3161 vita
1083 3115 1285 3161 aeterna
1310 3112 1636 3169 sanctorum,
1665 3099 1905 3173 qualibet

301 3201 573 3257 bonorum
600 3198 855 3255 distantia
879 3197 1219 3253 concorditer
1247 3195 1506 3267 fulgeant.

374 3289 606 3347 CAPUT
643 3287 828 3345 CXIV.
857 3317 929 3328 —
954 3286 1045 3343 '50.
1072 3286 1323 3358 Exposita
1360 3285 1484 3356 ﬁde,
1529 3285 1637 3357 agit
1672 3281 1737 3338 de
1771 3299 1863 3355 spe
1884 3297 1905 3337 :

305 3402 423 3458 qua:
451 3384 550 3438 huc
586 3368 836 3455 pertinent
874 3382 1123 3437 contineri
1160 3381 1390 3437 oratione
1426 3379 1704 3435 dominica.
1743 3376 1903 3448 Spem

303 3482 361 3534 in
388 3496 442 3535 se
472 3479 583 3549 ipso
600 3495 792 3550 ponens
834 3476 1151 3532 maledictus.
1169 3475 1250 3530 Ex
1273 3475 1372 3529 ista
1394 3472 1521 3529 ﬁdei
1540 3470 1899 3535 confessione,

304 3587 431 3642 qua:
456 3571 693 3626 breviter
719 3569 978 3642 Symbolo
1004 3566 1331 3632 continetur,
1361 3573 1413 3620 et
1442 3563 1729 3620 carnaliter
1756 3560 1905 3631 cogi-

307 3673 421 3718 tata
447 3663 531 3719 lac
552 3661 894 3732 parvulorum
922 3668 1027 3727 est,
1070 3657 1419 3731 spiritualiter
1445 3663 1623 3711 autem
1654 3650 1903 3709 conside-

306 3766 426 3813 rata
453 3763 614 3826 atque
639 3762 863 3810 tractata
895 3753 1045 3808 cibus
1080 3759 1166 3807 est
1207 3748 1424 3805 fortium
1448 3787 1463 3810 ,
1509 3746 1747 3802 nascitur
1783 3758 1908 3815 spes

306 3848 452 3903 bona
484 3846 743 3913 ﬁdelium,
770 3844 858 3901 cui
889 3843 1124 3899 Charitas
1151 3851 1334 3898 sancta
1365 3840 1675 3895 comitatur.
1705 3836 1809 3893 Sed
1839 3837 1908 3892 de

309 3939 381 3995 iis
406 3938 656 3994 omnibus
685 3951 806 4007 quae
849 3934 1079 3991 ﬁdeliter
1118 3941 1245 3989 sunt
1286 3930 1575 3997 credenda,
1607 3944 1670 3985 ea
1699 3936 1906 3984 tantum

309 4030 381 4086 ad
424 4045 576 4101 spem
616 4029 885 4099 pertinent
911 4042 1031 4098 qua:
1059 4026 1303 4081 oratione
1327 4023 1598 4079 dominica
1625 4022 1907 4077 continen-

311 4131 422 4179 tur.
468 4120 774 4176 Maledicta:
816 4120 959 4175 enim
994 4118 1197 4183 omnis,
1237 4117 1377 4171 sicut
1419 4114 1600 4170 divina
1647 4120 1911 4170 testantur

312 4215 552 4286 eloquia,
579 4214 666 4283 qui
687 4228 829 4282 spem
855 4211 997 4283 ponit
1024 4211 1079 4264 in
1102 4209 1305 4264 homine
1331 4205 1541 4280 (Jerem.
1566 4222 1694 4273 xv",
1726 4206 1782 4277 5)
1808 4224 1820 4260 :
1847 4220 1912 4261 ac

311 4322 414 4379 per
438 4306 542 4361 hoc
569 4314 625 4361 et
654 4305 707 4360 in
734 4319 797 4360 se
819 4305 935 4375 ipso
960 4303 1051 4374 qui
1082 4318 1231 4373 spem
1266 4302 1433 4372 ponit,
1462 4300 1621 4370 hujus
1641 4299 1910 4354 maledicti

311 4398 532 4454 vinculo
558 4396 866 4452 innectitur.
894 4394 1019 4450 Ideo
1042 4409 1151 4449 non
1178 4392 1279 4447 nisi
1294 4408 1324 4447 a
1344 4392 1570 4447 Domino
1600 4392 1709 4447 Deo
1728 4398 1911 4460 petere

313 4491 599 4553 debemus,
624 4488 882 4560 quidquid
911 4502 1192 4560 speramus
1208 4502 1306 4542 nos
1321 4487 1403 4542 vel
1429 4486 1568 4542 bene
1596 4492 1913 4555 operaturos

314 4585 406 4639 vel
434 4599 531 4655 pro
562 4583 583 4615 ³
610 4582 767 4637 bonis
790 4580 1044 4652 cperibus
1071 4579 1381 4649 adepturos.

388 4674 618 4732 CAPUT
655 4673 817 4730 CXV.
856 4702 933 4714 —
973 4671 1236 4727 Orationis
1280 4670 1547 4725 dominicae
1584 4668 1725 4740 apud
1769 4665 1913 4721 Mat-

316 4770 509 4825 tltcum
537 4767 802 4838 petitiones
838 4773 1049 4838 septem.
1094 4762 1325 4820 Proinde
1352 4762 1492 4834 apud
1532 4761 1913 4832 evangelistam

316 4861 624 4918 Matthaaum
662 4866 867 4930 septem
912 4858 1194 4929 petitiones
1233 4857 1511 4913 continere
1538 4855 1804 4910 dominica
1834 4855 1914 4909 ri-

317 4957 478 5013 detur
501 4956 675 5011 oratio
717 4971 732 5008 :
775 4968 997 5025 quarum
1029 4952 1199 5008 tribus
1222 4959 1423 5007 (eterna
1452 4958 1763 5021 poscuntur,
1787 4948 1914 5004 reli-

318 5049 442 5120 quis
469 5054 720 5120 quatuor,
752 5044 1063 5117 temporalia
1085 5087 1101 5112 ,
1128 5060 1247 5115 qua:
1276 5053 1451 5098 tamen
1480 5052 1696 5113 propter
1716 5051 1915 5096 :cterna

319 5138 699 5210 consequenda
739 5147 863 5193 sunt
906 5138 1234 5193 necessaria.
1277 5136 1410 5192 Nam
1459 5135 1602 5207 quod
1648 5135 1914 5201 dicimus,

321 5231 686 5303 Sancti/iretur
710 5246 890 5285 nomen
912 5239 1071 5295 tuum,
1099 5229 1343 5282 Adveniet
1365 5244 1575 5299 regnum
1602 5237 1764 5292 tamn,
1798 5224 1919 5279 Fiat

385 5392 404 5426 ⁸
436 5390 638 5451 Quidam
660 5396 788 5449 Mss,
807 5386 1121 5451 aliquantum.

383 5456 405 5488 ³
437 5443 511 5515 Sic
533 5462 643 5502 Mss.
690 5458 747 5501 At
771 5443 906 5509 editi}
930 5448 1185 5515 quamlibet
1215 5446 1338 5509 :qui
1381 5453 1432 5495 et
1470 5444 1608 5504 inira,
1651 5443 1917 5503 bonorum,

317 5528 427 5581 pro,
445 5513 699 5568 honorum.
944 5513 950 5515 “

386 5579 407 5644 ξ
440 5574 704 5644 t‘articula,
728 5585 835 5639 pro,
860 5574 1001 5625 abest
1022 5572 1287 5644 aplurilgus
1306 5577 1416 5644 M§§-
1575 5630 1587 5644 ,

385 5640 467 5709 (α).
490 5630 778 5709 lambertus
812 5630 1016 5709 Dacicus
1048 5630 1152 5686 loco
1187 5631 1492 5709 timentibus,
1516 5630 1783 5709 substituit.
1802 5632 1921 5709 tein-

320 5687 558 5759 ncntibus,
584 5713 680 5749 non
699 5706 925 5748 veterum
942 5698 1173 5749 librorum
1190 5687 1492 5759 auctoritate,
1514 5694 1602 5744 sed
1628 5687 1921 5752 postulante,

320 5765 391 5814 uti
414 5778 473 5814 se
494 5764 613 5812 dicit
626 5763 922 5823 conjectare,
939 5762 1167 5810 antithesi
1189 5760 1247 5809 ad
1271 5758 1397 5808 aliud
1416 5759 1704 5808 membrum.
1727 5763 1925 5823 speran-

320 5826 447 5879 tibus
469 5826 522 5875 in
544 5838 595 5873 se
618 5837 635 5873 :
659 5814 748 5872 sed
789 5814 921 5885 mala'
947 5824 1257 5885 conjectura,
1291 5829 1345 5872 ut
1368 5830 1502 5881 latet
1525 5814 1921 5885 cxgtlnarratione

321 5875 370 5939 in
392 5875 511 5939 νέω.
537 5887 621 5943 50.
647 5894 697 5935 et
725 5899 788 5936 ex
814 5884 896 5935 lib.
916 5886 967 5935 2i
997 5875 1060 5935 de
1081 5875 1280 5935 civitate
1301 5875 1403 5942 nvi,
1426 5898 1561 5944 capp.
1587 5882 1658 5941 18,
1683 5875 1760 5924 ἀί.

1721 407 1926 468 LIBER
1966 407 2168 466 UNUS.

3477 412 3585 470 288

1996 527 2230 581 voluntas
2256 533 2344 579 tua
2368 526 2496 581 sicut
2521 526 2574 581 in
2600 525 2725 583 caelo
2750 537 2799 583 et
2822 528 2875 583 in
2896 536 3029 583 terra
3050 527 3214 603 (quod
3233 543 3338 584 non
3354 528 3587 585 absurde

1996 615 2211 687 quidam
2241 617 2642 684 intellexerunt,
2675 619 2729 673 in
2753 620 2947 688 spiritu
2970 630 3025 675 et
3050 621 3321 691 corpore),
3367 622 3594 676 omnino

1997 708 2113 763 sine
2140 707 2246 763 fine
2272 708 2548 764 retinenda
2577 717 2703 763 sunt
2734 727 2749 764 :
2776 718 2830 765 et
2853 709 2941 765 hic
2969 710 3214 766 inchoata
3238 712 3589 782 ‘,qnantum-

1997 812 2225 869 cumque
2249 797 2578 869 proficimus,
2597 810 2860 869 augentur
2880 800 2932 854 in
2953 800 3147 867 nobis;
3175 801 3405 871 perfecta
3434 818 3595 870 vero.

1997 887 2140 958 quod
2166 888 2220 942 in
2248 889 2351 942 alia
2380 889 2486 942 vita
2516 888 2840 959 sperandum
2861 898 2961 955 est,
2992 906 3207 961 semper
3233 892 3589 961 possidebun-

1999 989 2104 1035 tur.
2136 979 2288 1050 Quod
2323 996 2450 1036 vero
2478 980 2723 1045 dicimus,
2756 980 2954 1035 Panem
2981 992 3207 1036 nostrum
3234 984 3588 1053 quotidianum

1999 1072 2068 1126 da
2095 1073 2239 1127 nobis
2268 1070 2439 1140 hodie,
2471 1071 2540 1126 Et
2576 1072 2768 1127 dimitte
2801 1073 2946 1127 nobis
2976 1072 3141 1126 debita
3166 1083 3358 1139 nostra,
3387 1075 3513 1127 sicut
3539 1081 3586 1126 et

1998 1183 2091 1221 nos
2118 1166 2423 1221 dimittimus
2444 1165 2746 1221 debitoribus
2765 1167 2973 1233 nostris,
3003 1164 3072 1220 Et
3107 1182 3171 1220 ne
3196 1183 3287 1220 nos
3311 1166 3499 1236 inferas
3536 1166 3593 1220 in

2000 1256 2327 1314 tentationem
2345 1302 2359 1323 ,
2394 1259 2501 1315 Sed
2530 1258 2685 1314 libera
2714 1276 2806 1313 nos
2833 1275 2865 1312 a
2888 1256 3024 1312 malo
3047 1256 3264 1328 (Matth.
3289 1273 3358 1323 νι,
3383 1257 3542 1329 9-15)
3568 1298 3595 1323 μ

1998 1351 2118 1421 quis
2142 1366 2250 1406 non
2277 1351 2457 1407 videat
2486 1350 2551 1406 ad
2584 1351 2860 1421 praesentis
2888 1351 3010 1404 vitm
3046 1348 3392 1419 indigentiam
3422 1351 3590 1419 perti-

1999 1445 2237 1501 nereiln
2268 1445 2357 1499 illa
2380 1445 2557 1515 itaque
2579 1445 2681 1498 vita
2711 1453 2908 1499 :cterna
2928 1443 3016 1498 ubi
3043 1458 3140 1498 nos
3164 1456 3380 1512 semper
3407 1456 3592 1512 spera—

2000 1551 2120 1592 mus
2146 1535 2375 1602 futuros,
2404 1544 2459 1591 et
2488 1536 2722 1591 nominis
2752 1535 2842 1591 Dei
2872 1533 3251 1602 sanctiﬁcatio,
3281 1543 3337 1590 et
3368 1547 3603 1604 regnum

2000 1628 2139 1699 ejus,
2168 1636 2224 1683 et
2254 1627 2505 1684 voluntas
2544 1626 2661 1697 ejus
2705 1630 2758 1681 in
2804 1634 2989 1682 nostro
3039 1626 3230 1696 spiritu
3271 1634 3326 1681 et
3368 1638 3595 1694 corpore

2000 1721 2238 1793 perfecte
2264 1730 2423 1791 atque
2452 1719 2824 1775 immortaliter
2844 1717 3250 1790 permanebunt.
3281 1716 3439 1772 Panis
3467 1730 3602 1770 vero

2000 1813 2341 1886 quotidianus
2366 1812 2488 1868 ideo
2515 1811 2692 1867 dictus
2716 1819 2800 1867 est
2828 1809 2952 1881 quia
2988 1809 3075 1864 hic
3098 1817 3182 1864 est
3210 1807 3545 1863 necessarius
3571 1844 3601 1871 μ

2002 1915 2231 1979 quantus
2256 1906 2447 1960 anima:
2483 1904 2736 1973 carnique
2776 1900 3092 1957 tribuendus
3129 1908 3248 1967 est,
3296 1899 3408 1954 sive
3437 1898 3593 1967 spiri-

2003 1998 2248 2064 tualiter,
2288 1998 2403 2053 sive
2450 1995 2771 2060 carnaliter,
2832 1993 2947 2049 sive
2993 2002 3218 2062 utroque
3267 1989 3596 2058 intelligatur

2002 2089 2184 2147 modo.
2212 2089 2313 2145 Hic
2338 2097 2423 2145 est
2449 2088 2608 2144 etiam
2637 2100 2796 2157 quam
2824 2082 3094 2155 poscimus
3114 2080 3379 2144 remissio,
3400 2079 3487 2133 ubi
3513 2087 3597 2133 est

2001 2181 2311 2237 commissio
2336 2188 2711 2253 peccatorum;
2752 2176 2840 2230 hic
2877 2173 3198 2231 tentationes
3234 2187 3352 2242 qua:
3392 2183 3490 2223 nos
3527 2167 3607 2221 ad.

2003 2272 2334 2344 peccandum
2359 2270 2448 2326 vel
2486 2268 2727 2325 alliciunt
2772 2266 2859 2321 vel
2901 2264 3210 2336 impellunt;
3251 2262 3337 2316 ltic
3361 2261 3596 2331 denique

2002 2366 2200 2420 malum
2228 2364 2374 2419 unde
2398 2362 2643 2433 cupimus
2669 2359 2884 2416 liberari
2914 2376 2928 2413 :
2953 2358 3064 2413 illic
3086 2366 3265 2412 autem
3300 2355 3434 2410 nihil
3459 2354 3599 2408 isto-

2004 2474 2123 2513 rum
2162 2465 2264 2513 εει.

2076 2548 2300 2607 CAPUT
2342 2547 2526 2604 CXVI.
2555 2577 2629 2589 —-
2656 2544 2931 2601 Petitiones
2969 2552 3164 2597 tantum
3201 2540 3420 2611 quinque
3458 2537 3602 2610 apud

2004 2644 2220 2711 Lucam,
2239 2643 2326 2712 qui
2346 2658 2460 2696 cum
2489 2639 2734 2695 Mattlueo
2767 2635 3089 2693 conciliatur.
3107 2634 3449 2705 Evangelista
3467 2646 3597 2686 vero

2005 2738 2178 2794 Lucas
2206 2737 2263 2791 in
2286 2734 2527 2790 oratione
2566 2732 2833 2787 dominica
2876 2730 3161 2802 petitiones
3199 2743 3306 2782 non
3348 2734 3551 2796 septem
3578 2766 3601 2792 ,

2007 2830 2101 2887 sed
2123 2828 2357 2900 quinque
2382 2825 2692 2896 complexus
2710 2833 2793 2880 est
2812 2842 2827 2880 :
2845 2839 2947 2881 nec
2970 2823 3039 2879 ab
3067 2823 3171 2877 isto
3196 2822 3376 2891 utique
3394 2820 3602 2875 discre-

2004 2922 2180 2995 pavit,
2202 2920 2298 2977 sed
2330 2916 2601 2989 quomodo
2628 2916 2745 2971 ista:
2781 2922 2989 2985 septem
3030 2913 3139 2969 sint
3168 2909 3526 2981 intelligenda:
3547 2910 3597 2977 ',

2006 3014 2121 3085 ipsa
2165 3027 2262 3068 sua
2305 3008 2571 3068 brevitate
2614 3007 2966 3064 commonuit.
3017 3004 3223 3060 Nomen
3265 3003 3460 3073 quippe
3501 3000 3601 3056 Dei

2008 3105 2371 3163 sanctiﬁcatur
2406 3104 2460 3160 in
2501 3100 2723 3174 spiritu,
2759 3100 2852 3155 Dei
2880 3109 3058 3154 autem
3085 3112 3309 3168 regnum
3338 3095 3391 3149 in
3423 3093 3603 3149 carnis

2007 3199 2404 3261 resurrectione
2442 3206 2725 3253 venturum
2765 3201 2868 3249 est.
2917 3192 3217 3248 Ostendens
3255 3205 3383 3260 ergo
3429 3188 3603 3242 Lucas

2009 3297 2222 3352 tertiam
2253 3292 2563 3365 petitionem
2592 3288 2817 3343 duarum
2850 3284 3186 3355 superiorum
3224 3296 3344 3337 esse
3369 3278 3600 3350 quodam

2008 3388 2171 3445 modo
2199 3385 2573 3457 repetitionem
2591 3424 2607 3449 ,
2636 3381 2805 3451 magis
2834 3394 2953 3435 eam
2991 3372 3450 3448 prmtermittendo
3480 3369 3606 3424 facit

2009 3481 2251 3553 intelligi.
2287 3477 2492 3534 Deinde
2532 3486 2642 3530 tres
2683 3474 2816 3528 alias
2845 3470 3104 3541 adjungit,
3147 3467 3215 3522 de
3254 3481 3388 3537 pane
3429 3462 3607 3533 quoti-

2008 3576 2169 3632 diano
2187 3616 2202 3642 ,
2238 3572 2309 3629 de
2351 3568 2669 3628 remissione
2697 3572 3034 3637 peccatorum
3055 3602 3071 3629 ,
3101 3559 3169 3616 de
3199 3556 3490 3614 tentatione
3520 3554 3602 3609 vi-

2011 3667 2171 3724 tanda
2220 3665 2374 3738 (Luc.
2410 3681 2464 3720 xt
2489 3705 2505 3730 ,
2544 3658 2685 3734 2-4).
2734 3660 2805 3714 At
2855 3671 2985 3712 vero
3021 3652 3162 3725 quod
3195 3652 3285 3707 ille
3327 3651 3378 3704 in
3416 3647 3603 3703 ultimo

2010 3761 2209 3833 posuit,
2239 3759 2342 3814 Sed
2371 3758 2528 3813 libera
2547 3772 2640 3810 nos
2658 3771 2689 3807 a
2709 3752 2845 3807 malo
2861 3766 2887 3816 ξ
2908 3750 3009 3805 iste
3033 3762 3139 3802 non
3168 3745 3363 3816 posuit,
3415 3751 3472 3796 ut
3520 3742 3606 3795 in—

2013 3854 2377 3925 telligeremus
2403 3850 2471 3905 ad
2502 3847 2630 3905 illud
2652 3845 2897 3916 superius
2928 3840 3069 3913 quod
3102 3841 3170 3895 de
3206 3836 3502 3893 tentatione
3522 3833 3605 3888 di-

2012 3955 2157 4003 ctum
2184 3952 2291 4011 est,
2321 3941 2609 4013 pertinere.
2641 3937 2766 3993 Ideo
2803 3936 3001 4006 quippe
3030 3932 3124 3998 ait,
3148 3928 3255 3985 Sed
3282 3928 3437 3983 libera
3458 3942 3477 3989 ;
3497 3941 3605 3981 non

2013 4040 2107 4103 ait,
2124 4037 2193 4092 Et
2220 4036 2408 4099 libera,
2438 4042 2689 4101 tanquam
2712 4043 2869 4083 unam
2902 4023 3216 4096 petitionem
3242 4034 3362 4074 esse
3383 4018 3607 4072 demon-

2014 4140 2192 4187 strans
2224 4125 2357 4199 (noli
2388 4125 2490 4179 hoc
2510 4122 2552 4188 ³,
2572 4121 2666 4176 sed
2689 4117 2828 4189 hoc)
2852 4135 2866 4171 :
2891 4125 2949 4171 ut
2989 4115 3121 4171 sciat
3149 4110 3512 4181 unusquisque
3552 4108 3607 4162 in

2015 4238 2081 4278 eo
2094 4236 2152 4276 se
2165 4216 2381 4275 liberari
2405 4231 2433 4269 a
2455 4214 2613 4276 malo,
2634 4209 2776 4282 quod
2796 4224 2899 4265 non
2923 4206 3148 4262 infertur
3169 4202 3608 4259 intentationem.

2086 4309 2313 4369 CAPUT
2351 4305 2557 4363 CXVII.
2585 4334 2657 4345 —
2677 4304 2764 4359 51.
2787 4299 2866 4355 De
2890 4300 3135 4355 rltaritate
3162 4312 3275 4366 quw
3292 4310 3406 4349 cum
3423 4292 3524 4363 ﬁde
3548 4307 3611 4344 ac

2017 4422 2106 4477 spe
2131 4404 2308 4459 adesse
2335 4398 2500 4455 debet.
2542 4396 2660 4452 Jam
2704 4409 2868 4465 porro
2895 4390 3128 4447 cltaritas
3149 4430 3165 4456 ,
3204 4401 3363 4458 quam
3405 4382 3614 4438 duabus

2019 4474 2155 4563 istis,
2176 4495 2230 4551 id
2250 4503 2353 4560 est,
2378 4491 2481 4547 fide
2500 4505 2563 4545 ac
2582 4503 2677 4559 spe
2696 4485 2951 4555 majorem
2971 4482 3109 4537 dixit
3126 4474 3468 4549 Apostolus(l
3490 4474 3611 4529 Cor.

2018 4606 2135 4655 xtn,
2172 4588 2282 4659 1‘5),
2308 4592 2508 4657 quanto
2538 4583 2589 4637 in
2617 4592 2956 4651 quocumque
2982 4575 3152 4643 major
3177 4580 3255 4628 est
3274 4614 3289 4638 ,
3325 4579 3471 4625 tanto
3501 4582 3617 4621 mc-

2018 4682 2122 4739 lior
2146 4658 2308 4737 estin
2336 4691 2442 4747 quo
2461 4683 2562 4730 est.
2586 4672 2717 4728 Cum
2740 4669 2881 4725 cnim
2903 4668 3176 4739 quaeritur,
3197 4672 3371 4718 utrum
3386 4658 3614 4731 quisque

2020 4778 2092 4833 sit
2117 4776 2278 4829 homo
2304 4771 2498 4835 bonus,
2526 4781 2633 4821 non
2659 4764 2913 4835 quaeritur
2930 4760 3053 4832 quid
3078 4757 3282 4822 credat,
3300 4763 3390 4808 aut
3410 4760 3609 4821 speret,

2020 4869 2117 4925 sed
2146 4865 2271 4938 quid
2297 4871 2461 4918 amet.
2501 4858 2635 4915 Nam
2674 4856 2765 4928 qui
2817 4864 2963 4910 recte
3001 4859 3182 4913 amat,
3228 4845 3411 4919 procul
3452 4843 3615 4898 dubio

2022 4937 2174 5018 recte
2197 4956 2367 5015 credit
2391 4964 2447 5011 et
2471 4961 2653 5025 sperat
2680 4970 2696 5008 :
2727 4950 2818 5021 qui
2848 4962 2977 5004 vero
3008 4960 3112 4999 non
3158 4949 3302 4996 amat
3327 4981 3342 5007 ,
3387 4937 3617 4992 inaniter

2021 5050 2215 5117 credit,
2242 5045 2456 5105 etiamsi
2491 5045 2602 5100 sint
2626 5056 2754 5097 vera
2787 5054 2907 5109 qua:
2932 5033 3137 5095 credit;
3164 5030 3390 5085 inaniter
3411 5035 3614 5097 Sperat,

2024 5143 2232 5200 etiamsi
2260 5140 2324 5197 ad
2353 5152 2535 5194 veram
2556 5134 2864 5191 felicitatem
2886 5128 3180 5183 doceantur
3206 5121 3477 5193 pertinere
3498 5134 3618 5189 qua:

2023 5244 2206 5305 sperat
2237 5252 2250 5286 :
2284 5231 2385 5286 nisi
2408 5239 2463 5285 et
2488 5228 2591 5283 hoc
2620 5222 2805 5281 credat
2824 5236 2887 5275 ac
2912 5226 3112 5290 speret,
3130 5213 3270 5285 quod
3291 5212 3389 5268 sibi
3415 5212 3619 5282 petenti

2024 5303 2213 5380 donari
2255 5321 2427 5392 possit
2463 5328 2522 5372 ut
2549 5322 2712 5370 amet.
2756 5310 3015 5381 Quamvis
3057 5307 3199 5363 enim
3246 5319 3466 5375 Sperare
3502 5303 3619 5357 sine

2025 5431 2211 5471 amore
2236 5431 2339 5470 non
2365 5410 2556 5483 possit,
2588 5407 2701 5463 fieri
2732 5415 2908 5462 tamen
2936 5409 3114 5475 potest
3142 5410 3199 5455 ut
3225 5398 3274 5455 id
3304 5413 3410 5453 non
3438 5406 3579 5451 amet
3602 5437 3618 5460 ,

2026 5512 2142 5566 sine
2184 5524 2290 5579 quo
2334 5506 2399 5560 ad
2448 5504 2498 5559 id
2536 5502 2678 5574 quod
2724 5509 2903 5571 sperat
2948 5514 3054 5552 non
3104 5502 3281 5566 potest
3319 5489 3620 5562 pervenire.

2027 5603 2301 5674 Tanquam
2337 5598 2381 5652 si
2421 5605 2601 5665 speret
2637 5594 2799 5649 vitam
2832 5601 3108 5648 :ctcrnam.
3142 5584 3335 5660 (quam
3369 5581 3486 5652 quis
3513 5594 3621 5632 non

2093 5696 2106 5726 ¹
2125 5668 2346 5754 Plerique
2363 5696 2493 5747 Mss,
2517 5694 2562 5739 et
2585 5686 2663 5737 hic
2677 5682 2969 5754 inchoantur
2978 5668 3619 5754 .thWWquﬁﬂyinf.

2090 5757 2110 5786 θ
2125 5728 2346 5802 ’Ᾱῖιῖῗὲὶῖ
2363 5728 2567 5811 ἓῖἷίἒὲζ
2585 5728 2953 5811 inmensa;
2971 5728 3069 5794 sui
3089 5728 3270 5807 septem
3300 5728 3417 5789 s'unt'
3444 5728 3625 5786 auctu-

2244 5887 2347 5928 )tss.
2376 5877 2494 5929 uliti
2520 5882 2704 5928 autem.
2729 5884 2818 5922 non
2838 5870 2946 5920 hoc.
