4024 6498
480 392 588 448 237
747 383 1205 449 ENClllRlDlON,
1245 381 1397 439 sws
1436 379 1527 436 ns
1565 377 1745 445 FIDE,
1786 376 1912 432 SPE
1952 374 2039 430 ΕΤ
2075 372 2495 445 ausurum,
2535 378 2593 435 ε.
2634 382 3003 441 AUGUSTth
3048 384 3254 442 LIBER
3284 387 3483 446 unus.
3645 392 3748 451 ass

480 513 624 563 amat
650 502 735 574 ‘1')
775 510 831 557 ct
865 515 971 555 non
1004 505 1148 553 amet
1173 494 1431 566 justitiam
1452 535 1467 559 ,
1504 493 1621 548 sine
1656 482 1761 562 qua
1800 503 1957 545 nemo
1984 487 2050 542 ad

480 597 622 652 illam
668 590 930 664 pervenit.
977 589 1095 659 ipsa
1135 597 1219 643 est
1254 600 1431 642 autem
1476 584 1608 640 tides
1646 580 1863 648 Christi,
1893 593 2054 650 quam

476 680 814 741 commendat
843 679 1153 751 Apostolus,
1180 692 1299 750 quae
1336 692 1433 749 per
1476 674 1816 731 dilectionem
1859 684 2056 741 opera-

475 788 562 834 tur
589 774 870 850 (Calat.v,
885 773 965 846 6);
988 784 1042 828 et
1066 770 1207 844 quod
1234 771 1286 825 in
1308 768 1595 825 dilectione
1615 765 1847 821 nondum
1871 762 2051 829 habet,

473 868 605 938 petit
635 876 692 923 ut
715 866 961 936 accipiat,
994 862 1183 934 qumrit
1205 869 1261 915 ut
1282 860 1534 927 inveniat,
1564 856 1739 928 pulsat
1760 862 1819 910 ut
1842 853 2053 925 aperia-

474 972 561 1015 tur
575 964 622 1015 ei
642 959 862 1033 (Matth.
881 975 973 1023 vn,
1000 958 1075 1027 7).
1106 956 1263 1011 Fides
1283 969 1510 1026 namque
1533 947 1937 1023 impetratquod
1966 947 2053 1003 lex

470 1052 722 1122 imperat.
762 1051 894 1106 Nam
927 1051 1043 1105 sine
1084 1049 1177 1104 Dei
1216 1048 1389 1113 dono,
1440 1045 1491 1100 id
1534 1052 1649 1110 est,
1693 1044 1809 1099 sine
1852 1041 2052 1111 Spiritu

470 1154 691 1214 saneto,
735 1160 831 1216 per
886 1161 1043 1218 quem
1091 1142 1403 1199 dili‘uuditur
1439 1141 1673 1197 cbaritas
1709 1139 1763 1194 in
1801 1137 2052 1193 cordibus

467 1237 666 1295 nostris
696 1237 872 1305 (Rom.
902 1251 953 1301 v,
986 1235 1065 1305 5),
1097 1234 1283 1304 jubere
1312 1233 1394 1287 lex
1423 1231 1653 1302 poterit,
1680 1244 1787 1284 non
1822 1230 2047 1299 juvare;

466 1339 521 1384 et
546 1329 1004 1400 praevaricatorem
1032 1328 1247 1397 insuper
1277 1324 1487 1391 facere,
1528 1324 1617 1393 qui
1650 1322 1718 1377 de
1755 1320 2051 1392 ignorantia

466 1434 526 1474 se
554 1434 811 1475 excusare
832 1434 939 1474 non
962 1418 1149 1488 possit.
1180 1418 1382 1486 Regnat
1405 1415 1550 1473 enim
1580 1413 1811 1470 carnalis
1846 1410 2052 1483 cupidi-

468 1521 571 1578 tas,
594 1510 684 1565 ubi
711 1526 815 1565 non
839 1519 922 1565 est
948 1510 1039 1564 Dei
1068 1510 1320 1564 charitas.

535 1599 763 1658 CAPUT
792 1598 1017 1655 CXVIII.
1042 1631 1115 1641 —-
1139 1600 1317 1655 Status
1358 1597 1435 1654 vel
1461 1607 1632 1654 tetates
1662 1596 1881 1652 hominis
1921 1612 2048 1667 qua-

465 1701 601 1758 tuor,
628 1700 746 1746 ante
770 1691 971 1762 Legem,
1005 1691 1095 1746 sub
1120 1689 1271 1761 Lege,
1303 1689 1394 1743 sub
1419 1690 1604 1761 gratia,
1628 1697 1675 1741 et
1697 1688 1751 1741 in
1778 1702 1920 1757 pace.
1942 1685 2048 1741 Sed

463 1796 585 1836 cum
616 1781 671 1835 in
699 1780 969 1837 altissimis
996 1781 1306 1851 ignorantia:
1337 1779 1569 1835 tenebris
1594 1778 1740 1833 nulla
1766 1777 2047 1832 resistente

462 1871 669 1926 ratione
709 1870 999 1927 secundum
1044 1886 1261 1928 carnem
1306 1870 1519 1936 vivitur,
1566 1870 1681 1925 hsce
1715 1878 1839 1925 sunt
1876 1870 2046 1940 prima

464 1962 719 2017 hominis.
753 1963 956 2019 Deinde
979 1979 1098 2018 cum
1127 1978 1221 2034 per
1255 1963 1424 2033 legem
1456 1962 1687 2033 cognitio
1723 1960 1883 2016 fuerit
1909 1959 2046 2015 facta

460 2054 689 2124 peccati,
711 2053 753 2108 si
776 2053 1009 2109 nondum
1027 2053 1237 2109 divinus
1262 2052 1735 2123 adjuvatSpiritus,
1753 2049 2046 2106 secundum

459 2144 631 2214 legem
657 2145 843 2200 volens
872 2146 1051 2201 vivere
1072 2145 1319 2210 vincitur,
1347 2153 1401 2199 et
1424 2144 1597 2198 sciens
1627 2151 1824 2213 peccat,
1853 2156 2045 2211 pecca-

458 2246 621 2307 toque
650 2237 892 2292 subditus
932 2238 1092 2292 servit
1129 2255 1144 2292 :
1185 2238 1229 2290 A
1257 2254 1357 2308 quo
1382 2238 1513 2290 enim
1536 2237 1647 2307 quis
1680 2236 1901 2289 devictus
1925 2244 1997 2289 est
2024 2275 2041 2303 ,

458 2326 578 2380 huic
602 2336 648 2382 et
675 2344 847 2383 servus
869 2328 1099 2382 addictus
1124 2336 1196 2382 est
1224 2328 1243 2398 (
1267 2327 1309 2382 ll
1341 2326 1482 2382 Petr.
1512 2342 1551 2381 ll
1569 2367 1585 2393 ,
1619 2326 1738 2396 i9);
1771 2326 1823 2380 id
1851 2334 2045 2396 agente

455 2419 678 2474 scientia
727 2420 984 2486 mandati,
1017 2430 1075 2475 ut
1107 2429 1381 2491 peccatum
1426 2429 1679 2490 operetur
1719 2419 1773 2474 in
1826 2418 2043 2475 homine

453 2524 666 2564 omnem
696 2510 1202 2580 concupiscentiam,
1233 2510 1449 2566 cumulo
1475 2508 1923 2580 praevaricationis
1944 2509 2041 2565 ad-

446 2598 611 2668 jecto,
641 2611 800 2671 atque
845 2601 916 2655 ita
965 2600 1107 2672 quod
1155 2602 1412 2672 scriptum
1464 2608 1548 2655 εει
1592 2600 1895 2671 impleatur,
1934 2599 2045 2654 Lea:

450 2692 781 2757 subintravit,
819 2701 873 2746 ut
905 2693 1186 2748 abundaret
1211 2694 1448 2748 delictum
1477 2694 1494 2764 (
1505 2694 1654 2748 Rom.
1685 2709 1739 2761 ν,
1767 2692 1883 2765 20).
1914 2693 2041 2750 Hart:

450 2792 576 2840 sunt
599 2785 833 2840 secunda
864 2786 1113 2841 hominis.
1154 2786 1211 2841 Si
1249 2796 1426 2842 autem
1467 2787 1764 2856 respexerit
1791 2786 1954 2852 Deus,
1982 2795 2042 2843 ut

449 2875 517 2935 ad
545 2876 810 2947 implenda
839 2893 957 2947 qum
995 2877 1213 2932 mandat
1237 2878 1349 2947 ipse
1375 2877 1631 2947 adjuvare
1672 2877 1955 2946 credatur,
1986 2886 2042 2933 et

448 2968 533 3038 agi
564 2968 724 3022 homo
756 2970 980 3039 coeperit
1007 2970 1101 3024 Dei
1128 2968 1349 3039 Spiritu,
1368 2970 1760 3039 concupiscitur
1784 2969 2038 3026 adversus

451 3074 669 3115 carnem
708 3060 929 3116 fortiore
968 3064 1165 3117 robore
1198 3062 1473 3117 cliaritatis
1512 3060 1709 3133 (Calat.
1740 3079 1794 3130 v,
1827 3062 1953 3133 l7);
1983 3071 2040 3119 ut

448 3154 691 3223 quamvis
719 3153 893 3209 adhuc
918 3154 987 3209 sit
1011 3155 1155 3225 quod
1183 3154 1383 3211 homini
1412 3165 1669 3227 repugnet
1704 3171 1771 3212 ex
1795 3156 2034 3224 homine,

448 3241 686 3297 nondum
715 3251 823 3298 tota
853 3244 1163 3301 infirmitate
1194 3257 1398 3310 sanata,
1431 3262 1496 3302 ex
1528 3247 1631 3302 tide
1658 3257 1833 3304 tamen
1855 3249 2033 3320 justus

446 3335 591 3390 vivat
615 3335 788 3407 (Rom.
830 3353 868 3404 ι,
915 3339 1028 3411 i7),
1074 3340 1324 3411 justeque
1352 3341 1530 3407 vivat,
1565 3342 1616 3396 in
1642 3353 1897 3413 quantum
1929 3359 2034 3400 non

445 3428 589 3485 cedit
631 3430 784 3484 mala:
818 3432 1262 3502 concupiscentia
1286 3477 1303 3500 ,
1348 3434 1595 3490 vincente
1638 3434 2033 3493 delectatione”

439 3521 685 3592 justitize.
734 3521 861 3578 Hmc
910 3534 1034 3580 sunt
1065 3527 1218 3581 tertia
1248 3526 1402 3581 boum
1422 3528 1534 3598 spei
1564 3527 1817 3597 hominis;
1839 3531 1889 3585 in
1908 3531 2031 3602 qui-

442 3613 546 3670 bus
586 3616 630 3670 si
674 3616 756 3686 pia
790 3617 1183 3686 perseverantia
1211 3619 1437 3690 quisque
1463 3620 1724 3691 proﬁciat,
1766 3632 2033 3692 postrema

441 3721 545 3779 pax
578 3715 761 3775 restat,
793 3724 910 3778 qua:
946 3718 1069 3781 post
1110 3709 1249 3766 hanc
1278 3711 1444 3767 vitam
1475 3712 1526 3767 in
1559 3714 1742 3783 requie
1771 3717 1989 3785 spiritus
2013 3758 2029 3783 ,

442 3797 636 3853 deinde
670 3800 723 3853 in
756 3802 1147 3857 resurrectione
1173 3802 1334 3858 etiam
1358 3805 1536 3860 carnis
1565 3806 1890 3876 implebitur.
1922 3809 2030 3864 Ha-

440 3906 559 3946 rum
597 3901 829 3963 quatuor
867 3893 1288 3950 differentiarum
1330 3896 1499 3967 prima
1531 3906 1616 3954 est
1641 3909 1766 3955 ante
1789 3900 1986 3972 Legem
2009 3944 2025 3969 ,

439 3983 674 4039 secunda
703 3986 802 4041 sub
833 3985 993 4056 Lege,
1026 3987 1180 4043 tertia
1222 3989 1323 4043 sub
1349 3989 1547 4059 gratia,
1578 4002 1763 4061 quarta
1804 3992 1858 4047 in
1899 4008 2030 4064 pace

439 4078 594 4147 plena
620 4089 776 4149 atque
806 4079 1060 4150 perfecta.
1084 4081 1174 4136 Sic
1191 4091 1273 4137 est
1294 4091 1349 4136 et
1378 4083 1472 4138 Dei
1500 4085 1725 4154 populus
1749 4085 2029 4144 ordinatus

441 4184 538 4239 per
566 4178 864 4240 temporum
906 4172 1181 4227 intervalla
1208 4213 1223 4239 ,
1267 4173 1404 4228 sicut
1446 4174 1559 4230 Deo
1596 4176 1823 4245 placuit,
1856 4179 1944 4249 qui
1973 4179 2027 4234 in

440 4275 692 4315 mensura
718 4270 773 4316 et
800 4276 1021 4316 numero
1042 4270 1097 4316 et
1123 4262 1360 4332 pondere
1392 4274 1583 4320 cuneta
1610 4266 1842 4337 disponit
1862 4268 2020 4341 (Sap.

441 4365 519 4416 ιι,
551 4349 664 4421 Si).
695 4350 825 4406 Nam
852 4351 949 4406 fuit
974 4353 1218 4423 primitus
1244 4363 1366 4411 ante
1392 4355 1621 4427 Legem;
1655 4360 1889 4417 secundo
1927 4364 2026 4421 sub

437 4439 579 4511 Lege
602 4482 617 4507 ,
656 4457 775 4511 qua:
812 4442 933 4498 data
960 4452 1044 4498 est
1068 4460 1162 4514 per
1185 4445 1434 4517 Moysen;
1474 4448 1668 4507 deinde
1694 4453 1792 4507 sub
1815 4454 1983 4523 gratia
2006 4496 2021 4521 ,

436 4549 557 4604 qua}
593 4535 823 4590 revelata
868 4544 951 4591 est
994 4552 1089 4606 per
1127 4538 1354 4608 primum
1392 4540 1700 4599 Mediatoris
1735 4544 2022 4602 adventum

435 4624 616 4697 (Joan.
649 4644 701 4692 ι,
736 4627 847 4699 l7).
880 4628 1010 4694 Qua:
1047 4628 1262 4697 quidem
1305 4632 1473 4702 gratia
1502 4648 1603 4689 nec
1629 4644 1785 4690 antea
1814 4635 2022 4704 defuit,

441 4716 643 4786 quibus
662 4731 780 4771 eam
801 4717 1043 4788 oportuit
1057 4717 1340 4788 impertiri,
1370 4722 1621 4789 quamvis
1637 4738 1735 4792 pro
1752 4722 2024 4795 temporis.

442 4805 852 4876 dispensatione
870 4808 1041 4863 velata
1061 4818 1117 4870 et
1137 4811 1368 4866 occulta.
1385 4811 1571 4883 Neque
1587 4815 1733 4869 enim
1752 4817 2019 4887 antiquo-l

440 4913 561 4952 rum
581 4899 911 4971 quicumque
934 4900 1208 4971 iustorum
1224 4912 1421 4973 prmter
1434 4903 1636 4960 Christi
1688 4907 1846 4963 ﬁdem
1870 4910 2016 4964 salu-

441 4997 551 5043 tem
576 4992 752 5060 potuit
792 4993 1062 5061 invenire,
1109 5004 1206 5050 aut
1233 5011 1364 5051 vero
1402 4997 1508 5052 nisi
1545 5007 1598 5052 et
1627 4998 1735 5054 illis
1764 5002 2016 5073 cognitus

439 5077 632 5137 fuisset
648 5083 688 5148 ⁸,
706 5086 970 5154 potuisset
987 5086 1145 5141 nobis
1162 5101 1259 5157 per
1278 5102 1467 5141 eorum
1485 5088 1853 5146 ministerium
1878 5093 2015 5150 alias

438 5173 700 5238 apertius,
742 5177 872 5232 alias
897 5179 1163 5234 occultius
1189 5182 1533 5250 prophetari.
1970 5190 1975 5195 ’

495 5258 724 5317 CAPUT
761 5260 947 5317 CXIX.
975 5297 1047 5306 —-
1071 5267 1405 5340 Regeneratio
1446 5286 1651 5344 peccata
1696 5280 1861 5334 abolet
1903 5283 2019 5337 uni-

489 5383 1017 5471 illa}.
1033 5396 1302 5471 etaliquot
1324 5407 1452 5459 Mss,
1469 5403 1684 5471 quamvis
1705 5419 1799 5456 non
1822 5406 2014 5471 habeat,

423 5448 582 5513 ε’]ἶοη
602 5454 731 5497 am“
743 5448 1009 5519 ,Ϊυδιίιέατηέ
1033 5460 1142 5504 ιον·
1170 5448 1223 5508 εἰ
1245 5469 1378 5518 Am,
1442 5448 2011 5533 Miizoi'wiﬁl’

660 5521 856 5571 0011580,
880 5523 972 5561 non
995 5512 1164 5568 habeat
1186 5476 1571 5572 eLEmeutfantur
1588 5532 1769 5572 auxilia
1788 5539 2011 5572 veterum

423 5503 856 5618 omisso,
880 5523 972 5561 non
995 5512 1164 5568 habeat
1176 5503 2014 5584 aiméhia'ﬁii?

487 5629 648 5708 _'_
666 5637 880 5708 statim,
904 5633 1190 5705 dilectione;
1210 5642 1611 5701 dissentientibus
1634 5654 1777 5705 editis
1800 5653 1909 5705 aliis
1956 5665 2008 5708 et

421 5692 645 5741 omnibus
665 5692 776 5743 fere
799 5701 906 5743 Mss.

482 5752 507 5835 ᾖ
531 5754 1104 5843 ἓξξίξξιιξίξξξὶἒειξωέ
1128 5773 1186 5843 (Al
1212 5778 1322 5819 vero
1344 5763 1438 5817 nit’
1458 5777 1500 5819 et
1524 5772 1617 5827 illis
1650 5777 1864 5843 cognitus
1893 5779 2009 5843 fuis-

420 5816 504 5875 set,
530 5826 619 5866 non
637 5816 867 5881 potuisset
889 5819 1035 5884 nobis,
1060 5835 1151 5878 etc.

2164 504 2305 544 versa
2342 490 2397 545 in
2445 493 2622 562 quavis
2667 504 2833 551 tetate.
2890 496 3118 556 Servitus
3158 500 3252 557 sub
3293 501 3425 573 Lege
3484 511 3746 565 nonnullis

2158 580 2440 651 inexperta.
2471 583 2528 639 ln
2552 601 2885 660 quacumque
2905 600 3083 647 autem
3106 602 3334 663 quatuor
3356 598 3579 655 istarum
3601 602 3747 658 velut

2158 678 2371 762 aetatum
2398 673 2662 746 singulum
2686 695 2952 752 quemque
2981 683 3250 742 hominem
3268 689 3437 759 gratia
3458 706 3746 762 regenera-

2160 760 2319 818 tionis
2344 765 2626 836 invenerit,
2658 769 2729 824 ibi
2757 771 2805 826 ei
2833 773 3174 831 remittuntur
3196 781 3463 848 praeterita
3495 760 3745 840 universa

2158 863 2402 922 peccata;
2422 866 2475 911 et
2498 870 2677 915 reatus
2701 861 2789 916 ille
2809 865 3075 921 nascendo
3098 876 3426 939 contractus,
3454 888 3743 931 renascen-

2157 944 2228 999 do
2252 947 2581 1005 dissolvitur.
2614 952 2850 1024 Tamque
2896 958 3121 1019 multum
3158 961 3305 1017 valet
3329 964 3472 1033 quod
3513 966 3743 1038 Spiritus

2157 1035 2244 1090 ubi
2259 1039 2363 1092 vult
2377 1039 2558 1111 spirat.
2578 1040 2756 1112 (Joan.
2774 1059 2850 1112 Ill,
2869 1045 2948 1119 8),
2972 1058 3029 1104 ut
3046 1050 3259 1121 quidam
3276 1035 3567 1112 secundam
3597 1059 3741 1115 illam

2156 1128 2466 1185 servitutem
2511 1132 2611 1188 sub
2656 1133 2800 1206 Lege
2836 1153 2944 1195 non
2969 1143 3215 1199 noverint
3243 1145 3285 1211 ί,
3313 1146 3409 1203 sed
3433 1164 3556 1205 cum
3584 1166 3740 1207 man-

2155 1216 2281 1274 dato
2308 1218 2562 1291 incipiant
2585 1222 2905 1294 adjutorium
2932 1230 3129 1288 habere
3152 1232 3414 1292 divinum.

2155 1317 2170 1365 ι
2226 1307 2452 1367 CAPUT
2482 1312 2646 1371 CXX.
2680 1346 2752 1358 —
2790 1319 3090 1391 Regenerati
3133 1326 3401 1382 morientes
3443 1340 3563 1385 ante
3595 1349 3740 1388 usum

2155 1399 2366 1454 rationis
2412 1419 2515 1458 non
2548 1417 2776 1477 pereunt.
2816 1410 3113 1484 Antequam
3160 1416 3328 1486 possit
3368 1428 3548 1476 autem
3579 1422 3739 1480 homo

2154 1504 2323 1561 capax
2346 1507 2469 1550 esse
2495 1496 2748 1566 mandati,
2773 1502 3065 1560 secundum
3102 1520 3323 1563 carnem
3349 1510 3494 1565 vivat
3515 1528 3747 1572 necesse

2153 1590 2238 1637 est
2270 1601 2285 1638 :
2313 1584 2411 1640 sed
2449 1586 2495 1641 si
2526 1587 2640 1658 jam
2682 1590 3029 1649 Sacramento
3055 1599 3473 1665 regenerationis
3501 1602 3747 1661 imbutus.

2153 1679 2255 1739 est,
2286 1673 2420 1730 nihil
2446 1677 2496 1732 ei
2536 1678 2707 1736 oberit
2737 1684 2795 1737 .si
2826 1691 2953 1740 tunc
2992 1700 3059 1741 ex
3103 1686 3203 1743 hac
3244 1690 3353 1745 vita
3404 1695 3743 1764 migraverit.

2154 1761 2287 1829 Quia
2315 1766 2428 1822 ideo
2457 1768 2686 1826 Christus
2706 1782 2934 1829 mortuus
2969 1785 3044 1831 est
3065 1786 3112 1832 et
3132 1782 3426 1850 resurrexit,
3450 1761 3503 1838 ut
3528 1796 3575 1839 et
3598 1786 3738 1843 riuo-

2152 1872 2264 1910 rum
2289 1867 2336 1913 et
2363 1870 2673 1919 mortuorum
2692 1864 2973 1923 dominetur
3007 1867 3182 1940 (Rom.
3209 1887 3321 1940 xiv,
3349 1871 3435 1944 9);
3458 1891 3559 1930 nec
3588 1886 3745 1934 tene.

2150 1948 2228 2004 bit
2253 1966 2474 2022 regnum
2494 1957 2685 2013 mortis
2698 1973 2839 2026 eum,
2867 1974 2967 2032 pro
2990 1978 3097 2035 quo
3117 1973 3358 2023 mortuus
3383 1977 3465 2024 est
3486 1969 3580 2025 ille
3604 1970 3739 2027 iiber

2150 2041 2205 2097 iu
2230 2047 2454 2102 mortuis
2478 2047 2648 2121 (Psal.
2681 2067 2914 2121 Lxxxvn,
2945 2054 3025 2126 6).

2220 2136 2442 2195 CAPUT
2469 2140 2656 2197 CXXI.
2681 2175 2755 2187 -—
2781 2146 2869 2203 δὲ.
2892 2147 3127 2205 Charitas
3153 2151 3271 2220 ﬁnis
3296 2154 3521 2209 onmium
3549 2172 3738 2225 praece-

2150 2236 2370 2299 ptorum.
2412 2232 2602 2290 Omnia
2645 2236 2804 2307 igitur
2836 2253 3101 2311 praecepta
3133 2243 3310 2299 divina
3336 2245 3642 2304 referuntur
3669 2250 3747 2305 ad-

2148 2318 2553 2393 charitatem,de
2567 2343 2669 2396 qua
2681 2329 2808 2384 dicit
2819 2334 3103 2402 Apostolus
3118 2352 3130 2387 :
3149 2333 3295 2390 Finis
3314 2347 3485 2392 autem
3498 2342 3745 2411 princepti.

2147 2421 2219 2465 est
2248 2412 2471 2470 charitas
2497 2417 2560 2470 de
2588 2420 2741 2476 corde
2767 2438 2895 2491 puro
2915 2463 2932 2489 ,
2976 2434 3023 2478 et
3052 2427 3361 2482 conscientia
3386 2427 3538 2498 bona,
3565 2441 3615 2484 et
3635 2433 3737 2500 ﬁde

2147 2518 2249 2557 non
2273 2504 2395 2573 ﬁcta
2421 2506 2474 2578 (l
2507 2506 2638 2563 Tim.
2666 2526 2714 2576 ι,
2745 2512 2825 2584 5).
2852 2514 3039 2573 Omnis
3088 2517 3267 2589 itaque
3314 2522 3565 2592 praecepti
3610 2523 3735 2579 linis

2146 2605 2229 2651 est
2249 2596 2516 2667 charitas;
2541 2602 2594 2657 id
2612 2612 2714 2671 est,
2737 2605 2803 2661 ad
2829 2608 3144 2666 eharitatem
3170 2611 3402 2669 refertur
3418 2628 3582 2672 omne
3598 2632 3734 2687 prte-

2144 2697 2378 2759 ceptum.
2406 2692 2558 2760 Quod
2591 2711 2721 2753 vero
2749 2699 2818 2753 ita
2848 2700 2908 2755 lit
2937 2702 3021 2757 vel
3045 2701 3237 2761 timore
3261 2720 3457 2776 ptenae,
3506 2709 3595 2765 vel
3633 2711 3733 2765 ali-

2144 2796 2246 2852 qua
2289 2786 2591 2844 intentione
2639 2793 2863 2860 carnali,
2916 2803 2977 2850 ut
3022 2810 3129 2851 non
3176 2796 3444 2855 referatur
3485 2801 3555 2857 ad
3588 2802 3747 2863 illam,

2143 2873 2461 2932 charitatem
2485 2895 2644 2950 quam
2685 2883 2934 2939 diffundit
2974 2886 3203 2957 Spiritus
3232 2900 3451 2947 sanctus
3477 2893 3536 2948 in
3559 2895 3736 2950 cordi-

2142 2964 2243 3020 bus
2290 2968 2487 3025 nostris
2530 2970 2706 3041 (Rom.
2738 2989 2792 3040 v,
2828 2975 2909 3046 5),
2938 2976 3176 3034 nondum
3201 2980 3260 3034 tit
3283 2982 3735 3051 quemadmodum

2141 3054 2258 3112 fieri
2286 3069 2518 3129 oportet,
2550 3065 2794 3133 quamvis
2823 3064 2939 3121 fieri
2969 3067 3232 3125 videatur.
3261 3070 3510 3131 Charitas
3536 3076 3739 3147 quippe

2141 3144 2241 3201 ista
2282 3147 2376 3204 Dei
2408 3159 2491 3206 est
2524 3164 2578 3207 et
2608 3155 2835 3224 proximi
2869 3174 2881 3210 :
2910 3165 2965 3213 et
2991 3160 3173 3231 utique
3196 3162 3250 3216 in
3273 3162 3353 3219 his
3375 3144 3570 3221 duobus
3599 3144 3733 3239 prte-

2139 3239 2296 3309 ceptis
2342 3250 2449 3296 tota
2487 3242 2597 3298 Lex
2625 3247 2805 3317 pendet
2835 3258 2881 3303 et
2910 3248 3187 3322 PrOphetc
3212 3252 3425 3325 (Matth.
3454 3272 3586 3325 xm,
3613 3259 3727 3331 40).

2138 3329 2292 3387 Adde
2320 3331 2687 3405 Evangelium,
2707 3337 2842 3394 adde
2860 3340 3149 3411 Apostolos
3172 3361 3185 3398 :
3210 3359 3317 3400 non
3344 3346 3486 3404 enim
3513 3329 3731 3406 aliunde

2137 3436 2241 3476 vox
2286 3423 2387 3478 ista
2422 3435 2535 3491 est,
2580 3426 2731 3483 Finis
2775 3433 3012 3504 precepts“
3056 3441 3131 3489 est
3164 3436 3420 3506 charitas;
3463 3449 3541 3508 et,
3592 3440 3737 3499 Deus

2137 3514 2359 3570 charitas
2383 3525 2454 3571 est
2483 3517 2540 3589 (Ι
2566 3518 2725 3575 Joan.
2764 3536 2843 3590 tv,
2889 3523 3004 3596 i6).
3034 3525 3392 3600 Quaecumque
3419 3544 3550 3602 ergo
3577 3548 3731 3588 man-

2137 3606 2227 3662 dat
2246 3609 2405 3676 Deus,
2431 3625 2495 3665 ex
2516 3611 2711 3682 quibus
2728 3630 2891 3671 unum
2911 3627 3013 3687 est,
3033 3618 3156 3675 Non
3182 3623 3505 3681 maechaberis
3528 3624 3725 3697 (Exod.

2136 3714 2227 3761 xx,
2251 3699 2349 3765 M;
2379 3699 2570 3756 Matth.
2599 3719 2651 3771 v,
2680 3704 2808 3777 27);
2841 3714 2897 3762 et
2922 3723 3271 3783 qumcumque
3295 3728 3401 3769 non
3429 3714 3687 3785 iubentur
3706 3760 3724 3786 ,

2135 3788 2231 3844 sed
2277 3791 2539 3860 spirituali
2568 3797 2790 3851 consilio
2818 3809 3105 3856 mouentur
3129 3804 3172 3871 ³,
3212 3819 3279 3859 ex
3318 3807 3511 3877 quibus
3557 3824 3735 3866 unum

2135 3890 2236 3949 est,
2281 3881 2484 3939 Bonum
2531 3896 2605 3941 est
2643 3887 2833 3944 homini
2874 3893 3132 3948 mulierem
3159 3911 3259 3950 non
3286 3905 3490 3969 tangere
3517 3898 3539 3973 (
3556 3899 3574 3953 Ι
3602 3899 3723 3957 Cor.

2133 3990 2227 4042 vn,
2255 3975 2310 4049 l)
2347 3996 2359 4032 :
2390 3986 2517 4035 tunc
2544 3990 2691 4037 recte
2719 3982 2878 4051 fiunt,
2919 3999 3041 4041 cum
3068 3985 3375 4045 referuntur
3400 3990 3467 4045 ad
3494 3991 3731 4064 diligen-.

2132 4064 2259 4121 dum
2296 4067 2485 4133 Deum,
2515 4078 2572 4125 et
2608 4072 2907 4140 proximum
2952 4086 3172 4148 prepter
3210 4079 3401 4148 Deum,
3437 4090 3493 4137 et
3532 4082 3586 4138 in
3619 4084 3724 4141 hoc

2131 4159 2348 4227 saeculo,
2375 4169 2431 4217 et
2455 4162 2507 4217 in
2532 4162 2737 4232 futuro;
2771 4182 2912 4223 nunc
2940 4169 3108 4225 Deum
3133 4186 3233 4241 per
3257 4172 3438 4241 tidem,
3471 4183 3601 4233 tunc
3629 4194 3725 4248 per.

2130 4252 2361 4322 speciem
2382 4295 2397 4320 ,
2429 4263 2483 4310 et
2512 4255 2685 4327 ipsum
2716 4260 3018 4328 proximum
3062 4278 3204 4319 nunc
3243 4280 3342 4335 per
3380 4266 3563 4322 ﬁdem.
3602 4268 3730 4325 Non

2129 4344 2271 4399 enim
2302 4344 2500 4402 scimus
2529 4349 2782 4406 mortales
2809 4351 2973 4407 corda
3001 4355 3325 4424 mortalium,
3369 4366 3493 4413 tunc
3539 4370 3731 4416 autem.

2128 4433 2432 4491 illuntinabit
2472 4436 2725 4495 Dominus
2765 4443 3063 4499 abscondita
3109 4448 3444 4514 tenebrarum,
3477 4461 3527 4505 et
3554 4455 3722 4507 mani-

2129 4526 2325 4596 festabit
2344 4530 2671 4600 cogitationes
2696 4534 2905 4600 cordis;
2930 4545 2977 4589 et
3008 4535 3121 4592 laus
3144 4540 3235 4593 erit
3260 4540 3527 4613 unicuique
3549 4560 3583 4597 a
3608 4544 3731 4600 Deo.

2129 4617 2238 4689 (Id.
2271 4636 2344 4687 tv,
2370 4622 2435 4694 5).
2465 4640 2478 4677 :
2508 4623 2633 4694 quia
2656 4624 2709 4680 id
2738 4625 3043 4683 laudabitur
3069 4638 3125 4685 et
3148 4629 3401 4702 diligetur
3419 4649 3449 4687 a
3472 4637 3725 4704 proximo.

2126 4712 2180 4768 in
2210 4715 2473 4784 proximo,
2499 4717 2640 4787 quod
2668 4733 2736 4773 ne
2760 4718 3032 4788 lateat,ab
3051 4722 3713 4792 ipsoilluminabiturDeo.

2124 4806 2378 4862 Minuitur
2403 4809 2424 4841 ³
2447 4818 2622 4866 autem
2648 4812 2910 4884 cupiditas
2936 4814 3194 4873 charitate
3221 4829 3515 4885 crescente,
3543 4821 3718 4879 donec

2124 4899 2302 4955 veniat
2331 4900 2417 4955 hic
2439 4900 2462 4933 ⁸
2489 4902 2555 4956 ad
2578 4912 2776 4960 tantam
2801 4907 3245 4978 magnitudinem,
3274 4926 3373 4981 qua
3401 4912 3575 4982 major
3596 4930 3718 4970 esse

2125 5004 2231 5044 non
2280 4991 2492 5061 possit:
2528 4993 2781 5066 Majorem
2814 4999 2946 5053 enim
2991 5000 3293 5057 charitatem
3332 5019 3479 5058 nemo
3524 5005 3713 5075 habet,

2123 5098 2275 5152 quant
2295 5094 2350 5138 ut
2373 5086 2597 5140 animam
2617 5105 2762 5143 suam
2778 5091 2890 5161 quis
2911 5101 3067 5163 ponat
3088 5110 3180 5163 pro
3199 5094 3379 5149 amicis
3397 5097 3505 5151 suis
3529 5096 3709 5169 (Joan.

2123 5189 2210 5242 xv,
2236 5174 2347 5247 i5).
2381 5175 2457 5232 Ibi
2486 5187 2663 5234 autem
2692 5182 2811 5255 quis
2839 5184 3072 5261 explicet
3098 5187 3557 5256 quantacharitas
3584 5192 3725 5255 erit,

2684 5352 3223 5426 ίίωθῑβενυίειζεεηιιδιώ
3242 5364 3470 5426 ιεθεηεςςδθ
3495 5376 3591 5415 non
3628 5380 3713 5417 ηο-

2121 5410 2301 5491 ierint;
2319 5415 2486 5491 Verius
2510 5422 2635 5477 Mss,
2656 5418 2923 5491 s_c_ctmdam_
2937 5433 2953 5481 ;
2969 5410 3155 5484 absque
3174 5410 3357 5491 verbo,
3372 5410 3713 5491 “fit-inille

2119 5472 2383 5558 secundum
2406 5475 2528 5558 lianc
2548 5472 2762 5558 appellat
2787 5472 3089 5558 servitutem
3113 5485 3205 5534 sub
3228 5472 3712 5558 legaiﬁé:

2118 5537 2269 5602 cessit
2288 5537 2501 5587 servitus
2523 5537 2854 5602 sub'peccaw.
3278 5537 3308 5552 υ
3360 5537 3373 5549 ,
3418 5537 3445 5558 κ
3477 5537 3550 5541 -w-
3583 5537 3607 5559 ,_

2183 5599 2203 5629 ι
2238 5603 2284 5645 In
2307 5604 2433 5657 Mss,
2457 5599 2697 5652 uouentur.

2183 5659 2205 5730 ξ
2238 5666 2345 5730 hev.
2380 5660 2781 5730 dissentientibus
2797 5666 2940 5718 editis
2962 5668 3068 5720 aliis
3092 5676 3143 5718 et
3164 5676 3291 5730 Mss,
3317 5672 3577 5725 minuetur.

2181 5720 2203 5751 ι
2238 5728 2721 5798 Unuscermanensis
2756 5735 2837 5798 ills.
2863 5733 3065 5789 omittit,
3092 5732 3168 5798 hic
3188 5720 3222 5793 ς*
3240 5720 3711 5798 νᾳῖιέιιίινιᾞιλῖἰευῐεω

2119 5782 2223 5895 ltro
2247 5786 2396 5895 tingvit
2420 5786 2663 5853 arnaldus,
2693 5798 2739 5842 et
2767 5790 2879 5843 illuc
2903 5782 3143 5845 transtulit
3166 5782 3441 5861 :'.t!tijotctrt'
3464 5782 3716 5852 ﬁliive-veniit;

2121 5860 2143 5895 ι·
2162 5859 2304 5895 utrm
2326 5859 2415 5895 em.
2444 5858 2535 5895 etc.

2121 5854 2415 5910 t‘lllll'lllllt’lll,
2444 5858 2535 5899 etc.

4002 894 4024 909 At

4002 1080 4024 1093 LI

4004 1270 4024 1290 Ἰ

3997 1418 4024 1465 Ξ

4021 3718 4024 3741 1

3997 3816 4024 3872 Ξ
