4072 6518
219 489 331 545 293

220 605 327 664 rit.
377 601 571 655 lactant
597 609 722 652 esse
748 590 1125 650 miserrimam.
1174 584 1365 642 Dicunt
1399 581 1557 637 etiam
1580 591 1697 633 eam
1729 590 1825 645 per

223 691 400 760 ipsam
431 686 871 744 commixtionem
906 678 1205 753 perdidisse
1236 672 1564 730 intellectum
1586 678 1640 723 et
1663 666 1830 723 beati-

230 781 472 836 tudinem
516 793 670 833 suam
696 816 713 843 ,
746 784 801 830 et
826 771 1034 843 magnis
1065 766 1339 825 erroribus
1364 772 1415 819 et
1438 761 1679 816 cladibus
1705 772 1825 813 esse

230 874 586 945 implicatam.
635 870 809 940 Quam
848 867 894 920 si
942 860 1230 932 aliquando
1275 858 1360 914 vel
1401 865 1567 911 totam
1614 852 1830 924 purgari

230 965 483 1020 dicerent
507 1004 521 1027 ,
572 974 823 1031 magnam
869 966 1047 1012 tamen
1086 952 1411 1023 impietatem
1449 956 1635 1003 contra
1661 945 1836 1000 omni-

237 1065 511 1129 potentem
545 1055 717 1110 Deum
745 1052 1109 1115 afﬁrmarent,
1135 1045 1289 1116 cujus
1318 1051 1523 1113 partem
1553 1038 1837 1095 crederent

239 1158 395 1204 tanto
430 1156 676 1217 tempore
719 1145 773 1198 in
808 1142 1083 1199 erroribus
1122 1147 1176 1193 et
1212 1136 1388 1206 pmnis
1423 1147 1544 1190 esse
1581 1130 1836 1202 jactatam

239 1241 364 1298 sine
396 1237 575 1306 aliqua
609 1237 816 1307 peccati
842 1231 1087 1287 crimine.
1135 1226 1289 1285 Nunc
1314 1239 1444 1280 vero
1474 1222 1710 1278 infelices
1738 1235 1837 1274 au-

240 1332 376 1386 dent
426 1328 600 1383 adhuc
661 1325 845 1381 dicere
896 1336 998 1378 nec
1051 1329 1218 1376 tatam
1266 1331 1424 1388 posse
1480 1313 1727 1385 purgari;
1783 1320 1839 1367 et

240 1423 417 1493 ipsam
467 1430 672 1491 partem
710 1432 827 1489 qua:
869 1414 1079 1487 purgari
1121 1426 1227 1468 non
1267 1408 1531 1481 potuerit,
1575 1404 1841 1476 proﬁcere

238 1515 314 1571 ad
349 1514 623 1571 vinculum
648 1553 664 1577 ,
692 1520 752 1566 ut
786 1509 909 1566 inde
944 1508 1245 1563 involvatur
1268 1513 1324 1560 et
1351 1502 1584 1573 illigetur
1616 1498 1835 1554 malitiae

241 1606 507 1677 sepulcra
539 1606 596 1671 ¹;
638 1612 695 1659 et
733 1603 811 1659 sic
849 1601 923 1657 ibi
964 1613 1179 1670 semper
1204 1598 1275 1653 sit
1312 1611 1433 1668 pars
1476 1595 1589 1666 ipsa
1619 1593 1711 1648 Dei
1741 1590 1841 1645 mi-

240 1713 371 1755 sera
395 1738 412 1764 ,
455 1712 573 1769 quae
618 1695 747 1750 nihil
790 1692 1061 1765 peccavit,
1100 1699 1155 1745 ct
1180 1687 1449 1758 afﬂigatur
1484 1687 1536 1740 in
1576 1695 1839 1739 aeternum

240 1803 468 1844 carcere
500 1787 839 1842 tenebrarum
868 1785 912 1837 '.
956 1784 1068 1838 lloc
1102 1781 1176 1837 illi
1212 1780 1395 1834 dicunt
1418 1820 1432 1843 ,
1474 1784 1533 1831 ut
1566 1774 1838 1845 simplices

240 1880 456 1933 animas
484 1877 687 1933 fallant.
716 1874 821 1931 Sed
843 1873 962 1944 quis
991 1882 1096 1927 tam
1127 1870 1355 1941 simplex
1378 1877 1459 1924 est
1477 1908 1493 1935 ,
1517 1876 1575 1922 ut
1606 1867 1704 1921 ista
1737 1879 1842 1918 non

242 1970 447 2026 sentiat
490 1983 613 2024 esse
659 1966 914 2036 sacrilega
938 2006 953 2030 ,
987 1963 1180 2034 quibus
1207 1960 1476 2015 afﬁrmant
1503 1957 1843 2026 omnipoten-

244 2071 356 2116 tem
406 2060 575 2115 Deum
621 2056 942 2113 necessitate
986 2068 1301 2124 oppressum
1349 2064 1508 2115 esse,
1554 2056 1611 2102 ut
1636 2054 1843 2119 partem

242 2166 398 2206 suam
436 2150 632 2204 bonam
662 2156 718 2204 et
762 2147 1099 2201 innocentem
1145 2142 1304 2197 tantis
1340 2139 1580 2195 cladibus
1607 2137 1844 2192 obruen-

243 2244 370 2299 dam
398 2251 455 2298 et
496 2249 640 2295 tanta
669 2236 1005 2293 immunditia
1031 2230 1408 2304 inquinandam
1439 2229 1626 2293 daret,
1656 2236 1710 2282 et
1736 2242 1844 2281 non

248 2345 415 2391 totam
438 2334 667 2390 liberare
694 2339 917 2402 posset;
942 2335 998 2383 et
1024 2325 1165 2397 quod
1196 2324 1424 2379 liberare
1450 2337 1557 2376 non
1590 2318 1843 2390 potuerit,

247 2427 471 2483 aeternis
510 2424 740 2480 vinculis
768 2418 1088 2492 colligaret?
1131 2417 1261 2487 Quis
1299 2429 1431 2485 ergo
1470 2414 1571 2468 ista
1614 2427 1721 2467 non
1752 2426 1846 2465 ex-

245 2517 533 2575 secretur?
560 2516 679 2588 quis
705 2529 815 2571 non
868 2512 1125 2582 intelligat
1150 2507 1313 2579 impia
1341 2521 1462 2562 esse
1494 2513 1548 2560 et
1580 2501 1848 2558 nefanda?

244 2613 354 2670 Sed
393 2612 469 2667 illi
498 2608 712 2682 quando
736 2608 953 2677 capiunt
976 2604 1218 2661 homines
1238 2641 1254 2668 ,
1302 2616 1406 2655 non
1443 2600 1543 2653 ista
1587 2596 1734 2667 prius
1760 2594 1846 2649 di-

246 2714 416 2770 cunt;
444 2719 562 2775 quze
589 2703 633 2757 si
660 2702 928 2767 dicerent,
960 2698 1297 2761 riderentur,
1328 2705 1420 2749 aut
1448 2692 1756 2763 fugerentur
1780 2687 1849 2742 ab

248 2794 546 2851 omnibus'
574 2811 591 2850 :
618 2793 714 2849 sed
763 2793 968 2863 eligunt
1011 2788 1241 2859 capitula
1270 2787 1338 2841 de
1379 2781 1703 2854 Scripturis,
1729 2794 1851 2850 qua:

249 2886 528 2957 simplices
565 2884 811 2940 homines
851 2897 956 2936 non
1001 2879 1334 2948 intelligunt;
1374 2885 1431 2932 et
1467 2889 1564 2944 per
1591 2872 1682 2927 illa
1707 2869 1852 2925 deci-

246 2981 405 3051 piunt
438 2978 644 3033 annuas
672 2976 982 3046 imperitas,
1027 2970 1319 3043 quaerendo
1358 2966 1499 3023 unde
1523 2966 1594 3020 sit
1623 2962 1846 3019 malum.

247 3074 406 3131 Sicut
435 3074 486 3127 in
515 3073 616 3127 ista
642 3069 881 3139 capitulo
909 3066 1130 3131 faciunt,
1162 3062 1307 3134 quod
1333 3061 1400 3116 ab
1425 3057 1685 3130 Apostolo
1714 3054 1851 3109 scri-

247 3176 400 3236 ptum
428 3172 547 3229 est,
596 3163 834 3216 Rectares
870 3160 1051 3221 harum
1089 3156 1405 3210 tenebrarum
1426 3192 1441 3217 ,
1488 3160 1535 3205 et
1564 3146 1855 3219 spiritualia

244 3258 489 3325 nequitia
514 3256 568 3309 in
596 3254 899 3309 caelestibus.
945 3251 1203 3319 Quaerunt
1242 3247 1384 3303 enim
1411 3245 1728 3314 deeeptores
1753 3240 1852 3307 illi,

244 3360 302 3404 et
330 3348 669 3418 interrogant
694 3345 967 3400 hominem
996 3342 1299 3411 Scripturas
1328 3336 1537 3392 divinas
1554 3349 1662 3389 non
1687 3330 1847 3388 intel-

249 3442 532 3511 ligentem,
574 3436 717 3493 unde
736 3438 846 3492 sint
872 3435 928 3490 in
950 3434 1093 3490 caelo
1119 3440 1362 3488 rectores
1384 3427 1723 3484 tenebrarum
1752 3440 1768 3479 :
1799 3432 1858 3479 ut

246 3549 374 3589 eam
402 3532 731 3602 respondere
755 3544 864 3585 non
899 3528 1165 3600 potuerit,
1209 3524 1519 3581 traducatur
1551 3521 1621 3577 ab
1651 3520 1732 3576 eis
1761 3534 1858 3590 per

250 3626 662 3687 curiositatem;
690 3622 816 3693 quia
840 3620 1017 3676 omnis
1057 3618 1237 3674 anima
1266 3616 1478 3672 indocta
1508 3613 1720 3670 curiosa
1748 3620 1854 3667 est.

250 3718 358 3785 Qui
394 3727 574 3771 autem
618 3712 779 3769 ﬁdem
807 3711 1127 3767 catholicam
1171 3708 1312 3764 bene
1354 3704 1580 3772 didicit,
1612 3713 1668 3760 et
1701 3702 1857 3758 bonis

250 3810 498 3868 moribus
521 3817 578 3864 et
600 3823 724 3862 vera
763 3807 962 3878 pietate
986 3804 1223 3860 munitus
1244 3808 1363 3868 est,
1390 3799 1637 3871 quamvis
1666 3810 1857 3852 eorum

252 3903 508 3959 bmresim
551 3898 798 3961 nesciat,
843 3895 1132 3968 respondet
1176 3893 1282 3949 illis
1328 3900 1529 3947 tamen.
1576 3888 1687 3944 Nec
1714 3886 1856 3942 enim

249 3995 431 4066 decipi
477 4000 690 4065 potest,
720 3988 811 4060 qui
835 3987 948 4059 jam
988 3985 1138 4042 novit
1160 3982 1291 4055 quid
1324 3981 1589 4053 pertineat
1624 3978 1690 4034 ad
1711 3975 1857 4032 ebri-

250 4086 486 4142 stianam
516 4084 699 4151 ﬁdem,
721 4096 842 4153 quae
869 4078 1132 4135 catholica
1154 4075 1381 4141 dicitur,
1415 4089 1513 4144 per
1533 4071 1717 4127 orbem
1751 4077 1859 4125 ter-

252 4195 438 4237 rarum
468 4192 676 4248 sparsa,
706 4185 761 4231 et
784 4181 972 4230 contra
995 4184 1185 4227 omnes
1218 4167 1412 4238 impios
1442 4175 1497 4222 et
1522 4172 1857 4237 peccatores,

253 4271 590 4344 negligentes
616 4276 797 4323 autem
844 4264 1007 4321 etiam
1037 4276 1166 4318 suos
1190 4258 1234 4328 ⁸,
1267 4258 1500 4323 Domino
1528 4255 1861 4329 gubernante

252 4379 470 4421 secura.

326 4454 557 4514 CAPUT
601 4453 663 4509 V.
703 4482 776 4494 —
817 4451 870 4507 5.
917 4447 1221 4519 Spiritualia
1262 4443 1496 4517 nequitia!
1548 4443 1603 4496 in
1643 4440 1852 4496 cozlesti-

255 4553 369 4611 ιω,
399 4562 499 4618 quo
528 4560 678 4598 sensu
706 4542 919 4596 dictum.
952 4538 1215 4608 Quoniam
1242 4550 1370 4605 ergo
1394 4532 1705 4589 dicebamus
1733 4545 1854 4601 apo-

256 4641 460 4697 stolum
504 4636 734 4693 Paulum
785 4633 988 4690 dixisse
1041 4630 1241 4687 habere
1285 4643 1386 4684 nos
1426 4625 1861 4683 colluctationem

255 4733 518 4789 adversus
553 4738 789 4785 rectores
815 4726 1162 4784 tenebrarum
1188 4731 1242 4778 et
1272 4719 1572 4791 spiritualia
1610 4717 1864 4789 nequitia:

259 4827 314 4880 in
362 4821 712 4884 caelestibus;
768 4827 824 4873 et
870 4814 1215 4887 probavimus
1262 4810 1425 4867 etiam
1470 4811 1631 4864 istum
1679 4821 1861 4863 aerem

258 4928 421 4971 terra:
443 4912 752 4985 proximum
780 4908 979 4965 cmlum
1024 4905 1204 4961 vocari
1236 4923 1251 4957 :
1282 4911 1493 4973 oportet
1520 4900 1742 4957 credere
1770 4899 1867 4954 ad-

261 5021 483 5063 versum
518 5002 793 5059 diabolum
822 5008 878 5055 et
911 4997 1133 5069 angelos
1169 4994 1288 5066 ejus
1314 5009 1411 5048 nos
1439 4992 1730 5058 dimicare,
1772 4990 1863 5061 qui

258 5098 493 5170 gaudent
538 5090 1029 5166 perturbationibus
1070 5087 1291 5143 nostris.
1346 5084 1477 5139 Nam
1502 5093 1557 5139 et
1584 5085 1697 5154 ipse
1723 5084 1866 5153 Apo-

261 5192 433 5248 stolus
459 5189 565 5243 alia
605 5187 726 5242 loco
760 5181 1031 5239 diabolum
1069 5179 1365 5250 principem
1407 5176 1687 5247 potestatis
1724 5175 1864 5231 aeris

323 5421 343 5452 ί
375 5426 557 5466 omnes
579 5420 713 5471 uss,
744 5406 1040 5471 sepulcrum.

323 5485 344 5513 ³
369 5460 987 5538 ἐῖιίιῖἶιῖιίἷιὲέ.,θαῖῇ9αιατ
1011 5463 1139 5531 (vel,
1162 5461 1399 5529 aﬂigttur)
1415 5460 1465 5511 in
1490 5465 1729 5511 internum
1749 5469 1864 5509 car-

254 5543 363 5593 ceri
386 5538 715 5592 tenebrarum.

324 5582 361 5638 ἶ
378 5582 713 5652 éiéiiii’.“éi
728 5594 900 5659 plures
919 5600 1026 5659 uss.
1056 5596 1110 5640 Αι
1130 5587 1376 5659 editlones
1396 5584 1507 5659 alia;
1521 5618 1536 5642 ,
1578 5582 1866 5647 [agerentur

254 5670 320 5718 ab
342 5644 889 5718 v’l‘t'ies'htssg
918 5656 1202 5720 {agerentur
1225 5649 1287 5720 ab
1310 5644 1599 5720 hominibus)

322 5702 738 5779 353333.};
755 5702 1029 5775 Filii“;
1048 5702 1523 5779 negligentes_autcnt
1555 5706 1648 5779 sui.
1696 5702 1865 5779 Melius

256 5765 710 5852 γρηῒ-ἐίδἐᾶιῖεῶ
726 5765 833 5833 stss.
860 5765 1205 5841 sull‘raganiur';
1221 5771 1528 5852 pegligentes
1538 5776 1698 5852 auth
1721 5765 1869 5852 ειξίξζξξ

975 5828 1098 5913 quos
1120 5828 1437 5913 peglig'euies
1475 5828 1867 5913 securam‘ﬁdein

254 5892 401 5977 iiii,
424 5892 764 5977 iiiiét'itigitiiig
780 5892 1040 5974 catlt’olicés
1071 5892 1497 5977 ﬁ.l.el‘és._'Quatuor
1516 5904 1621 5945 Mss.
1649 5892 1828 5941 habent
1845 5925 1857 5947 ,

256 5960 695 6043 aiﬁgﬁéiziiius
716 5978 872 6022 auum
898 5964 1029 6025 suis;
1062 5961 1149 6014 sed
1182 5960 1327 6011 male.

1665 461 1864 516 LIBER
1906 457 2107 517 UNUS.

3424 462 3531 519 29".

1941 571 2099 642 hujus
2128 572 2357 641 appellat
2383 571 2598 646 (Ephes.
2620 588 2656 630 ιι
2676 616 2693 641 ,
2717 573 2797 647 2).
2826 573 3080 643 Quamvis
3108 576 3195 632 ille
3222 577 3405 644 locus,
3434 579 3534 634 ubi

1937 665 2045 732 ait,
2079 663 2385 735 Spiritualia
2410 666 2645 737 nequitia
2668 667 2721 720 in
2745 668 3059 735 caelestibus,
3090 670 3259 740 possit
3280 680 3336 725 et
3373 671 3535 727 aliter

1940 754 2195 825 intelligi,
2239 766 2424 810 utnon
2455 756 2599 828 ipsos
2623 757 3061 829 praevaricatores
3100 762 3317 832 angelos
3349 763 3399 816 in
3422 778 3536 818 ca:-

1940 848 2162 903 lestibus
2192 864 2312 905 esse
2336 848 2531 905 dixerit
2554 891 2569 912 ,
2597 849 2692 905 sed
2722 864 2819 905 nos
2848 851 3022 922 potius
3048 892 3063 915 ,
3110 853 3176 907 de
3210 855 3404 923 quibus
3426 857 3535 911 alio

1939 940 2059 995 loco
2082 940 2245 1008 dicit,
2277 939 2599 996 Conversatia
2621 951 2795 997 nostra
2818 942 2871 996 in
2901 942 3039 996 caelis
3065 952 3136 997 est
3164 943 3421 1015 (Philipp.
3452 963 3534 1011 tn.

1940 1032 2039 1104 20)
2070 1050 2085 1087 :
2116 1044 2175 1088 ut
2201 1048 2300 1089 nos
2326 1034 2378 1088 in
2406 1035 2714 1091 cmlestibus
2740 1036 3051 1104 constituti,
3083 1037 3133 1091 id
3156 1046 3256 1105 est,
3299 1039 3352 1093 in
3372 1041 3531 1109 spiri-

1944 1124 2175 1180 tualibus
2209 1126 2489 1195 praeceptis
2539 1127 2633 1181 Dei
2681 1126 3049 1193 ambulantes,
3093 1127 3409 1185 dimicemus
3437 1130 3533 1185 ad-

1942 1230 2131 1271 versus
2160 1217 2453 1287 spiritualia
2498 1219 2783 1289 nequitiis,
2829 1234 2948 1289 quae
2984 1234 3084 1275 nos
3126 1220 3248 1274 inde
3275 1232 3533 1276 conantur

1943 1308 2278 1364 abstrahere.
2323 1308 2490 1380 Magis
2528 1324 2656 1380 ergo
2696 1309 2826 1364 illud
2865 1311 3214 1381 quaerendum
3242 1320 3358 1378 est,
3408 1327 3541 1381 quo-

1945 1398 2107 1454 modo
2139 1398 2397 1455 adversus
2420 1414 2516 1454 eos
2535 1415 2670 1471 quos
2695 1416 2802 1455 non
2829 1402 3103 1468 videmus,
3146 1416 3380 1471 pugnare
3412 1416 3539 1470 pos-

1944 1490 2145 1555 simus,
2186 1499 2239 1545 et
2283 1491 2531 1555 vincere;
2578 1506 2646 1546 ne
2690 1499 2879 1562 putent
2902 1491 3050 1547 stulti
3075 1491 3331 1547 adversus
3359 1506 3541 1546 aerem

1949 1598 2045 1635 nos
2069 1581 2265 1637 debere
2291 1594 2518 1637 certare.

2016 1672 2240 1730 CAPUT
2279 1674 2367 1728 Vl.
2394 1704 2468 1715 —
2497 1675 2550 1729 6.
2580 1673 2776 1745 Carpus
2813 1676 3195 1747 castigandum,
3236 1684 3289 1728 ut
3313 1675 3544 1730 diabolus

1946 1775 1992 1818 et
2015 1765 2230 1819 mundus
2267 1765 2548 1819 vincantur.
2582 1765 2745 1820 Docet
2775 1765 2952 1837 itaque
2974 1767 3261 1835 Apostolus
3286 1766 3420 1836 ipse,
3456 1766 3543 1819 di-

1946 1870 2120 1911 cens:
2155 1853 2276 1908 Non
2301 1855 2374 1909 sic
2417 1871 2621 1926 pugno,
2663 1857 2810 1926 quasi
2848 1872 3015 1909 aerem
3053 1856 3287 1922 cadens;
3330 1859 3417 1910 sed
3454 1873 3545 1910 ca-

1947 1950 2076 2019 stiga
2120 1963 2305 2017 corpus
2343 1964 2542 2013 meum,
2584 1958 2631 2001 et
2667 1948 2719 2001 in
2752 1950 3038 2003 servitutem
3070 1950 3277 2018 redigo,
3314 1964 3376 2002 ne
3418 1951 3549 2019 forte

1952 2038 2068 2091 aliis
2097 2037 2382 2108 prwdicans
2407 2077 2421 2102 ,
2451 2036 2560 2108 ipse
2586 2038 2830 2107 reprobus
2856 2038 3084 2091 inveniar
3112 2037 3159 2108 (l
3185 2036 3302 2092 Car.
3329 2053 3383 2092 ιχ
3409 2079 3421 2100 ,
3451 2037 3545 2102 26,

1950 2129 2070 2202 27).
2122 2130 2252 2184 item
2288 2128 2463 2184 dicit:
2496 2127 2784 2184 Imitatares
2826 2130 2925 2183 mei
2964 2138 3151 2196 estate,
3198 2130 3324 2184 sicut
3370 2139 3417 2183 et
3456 2146 3547 2200 ego

1949 2223 2134 2279 Christi
2180 2221 2291 2294 (Id.
2317 2239 2407 2288 ιι,
2438 2223 2517 2295 1).
2570 2223 2746 2289 Quare
2790 2221 3191 2293 intelligendum
3229 2230 3346 2288 cst,
3386 2223 3547 2275 etiam

1950 2316 2121 2384 ipsum
2167 2314 2487 2385 Apostolum
2532 2313 2585 2368 in
2626 2314 2916 2383 semetipso
2955 2313 3315 2382 triumphasse
3344 2313 3411 2366 de
3454 2328 3548 2379 po-

1952 2406 2233 2461 testatibus
2291 2405 2453 2476 hujus
2496 2403 2712 2468 mundi,
2767 2404 2907 2458 sicut
2955 2403 3023 2458 de
3066 2404 3294 2457 Domino
3341 2403 3552 2458 dixerat

1956 2497 2024 2568 (Il
2054 2496 2173 2552 Car.
2205 2513 2261 2562 tt,
2287 2497 2376 2561 14,
2403 2504 2449 2549 et
2468 2493 2664 2550 Calass.
2695 2509 2730 2548 tt
2754 2535 2771 2560 ,
2796 2492 2884 2566 l5)
2913 2535 2927 2557 ,
2961 2493 3113 2562 cujus
3137 2508 3196 2548 se
3229 2494 3552 2548 imitatorem

1953 2603 2075 2644 esse
2096 2588 2393 2658 proﬁtetur.
2419 2585 2690 2639 Imitemur
2709 2598 2840 2653 ergo
2867 2592 2923 2638 et
2952 2598 3050 2639 nos
3075 2583 3246 2648 illum,
3275 2584 3415 2637 sicut
3438 2584 3553 2638 hur-

1954 2689 2117 2745 tatur,
2149 2688 2204 2735 et
2228 2678 2551 2748 castigemus
2576 2690 2774 2746 corpus
2787 2683 3052 2741 nostrum,
3083 2685 3137 2729 et
3157 2675 3212 2729 in
3239 2676 3551 2730 servitutem

1952 2774 2258 2845 redigamus
2283 2813 2299 2838 ,
2341 2772 2385 2827 si
2415 2770 2672 2826 mundum
2711 2768 2961 2824 volumus
2998 2767 3236 2822 vincere.
3291 2766 3424 2834 Quia
3451 2784 3548 2837 per

1959 2866 2173 2921 illicitas
2214 2863 2599 2919 delectationes
2637 2876 2765 2917 suas
2788 2869 2841 2915 et
2872 2875 3092 2929 pompas
3118 2868 3172 2914 et
3199 2859 3553 2928 perniciosam

1956 2957 2319 3012 curiositatem
2360 2954 2514 3010 nobis
2556 2952 2822 3009 dominari
2870 2959 3045 3021 potest
3071 2949 3158 3005 hic
3184 2949 3447 3012 mundus,
3501 2949 3555 3005 id

1956 3056 2078 3113 est,
2131 3062 2194 3102 ea
2235 3061 2356 3117 qua:
2400 3045 2451 3099 in
2500 3043 2602 3099 boc
2629 3042 2833 3098 mundo
2878 3041 3177 3111 perniciosa
3202 3041 3558 3095 delectatione

1958 3138 2218 3209 colligant
2253 3145 2523 3191 amatores
2570 3150 2753 3193 rerum
2805 3133 3219 3203 temporalium,
3266 3142 3320 3188 ct
3343 3132 3558 3186 diabolo

1963 3240 2129 3303 atque
2175 3230 2380 3300 angelis
2418 3228 2537 3299 ejus
2578 3228 2783 3281 servire
2823 3238 3020 3295 cogunt
3052 3242 3067 3280 :
3096 3226 3287 3296 quibus
3311 3225 3560 3280 omnibus

1957 3324 2006 3379 si
2034 3320 2455 3379 renuntiavimus
2476 3359 2493 3386 ,
2539 3318 2843 3390 redigamus
2876 3318 2893 3351 ί
2924 3318 2977 3371 in
3012 3316 3322 3373 servitutem
3360 3331 3559 3386 corpus

1959 3422 2225 3469 nostrum.

2029 3503 2256 3561 CAPUT
2282 3502 2395 3558 Vll.
2420 3533 2494 3544 —
2522 3503 2577 3556 7.
2612 3500 2680 3557 Ut
2705 3516 2891 3573 corpus
2916 3498 3057 3555 nobis
3085 3499 3412 3571 subjiciatur,
3443 3498 3560 3552 sub-

1950 3597 2198 3670 jiciamus
2226 3612 2319 3651 nos
2339 3595 2482 3666 ipsas
2510 3592 2616 3648 Dea
2635 3636 2650 3659 ,
2683 3594 2765 3647 cui
2797 3593 2959 3647 omnis
2982 3601 3215 3646 creatura
3238 3589 3386 3645 seruit
3405 3632 3421 3658 ,
3446 3591 3561 3644 velit

1961 3688 2109 3742 nolit.
2125 3685 2395 3742 Justarum
2414 3693 2461 3740 et
2480 3685 2785 3756 injustarum
2804 3683 2858 3737 in
2884 3683 3035 3753 hujus
3058 3684 3173 3736 vita
3199 3682 3343 3735 battis
3366 3690 3412 3735 et
3442 3697 3558 3733 ma-

1962 3780 2026 3834 tis
2068 3778 2358 3833 discrimen.
2410 3777 2516 3832 Sed
2558 3792 2624 3831 ne
2662 3775 2782 3847 quis
2810 3774 2947 3830 forte
2992 3774 3093 3829 boc
3132 3774 3304 3843 ipsum
3335 3782 3559 3842 qtuerat,

1963 3870 2235 3942 quomodo
2290 3870 2382 3924 ﬁat
2408 3877 2466 3923 ut
2509 3883 2706 3939 corpus
2742 3878 2983 3922 nostrum
3027 3866 3266 3921 servituti
3308 3865 3562 3934 subjicia-

1965 3976 2122 4028 mus;
2156 3959 2309 4016 facile
2338 3958 2561 4029 intelligi
2586 3967 2641 4013 et
2672 3958 2785 4013 ﬁeri
2816 3966 3009 4028 potest,
3042 3957 3085 4011 si
3115 3956 3265 4027 prius
3292 3971 3387 4010 nos
3412 3956 3559 4025 ipsos

1965 4050 2308 4122 subjiciamus
2333 4050 2444 4105 Deo
2464 4091 2479 4115 ,
2504 4049 2641 4104 bona
2666 4050 2941 4103 voluntate
2967 4056 3021 4102 et
3045 4048 3253 4103 sincera
3276 4047 3560 4102 cliaritate.
3648 4092 3651 4095 .

1967 4143 2100 4200 Nam
2125 4143 2300 4199 omnis
2319 4152 2562 4198 creatura
2583 4182 2599 4210 ,
2627 4140 2757 4196 velit
2784 4140 2957 4207 nolit,
2986 4140 3074 4194 uni
3106 4140 3214 4194 Deo
3244 4148 3297 4193 ct
3338 4138 3565 4193 Domino

1970 4254 2070 4296 suo
2096 4237 2332 4309 subjecta
2356 4245 2457 4291 est.
2499 4235 2603 4291 Sed
2636 4234 2738 4289 hoc
2766 4232 3138 4298 admonemur,
3166 4242 3220 4286 ut
3250 4241 3357 4286 tota
3381 4231 3565 4284 volun-

1973 4339 2081 4385 tate
2110 4327 2406 4385 serviamus
2436 4326 2664 4381 Domino
2696 4325 2805 4379 Deo
2836 4334 3041 4379 nostro.
3091 4323 3352 4392 Quoniam
3390 4322 3568 4392 justus

1968 4422 2259 4479 liberaliter
2298 4420 2463 4475 servit
2482 4460 2498 4486 ,
2546 4416 2775 4488 injustas
2803 4424 2981 4471 autem
3008 4414 3343 4485 compeditos
3373 4414 3559 4469 servit.

1968 4515 2166 4569 Omnes
2206 4519 2386 4566 tamen
2414 4509 2606 4565 divina:
2644 4508 2994 4580 providentiae
3033 4507 3316 4563 serviunt:
3347 4506 3440 4561 scd
3479 4507 3569 4561 alii

1969 4605 2231 4661 obediunt
2254 4614 2503 4675 tanquam
2528 4602 2642 4669 ﬁlii,
2665 4610 2719 4656 ct
2739 4601 2939 4656 faciunt
2963 4615 3085 4655 cum
3113 4613 3177 4654 ea
3204 4598 3346 4669 quod
3371 4598 3570 4653 bonum

1969 4708 2084 4765 est;
2130 4698 2220 4752 alii
2260 4711 2389 4752 vero
2433 4696 2665 4769 ligantur
2703 4702 2956 4763 tanquam
2983 4691 3160 4757 servi,
3193 4700 3247 4747 et
3277 4691 3337 4744 ﬁt
3360 4688 3428 4744 de
3464 4689 3571 4743 illis

1970 4789 2115 4863 quod
2135 4790 2339 4862 justum
2369 4796 2472 4844 est.
2504 4786 2578 4841 Ita
2608 4787 2747 4840 Deus
2773 4785 3135 4854 omnipotens,
3169 4781 3425 4836 Dominus
3447 4780 3568 4833 uni-

1972 4897 2142 4938 versa:
2161 4890 2421 4936 creaturae
2440 4920 2454 4944 ,
2483 4877 2573 4948 qui
2605 4876 2721 4947 fecit
2750 4874 2920 4930 omnia
2946 4914 2959 4938 ,
3010 4874 3149 4929 sicut
3176 4870 3432 4940 scriptum
3460 4879 3567 4933 est,

1971 4973 2103 5028 bona
2125 4973 2274 5029 valde
2313 4970 2465 5047 (Gen.
2497 4986 2549 5035 ι,
2595 4968 2686 5041 51)
2712 5008 2729 5035 ,
2776 4968 2854 5023 sic
2880 4982 2943 5023 ea
2974 4964 3276 5031 ordinavit,
3322 4971 3380 5017 ut
3421 4971 3474 5016 et
3503 4961 3574 5017 de

1972 5065 2129 5121 bonis
2166 5075 2220 5119 et
2243 5064 2311 5119 de
2350 5062 2504 5118 malis
2541 5061 2678 5116 bene
2717 5059 2894 5115 faciat.
2936 5056 3091 5125 Quod
3137 5055 3281 5111 enim
3321 5053 3465 5126 juste
3494 5054 3571 5116 ﬁt.

1972 5157 2110 5214 bene
2145 5157 2220 5211 ﬁt.
2272 5156 2423 5212 Juste
2465 5163 2643 5209 autem
2684 5161 2809 5206 sunt
2832 5150 2975 5206 beati
3009 5148 3171 5215 boni,
3200 5156 3255 5203 et
3280 5148 3421 5218 juste
3448 5146 3576 5202 mali

1976 5264 2162 5319 poenas
2192 5250 2484 5318 patiuntur.
2532 5244 2674 5314 Ergo
2706 5252 2761 5298 et
2784 5242 2852 5298 de
2878 5241 3037 5297 bonis
3062 5249 3116 5295 ct
3144 5239 3212 5296 de
3253 5240 3408 5294 malis
3434 5237 3577 5294 bene

1975 5339 2102 5395 facit
2129 5340 2269 5394 Deus
2296 5380 2313 5405 ,
2338 5336 2590 5408 quoniam
2616 5335 2760 5405 jnste
2798 5333 2977 5389 omnia
2999 5331 3143 5388 facit.
3172 5331 3304 5386 Boni
3334 5340 3458 5387 sunt
3483 5345 3579 5385 au-

1976 5442 2084 5487 tem
2110 5474 2125 5499 ,
2158 5431 2248 5502 qui
2286 5440 2394 5485 tota
2424 5427 2700 5482 voluntate
2735 5426 2847 5481 Dea
2886 5424 3161 5489 serviunt;
3209 5423 3336 5477 mali
3383 5431 3566 5476 autem

1976 5525 2296 5580 necessitate
2333 5521 2573 5577 serviunt
2606 5538 2620 5574 :
2648 5534 2807 5575 nemo
2851 5518 2996 5572 enim
3027 5516 3172 5588 leges
3220 5515 3571 5586 Omnipoten—

1978 5618 2045 5671 tis
2072 5615 2272 5673 evadit.
2313 5612 2417 5671 Sed
2443 5612 2587 5667 aliud
2614 5621 2699 5668 est
2728 5612 2903 5667 facere
2932 5610 3074 5681 quod
3102 5611 3185 5665 lex
3211 5608 3399 5679 jubet,
3427 5608 3572 5663 aliud

1979 5711 2084 5782 pati
2115 5711 2257 5780 quod
2286 5709 2370 5764 lex
2396 5706 2568 5777 jubet.
2593 5706 2932 5776 Quapropter
2960 5702 3086 5757 boni
3108 5701 3400 5757 secundum
3433 5702 3575 5771 leges

2043 5890 2057 5922 ¹
2096 5888 2212 5938 aditi
2233 5923 2247 5945 ,
2292 5886 2337 5938 si
2361 5885 2725 5943 renuntiamus,
2750 5881 3242 5947 redigimusatstss.
3269 5890 3443 5929 omnes
3499 5890 3569 5929 re.

1980 5953 2201 6012 eligamus
2230 5943 2242 5975 έ
2271 5965 2320 6001 et
2346 5963 2406 6000 es
2431 5948 2607 6002 iisdem
2632 5949 2827 6004 gi'u'L'S;
2860 5943 3252 5996 renuntiarunt“.
