4072 6560
447 483 553 538 295

446 594 665 659 faciunt,
695 590 819 646 mali
847 586 1139 644 secundum
1170 583 1315 654 leges
1345 581 1634 652 patiuntur.

516 685 571 740 8.
603 682 713 738 Nec
756 694 855 735 nos
894 686 1112 733 moveat
1152 674 1295 746 quod
1342 674 1394 728 in
1443 672 1547 727 hac
1587 671 1694 725 vita
1737 666 2035 724 secundum

446 789 664 831 carnem
704 786 860 843 quam
892 778 1140 840 portant,
1179 766 1320 837 justi
1351 764 1515 820 multa
1546 760 1727 833 gravia
1756 769 1810 816 et
1843 773 2037 829 aspera

448 870 701 922 tolerant.
728 867 871 922 Nihil
901 867 1044 922 enim
1073 864 1198 918 mali
1230 862 1531 931 patiuntur,
1561 857 1651 928 qui
1681 858 1792 926 jam
1816 862 2041 925 possunt

447 957 626 1014 dicere
652 958 793 1028 quod
836 958 924 1013 ille
965 956 1045 1009 vir
1088 952 1379 1024 spiritualis
1410 949 1643 1005 exsultat
1686 956 1743 1003 et
1786 944 2041 1017 praedicat

446 1052 758 1122 Apostolus,
778 1048 962 1104 dicens
986 1065 999 1102 :
1030 1045 1321 1101 Glorientur
1348 1044 1400 1096 in
1426 1038 1831 1095 tribuiationibus
1848 1052 1869 1103 ;
1888 1038 2044 1091 scien-

448 1154 522 1198 tes
557 1142 799 1212 quoniam
847 1138 1103 1193 tribulatio
1147 1135 1442 1207 patientiam
1488 1140 1761 1203 operatur,
1801 1128 2043 1200 patientia

450 1235 795 1307 probationem
812 1274 828 1298 ,
857 1230 1086 1302 probatio
1108 1246 1223 1283 vero
1253 1244 1427 1295 spent,
1457 1241 1570 1296 spes
1593 1233 1761 1277 autem
1789 1238 1891 1276 non
1918 1236 2042 1274 cono

452 1327 622 1400 fundit
649 1341 668 1379 :
694 1326 813 1396 quia
838 1323 1062 1378 Charitas
1087 1320 1184 1376 Dei
1211 1319 1401 1388 di/fusa
1432 1327 1504 1372 est
1527 1318 1579 1371 in
1604 1315 1836 1371 cordibus
1862 1312 2045 1367 nostris

449 1433 542 1488 per
588 1416 843 1486 Spiritum
884 1424 1115 1468 sanctum
1160 1413 1245 1482 qui
1290 1411 1439 1465 datus
1488 1418 1560 1463 est
1600 1408 1743 1462 nobis
1770 1404 1943 1475 (Rom.
1973 1420 2039 1468 v,

450 1504 597 1580 3-5).
651 1505 707 1562 Si
742 1520 870 1576 ergo
910 1505 965 1559 in
995 1504 1097 1559 hac
1121 1504 1224 1558 vita
1247 1544 1263 1569 ,
1304 1501 1394 1556 ubi
1436 1510 1580 1555 tanta
1608 1505 1871 1553 tormenta
1896 1504 2041 1560 sunt,

452 1607 678 1669 possunt
719 1598 844 1653 boni
876 1608 931 1652 et
954 1597 1083 1667 justi
1116 1595 1217 1650 viri
1244 1637 1259 1663 ,
1288 1609 1409 1649 cum
1454 1592 1579 1647 talia
1608 1591 1909 1661 patiuntur,
1936 1602 2043 1641 non

448 1692 625 1745 solum
652 1704 806 1759 mquo
834 1689 1014 1743 animo
1059 1688 1289 1743 tolerare
1312 1727 1329 1753 ,
1357 1684 1451 1740 sed
1476 1684 1638 1740 etiam
1664 1683 1718 1737 in
1747 1681 1842 1737 Dei
1868 1680 2046 1735 chari-

453 1792 563 1838 tate
589 1781 806 1853 gloriari
837 1784 853 1814 ί
880 1799 896 1848 ;
925 1781 1051 1852 quid
1080 1780 1422 1851 cogitandum
1450 1788 1533 1833 est
1560 1778 1628 1833 de
1657 1777 1746 1832 illa
1766 1776 1895 1841 vita,
1927 1790 2047 1846 qua:

451 1875 609 1929 nobis
636 1874 983 1944 promittitur,
1016 1872 1105 1927 ubi
1135 1870 1335 1926 nullam
1381 1870 1448 1925 de
1477 1883 1706 1939 corpore
1744 1866 2045 1923 molestiam

451 1965 783 2022 sentiemus?
811 1964 1073 2033 Quoniam
1101 1978 1207 2018 non
1233 1962 1301 2017 ad
1340 1962 1445 2017 hoc
1471 1968 1719 2030 resurget
1744 1974 1940 2028 corpus
1962 1958 2049 2028 ju-

451 2068 657 2113 storum
681 2099 701 2125 ,
741 2057 809 2112 ad
836 2057 977 2128 quod
1025 2065 1271 2126 resurget
1316 2068 1513 2125 corpus
1553 2053 1837 2123 impiorum
1869 2068 1882 2105 :
1911 2051 2049 2104 sicut

451 2150 709 2220 scriptum
731 2158 835 2215 est,
872 2150 1060 2203 Omnes
1082 2162 1421 2217 resurgernus,
1448 2146 1536 2200 sed
1557 2158 1658 2199 non
1680 2159 1852 2199 omnes
1874 2143 2049 2196 immu-

452 2240 695 2295 tubimur.
726 2239 795 2294 Et
821 2255 889 2296 ne
913 2241 1195 2310 quisquam
1238 2246 1388 2308 putet
1409 2250 1514 2292 non
1539 2235 1698 2306 justis
1719 2232 2047 2289 immutatio-

454 2348 581 2387 nem
623 2333 777 2386 istam
807 2330 1079 2401 promitti,
1108 2330 1202 2385 sed
1238 2330 1413 2400 potius
1437 2327 1678 2398 injustis,
1708 2334 1763 2381 et
1797 2338 1915 2383 eam
1936 2323 2049 2380 exi-

451 2425 637 2479 stimet
675 2439 797 2479 esse
837 2423 1102 2494 pmnalem
1124 2465 1139 2490 ,
1186 2422 1428 2491 sequitur
1471 2428 1526 2475 et
1558 2419 1687 2474 dicit
1716 2436 1729 2472 :
1758 2418 1829 2473 Et
1862 2418 2049 2472 mortui

452 2525 715 2587 resurgent
753 2515 1068 2585 incorrupti,
1101 2523 1146 2568 et
1184 2529 1276 2568 nos
1313 2510 1691 2566 immutabimur
1736 2510 1780 2582 (ι
1804 2511 1923 2566 Cor.
1952 2525 2042 2578 xv,

451 2610 543 2672 iii,
571 2605 683 2680 52).
714 2606 1047 2677 Quicumque
1073 2620 1201 2675 ergo
1222 2605 1345 2658 mali
1368 2612 1512 2670 sunt,
1531 2604 1610 2659 sic
1634 2602 1860 2658 ordinati
1881 2611 2004 2657 sunt
2028 2620 2043 2656 :

449 2700 574 2769 quia
607 2706 660 2753 et
691 2696 1056 2767 unusquiSque
1080 2695 1180 2751 sibi
1206 2737 1220 2761 ,
1259 2702 1314 2750 et
1351 2708 1538 2749 omnes
1563 2694 1789 2748 invicem
1817 2692 1919 2748 sibi
1945 2705 2046 2746 no-

452 2798 597 2844 cent.
649 2788 761 2843 lloc
792 2789 933 2843 enim
965 2794 1226 2858 appetunt
1268 2785 1412 2857 quod
1454 2785 1755 2856 perniciose
1788 2782 2045 2853 diligitur,

448 2892 507 2939 et
533 2882 673 2953 quod
700 2883 776 2937 eis
810 2880 966 2937 facile
991 2881 1186 2936 auferri
1216 2887 1428 2950 potest;
1462 2888 1517 2934 et
1548 2878 1651 2933 hoc
1672 2876 1773 2931 sibi
1802 2876 2052 2931 auferunt

451 2977 700 3042 invicem,
731 2975 945 3044 quando
964 2990 1022 3029 se
1048 2983 1460 3045 persequuntur.
1508 2971 1578 3027 Et
1604 2970 1726 3026 ideo
1743 2969 2051 3027 cruciantur

450 3068 643 3137 quibus
672 3067 985 3121 auferuntur
1026 3064 1340 3134 temporalia
1366 3104 1381 3130 ,
1422 3062 1545 3133 quia
1584 3062 1812 3132 diligunt
1837 3075 1901 3116 ea
1930 3077 1946 3118 :
1973 3060 2049 3118 illi

449 3172 629 3216 autem
654 3161 744 3231 qui
770 3159 1046 3224 auferunt,
1079 3158 1333 3229 gaudent.
1377 3156 1484 3212 Sed
1523 3155 1642 3211 talis
1666 3156 1849 3210 laetitia
1878 3154 2039 3211 calci-

454 3262 534 3307 tas
563 3260 647 3307 est
666 3294 679 3319 ,
708 3260 761 3307 et
786 3265 993 3305 summa
1020 3249 1235 3305 miseria
1265 3265 1278 3301 :
1311 3249 1423 3319 ipsa
1450 3247 1594 3303 enim
1618 3247 1787 3318 magis
1812 3244 2044 3317 implicat

450 3346 685 3401 animam
710 3386 725 3410 ,
767 3351 821 3399 et
848 3342 915 3398 ad
952 3342 1154 3412 majora
1181 3348 1443 3396 tormenta
1474 3338 1737 3411 perducit.
1761 3338 1893 3393 Nam
1921 3351 2052 3409 gau-

450 3436 544 3492 det
566 3444 621 3492 et
645 3435 803 3505 piscis
824 3476 839 3501 ,
873 3434 1085 3504 quando
1123 3432 1340 3488 hamum
1366 3448 1474 3487 non
1495 3431 1710 3497 videns,
1741 3445 1921 3487 escam
1950 3430 2047 3487 de-

450 3535 604 3582 vorat
635 3545 649 3581 :
674 3525 769 3581 sed
799 3539 921 3580 cum
962 3524 1196 3595 piscator
1220 3538 1343 3579 eum
1372 3522 1639 3579 adducere
1666 3524 1911 3593 cmperit,
1943 3524 2050 3578 vis-

450 3634 575 3676 cera
614 3619 731 3689 ejus
768 3625 1083 3688 torquentur
1123 3618 1333 3687 primo;
1374 3614 1568 3672 deinde
1590 3614 1661 3671 ab
1684 3616 1830 3671 onmi
1864 3616 2048 3672 laetitia

451 3727 545 3769 sua
574 3728 671 3783 per
696 3713 864 3783 ipsam
893 3726 1069 3767 escam
1113 3711 1182 3768 de
1208 3725 1311 3782 qua
1338 3710 1548 3766 lmtatus
1573 3719 1675 3775 est,
1704 3710 1771 3765 ad
1799 3724 2048 3767 consum-

450 3806 686 3875 ptionem
720 3804 966 3859 trahitur.
1010 3803 1098 3859 Sic
1137 3812 1261 3858 sunt
1286 3817 1474 3858 omnes
1502 3802 1593 3872 qui
1626 3802 1877 3857 debonis
1906 3809 2045 3858 tem-

449 3899 723 3970 poralibus
748 3898 931 3953 beatos
956 3912 1014 3953 se
1031 3906 1219 3969 putant
1249 3914 1264 3950 :
1297 3896 1513 3951 hamum
1535 3896 1685 3951 enim
1701 3903 2042 3966 acceperunt,

448 4000 505 4046 et
527 4006 647 4046 cum
687 3991 777 4045 illo
803 3990 905 4045 sibi
928 3998 1228 4061 vagantur;
1269 3989 1449 4045 veniet
1488 3997 1705 4059 tempus"
1730 3996 1786 4043 ut
1809 3987 2046 4044 sentiant

402 4106 407 4109 ·
447 4092 645 4154 quanta
673 4093 935 4138 tormenta
962 4098 1084 4138 cum
1113 4082 1371 4137 aviditate
1404 4080 1798 4137 devoraverint.
1829 4081 1897 4137 Et
1926 4080 2045 4136 ideo

447 4176 604 4233 bonis
640 4177 771 4231 nihil
814 4186 1050 4241 nocent;
1101 4176 1224 4245 quia
1265 4175 1367 4230 hoc
1393 4175 1470 4229 eis
1494 4174 1744 4230 auferunt
1770 4173 1913 4246 quod
1937 4188 2042 4229 non

447 4269 677 4339 diligunt
701 4287 713 4322 :
746 4284 867 4323 nam
893 4266 1036 4339 quod
1064 4267 1309 4338 diligunt,
1351 4274 1403 4321 et
1432 4266 1574 4321 unde
1604 4266 1743 4321 beati
1772 4275 1915 4331 sunt,
1943 4282 2043 4320 an-

449 4359 591 4414 ferre
621 4359 722 4414 illis
751 4375 911 4414 nemo
934 4367 1129 4429 potest.
1160 4357 1439 4415 Cruciatus
1458 4374 1587 4415 vero
1611 4360 1852 4430 corporis
1875 4359 2043 4414 malas

448 4451 655 4505 animas
708 4450 1085 4506 miserabiliter
1128 4449 1345 4520 allligit,
1397 4451 1569 4507 bonas
1609 4460 1787 4507 autem
1833 4449 2045 4507 fortiter

448 4551 659 4613 purgat.
708 4542 796 4599 Sic
824 4543 882 4597 ﬁt
924 4550 983 4597 ut
1019 4552 1074 4598 et
1115 4544 1287 4598 malus
1317 4544 1479 4600 homo
1519 4552 1574 4599 et
1615 4544 1785 4599 malus
1823 4543 2043 4614 angelus

447 4635 643 4689 divina:
673 4634 1019 4705 providentia:
1060 4635 1326 4702 militent;
1366 4635 1461 4691 sed
1489 4636 1733 4692 nesciunt
1761 4634 1886 4705 quid
1918 4634 2043 4690 boni

447 4726 517 4781 de
544 4726 648 4782 illis
674 4736 927 4797 operetur
954 4728 1115 4783 Dens.
1152 4727 1269 4784 Non
1298 4730 1474 4799 itaque
1508 4743 1606 4800 pro
1632 4726 2039 4797 meritisoflicii,

448 4819 542 4873 sed
578 4835 672 4888 pro
700 4819 905 4873 meritis
935 4819 1151 4875 malitiae
1177 4819 1588 4889 stipendiantur.

517 4909 745 4965 CAPUT
780 4909 910 4965 Vlll.
933 4941 1003 4950 —
1031 4909 1086 4967 9.
1118 4910 1302 4965 Omnia
1318 4910 1489 4965 divina
1518 4910 1833 4980 providentia
1860 4908 2043 4981 gubero

449 5003 582 5056 nari.
641 5002 745 5058 Sed
792 5012 851 5057 ut
900 5004 982 5058 ha:
1025 5004 1256 5070 animae,
1312 5017 1432 5074 quae
1475 5001 1675 5057 habent
1714 5001 2041 5059 voluntatem

448 5095 676 5150 nocendi
720 5105 775 5151 et
814 5097 1076 5152 rationem
1117 5096 1426 5166 cogitandi,
1479 5096 1578 5150 sul)
1606 5095 1801 5150 divinis
1832 5095 2041 5167 legibus

446 5191 706 5245 ordinata:
732 5199 873 5256 sunt,
904 5206 972 5245 ne
1001 5189 1203 5260 aliquid
1229 5189 1735 5260 injustumquisque
1766 5190 2037 5260 patiatur;

447 5282 521 5335 ita
549 5283 723 5335 omnia
756 5291 808 5336 et
849 5282 1099 5336 animalia
1137 5290 1191 5337 et
1218 5282 1519 5354 corporalia
1554 5282 1608 5337 in
1634 5296 1830 5353 genere
1868 5298 1965 5338 suo
1988 5294 2043 5340 et

447 5376 502 5427 in
534 5373 723 5429 ordine
751 5389 845 5428 suo
872 5375 1065 5429 divinae
1089 5375 1439 5447 providentiae
1466 5374 1670 5445 legibus
1705 5377 1911 5432 subdita
1940 5378 2038 5431 ad-

452 5467 840 5521 ministrantur.
872 5467 996 5523 ideo
1013 5468 1268 5523 Dominus
1288 5467 1415 5521 dicit
1444 5484 1458 5521 :
1490 5465 1674 5522 Nonne
1697 5468 1797 5521 duo
1815 5480 2040 5540 passeres

451 5579 564 5615 asse
588 5571 836 5628 veneunt,
884 5570 929 5616 et
955 5570 1087 5616 unus
1125 5576 1298 5615 eorum
1336 5577 1437 5615 non
1462 5561 1600 5615 cadit
1629 5563 1681 5615 in
1722 5571 1906 5617 terram
1932 5564 2041 5615 sine

450 5653 706 5706 uoluntate
725 5652 897 5707 Patris
918 5654 1065 5707 vestri
1088 5642 1295 5723 (Matth.
1326 5665 1383 5714 χ,
1410 5647 1502 5721 29)
1525 5650 1549 5705 ?
1572 5649 1685 5707 Hoc
1711 5654 1852 5707 enim
1884 5652 2036 5721 dixit,

464 5744 645 5798 volens
683 5745 964 5799 ostendere
1007 5740 1261 5814 quidquid
1306 5742 1623 5798 vilissimum
1662 5743 1908 5801 homines
1934 5756 2037 5815 pu-

443 5881 813 5997 glgrgilcirarv.
863 5887 915 5933 et
936 5886 1041 5933 uss.
1071 5884 1125 5933 At
1168 5885 1265 5931 Am.
1310 5884 1387 5930 Er.
1410 5885 1544 5945 Lata,
1585 5878 1819 5934 charitatr
1854 5880 1905 5934 in
1938 5890 2037 5937 reo

1407 466 1496 523 DE
1536 462 1765 523 AGONE
1803 457 2239 525 CHRISTIANO,
2277 457 2336 514 S.
2378 457 2744 516 AUGUSTINI

3638 469 3744 528 296

2144 581 2289 641 tant,
2336 575 2721 646 omnipotentia
2753 577 2847 634 Dei
2872 578 3178 650 gubernari.
3228 583 3318 640 Sic
3345 584 3492 642 enim
3514 594 3569 642 et
3594 587 3742 644 vola-

2145 663 2258 717 tilia
2277 663 2404 721 εωΙὶ
2433 665 2504 720 ab
2526 682 2595 722 eo
2617 668 2784 737 pasci,
2813 679 2869 726 et
2896 670 3003 727 lilia
3025 673 3137 743 agri
3162 674 3233 730 ab
3260 690 3327 731 eo
3352 677 3563 748 vestiri,
3586 678 3739 740 Veri-

2146 763 2227 809 tas
2271 755 2506 827 loquitur
2532 757 2747 832 (Matth.
2774 775 2858 828 vr,
2887 762 2979 830 26,
3010 764 3110 830 28,
3138 765 3233 833 29,
3262 765 3377 841 50),
3424 786 3546 840 qua:
3570 772 3737 842 capil-

2144 846 2226 903 lus
2254 848 2415 903 etiam
2458 858 2671 907 nostros
2708 864 3018 910 numeratos
3046 870 3169 913 esse
3207 858 3338 915 dicit
3380 859 3493 932 (Μ.
3525 878 3560 916 x
3581 902 3598 928 ,
3628 862 3739 934 50).

2146 936 2253 993 Sed
2283 940 2534 1011 quoniam
2572 942 2802 1001 mundas
2825 945 3031 1001 animas
3060 948 3349 1007 rationales
3391 966 3490 1021 per
3529 968 3593 1009 se
3630 955 3743 1024 ipse

2146 1028 2289 1085 Deus
2312 1041 2465 1087 curat
2487 1073 2503 1099 ,
2556 1034 2668 1089 sive
2700 1034 2752 1089 in
2775 1036 2991 1106 optimis
3020 1047 3075 1092 et
3108 1040 3314 1110 magnis
3341 1042 3563 1112 Angelis
3587 1084 3601 1107 ,
3631 1045 3743 1100 sive

2148 1120 2202 1175 in
2233 1122 2538 1179 hominibus
2560 1133 2670 1181 tota
2698 1128 2798 1182 sibi
2827 1128 3101 1186 voluntate
3127 1132 3518 1199 servientibus;
3546 1143 3741 1191 cetera

2147 1229 2276 1269 vero
2304 1231 2400 1286 per
2427 1217 2570 1286 ipsos
2597 1218 2895 1289 gubernat;
2946 1223 3227 1279 verissime
3252 1224 3355 1281 dici
3379 1227 3552 1295 potuit
3579 1229 3740 1284 ctiam

2148 1305 2276 1360 illud
2315 1307 2383 1361 ab
2417 1309 2710 1377 Apostolo,
2758 1310 2881 1366 Non
2922 1314 3057 1367 enim
3090 1314 3154 1369 de
3194 1314 3349 1371 bobus
3384 1334 3511 1371 cura
3533 1326 3611 1373 est
3632 1318 3741 1375 Deo

2149 1396 2192 1468 (ι
2215 1397 2334 1453 Cor.
2369 1415 2442 1464 ix,
2477 1400 2559 1472 9).
2606 1402 2661 1456 ιη
2686 1402 2977 1475 Seripturis
3003 1407 3146 1463 enim
3174 1410 3374 1465 sanctis
3397 1410 3539 1466 Deus
3564 1411 3742 1467 homi-

2148 1505 2243 1545 nes
2270 1489 2427 1547 docet
2471 1495 2742 1565 quomodo
2771 1512 2894 1554 cum
2933 1498 3242 1557 hominibus
3287 1511 3483 1573 agant,
3536 1513 3594 1561 et
3639 1506 3744 1577 ipsi

2148 1582 2261 1639 Deo
2281 1585 2515 1641 serviant
2547 1604 2559 1641 :
2592 1590 2862 1659 quomodo
2889 1600 3070 1649 autem
3110 1603 3270 1665 agant
3296 1610 3420 1652 cum
3454 1599 3743 1668 pecoribus

2148 1676 2262 1732 suis
2281 1719 2299 1745 ,
2328 1678 2426 1749 ipsi
2451 1680 2627 1736 sciunt
2651 1722 2668 1749 ,
2700 1683 2753 1738 id
2778 1691 2863 1739 est
2881 1724 2897 1751 ,
2940 1687 3212 1757 quomodo
3230 1689 3457 1746 salutem
3484 1705 3744 1761 pecorum

2149 1782 2368 1824 suorum
2402 1770 2705 1841 gubernent
2731 1789 2830 1831 usu
2854 1784 2911 1832 et
2940 1777 3131 1847 peritia
3156 1789 3213 1835 et
3236 1780 3445 1836 ratione
3474 1783 3741 1849 naturali;

2148 1878 2268 1932 quae
2296 1863 2511 1933 quidem
2547 1867 2727 1922 omnia
2752 1867 2821 1924 de
2858 1870 3067 1940 magnis
3109 1872 3193 1926 sui
3238 1871 3514 1929 Creatoris
3554 1874 3745 1946 opibus

2149 1964 2494 2025 acceperunt.
2548 1958 2651 2026 Qui
2702 1976 2833 2031 ergo
2882 1973 3059 2031 potest
3111 1964 3417 2036 intelligere
3471 1969 3747 2038 quomodo

2150 2047 2414 2103 universa:
2455 2060 2717 2107 creaturae
2756 2056 3005 2112 conditor
3033 2058 3175 2113 Deus
3196 2059 3464 2129 gubernet
3491 2075 3615 2116 eam
3644 2077 3743 2132 per

2150 2138 2357 2195 animas
2390 2151 2640 2211 sanctas,
2679 2159 2799 2214 quae
2833 2148 3130 2205 ministeria
3162 2151 3180 2183 ¹
3210 2151 3329 2222 ejus
3354 2154 3561 2208 suntin
3594 2154 3746 2210 cclis

2150 2238 2206 2284 et
2257 2230 2310 2285 in
2353 2233 2553 2300 terris;
2601 2235 2725 2305 quia
2769 2245 2825 2293 et
2875 2238 3006 2309 ipsa;
3047 2251 3250 2297 sanctae
3291 2244 3487 2299 anima:
3512 2244 3582 2299 ab
3625 2245 3744 2315 ipso

2150 2319 2306 2377 facta:
2353 2332 2518 2389 sunt,
2565 2336 2621 2381 et
2664 2326 2717 2381 in
2748 2328 2865 2398 ejus
2907 2339 3154 2388 creatura
3192 2335 3479 2403 primatum
3519 2343 3741 2392 tenent:

2150 2414 2243 2483 qui
2289 2428 2420 2485 ergo
2461 2423 2641 2484 potest
2681 2419 3022 2492 intelligere,
3052 2423 3351 2495 intelligat,
3391 2436 3447 2482 et
3489 2427 3654 2484 intret
3690 2428 3747 2484 in

2150 2506 2400 2575 gaudium
2431 2508 2641 2565 Domini
2665 2512 2747 2566 sui
2780 2512 2991 2583 (Matth.
3018 2530 3151 2581 xxv,
3179 2515 3290 2587 2t).

2223 2595 2448 2652 CAPUT
2487 2597 2577 2653 ιχ.
2603 2631 2677 2642 -
2705 2601 2794 2658 10.
2826 2601 3065 2658 Hortatio
3089 2605 3158 2658 ad
3175 2606 3483 2677 gustandam
3512 2607 3745 2663 dulcedi-

2152 2700 2266 2741 nem
2289 2686 2409 2743 Dei.
2441 2689 2498 2745 Si
2526 2700 2708 2748 autem
2744 2692 2847 2750 hoc
2873 2709 2978 2750 non
3011 2710 3333 2765 possumus,
3374 2698 3631 2769 quamdiu
3660 2713 3749 2754 su-

2154 2794 2273 2835 mus
2304 2780 2356 2836 in
2396 2795 2625 2852 corpore
2646 2823 2664 2852 ,
2694 2792 2749 2840 et
2793 2787 3198 2857 peregrinamur
3219 2801 3251 2843 a
3282 2788 3507 2844 Domino
3532 2789 3598 2860 (ll
3628 2789 3743 2846 Cor.

2153 2886 2225 2937 v,
2250 2869 2343 2942 6),
2391 2882 2665 2943 gustemus
2694 2876 2883 2931 saltem
2931 2892 3093 2948 quam
3140 2880 3320 2934 suavis
3344 2889 3430 2937 est
3466 2881 3742 2947 Dominus,

2152 2961 2328 3033 (Psal.
2355 2979 2560 3031 χχχιιι,
2609 2965 2665 3039 9)
2695 2968 2815 3038 quia
2843 2968 2991 3024 dedit
3034 2970 3191 3026 nobis
3219 2972 3242 3003 ⁸
3264 2971 3455 3043 pignus
3490 2972 3745 3043 Spiritum

2156 3055 2224 3130 (ll
2247 3054 2367 3113 Cor.
2399 3073 2447 3125 ι,
2476 3058 2582 3128 22,
2610 3070 2658 3115 et
2689 3076 2722 3116 v
2742 3102 2759 3129 ,
2792 3061 2883 3135 ὅ),
2924 3063 2977 3117 in
3013 3078 3121 3134 quo
3147 3064 3445 3121 sentiamus
3486 3066 3605 3136 ejus
3630 3066 3749 3122 dul-

2152 3147 2396 3205 cedinem
2444 3168 2458 3204 :
2504 3161 2557 3207 et
2598 3152 2967 3210 desideremus
3012 3155 3188 3226 ipsum
3214 3157 3340 3212 vitae
3369 3156 3606 3225 fontem,
3656 3158 3746 3213 ubi

2151 3240 2335 3297 sobria
2349 3243 2608 3299 ebrietate
2629 3244 2954 3303 inundemur
2979 3256 3035 3302 et
3056 3248 3354 3320 irrigemur,
3379 3248 3521 3305 sicut
3546 3250 3746 3323 lignum

2152 3334 2297 3406 quod
2325 3336 2621 3407 plantatum
2646 3347 2729 3393 est
2751 3338 3045 3395 secundum
3077 3340 3338 3397 decursus
3366 3354 3629 3412 aquarum
3650 3383 3667 3409 ,
3695 3351 3751 3398 et

2151 3427 2244 3482 dat
2271 3426 2503 3484 fructum
2540 3429 2594 3484 in
2638 3438 2881 3501 tempore
2909 3446 3044 3501 suo,
3074 3441 3131 3489 et
3162 3433 3289 3490 folia
3323 3432 3440 3506 eius
3463 3450 3579 3494 non
3599 3435 3748 3493 deci-

2150 3520 2282 3578 dent
2306 3520 2479 3593 (Rsat.
2509 3538 2557 3590 r,
2583 3522 2641 3595 3)
2659 3524 2685 3577 τ
2710 3524 2848 3581 Dicit
2865 3526 3007 3581 enim
3026 3526 3261 3597 Spiritus
3310 3537 3529 3587 sanctus
3564 3545 3581 3583 :
3621 3528 3748 3585 Filii

2150 3621 2322 3667 autem
2348 3615 2615 3669 hominum
2639 3616 2695 3670 in
2719 3619 2937 3689 tegmine
2953 3619 3151 3674 alarm
3174 3627 3377 3675 tatarum
3398 3620 3676 3692 sperabunt
3726 3638 3749 3676 :

2148 3704 2529 3762 inebriabntur
2577 3707 2641 3762 ab
2670 3708 2891 3765 ubertate
2918 3711 3099 3767 domus
3144 3722 3278 3782 tua,
3316 3722 3364 3769 et
3391 3724 3614 3771 torrente
3656 3731 3748 3770 eoa

2150 3796 2363 3869 luptatis
2385 3808 2489 3854 tua
2522 3801 2718 3871 potabis
2743 3818 2849 3858 eos.
2888 3803 3143 3871 Quoniam
3169 3807 3312 3878 apud
3335 3816 3383 3861 te
3402 3818 3474 3862 est
3498 3809 3618 3878 fons
3636 3808 3749 3864 vita

2150 3890 2327 3964 (Psal.
2370 3908 2515 3949 xxxv
2534 3932 2553 3962 ,
2597 3894 2773 3969 8-10).
2802 3894 2946 3953 Talis
2967 3898 3201 3955 ebrietas
3229 3906 3339 3955 non
3374 3902 3569 3958 evertit
3591 3916 3745 3959 men-

2149 3990 2257 4039 tem
2280 4025 2296 4053 ,
2339 3984 2435 4041 sed
2480 3994 2665 4043 tamen
2698 3988 2836 4059 rapit
2859 4000 3071 4045 sursum
3089 4026 3109 4057 ,-
3148 4000 3204 4047 et
3230 3991 3565 4049 oblivionem
3604 4008 3744 4066 pra~

2147 4092 2254 4140 stat
2283 4086 2519 4140 omnium
2548 4092 2889 4143 terrenorum-
2916 4103 2931 4142 :
2961 4088 3056 4143 sed
3077 4089 3127 4143 si
3151 4100 3435 4160 possumus
3461 4098 3578 4147 toto
3615 4090 3745 4146 affe-

2147 4185 2235 4233 ctu
2272 4177 2381 4247 jam
2410 4178 2592 4235 dicere
2610 4219 2625 4245 ,
2676 4179 3117 4246 Quemadmodum
3155 4180 3409 4236 desiderat
3454 4194 3639 4237 cervus:
3676 4183 3745 4235 ad

2150 4272 2313 4340 fontes
2352 4287 2632 4344 aquarum,
2676 4272 2749 4326 ita
2776 4271 3029 4327 desiderat
3067 4273 3239 4327 animo
3266 4288 3377 4328 mea
3402 4274 3473 4329 ad
3497 4284 3575 4344 te,
3607 4275 3747 4330 Deus

2149 4361 2320 4431 (Psal.
2348 4379 2466 4429 xu,
2491 4362 2573 4435 2).

2218 4450 2446 4509 CAPUT
2482 4453 2552 4509 X.
2582 4484 2655 4495 —
2675 4456 2699 4510 i
2710 4457 2761 4511 1.
2790 4455 2963 4512 Filius
2987 4456 3086 4513 Dei
3124 4468 3329 4531 prapter
3353 4475 3446 4515 nos
3486 4460 3637 4515 homo
3659 4462 3741 4531 fa-

2146 4553 2274 4599 ctus.
2316 4543 2554 4599 Liberum
2578 4547 2862 4603 arbitrium.
2900 4549 3053 4618 Quod
3076 4551 3120 4605 si
3152 4550 3291 4607 forte
3320 4551 3497 4607 adhuc
3524 4563 3745 4624 propter
3818 4611 3831 4623 ,

2147 4636 2736 4708 ωςτίιυόἰηοειθηίηιω,
2776 4650 2915 4711 quas
2945 4642 3015 4698 de
3048 4643 3227 4698 saeculi
3253 4654 3438 4700 amore
3458 4646 3738 4715 concepit,

2148 4744 2248 4784 nec
2272 4736 2497 4799 gustare
2513 4740 2698 4787 smnus
2740 4732 2923 4788 idonei
2947 4738 3105 4804 quam
3134 4732 3308 4791 dulcis
3335 4747 3417 4791 est
3445 4736 3700 4791 Dominus
3724 4778 3740 4803 ,

2147 4822 2233 4878 vel
2261 4822 2543 4879 credamus
2582 4823 2777 4879 divinae
2801 4826 3136 4894 auctoritati,
3166 4843 3324 4897 quam
3351 4828 3519 4883 voluit
3540 4842 3659 4883 esse
3691 4828 3744 4882 in

2148 4912 2439 4984 Scripturis
2464 4915 2663 4970 sanctis
2686 4915 2754 4971 de
2774 4915 2912 4971 Filio
2937 4926 3035 4971 suo
3054 4944 3083 4985 ,-
3102 4919 3189 4985 qui
3213 4920 3377 4989 factus
3406 4928 3479 4972 est
3509 4919 3556 4972 ei
3577 4936 3639 4973 ex
3666 4935 3743 4971 se—

2148 5007 2284 5060 mine
2313 5005 2483 5061 David
2507 5007 2785 5062 secundum
2821 5018 3022 5063 carnem
3042 5052 3057 5077 ,
3086 5010 3225 5065 sicut
3250 5011 3538 5082 Apostolus
3567 5012 3741 5082 loqui-

2149 5108 2233 5153 tur
2258 5094 2435 5169 (Rom.
2460 5114 2507 5166 ι,
2549 5099 2628 5170 5).
2663 5098 2853 5153 Omnia
2873 5102 3007 5155 enim
3048 5118 3139 5171 per
3182 5103 3350 5166 ipsum
3396 5106 3537 5172 facta
3589 5112 3738 5169 sunt,

2147 5191 2285 5245 sicut
2314 5190 2364 5244 in
2396 5188 2684 5260 Evangelia
2727 5191 2982 5261 scriptum
3010 5201 3127 5259 est,
3170 5202 3219 5247 et
3260 5194 3370 5247 sine
3414 5195 3526 5265 ipso
3548 5192 3740 5263 factum

2146 5290 2220 5335 est
2248 5279 2380 5335 nihil
2419 5280 2595 5352 (Joan.
2621 5296 2671 5347 ι,
2705 5283 2784 5352 5).
2839 5282 2941 5349 Qui
2976 5292 3170 5339 nostra:
3214 5284 3595 5340 imbecillitatis
3637 5289 3741 5340 mi-

2146 5386 2323 5430 sertus
2362 5385 2471 5441 est;
2502 5392 2660 5447 quam
2691 5377 3108 5434 imbecillitatem
3144 5394 3248 5434 non
3276 5379 3391 5449 ejus
3414 5394 3579 5450 Opere
3598 5424 3612 5447 ,
3646 5382 3739 5435 sed

2148 5475 2329 5522 nostra
2376 5467 2650 5523 voluntate
2698 5470 3009 5524 meruimus.
3066 5471 3197 5526 Nam
3262 5472 3401 5527 Deus
3467 5471 3738 5527 hominem

2148 5560 2665 5616 incnterminabilem
2697 5561 2822 5616 fecit
2875 5562 3037 5633 (Sap.
3061 5578 3133 5626 ιι,
3155 5562 3252 5633 25)
3271 5596 3291 5631 ,ι
3338 5570 3393 5618 et
3430 5563 3478 5617 ci
3510 5562 3736 5617 liberum

2148 5649 2435 5705 voluntatis
2466 5651 2743 5706 arbitrium
2783 5651 2951 5707 dedit.
2981 5651 3103 5707 Non
3124 5654 3266 5708 enim
3293 5660 3437 5709 esset
3463 5655 3700 5724 optionis
3720 5694 3736 5720 ,

2146 5742 2191 5797 si
2222 5742 2313 5798 Dci
2341 5744 2618 5814 praeceptis
2658 5744 3013 5813 necessitate,
3040 5758 3150 5800 non
3188 5746 3463 5803 voluntate
3490 5748 3734 5803 serviret.

2210 5885 2227 5917 ε
2262 5887 2334 5931 Sic
2357 5889 2491 5932 Parv.
2518 5893 2625 5945 cum
2648 5889 2753 5932 Mss.
2780 5881 2900 5932 ιτΔὶιί
2922 5895 3045 5933 vero
3064 5879 3163 5943 alii,
3186 5885 3433 5945 mysteria.

2211 5948 2231 5979 ι
2266 5954 2398 5996 t‘arv.
2428 5952 2479 5994 et
2504 5942 2728 6008 plerique
2754 5954 2884 6007 5:53.,
2919 5942 3163 6008 Dominus,
3190 5942 3273 6007 qui
3294 5946 3430 5998 dedit
3459 5944 3610 5998 nobis.
