4072 6528
253 398 359 457 29⁸1

251 510 433 568 Facile
456 516 541 564 est
585 509 842 570 omnino,
887 516 1143 574 quantum
1169 500 1415 557 existimo
1449 518 1461 553 :
1490 497 1631 569 quod
1662 496 1852 552 intelli-

253 616 389 674 gere
418 598 646 666 nolunt,
678 598 769 667 qui
816 595 1135 651 catholicam
1183 592 1536 647 deseruerunt
1564 587 1756 653 fidem,
1801 595 1856 642 et

248 692 535 748 christiani
585 689 767 744 vocari
806 686 1009 742 volunt.
1048 685 1180 739 Nam
1219 684 1263 738 si
1295 682 1573 738 nobiscum
1621 679 1857 734 fatentur

251 791 505 838 naturam
556 790 799 837 nostram
844 793 951 834 non
996 776 1174 831 sanari
1221 774 1323 829 nisi
1362 781 1506 828 recte
1570 769 1851 836 faciendo;

251 875 525 930 fato-antur
552 888 674 929 eam
706 888 812 928 non
860 870 1119 926 infirmari
1175 867 1275 924 nisi
1308 866 1598 937 peccando.
1630 866 1696 920 Et
1738 865 1857 920 ideo

252 976 474 1022 nonest
516 963 847 1020 credendum
888 962 1120 1016 animam
1148 968 1384 1015 nostram
1411 958 1512 1013 hoc
1551 972 1671 1013 esse
1713 956 1855 1027 quod

258 1062 406 1116 Deus
430 1068 514 1115 est
542 1077 557 1115 :
588 1058 711 1126 quia
740 1056 786 1113 si
823 1057 926 1111 hoc
953 1063 1126 1122 esset,
1163 1068 1263 1108 nec
1296 1067 1391 1108 sua
1422 1052 1690 1107 voluntate
1709 1091 1725 1117 ,
1758 1066 1855 1104 nec

251 1153 436 1223 aliqua
478 1152 803 1207 necessitate
847 1150 902 1204 in
930 1148 1167 1204 deterius
1191 1153 1489 1202 mutaretur
1515 1146 1531 1176 ⁸
1555 1161 1569 1210 ;
1601 1142 1855 1214 quoniam

251 1246 404 1299 omni
434 1244 595 1299 modo
624 1240 1075 1299 incommutabilis
1114 1238 1425 1310 intelligitur
1455 1237 1628 1303 Deus,
1660 1234 1756 1291 sed
1787 1234 1855 1289 ab

248 1336 334 1389 eis
362 1337 455 1405 qui
502 1350 607 1389 non
653 1335 707 1389 in
739 1333 1085 1389 contentione
1129 1339 1187 1387 et
1212 1330 1553 1386 aemulatione
1600 1335 1657 1385 et
1703 1342 1855 1381 vanae

250 1429 439 1498 glorise
479 1427 769 1497 cupiditate
822 1435 1003 1481 amant
1032 1425 1176 1495 loqui
1228 1422 1370 1493 quod
1424 1422 1701 1487 nesciunt,
1758 1420 1855 1475 sed

251 1518 556 1573 humilitate
584 1517 875 1574 christiana
901 1516 1140 1572 sentiunt
1165 1514 1233 1570 de
1261 1514 1489 1570 Domino
1518 1514 1568 1567 in
1593 1513 1850 1577 bonitate,

250 1612 392 1665 etin
436 1611 777 1680 simplicitate
827 1609 1007 1664 cordis
1056 1615 1303 1679 quierunt
1331 1622 1453 1663 eum
1498 1605 1651 1679 (Sap.
1689 1621 1742 1671 ι,
1774 1605 1850 1675 l).

252 1702 406 1757 llanc
432 1719 559 1773 ergo
589 1702 1005 1757 imbecillitatem
1044 1709 1279 1754 nostram
1310 1698 1580 1766 suscipere
1610 1696 1854 1766 dignatus

248 1807 337 1852 est
364 1796 532 1851 Filius
563 1796 690 1861 Dei,
717 1804 763 1849 et
800 1788 1014 1873 Verhum
1040 1809 1157 1846 caro
1178 1795 1366 1863 factum
1396 1799 1468 1844 est
1488 1830 1502 1854 ,
1540 1798 1586 1843 et
1616 1788 1854 1843 habitavit

249 1888 303 1941 in
328 1888 474 1941 nobis
499 1886 677 1959 (Joaa.
708 1902 758 1949 ι,
794 1885 880 1957 lt)
912 1903 923 1938 :
955 1900 1059 1939 non
1090 1884 1210 1953 quia
1243 1882 1513 1937 aeternitas
1540 1881 1626 1936 illa
1652 1887 1851 1933 mutata

250 1986 335 2032 est
358 2020 373 2042 ,
406 1978 501 2032 sed
529 1977 653 2047 quia
692 1975 1002 2030 mutabilem
1050 1982 1347 2029 creaturam
1381 1972 1722 2026 mutabilibus
1753 1970 1852 2024 ho-

250 2071 458 2123 minum
498 2069 670 2125 oculis
698 2066 967 2132 ostendit,
998 2081 1159 2136 quam
1208 2062 1630 2119 incommutabili
1682 2063 1849 2139 maje-

251 2167 391 2215 state
416 2160 673 2229 suscepit.

324 2252 551 2308 CAPUT
590 2252 683 2307 XI.
711 2282 784 2292 —
816 2250 901 2306 12.
946 2249 1132 2304 Modus
1179 2249 1429 2304 liberandi
1467 2248 1722 2302 hominem
1764 2266 1854 2319 per

254 2343 453 2397 Filium
479 2343 575 2397 Dei
612 2344 938 2398 incantatam
978 2359 1129 2413 quam
1156 2342 1476 2396 conveniens.
1507 2340 1645 2395 Sunt
1676 2350 1852 2394 autem

255 2437 402 2491 stulti
442 2438 532 2507 qui
584 2436 800 2502 dicunt,
826 2435 943 2491 Non
991 2444 1199 2506 poterat
1235 2436 1391 2489 aliter
1435 2432 1707 2503 Sapientia
1759 2433 1854 2487 Dei

255 2527 501 2583 homines
529 2528 758 2583 liberare
779 2569 793 2593 ,
826 2527 929 2581 nisi
986 2527 1281 2597 susciperet
1316 2524 1589 2579 hominem
1609 2566 1624 2591 ,
1657 2533 1711 2578 et
1755 2539 1853 2577 na-

254 2629 497 2675 sceretur
522 2619 592 2675 de
632 2618 830 2674 femina
851 2661 865 2683 ,
897 2626 953 2673 et
994 2632 1024 2671 a
1056 2616 1424 2688 peccatoribus
1447 2614 1624 2670 omnia
1654 2615 1741 2669 illa
1766 2630 1856 2685 pa.

256 2715 498 2769 teretur?
548 2713 753 2782 Quibus
798 2712 1026 2766 dicimus
1059 2728 1072 2763 :
1103 2711 1323 2766 Poterat
1373 2709 1628 2771 omnino,
1663 2707 1758 2763 sed
1807 2707 1852 2763 si

258 2808 422 2861 aliter
453 2806 677 2871 faceret,
714 2804 964 2860 similiter
1010 2814 1203 2859 vestra:
1245 2804 1486 2858 stultitia:
1527 2802 1851 2873 diSpliceret.

255 2898 318 2952 Si
365 2896 512 2952 enim
542 2912 643 2951 non
696 2904 983 2967 appareret
1029 2895 1198 2949 oculis
1248 2904 1624 2965 peccatorum,
1675 2893 1855 2948 lumen

253 2990 377 3061 ejus
406 2998 667 3045 aeternum
690 2991 873 3060 utique
892 3031 906 3055 ,
939 2988 1081 3059 quod
1123 3004 1219 3059 per
1257 2988 1537 3043 interiores
1562 2986 1747 3042 oculos
1773 2987 1855 3040 vi-

253 3080 445 3147 detur,
476 3081 767 3151 inquinatis
811 3079 1080 3135 mentibus
1127 3078 1297 3134 videri
1329 3095 1433 3132 non
1462 3088 1662 3148 posset.
1706 3077 1858 3134 Nunc

254 3181 437 3227 autem
468 3173 589 3242 quia
621 3154 905 3226 visibiliter
940 3186 1041 3227 nos
1069 3185 1413 3226 commonere
1454 3170 1702 3241 dignatus
1732 3177 1854 3236 est,

256 3271 316 3316 ut
337 3262 406 3316 ad
455 3262 738 3317 invisibilia
796 3270 1152 3331 prtepararet,
1198 3261 1447 3331 diSplicet
1493 3262 1702 3327 avaris,
1734 3262 1857 3331 quia

255 3370 365 3409 non
394 3369 614 3409 aureum
645 3369 842 3422 corpus
873 3353 1089 3419 habuit;
1118 3352 1365 3422 displicet
1392 3351 1669 3423 impudicis
1690 3394 1704 3418 ,
1735 3353 1859 3421 quia

253 3446 327 3501 de
354 3445 549 3499 femina
578 3454 735 3498 natus
765 3452 847 3499 est
877 3443 1123 3516 (multum
1153 3443 1297 3497 enim
1326 3443 1555 3497 oderunt
1581 3443 1854 3513 impudici,

256 3536 404 3607 quod
430 3535 738 3605 concipiunt
762 3544 817 3589 et
847 3535 1061 3603 pariunt
1094 3532 1364 3605 feminae);
1393 3534 1638 3603 displicet
1667 3549 1856 3604 super-

257 3628 345 3683 bis
365 3669 382 3695 ,
412 3626 557 3697 quod
597 3626 952 3681 contumelias
980 3625 1372 3695 patientissime
1403 3625 1648 3695 pertulit;
1676 3626 1861 3695 displi-

257 3729 350 3775 cet
394 3719 638 3774 delicatis
660 3759 677 3785 ,
706 3719 828 3789 quia
877 3719 1144 3775 cruciatus
1174 3726 1290 3783 est;
1339 3717 1583 3787 displicet
1623 3718 1820 3772 timidis
1842 3760 1856 3783 ,

258 3812 386 3882 quia
415 3820 657 3865 mortuus
701 3818 803 3865 est.
838 3809 904 3871 Et
934 3818 990 3863 ut
1018 3824 1124 3863 non
1155 3808 1279 3862 vitia
1326 3823 1423 3863 sua
1447 3808 1731 3863 videantur
1768 3809 1864 3864 de-

262 3901 488 3956 fendere
509 3943 525 3966 ,
554 3915 661 3956 non
691 3900 745 3954 in
780 3899 997 3954 homine
1024 3898 1211 3954 dicunt
1252 3899 1354 3953 sibi
1385 3898 1489 3953 hoc
1535 3898 1819 3969 displicere
1841 3939 1858 3966 ,

260 3991 361 4047 sed
393 3992 447 4046 in
478 3992 614 4047 Filio
640 3991 757 4046 Dei.
800 3990 918 4045 Non
944 3990 1088 4046 enim
1127 3990 1427 4061 intelligunt
1449 3990 1576 4061 quid
1606 3991 1674 4045 sit
1707 3999 1863 4047 :eter—

264 4084 408 4138 nitas
437 4084 563 4150 Dei,
616 4097 736 4153 quae
780 4082 1053 4137 hominem
1104 4082 1425 4152 assumpsit;
1482 4091 1536 4138 et
1573 4082 1700 4152 quid
1748 4082 1863 4152 ipsa

266 4178 504 4231 humana
548 4185 791 4229 creatura
814 4214 829 4239 ,
860 4190 980 4244 quae
1028 4172 1414 4229 mutationibus
1440 4173 1552 4228 suis
1582 4174 1638 4228 in
1682 4175 1863 4244 pristi-

266 4284 395 4323 nam
428 4268 730 4323 firmitatem
762 4267 1113 4323 revocabatur
1132 4308 1147 4335 ,
1176 4276 1235 4322 ut
1256 4266 1610 4337 disceremus,
1638 4269 1864 4325 docente

267 4363 390 4433 ipso
420 4362 680 4429 Domino,
712 4361 1048 4416 infirmitates
1072 4376 1206 4431 quas
1233 4360 1505 4431 peccando
1527 4361 1860 4431 collegimus,

268 4462 418 4507 recte
445 4450 689 4507 faciendo
733 4466 890 4522 posse
918 4450 1116 4505 sanari.
1157 4448 1550 4506 Ostendebatur
1576 4451 1721 4507 enim
1764 4467 1865 4505 no-

270 4543 355 4599 bis
377 4543 444 4598 ad
470 4558 630 4613 quam
654 4538 998 4613 fragilitatem
1025 4540 1187 4596 homo
1220 4555 1317 4596 sua
1337 4540 1492 4611 culpa
1523 4542 1824 4611 pervenerit
1848 4582 1863 4607 ,
1943 4597 1952 4605 ,

269 4645 323 4690 et
352 4649 423 4689 ex
448 4648 552 4703 qua
599 4632 883 4704 fragilitate
927 4632 1107 4687 divino
1146 4632 1343 4687 auxilio
1382 4632 1655 4687 liberetur.
1685 4630 1867 4703 itaque

272 4726 443 4781 Filius
472 4725 566 4780 Dei
617 4725 888 4779 hominem
936 4724 1260 4794 assumpsit,
1310 4732 1365 4778 et
1408 4725 1463 4777 iu
1507 4724 1597 4779 illo
1634 4723 1867 4778 humana

274 4832 567 4888 perpessus
606 4826 707 4870 est.
770 4817 897 4870 llaec
948 4816 1210 4871 medicina
1256 4815 1531 4871 hominum
1590 4825 1732 4870 tanta
1762 4826 1865 4881 est,

273 4919 471 4981 quanta
493 4924 597 4963 non
630 4917 806 4979 potest
828 4909 1069 4977 cogitari.
1102 4908 1233 4962 Nam
1265 4924 1385 4978 quae
1416 4908 1665 4977 superbia
1691 4909 1869 4963 sanari

274 5012 486 5073 potest,
540 5002 587 5056 si
639 5001 935 5056 humilitate
986 5000 1104 5055 Filii
1133 5001 1228 5057 Dei
1282 5018 1388 5055 non
1432 5002 1687 5056 sanatur?
1740 5000 1871 5069 Quae

273 5093 497 5148 avaritia
524 5094 699 5147 sanari
728 5101 934 5162 potest,
964 5092 1011 5146 si
1036 5100 1346 5162 paupertate
1383 5091 1499 5147 Filii
1530 5092 1624 5149 Dei
1654 5108 1759 5148 non
1784 5108 1871 5149 sa-

276 5185 475 5240 natur?
500 5184 631 5251 Quze
659 5183 934 5239 iracundia
958 5185 1135 5238 sanari
1167 5192 1377 5254 potest,
1401 5185 1446 5239 si
1470 5185 1721 5254 patientia
1750 5186 1872 5241 Filii

264 5280 371 5357 ;Dei
401 5294 512 5333 non
537 5279 789 5332 sanatur?
818 5277 948 5346 Qua:
977 5278 1220 5348 impietas
1249 5277 1426 5332 sanari
1458 5287 1650 5347 potest,
1678 5280 1720 5333 si
1747 5278 1875 5334 cha—

279 5375 435 5429 ritate
466 5370 586 5425 Filii
621 5370 715 5425 Dei
756 5385 860 5424 non
887 5371 1143 5424 sanatur?
1172 5370 1450 5424 Postremo
1477 5386 1595 5439 qua:
1622 5372 1875 5425 timiditas

276 5462 457 5517 sanari
486 5470 697 5531 potest,
748 5460 792 5514 si
838 5461 1228 5516 resurrectione
1257 5461 1497 5529 corporis
1538 5459 1734 5516 Christi
1774 5462 1877 5516 Do-

277 5556 405 5607 mini
437 5556 455 5585 ³
489 5568 595 5607 non
641 5551 894 5606 sanatur?
924 5552 1103 5622 Erigat
1128 5567 1275 5621 spem
1306 5566 1456 5606 suam
1482 5566 1650 5621 genus
1690 5552 1877 5607 Imma-

280 5662 403 5697 nmn
426 5687 440 5707 ,
471 5657 524 5699 et
555 5652 905 5713 recognoscat
937 5654 1179 5697 naturam
1211 5657 1395 5707 suam;
1424 5642 1600 5698 videat
1622 5654 1876 5714 quantum

340 5784 357 5814 ι
386 5791 570 5828 omnes
593 5778 703 5826 fere
728 5785 855 5837 Mss,
878 5784 1165 5829 moveretur.

338 5844 360 5875 ⁸
394 5843 517 5891 Editi
543 5849 680 5889 t’arv.
709 5848 810 5888 Αω.
847 5847 921 5889 Er.
950 5847 1002 5889 et
1033 5848 1139 5889 Mss.
1165 5839 1417 5897 omittunt,
1466 5837 1643 5893 Christi
1666 5838 1873 5892 Domini.

279 5914 409 5956 Umu
427 5912 597 5953 tamen
611 5900 769 5954 codex
796 5903 901 5963 ejus
924 5902 1029 5952 loco
1050 5902 1217 5965 habet,
1244 5902 1351 5953 filii
1376 5900 1482 5952 Dei.

520 5994 801 6053 ΡΑτειοι.
853 5993 978 6056 XL.

1683 383 1885 441 LIBER
1926 384 2131 441 UNUS.

3448 393 3557 451 298

1961 496 2137 553 locum
2163 494 2352 552 haheat
2389 496 2440 551 iu
2471 498 2722 567 operibus
2748 500 2862 555 Dei.
2906 500 3078 559 Nolite
3104 516 3200 558 vos
3227 502 3371 577 ipsos
3417 520 3555 563 eon-

1966 594 2231 652 temnere,
2255 586 2389 650 viri;
2440 586 2605 642 Filius
2635 589 2727 644 Dei
2774 592 2945 646 virum
2973 594 3225 664 suscepit.
3254 594 3428 650 Nolite
3458 608 3574 659 vos,

1962 677 2105 745 ipsas
2150 686 2525 745 contemnere,
2578 679 2819 745 feminze;
2864 682 3026 736 Filius
3082 685 3172 738 Dei
3207 696 3360 739 natus
3382 702 3447 741 ex
3474 664 3569 741 fe-i

1962 767 2105 820 mina
2135 776 2237 822 est.
2266 766 2439 822 Nolite
2464 778 2637 822 tamen
2667 785 2846 826 amare
2873 773 3141 835 cnrnalia;
3173 776 3292 845 quia
3325 778 3377 830 in
3411 776 3548 831 Filio

1960 858 2052 912 Dei
2084 872 2183 912 nec
2226 858 2495 913 masculus
2532 875 2633 915 nec
2678 860 2875 915 femina
2919 879 3121 919 sumus.
3156 866 3328 921 Nolite
3369 882 3553 923 amare

1962 948 2310 1018 temporalia;
2339 950 2458 1018 quia
2482 951 2525 1004 si
2551 952 2688 1006 bene
2713 963 3018 1007 amarentur
3038 998 3050 1019 ,
3075 968 3274 1012 amaret
3301 974 3363 1013 ea
3387 959 3548 1015 homo

1960 1054 2118 1109 quem
2148 1040 2382 1111 suscepit
2411 1039 2576 1097 Filius
2618 1042 2737 1097 Dei.
2770 1043 2941 1098 Nolite
2974 1046 3161 1101 timere
3198 1051 3549 1105 contumelias

1958 1137 2013 1184 et
2056 1144 2244 1187 cruces
2273 1141 2327 1186 et
2356 1142 2616 1198 mortem;
2649 1135 2770 1203 quia
2798 1135 2841 1189 si
2884 1146 3138 1192 nocerent
3178 1139 3411 1206 homini,
3442 1158 3549 1196 non

1958 1236 2023 1277 ea
2050 1232 2325 1292 pateretur
2370 1223 2530 1279 homo
2559 1241 2718 1296 quem
2767 1230 3001 1297 suscepit
3049 1228 3213 1284 Filius
3256 1230 3371 1284 Dei.
3425 1233 3550 1288 llaec

1958 1316 2134 1370 omnis
2173 1314 2437 1383 hortatio,
2468 1333 2586 1387 qua:
2607 1317 2716 1387 jam
2747 1318 2941 1389 ubique
2974 1321 3322 1390 prmdicatur,
3353 1322 3549 1393 ubique

1960 1416 2278 1473 veneratur,
2308 1424 2425 1479 quae
2464 1424 2676 1467 onmem
2716 1412 3054 1468 obedientem
3094 1416 3327 1471 animam
3359 1429 3549 1483 sanat,

1960 1517 2065 1556 non
2102 1510 2246 1556 esset
2274 1502 2325 1556 in
2353 1504 2515 1557 rebus
2537 1502 2788 1557 humanis
2809 1546 2822 1570 ,
2857 1504 3027 1560 sinon
3069 1519 3251 1563 essent
3281 1510 3418 1563 faeta
3463 1510 3550 1564 illa

1958 1592 2139 1647 omnia
2190 1608 2310 1663 quae
2352 1594 2681 1649 stultissimis
2733 1595 3034 1665 displicent.
3081 1598 3249 1667 Quem
3302 1601 3550 1671 dignatur

1958 1682 2151 1737 imitari
2184 1684 2371 1738 vitiosa
2394 1684 2669 1754 jactantia,
2703 1696 2759 1740 ut
2788 1687 2852 1741 ad
2882 1690 3127 1743 virtutem
3152 1691 3547 1759 percipiendam

1960 1774 2129 1843 possit
2164 1774 2387 1841 adduci,
2435 1777 2477 1831 si
2523 1778 2793 1833 erubescit
2837 1778 3030 1833 imitari
3062 1795 3182 1834 cum
3219 1781 3286 1836 de
3333 1798 3440 1850 quo
3467 1783 3551 1837 di-

1957 1874 2101 1920 ctum
2127 1876 2207 1921 est
2236 1875 2518 1937 antequam
2546 1878 2855 1923 nasceretur
2875 1911 2889 1934 ,
2918 1869 3059 1940 quod
3092 1869 3259 1925 Filius
3292 1872 3551 1928 Altissitni

1958 1958 2234 2013 vocabitur
2278 1957 2427 2031 (Luc.
2476 1975 2527 2027 l,
2560 1959 2687 2031 3‘2),
2737 1970 2788 2015 et
2820 1977 2913 2030 per
2947 1978 3136 2017 munus
3174 1962 3283 2031 jam
3329 1976 3512 2034 gentes
3537 2008 3551 2027 ,

1959 2049 2101 2118 quod
2136 2065 2331 2120 negare
2357 2066 2518 2106 nemo
2556 2060 2763 2121 potest,
2799 2052 2963 2107 Filius
2994 2054 3253 2108 Altissimi
3292 2060 3553 2109 vocaturi

1960 2141 2015 2195 Si
2046 2140 2269 2194 multum
2293 2140 2361 2196 de
2389 2142 2543 2196 nobis
2573 2143 2835 2197 sentimus
2856 2184 2869 2209 ,
2897 2143 3177 2214 diguetnttr
3204 2143 3399 2203 imitari
3427 2162 3552 2200 eum

1957 2232 2044 2301 qui
2073 2230 2235 2285 Filius
2271 2232 2531 2287 Altissimi
2577 2241 2796 2288 vocatur
2826 2252 2839 2287 :
2870 2235 2912 2288 si
2943 2250 3126 2305 parum
3149 2235 3215 2290 de
3245 2237 3397 2291 nobis
3420 2253 3551 2292 seu-

1960 2324 2156 2390 timus,
2201 2322 2493 2377 audeamus
2533 2323 2726 2379 imitari
2771 2325 3064 2395 piscatores
3099 2335 3154 2381 et
3200 2327 3511 2396 publicanos
3536 2369 3552 2391 ,

1958 2414 2048 2485 qui
2090 2429 2213 2468 eum
2253 2414 2444 2469 imitati
2474 2423 2621 2469 sunt.
2654 2414 2699 2469 Ο
2722 2416 3039 2470 medicinam
3086 2419 3333 2472 omnibus
3361 2434 3559 2474 consu-

1961 2505 2157 2559 lentem
2179 2544 2195 2571 ,
2225 2505 2405 2559 omnia
2454 2506 2707 2560 tumentia
2749 2508 3189 2576 comprimentem
3209 2548 3225 2575 ,
3257 2509 3433 2563 omnia
3476 2519 3559 2562 ta-

1958 2595 2234 2649 bcsceutia
2273 2594 2603 2650 reficientem
2626 2634 2640 2662 ,
2672 2597 2849 2651 omnia
2875 2598 3138 2667 superflua
3187 2610 3515 2655 resecantem
3536 2640 3552 2666 ,

1959 2686 2137 2740 omnia
2168 2686 2467 2741 necessaria
2494 2687 2914 2753 custodientem,
2944 2692 3119 2743 omnia
3150 2689 3353 2760 perdita
3394 2708 3555 2761 repa-

1960 2785 2203 2840 rantem,
2245 2777 2421 2830 omnia
2464 2776 2748 2847 depravata
2777 2778 3161 2849 corrigentem!
3195 2781 3325 2849 Quis
3347 2780 3457 2851 jam
3493 2796 3553 2837 se

1961 2867 2177 2922 extollat
2208 2877 2392 2922 contra
2424 2867 2614 2922 Filium
2644 2868 2775 2923 Dei?
2801 2869 2931 2937 Quis
2952 2870 3019 2925 de
3054 2886 3113 2927 se
3142 2872 3427 2942 deSperet,
3460 2889 3557 2941 pro

1963 2974 2071 3029 quo
2114 2968 2220 3014 tam
2265 2959 2478 3017 humilis
2515 2975 2634 3014 esse
2678 2962 2842 3015 voluit
2873 2961 3039 3017 Filius
3086 2963 3215 3019 Dei?
3257 2965 3388 3031 Quis
3431 2965 3559 3019 bea-

1964 3058 2073 3103 tam
2103 3049 2266 3103 vitam
2314 3058 2433 3103 esse
2470 3050 2759 3105 arbitretur
2802 3053 2851 3105 in
2895 3053 2959 3107 iis
3003 3070 3122 3124 qua:
3165 3058 3557 3111 contemnenda

1961 3154 2082 3195 esse
2112 3139 2292 3194 docuit
2319 3139 2488 3195 Filius
2530 3140 2657 3194 Dei?
2683 3142 2887 3210 Quibus
2920 3143 3332 3202 adversitatibus
3366 3148 3555 3216 cedat,

1963 3230 2055 3301 qui
2084 3240 2329 3286 naturam
2370 3231 2605 3285 hominis
2652 3233 2811 3287 tantis
2844 3235 2857 3264 ¹
2892 3236 3354 3303 persecutionihus
3380 3249 3559 3293 cnst0~

1962 3321 2129 3376 ditam
2155 3322 2327 3377 credit
2358 3323 2409 3377 in
2440 3322 2575 3377 Filio
2600 3322 2733 3377 Dei?
2762 3321 2891 3391 Quis
2934 3325 3033 3379 sibi
3064 3340 3183 3379 esse
3208 3326 3447 3381 clausum
3476 3345 3561 3383 re-

1963 3429 2125 3484 gnum
2164 3414 2422 3469 ccelorum
2462 3424 2647 3486 putet,
2690 3418 2775 3484 qui
2826 3419 3100 3487 cognoscit
3142 3420 3451 3488 publicanos
3504 3432 3559 3476 et

1963 3506 2278 3560 meretrices
2335 3506 2570 3560 imitatos
2600 3521 2719 3561 esse
2762 3506 2953 3561 Filium
3010 3508 3097 3563 Dei
3127 3511 3146 3540 ²
3176 3508 3387 3581 (.llauh.
3432 3527 3557 3578 xxi,

1965 3595 2096 3669 '51)?
2132 3597 2244 3666 Qua
2279 3597 2631 3667 perversitate
2677 3612 2781 3651 non
2812 3608 3027 3664 careat,
3053 3600 3140 3668 qui
3181 3599 3316 3655 facta
3347 3601 3560 3656 ctdicta

1965 3688 2202 3743 intuetur
2253 3696 2309 3742 et
2366 3687 2539 3758 diligit
2595 3697 2649 3742 et
2697 3698 2933 3743 sectatur
2989 3690 3131 3743 illius
3188 3689 3454 3756 hominis,
3507 3692 3559 3747 in

1964 3794 2073 3849 quo
2116 3794 2178 3834 se
2227 3778 2384 3833 nobis
2447 3778 2515 3832 ad
2570 3779 2873 3850 exemplum
2930 3780 3054 3835 vita:
3110 3781 3335 3851 praebuit
3396 3783 3563 3839 Filius

1967 3871 2061 3927 Dei
2077 3870 2101 3925 ?

2037 3961 2265 4017 CAPUT
2303 3960 2419 4016 XII.
2449 3991 2521 4001 —
2550 3962 2638 4017 15.
2670 3959 2959 4016 Christiana
2994 3962 3121 4033 [idet
3159 3965 3341 4035 ubique
3365 3968 3491 4037 viget
3515 3977 3562 4021 et

1967 4053 2138 4107 vincit.
2165 4051 2348 4123 Itaque
2398 4052 2505 4121 iam
2560 4062 2615 4106 et
2658 4053 2880 4107 masculi
2911 4063 2966 4108 et
3008 4052 3248 4122 feminw,
3292 4065 3347 4110 et
3386 4060 3563 4113 omnis

1967 4153 2133 4210 aetas,
2184 4153 2239 4199 et
2281 4144 2457 4198 omnis
2498 4142 2656 4213 hujus
2683 4144 2863 4198 saeculi
2894 4132 3124 4214 dignitas
3154 4146 3219 4199 ad
3262 4161 3410 4217 spem
3439 4149 3563 4204 vitae

1968 4247 2181 4292 acternze
2225 4244 2492 4291 commota
2532 4245 2614 4291 est
2642 4235 2685 4289 ³.
2739 4236 2840 4291 Alii
2872 4238 3129 4309 neglectis
3176 4242 3563 4311 temporalibus

1970 4329 2127 4383 bonis
2156 4329 2441 4383 convolant
2483 4328 2548 4383 ad
2579 4328 2782 4383 divina.
2815 4330 2916 4384 Alii
2945 4331 3140 4386 cedunt
3169 4347 3359 4388 eorum
3392 4336 3562 4389 virtu-

1971 4420 2110 4475 tibus
2159 4419 2250 4490 qui
2292 4418 2407 4473 lnee
2439 4417 2668 4485 faciunt,
2704 4432 2756 4473 et
2788 4420 3005 4476 laudant
3031 4422 3174 4492 quod
3216 4424 3410 4479 imitari
3457 4442 3563 4482 non

1971 4512 2189 4567 audent.
2230 4510 2393 4565 Pauci
2422 4520 2599 4565 autem
2637 4510 2812 4565 adhuc
2840 4522 3201 4581 murmurant,
3233 4528 3289 4570 et
3333 4517 3473 4572 inani
3504 4519 3567 4572 lia

1971 4621 2101 4661 vore
2130 4614 2477 4677 torquentur;
2531 4614 2623 4659 aut
2661 4605 2752 4675 qui
2784 4622 2878 4661 sua
2923 4617 3170 4678 qumrunt
3198 4610 3250 4664 iu
3292 4610 3523 4666 Ecclesia
3548 4653 3563 4675 ,

1972 4699 2215 4769 quamvis
2240 4698 2523 4753 videantur
2552 4697 2837 4766 catholici,
2870 4708 2962 4753 aut
2998 4714 3064 4754 ex
3096 4700 3212 4770 ipso
3241 4700 3438 4756 Christi
3473 4718 3566 4755 no~

1973 4792 2119 4846 mine
2149 4791 2369 4861 gloriam
2400 4801 2705 4861 qurerentcs
2732 4792 2969 4847 barretici
2991 4834 3007 4859 ,
3035 4803 3125 4846 aut
3161 4802 3440 4865 peccatum
3470 4794 3565 4846 im-

1978 4885 2190 4956 pietatis
2230 4900 2340 4938 sua:
2368 4884 2652 4941 defendere
2684 4886 2960 4955 cupientes
2989 4885 3155 4941 Jud.ei
3179 4927 3192 4947 ,
3225 4896 3315 4941 aut
3344 4886 3556 4940 curiosi.

1976 4985 2140 5030 tatem
2168 4991 2318 5029 vana:
2364 4976 2592 5029 licentiae
2620 4976 2639 5006 ⁸
2667 4976 2892 5047 perdere
2923 4977 3170 5031 timentes
3207 4976 3424 5047 Pagani.
3459 4978 3562 5031 Sed

1977 5065 2217 5120 Ecclesia
2264 5065 2525 5120 catholica
2556 5081 2653 5137 per
2700 5075 2868 5140 totum
2920 5066 3104 5121 orbem
3156 5066 3311 5137 longe
3354 5067 3566 5140 lateque

1979 5154 2206 5221 diffusa,
2253 5155 2484 5225 impetus
2521 5138 3005 5225 eorum'prioribus
3048 5158 3377 5226 temporibus
3426 5138 3562 5215 fran-

1981 5263 2113 5317 gens
2133 5288 2149 5313 ,
2182 5250 2350 5317 magis
2377 5250 2649 5319 magisque
2674 5249 2920 5303 roborata
2961 5259 3077 5313 est;
3115 5265 3218 5305 non
3247 5255 3569 5324 resistendo,

1987 5338 2082 5393 sed
2131 5338 2473 5408 perferendo.
2522 5337 2672 5391 Nunc
2697 5354 2825 5393 vero
2874 5336 3153 5395 insidiosas
3197 5358 3382 5397 eorum
3428 5363 3569 5415 qua:-

1983 5430 2185 5484 stioues
2228 5428 2333 5483 fide
2374 5428 2595 5494 irridet,
2641 5428 2914 5499 diligentia
2952 5432 3199 5497 discutit,
3225 5434 3572 5505 intelligentia

1983 5520 2229 5575 dissolvit
2262 5536 2275 5571 :
2309 5518 2683 5575 criminatores
2710 5521 2977 5590 palearum
3006 5538 3222 5578 suarum
3251 5540 3357 5581 non
3384 5537 3571 5593 curat;

2050 5656 2068 5728 ξ
2102 5653 2240 5728 ξλίἰιί,
2264 5651 2475 5728 amittis.
2502 5654 2592 5728 sed
2618 5668 2795 5728 omnes
2815 5664 2917 5728 atss.
2946 5666 3113 5708 carem
3138 5660 3497 5728 prmpositione,
3525 5675 3576 5713 α.

2048 5717 2069 5779 9
2104 5723 2236 5765 t‘arv.
2265 5724 2315 5765 et
2335 5715 2519 5779 aliquot
2541 5725 2669 5777 MSS.,
2692 5716 2953 5769 imitatores
2976 5734 3077 5770 esse
3102 5715 3212 5771 («iiii
3241 5715 3343 5771 'Dci.

2051 5778 2237 5889 :‘algsvi,
2262 5778 2550 5829 commutata
2585 5786 2672 5830 est.
2714 5780 2883 5831 Melius
2907 5782 3024 5832 editi
3067 5783 3149 5832 alii
3190 5791 3240 5833 et
3264 5791 3401 5845 Mss.,
3441 5796 3574 5836 com-

2049 5903 2073 5934 δ
2107 5910 2236 5954 Unus
2259 5918 2287 5955 e
2310 5904 2546 5956 Vaticanis
2575 5912 2703 5967 διες,
2730 5905 2958 5958 sricntiw.

3076 5989 3300 6062 (Dim)
