4024 6512
555 379 657 436 299

553 494 672 567 quia
700 502 911 563 tempus
935 487 1158 552 messis,
1186 493 1240 542 et
1283 492 1492 556 tempus
1531 497 1774 538 arearum
1797 525 1810 549 ,
1843 490 1897 536 et
1921 487 2132 549 tempus

549 587 866 646 horreorum
911 591 1068 638 caute
1114 581 1503 652 diligenterque
1542 577 1820 648 distinguit
1884 592 1898 628 :
1958 575 2136 629 crimi-

547 687 764 734 natores
806 684 983 730 autem
1045 673 1297 730 frumenti
1362 672 1479 739 sui,
1534 679 1624 725 aut
1660 676 1900 725 errantes
1963 664 2135 722 corri-

549 771 652 842 git,
680 777 773 823 aut
791 766 1090 823 invidentes
1119 764 1449 832 interspinas
1476 770 1530 816 et
1549 760 1748 815 zizania
1772 765 2061 829 computat.

618 857 843 916 CAPUT
882 858 1020 913 XIII.
1047 887 1120 898 —
1141 857 1228 912 14.
1257 855 1414 911 Fides
1445 863 1581 910 recta
1622 855 1714 921 sit,
1742 862 1786 908 et
1825 854 1956 906 actio
1982 853 2131 906 bona.

551 954 697 1008 Mens
726 953 946 1006 veritatis
984 967 1150 1023 capax
1183 967 1284 1004 non
1336 958 1438 1016 est,
1472 948 1570 1003 nisi
1612 947 1741 1002 uitiis
1777 946 1950 1000 libera.
1978 943 2135 998 Fides

553 1047 793 1100 Ecclesia:
818 1045 880 1099 de
907 1027 1177 1098 Trinitate.
1199 1041 1560 1111 Subjiciamus
1589 1053 1715 1109 ergo
1745 1038 1978 1092 animam
1999 1036 2129 1098 Deo,

545 1145 591 1197 si
619 1141 867 1196 volumus
890 1136 1135 1192 servituti
1174 1135 1437 1205 subjicere
1463 1147 1658 1202 corpus
1685 1138 1926 1186 nostrum
1943 1172 1960 1195 ,
1987 1139 2041 1186 et
2065 1129 2134 1184 de

546 1231 763 1286 diabolo
811 1227 1156 1300 triumphare.
1198 1225 1359 1281 Fides
1410 1232 1492 1278 est
1534 1223 1704 1293 prima
1729 1237 1847 1291 quae
1887 1219 2135 1290 subjugat

545 1324 779 1379 animam
826 1321 968 1386 Deo;
1000 1317 1193 1374 deinde
1224 1325 1488 1388 praecepta
1521 1313 1768 1378 vivendi,
1801 1312 1994 1383 quibus
2037 1325 2134 1366 cu-

549 1414 763 1468 stoditis
788 1428 910 1482 spes
939 1422 1119 1465 nostra
1152 1409 1425 1482 firmatur,
1456 1413 1510 1461 et
1533 1405 1763 1459 nutritur
1786 1401 2048 1467 charitas,
2080 1409 2134 1454 et

551 1503 729 1558 lucere
777 1480 959 1570 incipit
1006 1499 1147 1570 quod
1186 1480 1351 1552 'antca
1399 1493 1766 1552 tantummodo
1791 1491 2128 1549 credebatur.

549 1593 682 1648 Cum
735 1593 876 1646 enim
929 1590 1161 1660 cognitio
1207 1597 1264 1645 et
1307 1589 1448 1643 actio
1495 1587 1708 1642 beatum
1745 1584 2017 1639 hominem
2057 1581 2132 1636 fa-

549 1684 697 1738 ciant
727 1684 742 1714 ¹
767 1699 783 1749 ;
813 1682 949 1736 sicut
976 1680 1027 1734 in
1055 1679 1356 1751 cognitione
1376 1677 1643 1733 cavendus
1663 1687 1748 1731 est
1765 1689 1945 1739 error,
1975 1673 2053 1728 sic
2078 1673 2129 1726 in

551 1775 764 1830 actione
792 1772 1026 1828 cavenda
1072 1779 1154 1826 est
1196 1770 1451 1840 nequitia.
1483 1769 1641 1823 Errat
1679 1776 1854 1822 autem
1891 1765 2131 1836 quisquis

551 1873 701 1937 putat
751 1867 1022 1919 veritatem
1076 1878 1134 1918 se
1186 1877 1346 1932 posse
1389 1875 1751 1932 cognoscere,
1793 1875 1914 1914 cum
1956 1859 2132 1912 adhuc

549 1957 796 2028 nequiter
816 1957 974 2011 vivat.
1000 1955 1240 2026 Nequitia
1266 1964 1350 2012 est
1377 1965 1555 2010 autem
1587 1953 1842 2008 mundum
1869 1952 2025 2006 istum
2053 1951 2132 2004 di-

550 2050 714 2120 ligere
733 2091 748 2116 ,
779 2057 835 2104 ct
859 2065 917 2104 ea
941 2064 1059 2120 qum.
1084 2058 1376 2103 nascuntur
1395 2057 1448 2102 et
1477 2055 1786 2112 transeunt,
1815 2059 1913 2114 pro
1941 2058 2132 2114 magno

548 2140 781 2206 habere;
810 2150 862 2195 ct
909 2156 970 2194 ea
997 2140 1379 2210 concupiscere
1399 2181 1415 2207 ,
1436 2146 1491 2194 et
1530 2153 1627 2208 pro
1657 2136 1739 2191 his
1763 2135 2041 2202 laborare,
2076 2143 2132 2189 ut

546 2231 922 2302 aequiranlur;
961 2239 1014 2284 ct
1055 2230 1223 2284 Imtari
1247 2271 1261 2296 ,
1294 2245 1415 2284 cum
1444 2227 1863 2293 abundaverint;
1895 2234 1949 2281 et
1989 2226 2130 2280 time-

549 2339 641 2389 re,
676 2339 741 2378 ne
790 2332 1044 2393 pereant;
1085 2331 1139 2378 et
1183 2322 1516 2389 contristari,
1548 2337 1668 2377 cum
1700 2330 1942 2392 pereunt.
1987 2319 2130 2374 Talis

545 2415 650 2468 vita
681 2429 785 2468 non
815 2423 988 2483 potest
1025 2429 1210 2483 puram
1251 2414 1394 2466 illam
1419 2421 1472 2468 et
1511 2412 1774 2467 sinceram
1801 2412 1822 2442 ²
1845 2419 1899 2466 et
1925 2410 2128 2464 incom-

539 2504 851 2559 mutabilem
884 2503 1063 2558 videre
1094 2503 1400 2569 veritatem,
1447 2511 1502 2557 et
1538 2502 1802 2557 inhmrere
1832 2501 1936 2567 illi,
1977 2509 2033 2555 et
2078 2501 2130 2554 in

545 2605 801 2649 aeternum
823 2594 933 2664 jam
978 2610 1082 2648 non
1112 2595 1313 2649 moveri
1339 2594 1380 2648 ⁸.
1428 2593 1606 2665 Itaque
1630 2594 1941 2665 priusquam
1979 2605 2132 2646 mens

546 2695 724 2739 nostra
769 2691 1050 2756 purgetur,
1097 2684 1355 2739 debemus
1403 2684 1622 2738 credere
1647 2682 1789 2753 quod
1835 2681 2131 2752 intelligere

546 2779 783 2832 nondum
813 2773 1087 2843 valemus;
1115 2778 1365 2847 quoniam
1393 2776 1674 2832 verissime
1698 2775 1898 2830 dictum
1931 2782 2014 2828 est
2036 2788 2132 2843 per

545 2871 893 2940 prophetam,
939 2868 1057 2922 Nisi
1102 2868 1450 2933 credideritis,
1499 2885 1598 2921 non
1645 2867 1935 2938 intelligetis
1977 2865 2127 2940 (Isai.

544 2976 637 3022 vn.
668 2960 725 3024 9,
754 2973 854 3012 sec.
881 2955 1068 3029 LXX).

618 3049 705 3103 15.
743 3047 902 3102 Fides
931 3049 982 3100 in
1031 3046 1270 3102 Ecclesia
1315 3046 1630 3103 brevissime
1673 3047 1917 3116 traditur,
1950 3049 2004 3103 in
2028 3063 2130 3119 qua

544 3139 988 3194 commendantur
1033 3147 1263 3207 aeterna,
1308 3155 1428 3211 qua:
1475 3140 1696 3210 intelligi
1753 3157 1782 3194 a
1830 3142 2134 3198 carnalibus

544 3231 780 3287 nondum
825 3239 1086 3302 possunt;
1118 3240 1168 3285 et
1200 3232 1509 3301 temporalia
1545 3232 1811 3302 praeterita
1837 3240 1892 3287 et
1914 3232 2086 3288 futura
2111 3273 2126 3300 ,

541 3339 662 3394 qua:
690 3339 784 3392 pro
815 3322 988 3377 salute
1018 3322 1296 3377 hominum
1335 3323 1502 3392 gessit
1532 3332 1586 3378 ct
1625 3335 1839 3394 gestura
1869 3333 1952 3379 est
1975 3333 2131 3380 icter-

542 3416 683 3471 nitas
711 3414 904 3470 divina:
932 3413 1299 3484 providentia).
1346 3414 1637 3469 Credamus
1676 3430 1805 3485 ergo
1837 3416 1887 3471 in
1913 3415 2128 3471 Patrem

541 3519 596 3564 et
627 3507 814 3562 Filium
844 3517 898 3562 et
923 3505 1177 3576 Spiritum
1221 3513 1459 3560 sanctum
1484 3521 1502 3561 ε
1527 3505 1644 3561 haec
1671 3516 1868 3560 arterna
1911 3516 2034 3562 sunt
2077 3518 2130 3563 et

539 3597 1015 3664 incommutabilia,
1049 3596 1104 3652 id
1133 3607 1248 3665 est,
1276 3611 1416 3652 unus
1445 3597 1605 3665 Deus,
1633 3598 1790 3652 unius
1816 3598 2127 3654 substantia:

540 3691 775 3747 Trin—itas
800 3702 998 3746 acterna
1023 3707 1038 3758 ;
1069 3691 1208 3746 Deus
1238 3707 1302 3748 ex
1333 3705 1440 3762 quo
1469 3692 1644 3746 omnia
1664 3732 1680 3758 ,
1706 3707 1802 3762 per
1821 3708 1978 3764 quem
2006 3709 2126 3748 om-

539 3786 650 3850 nia,
683 3785 733 3838 in
764 3800 870 3854 quo
896 3783 1072 3838 omnia
1105 3783 1283 3855 (Rom.
1317 3799 1411 3852 XI,
1440 3783 1560 3856 56).

609 3876 835 3934 CAPUT
872 3875 1012 3932 XIV.
1037 3906 1107 3917 —
1132 3876 1215 3932 16.
1243 3873 1366 3931 Non
1389 3877 1630 3931 audiendi
1649 3877 1736 3942 qui
1759 3887 1858 3932 tres
1885 3894 2126 3948 personas

538 3978 741 4041 negant.
769 3967 878 4024 Nec
903 3982 996 4024 eos
1024 3967 1321 4035 audiamus,
1341 3967 1430 4038 qui
1451 3966 1634 4023 dicunt
1653 3967 1864 4025 Patrem
1893 3977 2128 4023 tantum-

538 4060 699 4116 modo
720 4074 862 4126 esse,
889 4073 990 4114 nec
1017 4059 1213 4114 habere
1231 4056 1424 4113 Filium
1448 4102 1462 4126 ,
1495 4074 1594 4115 nec
1614 4074 1736 4115 esse
1765 4076 1887 4116 cum
1917 4075 1982 4115 eo
2002 4058 2093 4130 Spi
2109 4091 2124 4102 ο

538 4151 698 4206 ritum
728 4157 968 4204 sanctum
993 4165 1008 4216 ;
1037 4147 1130 4204 scd
1161 4147 1334 4217 ipsum
1380 4147 1590 4205 Patrem
1633 4149 1918 4220 aliquando
1943 4150 2126 4222 appel-

538 4241 637 4296 lari
671 4239 899 4307 Filium,
931 4237 1212 4310 aliquando
1260 4239 1515 4309 Spiritum
1559 4250 1821 4296 sanctum.
1868 4241 2126 4297 Nesciunt

539 4333 681 4388 enim
719 4331 1041 4400 Principium
1084 4347 1147 4386 ex
1201 4346 1309 4402 quo
1350 4341 1473 4386 sunt
1511 4333 1686 4388 omnia
1709 4376 1722 4400 ,
1755 4344 1808 4390 et
1837 4334 2122 4406 Imaginem

539 4424 656 4494 ejus
677 4439 772 4493 per
791 4439 948 4494 quam
972 4422 1266 4477 formantur
1285 4423 1460 4478 omnia
1480 4465 1496 4492 ,
1528 4433 1582 4480 et
1619 4423 1963 4482 Sanctitatem
2008 4427 2123 4498 ejus

539 4517 592 4570 in
623 4531 724 4586 qua
751 4515 1066 4569 ordinantur
1084 4515 1282 4570 omnia.

607 4606 834 4665 CAPUT
873 4607 990 4663 XV.
1017 4637 1079 4649 —
1110 4609 1198 4663 17.
1241 4605 1353 4663 Nec
1380 4608 1618 4664 audiendi
1645 4612 1730 4682 qui
1757 4611 1998 4665 inducunt
2025 4621 2122 4667 (res

537 4701 677 4756 deos.
701 4699 809 4755 Nec
836 4714 931 4755 eos
977 4699 1255 4756 audiamus
1275 4741 1290 4766 ,
1320 4700 1410 4772 qui
1456 4701 1794 4772 indignantur
1823 4713 1876 4759 et
1917 4713 2120 4758 stoma-

534 4793 793 4861 chantur,
826 4794 947 4864 quia
994 4809 1098 4848 non
1126 4801 1236 4850 tres
1287 4793 1418 4850 deos
1438 4795 1695 4851 colendos
1732 4796 1980 4852 dicimus.
2011 4796 2119 4853 Ne-

533 4887 704 4943 sciunt
755 4887 898 4942 enim
947 4886 1072 4958 quid
1114 4887 1184 4942 sit
1229 4903 1334 4942 una
1376 4887 1669 4959 eademque
1713 4891 2122 4957 substantia;ct

535 4980 994 5049 phantasmatibus
1040 4979 1154 5034 suis
1207 4979 1517 5044 illuduntur,
1570 4981 1691 5050 quia
1736 4982 1910 5036 solent
1940 4982 2120 5038 videre

532 5071 882 5141 corporaliter
910 5071 993 5126 vel
1037 5069 1283 5125 animalia
1325 5070 1423 5126 tria
1449 5111 1464 5138 ,
1491 5071 1575 5126 vel
1605 5087 1953 5143 quaecumque
1997 5089 2117 5128 cor-

532 5174 660 5228 pora
679 5163 774 5216 tria
794 5163 925 5218 locis
950 5161 1060 5216 suis
1080 5178 1198 5217 esse
1219 5171 1492 5232 separata:
1511 5160 1587 5217 sic
1602 5173 1787 5233 putant
1815 5165 2085 5236 intelligen
2100 5197 2117 5207 -

532 5249 653 5305 dam
682 5252 1030 5306 substantiam
1053 5252 1167 5317 Dei;
1191 5263 1246 5309 et
1269 5253 1495 5308 multum
1517 5263 1730 5320 errant,
1759 5256 2006 5325 quoniam
2025 5272 2117 5310 su-

534 5341 680 5408 perbi
698 5350 839 5402 sunt;
853 5350 907 5395 et
927 5357 1030 5394 non
1055 5352 1276 5411 possunt
1292 5343 1518 5412 discere,
1537 5346 1655 5415 quia
1674 5344 1861 5400 nolunt
1877 5346 2114 5403 credere.

603 5430 830 5486 CAPUT
865 5431 1010 5485 XVI.
1036 5461 1108 5472 —-
1136 5435 1221 5490 18.
1255 5434 1362 5489 Nec
1400 5437 1480 5491 illi
1508 5439 1592 5509 qui
1635 5449 1822 5510 negant
1848 5441 2116 5511 inqualita-

595 5561 612 5593 ⁸
629 5558 677 5610 Εἰς
699 5561 767 5620 ili,
791 5568 836 5612 et
856 5560 986 5636 actio
1143 5564 1236 5616 sint
1264 5565 1367 5636 pei,
1386 5565 1634 5636 tat-beatum
1658 5569 1894 5622 hominem
1915 5573 2113 5636 [iu-iant.

533 5627 715 5688 At_mss.
742 5637 834 5672 non
860 5624 1077 5681 habent,
1095 5624 1219 5675 dona
1234 5625 1326 5688 sint
1355 5624 1458 5688 Dei,
1481 5635 1543 5679 et.

592 5683 809 5758 titul-es
828 5691 972 5742 Μέθη
1011 5694 1104 5734 non
1141 5694 1290 5749 potest
1311 5683 1455 5738 illam
1481 5689 1752 5756 sinccrmn;
1797 5700 2004 5755 antisse,
2032 5712 2115 5758 pu-

529 5754 635 5793 mm
651 5751 715 5794 εδ.

594 5805 614 5835 ³
647 5803 865 5871 Plerique
889 5813 1020 5859 Mss.
1044 5817 1133 5856 non
1156 5809 1293 5863 mori

1509 370 1596 425 DE
1635 365 1863 425 ACONE
1899 359 2323 426 CIIIlISTIANO,
2365 360 2423 415 S.
2465 362 2824 421 AUCUSTINI

3719 373 3814 430 εῡο

2246 486 2345 531 tem
2383 485 2428 530 et
2469 480 2798 533 arternitatem
2835 493 3188 550 personarum.
3218 479 3328 537 Nec
3369 495 3466 540 eos
3509 483 3816 559 audiamus,

2241 571 2331 641 qui
2363 571 2568 624 Patrem
2592 571 2764 625 solum
2795 586 2980 628 verum
3011 572 3179 629 Deum
3209 581 3264 629 et
3297 575 3684 645 sempiternum
3711 594 3818 636 esse

2240 661 2458 728 dicunt;
2487 663 2677 718 Filium
2715 673 2894 720 autem
2942 681 3050 720 non
3080 666 3150 722 de
3173 665 3291 736 ipso
3317 667 3553 738 genitura
3577 710 3593 735 ,
3624 670 3721 726 sed
3757 675 3818 728 ab

2239 755 2358 826 ipso
2385 755 2580 810 factum
2611 757 2678 811 de
2721 757 2886 812 nihilo
2906 799 2920 824 ,
2947 768 3002 814 et
3040 758 3210 815 fuisse
3245 769 3452 830 tempus
3478 762 3699 835 quando
3723 781 3816 821 non

2239 855 2355 902 erat
2373 889 2387 912 ,
2411 848 2504 903 sed
2535 857 2709 903 tamen
2755 851 2983 919 primum
3009 852 3184 907 locum
3213 861 3395 908 tenere
3419 855 3470 908 in
3498 855 3662 925 omni.
3678 872 3816 912 crea-

2241 947 2394 1008 tura;
2424 949 2478 996 et
2519 940 2772 1011 Spiritum
2803 953 3046 998 sanctum
3096 945 3317 1001 minoris
3365 947 3664 1017 majestatis
3709 965 3817 1006 esse

2238 1046 2396 1101 quam
2429 1031 2619 1086 Filium
2645 1077 2658 1099 ,
2683 1045 2736 1089 et
2773 1035 2946 1104 ipsum
2978 1037 3171 1091 factum
3201 1053 3321 1094 esse
3350 1049 3470 1109 post
3508 1039 3742 1108 Filium;
3769 1053 3817 1098 et

2239 1123 2429 1178 horum
2461 1125 2617 1179 trium
2644 1124 2882 1181 diversas
2919 1142 3039 1182 esse
3079 1129 3429 1195 substantias,
3455 1140 3704 1204 tanquam
3729 1151 3815 1190 au-

2236 1231 2352 1270 rum
2381 1225 2435 1272 et
2460 1227 2736 1288 argentum
2766 1229 2820 1274 et
2863 1229 3234 1275 atramentum.
3258 1222 3513 1279 Nesciunt
3532 1227 3676 1280 enim
3702 1228 3814 1297 quid

2237 1306 2539 1378 loquantur,
2569 1309 2714 1364 etde
2762 1309 2844 1364 his
2889 1311 3046 1366 rebus
3073 1327 3206 1382 quas
3250 1329 3346 1383 per
3369 1317 3555 1371 oculos
3601 1333 3818 1374 carneos

2236 1399 2419 1455 videre
2445 1412 2873 1468 consueverunt,
2905 1419 3068 1458 vanas
3108 1405 3366 1477 imagines
3394 1407 3459 1462 ad
3507 1408 3819 1478 disputatio-

2236 1507 2333 1547 nes
2361 1507 2486 1548 suas
2509 1495 2857 1552 transferunt.
2889 1497 3021 1564 Quia
3049 1514 3233 1555 revera
3263 1517 3508 1572 magnum
3539 1512 3626 1558 est
3647 1513 3816 1560 urente

2235 1585 2545 1654 conspicere
2567 1589 2988 1657 generationem,
3020 1606 3138 1660 quas
3165 1606 3270 1647 non
3302 1592 3359 1647 lit
3384 1608 3448 1648 ex
3485 1595 3667 1665 aliquo
3687 1605 3817 1651 tem-

2237 1691 2388 1744 pore,
2415 1677 2509 1732 sed
2554 1687 2755 1735 :clerna
2785 1690 2905 1748 est;
2933 1691 2988 1737 et
3034 1683 3200 1753 ipsam
3229 1684 3556 1742 Charitatem
3599 1698 3656 1742 et
3691 1688 3818 1744 San-

2234 1768 2493 1837 ctitatem,
2520 1785 2623 1840 qua
2644 1771 2942 1829 Generator
2959 1785 3016 1830 et
3033 1775 3328 1833 Generatus
3368 1778 3707 1835 ineffabiliter
3724 1782 3816 1836 sibi

2233 1858 2550 1929 copulantur
2583 1877 2872 1934 :magnum
2911 1876 2962 1920 et
2990 1866 3208 1923 difficile
3233 1879 3315 1924 est
3342 1869 3456 1924 Iuno
3495 1880 3677 1926 mente
3696 1887 3820 1926 con-

2235 1951 2462 2020 spicere,
2493 1952 2704 2008 etiamsi
2753 1966 2935 2023 pacata
2967 1967 3022 2012 et
3065 1959 3347 2028 tranquilla
3389 1961 3478 2014 sit.
3507 1960 3623 2014 Non
3653 1970 3819 2032 potest

2233 2055 2360 2112 ergo
2383 2039 2496 2096 fieri
2520 2053 2578 2097 ut
2627 2044 2703 2098 illi
2749 2045 2864 2100 hare
2895 2047 3142 2112 videant,
3171 2049 3263 2118 qui
3313 2060 3553 2106 terrenas
3601 2067 3818 2121 genera-

2235 2131 2406 2186 tiones
2445 2133 2604 2187 niniis
2651 2134 2953 2201 intuentur,
2979 2148 3035 2192 et
3079 2139 3142 2192 ad
3173 2139 3302 2194 istas
3347 2141 3595 2196 tenebras
3624 2143 3818 2198 addunt

2233 2219 2407 2275 adhuc
2445 2221 2670 2289 fumutn,
2700 2240 2856 2292 quem
2895 2227 2992 2281 sibi
3028 2230 3454 2285 contentionibus
3477 2241 3532 2286 et
3576 2235 3818 2287 certami-

2235 2309 2391 2365 nibus
2419 2313 2742 2381 quotidianis
2759 2317 2993 2372 excitare
3023 2333 3128 2372 non
3156 2330 3401 2386 cessant;
3430 2319 3688 2377 habentes
3712 2323 3820 2376 ani-

2234 2416 2348 2457 mas
2399 2404 2577 2459 carnis
2628 2404 2905 2461 affectibus
2955 2407 3256 2464 diffluentes
3285 2412 3340 2477 ¹,
3382 2419 3636 2484 tanquam
3684 2414 3818 2484 ligna

2235 2491 2460 2550 humore
2488 2495 2758 2565 saginata,
2791 2498 2844 2551 in
2890 2499 3084 2569 quibus
3119 2499 3257 2571 ignis
3290 2499 3491 2556 fumutn
3533 2503 3706 2557 solum
3733 2519 3822 2558 vo-

2233 2585 2371 2639 mit'
2400 2594 2454 2640 ct
2476 2585 2671 2643 habere
2714 2587 2956 2645 flammas
2995 2591 3197 2648 lucidas
3239 2607 3344 2648 non
3386 2603 3578 2663 potest.
3612 2595 3680 2649 Et
3724 2597 3820 2653 hoc

2233 2677 2450 2748 quidem
2479 2678 2546 2734 de
2572 2682 2819 2739 omnibus
2847 2682 3114 2740 ltmretieis
3151 2686 3449 2742 rectissime
3490 2687 3594 2742 dici
3626 2698 3817 2758 potest.

2305 2767 2532 2824 CAPUT
2568 2769 2732 2825 XVII.
2775 2803 2846 2813 --
2875 2774 2960 2830 l9.
3015 2774 3170 2830 Fides
3209 2777 3570 2832 incarnationis
3617 2779 3818 2834 Christi.

2235 2858 2494 2931 Negantes
2516 2860 2768 2916 Christum
2791 2881 2895 2919 esse
2922 2864 3118 2932 Deum,
3162 2884 3262 2921 non
3287 2869 3546 2924 audiendi.
3581 2871 3818 2927 Credon-

2235 2958 2317 3005 tes
2336 2965 2464 3022 ergo
2494 2953 2982 3011 incommutabilem
3001 2957 3336 3026 Trinitatem,
3358 2961 3641 3016 credamus
3664 2965 3818 3018 etiam

2232 3041 2686 3114 dispensationem
2731 3049 3077 3118 temporalem
3119 3066 3217 3120 pro
3258 3052 3428 3107 salute
3469 3055 3684 3122 generis
3725 3054 3820 3110 Int-

2233 3137 2377 3190 tnani
2406 3136 2446 3192 ⁸.
2475 3137 2585 3193 Nec
2630 3153 2724 3194 eos
2766 3141 3082 3208 audiamus,
3132 3143 3224 3213 qui
3271 3143 3458 3199 Filium
3502 3146 3598 3200 Dei
3641 3146 3819 3203 Iesum

2231 3225 2502 3284 Christum
2548 3231 2678 3286 nihil
2718 3248 2840 3288 esse
2884 3235 3027 3288 aliud
3077 3251 3234 3304 quam
3269 3237 3542 3293 hominem
3589 3239 3815 3303 diettnt,

2233 3320 2328 3376 sed
2349 3321 2420 3375 ita
2462 3321 2700 3390 justum,
2725 3333 2783 3377 ut
2820 3325 3010 3395 dignus
3033 3327 3102 3379 sit
3131 3328 3387 3396 appellari
3419 3329 3584 3385 Filius
3617 3331 3730 3386 Dei.
3757 3333 3820 3386 Et

2233 3412 2333 3466 hos
2383 3414 2526 3468 enim
2573 3415 2832 3471 catholica
2871 3418 3146 3488 disciplina
3184 3421 3325 3475 misit
3368 3422 3543 3488 foras;
3570 3427 3818 3493 quoniam

2235 3516 2383 3557 vanae
2403 3505 2588 3574 gloriae
2615 3506 2905 3575 cupiditate
2925 3508 3155 3579 decepti,
3187 3514 3521 3567 contentiose
3547 3515 3821 3584 disputare

2231 3593 2544 3661 voluerunt,
2573 3604 2852 3667 antequam
2883 3599 3240 3670 intelligerent
3266 3602 3390 3670 quid
3431 3604 3500 3657 sit
3525 3605 3619 3659 Dei
3646 3605 3820 3661 Virtus

2231 3695 2288 3742 et
2336 3687 2428 3742 Dei
2465 3685 2734 3758 Sapientia
2762 3689 2821 3760 (I
2854 3689 2971 3745 Cor.
3001 3708 3050 3758 ι,
3077 3692 3215 3763 24),
3245 3695 3375 3749 etin
3408 3697 3662 3768 principio
3697 3697 3818 3752 Ver-

2231 3779 2366 3849 bum,
2390 3798 2486 3852 per
2510 3783 2650 3852 quod
2689 3783 2823 3854 facta
2849 3794 2966 3838 sunt
2995 3787 3165 3840 omnia
3181 3829 3194 3852 ,
3220 3795 3273 3840 et
3296 3789 3566 3856 quomodo
3610 3790 3819 3845 Verbum

2231 3888 2348 3926 caro
2403 3875 2588 3943 factum
2636 3883 2737 3942 est,
2781 3882 2830 3928 et
2869 3874 3106 3930 habitarit
3150 3877 3202 3931 in
3259 3879 3399 3932 nobis
3450 3879 3629 3950 (Joan.
3672 3898 3724 3949 t,
3756 3883 3814 3948 Ι,

2229 3961 2419 4036 3,14).

2300 4055 2523 4112 CAPUT
2551 4057 2736 4113 XVIII.
2766 4058 2944 4116 —20.
2974 4059 3086 4114 Nec
3127 4062 3367 4116 audiendi
3400 4073 3643 4136 negantes
3668 4065 3818 4122 Chri-

2227 4156 2360 4203 stum
2407 4147 2639 4204 [rubuisse
2681 4168 2852 4205 verum
2887 4169 3091 4224 corpus.
3120 4154 3226 4209 Nec
3271 4171 3365 4210 eos
3387 4158 3699 4223 audiamus,
3730 4155 3820 4229 qui

2229 4255 2334 4296 non
2365 4256 2548 4296 verum
2597 4242 2869 4300 hominem
2904 4247 3203 4315 suscepisse
3227 4247 3408 4302 dicunt
3440 4248 3636 4304 Filium
3682 4252 3817 4314 Dei,

2228 4349 2402 4403 neque
2439 4345 2622 4388 natum
2653 4350 2773 4391 esse
2801 4336 2869 4391 de
2899 4337 3126 4403 femina,
3161 4339 3254 4395 sed
3286 4339 3470 4395 falsam
3499 4357 3726 4400 carnem
3765 4353 3822 4399 et

2229 4426 2511 4494 imaginem
2546 4428 2844 4482 simulatam
2866 4429 3110 4499 corporis
3141 4431 3354 4485 humani
3393 4433 3703 4490 ostendisse
3733 4437 3819 4491 vi—

2226 4517 2494 4573 dentibus.
2527 4518 2782 4574 Nesciunt
2807 4521 2950 4576 enim
2990 4523 3258 4592 quomodo
3285 4525 3577 4581 substantia
3609 4527 3704 4583 Dei
3727 4528 3823 4583 ad-

2226 4608 2532 4663 ministrans
2582 4610 2884 4665 universam
2930 4621 3226 4666 creaturam
3279 4614 3539 4684 inquinari
3594 4620 3824 4673 omnino

2227 4713 2331 4752 non
2377 4699 2543 4768 possit
2572 4717 2585 4752 :
2614 4710 2670 4754 et
2699 4710 2874 4755 tamen
2910 4703 3202 4772 pradicant
3247 4704 3404 4759 istum
3430 4706 3699 4761 visibilem
3732 4724 3822 4764 so-

2225 4788 2328 4843 lem
2357 4790 2532 4845 radios
2558 4805 2684 4846 suos
2714 4807 2808 4862 per
2829 4807 3016 4848 omnes
3047 4792 3202 4848 faeces
3228 4805 3280 4849 et
3307 4796 3491 4850 sordes
3520 4811 3818 4867 corporum

2223 4895 2506 4950 Spargere,
2546 4891 2599 4936 et
2622 4897 2717 4938 eos
2744 4883 2969 4939 mundos
2999 4893 3051 4938 et
3086 4885 3324 4940 sinccros
3353 4886 3547 4956 ubique
3570 4903 3815 4945 servare.

2225 4973 2280 5028 Si
2311 4988 2437 5043 ergo
2468 4975 2698 5029 visibilia
2721 4975 2916 5030 munda
2953 4991 2985 5029 a
3014 4975 3314 5034 visibilibus
3350 4979 3642 5035 immundis
3682 4997 3819 5037 eon-

2226 5064 2351 5132 tingi
2379 5072 2633 5132 possunt,
2661 5075 2715 5119 ct
2742 5080 2846 5119 non
2885 5065 3182 5135 inquinari;
3213 5077 3412 5138 quanto
3455 5071 3627 5138 magis
3670 5071 3820 5126 invi-

2223 5155 2394 5210 sibilis
2435 5165 2488 5209 et
2533 5155 2979 5210 incommutabilis
3022 5156 3233 5213 Veritas
3270 5173 3364 5228 per
3405 5159 3649 5230 spiritum
3697 5163 3822 5217 ani-

2223 5262 2385 5311 mam,
2413 5256 2468 5300 et
2490 5263 2584 5316 per
2608 5251 2837 5301 annnam
2879 5263 3073 5318 corpus
3099 5249 3422 5318 suscipiens,
3455 5259 3566 5305 toto
3593 5252 3825 5308 homine

2222 5348 2496 5408 assumpto
2541 5339 2611 5392 ab
2639 5339 2886 5394 omnibus
2929 5355 3048 5394 eum
3093 5340 3485 5396 infirmitatibus
3524 5342 3673 5397 nulla
3731 5345 3826 5400 sui

2221 5430 2668 5485 contaminatione
2709 5431 2993 5486 liberavit?
3031 5431 3211 5501 Itaque
3267 5447 3484 5502 magnas
3535 5436 3834 5504 patiuntur

2219 5520 2508 5591 angustias,
2543 5528 2744 5574 etcum
2777 5521 3002 5587 timent,
3030 5523 3170 5592 quod
3203 5521 3319 5578 ﬁeri
3349 5536 3456 5579 non
3491 5531 3717 5595 potest,
3747 5543 3836 5584 ne

2285 5697 2304 5729 ⁸
2336 5694 2411 5745 sic
2433 5703 2537 5745 mss.
2561 5694 2677 5744 ιεᾱίιί
2705 5709 2852 5756 vero,
2883 5695 3158 5758 deﬂuentes.

2284 5760 2306 5790 ¹
2338 5757 2570 5806 Fuxensis
2592 5758 2742 5806 codex
2761 5793 2774 5814 ,
2799 5757 2966 5807 movet.

2287 5821 2307 5850 ³
2341 5820 2421 5868 ttic
2445 5819 2559 5867 editi
2585 5819 2792 5877 addunt,
2813 5834 2863 5869 es
2887 5834 2914 5869 θ
2933 5827 3095 5869 nulum
3127 5830 3302 5877 reum;
3325 5822 3454 5882 quod
3477 5834 3506 5871 a
3528 5830 3618 5872 51$
3643 5823 3836 5878 abes;
