4072 6536
299 460 400 523 Sili

305 576 537 633 humana
584 586 749 628 carne
783 547 985 627 Veritas
1016 560 1337 639 inQuinetur,
1375 565 1666 622 Veritatem
1714 564 1899 618 dicunt

304 682 430 725 esse
470 666 769 723 mentitam.
809 662 873 717 Et
903 678 1023 717 cum
1068 663 1156 716 ille
1190 659 1533 731 praeceperit,
1561 658 1745 712 dicens
1769 695 1784 720 ,
1817 656 1898 710 Sit

300 762 356 815 in
384 775 473 814 ore
513 768 697 822 vestro,
729 754 851 821 Est,
876 763 982 816 est;
1014 751 1135 806 Non
1154 794 1169 817 ,
1196 768 1297 805 non
1323 751 1339 819 (
1364 749 1548 803 Matth.
1576 764 1607 801 v
1628 788 1644 813 ,
1675 748 1740 802 57
1762 746 1815 817 );
1844 753 1899 800 et

301 849 596 920 Apostolus
634 847 865 909 clamet,
896 843 1015 897 Non
1060 857 1169 897 erat
1207 843 1259 895 in
1298 841 1387 895 illo
1422 839 1513 893 Est
1552 849 1596 891 et
1622 836 1775 901 Non,
1808 836 1897 889 sed

314 936 405 996 Est
430 940 481 991 in
509 938 597 991 illo
627 945 733 989 erat
768 935 828 1007 (li
856 934 971 988 Cor.
1003 949 1059 1001 ι,
1094 931 1217 1004 19);
1251 932 1334 985 isti
1365 938 1530 983 totum
1566 943 1757 997 corpus
1780 926 1896 995 ejus

305 1030 497 1083 falsam
526 1043 739 1082 carnem
768 1028 927 1080 luisse
949 1023 1275 1079 contendunt
1300 1062 1315 1087 ,
1344 1032 1402 1075 ut
1427 1036 1531 1074 non
1561 1019 1660 1074 sibi
1688 1018 1898 1072 videan-

305 1136 396 1178 tur
422 1118 613 1175 imitari
653 1119 949 1181 Christum,
980 1116 1025 1170 si
1055 1126 1161 1169 non
1190 1113 1300 1167 suis
1332 1111 1661 1167 auditoribus
1692 1111 1707 1140 ¹
1756 1124 1897 1163 men-

308 1217 538 1270 tiantur.

378 1302 607 1361 CAPUT
650 1301 791 1357 XIX.
829 1330 902 1341 —
936 1298 1026 1354 21.
1080 1296 1191 1352 Nec
1224 1301 1458 1367 negantes
1506 1294 1761 1349 Christum
1812 1294 1896 1343 ha-

301 1398 479 1452 buisse
521 1405 734 1449 mentem
786 1393 1022 1446 hominis.
1066 1390 1175 1446 Nec
1207 1405 1300 1445 eos
1332 1389 1637 1453 audiamus,
1662 1386 1751 1456 qui
1776 1385 1891 1441 ’1⁸νὶ-

301 1482 531 1543 nitatem
573 1485 785 1555 quidem
851 1483 903 1536 in
960 1496 1063 1536 una
1113 1490 1311 1534 mterna
1367 1476 1661 1533 substantia
1722 1478 1892 1531 contis

302 1578 514 1641 lentor;
543 1578 634 1631 sed
668 1575 937 1628 hominem
967 1574 1170 1640 ipsum,
1200 1571 1286 1641 qui
1316 1569 1592 1638 temporali
1619 1568 1894 1637 dispensa-

303 1669 455 1724 tione
484 1676 760 1735 susceptus
784 1674 897 1730 est,
929 1662 1125 1717 audent
1162 1662 1339 1715 dicere
1367 1672 1472 1714 non
1521 1658 1767 1712 habuisse
1797 1657 1894 1710 ho-

300 1762 470 1814 minis
498 1767 749 1821 mentem,
774 1756 868 1810 sed
912 1755 1079 1810 solam
1105 1742 1335 1807 animam
1364 1762 1415 1806 et
1441 1763 1655 1821 corpus.
1683 1749 1792 1803 Hoc
1816 1756 1897 1802 est

299 1851 509 1912 dicere,
535 1849 648 1902 Non
677 1839 775 1900 fuit
801 1849 958 1901 homo
982 1887 997 1911 ,
1025 1845 1117 1899 sed
1140 1843 1377 1898 membra
1407 1842 1646 1911 corporis
1671 1841 1897 1894 habebat

302 1943 562 1997 humana.
605 1941 852 1995 Animam
891 1938 1032 1992 enim
1082 1944 1135 1993 et
1160 1950 1354 2006 corpus
1378 1935 1575 1990 habent
1601 1942 1655 1989 et
1678 1934 1893 1999 bestia},

300 2036 403 2090 sed
460 2034 720 2087 rationem
764 2045 866 2084 non
914 2029 1143 2093 habent,
1172 2043 1289 2097 qua:
1319 2026 1514 2083 mentis
1549 2034 1632 2081 est
1660 2025 1891 2095 propria.

300 2124 414 2180 Sed
464 2124 509 2177 si
558 2121 872 2177 cxsecrandi
913 2130 1034 2174 sunt
1080 2119 1154 2172 illi
1180 2119 1268 2188 qui
1311 2126 1434 2172 eum
1475 2124 1669 2186 negant
1709 2116 1895 2169 huma-

304 2222 436 2270 num
481 2222 675 2283 corpus
702 2212 971 2279 habuisse,
1004 2210 1144 2281 quod
1170 2220 1250 2265 est
1288 2209 1529 2263 inﬁmum
1551 2211 1603 2262 in
1634 2207 1847 2263 homine
1876 2225 1893 2272 ;

304 2307 475 2360 miror
507 2305 647 2375 quod
677 2305 761 2358 isti
792 2320 896 2356 non
926 2303 1277 2367 erubescunt,
1312 2301 1399 2371 qui
1424 2300 1527 2355 hoc
1553 2315 1677 2356 eum
1705 2308 1898 2369 negant

305 2398 560 2452 habuisse
586 2396 725 2465 quod
752 2403 833 2449 est
861 2396 1119 2464 optimum
1146 2394 1198 2447 in
1238 2393 1473 2447 homine.
1501 2392 1720 2447 Mullum
1752 2392 1895 2446 enim

302 2487 534 2558 lugenda
563 2497 643 2542 est
677 2500 828 2540 mens
859 2486 1108 2549 humana,
1127 2485 1171 2539 si
1200 2484 1427 2539 vincitur
1453 2499 1482 2537 a
1514 2499 1737 2553 corpore
1758 2499 1893 2538 suo:

304 2581 355 2635 si
382 2581 597 2651 quidem
628 2578 679 2633 in
705 2581 797 2634 illo
825 2578 1039 2632 homine
1081 2593 1187 2632 non
1231 2576 1521 2632 reformata
1565 2587 1677 2644 est,
1708 2578 1761 2631 in
1791 2590 1897 2646 quo

305 2671 483 2737 ipsum
526 2682 719 2738 corpus
747 2670 1038 2723 humanum
1074 2667 1184 2738 jam
1234 2669 1543 2739 dignitatem
1573 2667 1757 2723 forma)
1783 2683 1897 2723 coe-

308 2763 465 2816 lcstis
493 2763 711 2831 accepit.
747 2761 852 2816 Sed
880 2761 1020 2816 absit
1046 2770 1104 2816 ut
1130 2764 1230 2816 hoc
1255 2761 1559 2828 credamus,
1592 2761 1731 2831 quod
1763 2776 1896 2815 con-

310 2852 473 2908 linxit
498 2854 772 2908 temeraria
796 2855 1005 2907 cmcitas
1034 2863 1090 2909 et
1114 2854 1343 2922 superba
1381 2853 1693 2923 loquacitas.

383 2946 609 3001 CAPU'I'
646 2945 765 3000 XX.
810 2946 996 2998 ——22.
1050 2945 1161 3000 Nec
1207 2945 1424 2998 dicentes
1463 2946 1607 2998 illum
1643 2946 1897 2999 hominem

307 3053 411 3089 non
444 3036 593 3089 aliter
612 3046 898 3105 susceptum
921 3055 951 3088 a
974 3036 1238 3107 Sapientia
1260 3034 1358 3089 Dei
1376 3052 1435 3088 ac
1454 3045 1659 3089 cazteros
1674 3046 1897 3103 sanctos,

304 3129 396 3199 qui
422 3131 673 3198 sapientes
699 3129 847 3196 fiunt.
877 3127 987 3182 Nec
1026 3143 1119 3182 eos
1144 3128 1453 3193 audiamus,
1485 3129 1575 3197 qui
1614 3129 1691 3183 sic
1716 3128 1902 3182 dicunt

304 3222 375 3273 ab
431 3220 518 3272 illa
546 3229 743 3273 acterna
786 3220 1053 3289 Sapientia
1089 3226 1393 3289 susceptum
1421 3236 1541 3274 esse
1587 3221 1856 3276 hominem
1880 3262 1897 3286 ,

303 3313 398 3381 qui
440 3312 510 3367 de
536 3313 739 3381 virgine
783 3322 937 3366 natus
963 3320 1083 3379 est,
1123 3312 1391 3382 quomodo
1431 3323 1484 3368 et
1530 3313 1617 3368 alii
1658 3314 1902 3370 homines

306 3405 375 3459 ab
415 3420 480 3458 ea
534 3405 803 3473 sapientes
832 3404 996 3469 ﬁunt,
1042 3404 1132 3473 qui
1182 3403 1419 3473 perfecte
1460 3406 1727 3475 sapientes
1755 3414 1897 3460 sum.

305 3497 566 3551 Nesciunt
594 3497 734 3550 enim
766 3496 1038 3565 proprium
1064 3496 1204 3551 illius
1230 3496 1461 3552 hominis
1481 3492 1899 3561 Sacrame'ntun't,

305 3598 361 3641 et
386 3600 575 3657 putant
604 3587 705 3642 hoc
746 3588 918 3641 solum
945 3604 1064 3643 cum
1099 3589 1214 3658 plus
1244 3588 1492 3645 habuisse
1514 3592 1651 3644 inter
1678 3601 1903 3646 caeteros

304 3678 649 3733 beatissimos
672 3719 688 3745 ,
719 3678 858 3745 quod
885 3678 952 3732 de
976 3680 1183 3748 virgine
1227 3689 1383 3735 natus
1409 3689 1509 3734 est.
1547 3681 1699 3747 Quod
1728 3682 1902 3750 ipsum

305 3770 355 3825 si
390 3772 528 3824 bene
548 3768 927 3833 considerent,
961 3770 1203 3825 fortassis
1229 3770 1452 3825 credant
1476 3771 1597 3825 ideo
1624 3771 1772 3825 illum
1802 3771 1905 3827 hoc

308 3871 507 3930 prmter
532 3869 757 3914 carteros
784 3861 1064 3928 meruisse,
1089 3860 1228 3931 quod
1260 3861 1455 3931 aliquid
1484 3862 1758 3932 proprium
1776 3878 1907 3933 prac-

308 3960 391 4006 ler
420 3960 646 4005 cmteros
668 3950 831 4005 habet
857 3951 1015 4005 etiam
1041 3950 1139 4006 ista
1166 3952 1629 4021 susceptio.Aliud
1657 3963 1740 4008 est
1761 3954 1903 4007 enim

307 4042 609 4113 sapientem
655 4050 858 4095 tantum
889 4042 1002 4096 ﬁeri
1032 4059 1125 4111 per
1159 4042 1483 4112 Sapientiam
1516 4044 1647 4109 Dei,
1681 4055 1735 4097 et
1762 4046 1904 4099 aliud

308 4138 482 4204 ipsam
521 4150 807 4205 personam
855 4134 1122 4190 sustinere
1147 4135 1433 4205 Sapientia:
1487 4136 1601 4190 Dei.
1651 4136 1904 4205 Quamvis

307 4230 455 4284 enim
487 4228 672 4283 eadem
700 4236 887 4282 natura
909 4228 977 4282 sit
1003 4234 1241 4298 corporis
1274 4228 1545 4296 Ecclesiae,
1576 4232 1798 4284 multum
1828 4243 1907 4283 ta-

307 4340 436 4378 mcn
462 4322 661 4387 distare
704 4322 843 4376 inter
880 4331 1036 4392 caput
1064 4331 1118 4377 et
1151 4324 1388 4377 membra
1418 4334 1611 4378 caatera
1653 4325 1770 4392 quis
1798 4338 1904 4377 non

307 4415 615 4485 intelligat?
642 4414 698 4469 Si
723 4415 864 4469 enim
896 4414 1149 4469 Ecclesia:
1191 4426 1349 4485 eaput
1372 4426 1453 4471 est
1484 4416 1643 4471 homo
1671 4417 1780 4483 ille,
1804 4430 1899 4471 cu—

303 4509 396 4575 jus
422 4508 762 4577 susceptione
802 4506 1018 4561 Verbum
1038 4525 1158 4562 caro
1184 4510 1373 4580 factum
1400 4518 1493 4574 est,
1521 4518 1568 4562 et
1590 4509 1830 4564 habitavit
1851 4510 1905 4564 in

307 4600 490 4664 nobis;
537 4600 777 4653 membra
810 4609 1001 4653 caetera
1056 4605 1180 4654 sunt
1228 4616 1414 4655 omnes
1460 4602 1665 4665 sancti,
1713 4602 1905 4671 quibus

307 4692 587 4763 perﬁcitur
610 4701 665 4746 et
693 4693 991 4762 completur
1008 4693 1267 4748 Ecclesia.
1291 4694 1569 4759 Quomodo
1585 4709 1712 4763 ergo
1728 4694 1904 4748 anima

308 4795 482 4840 totum
511 4792 706 4855 corpus
732 4795 971 4840 nostrum
1001 4786 1204 4840 animat
1227 4794 1281 4841 et
1308 4785 1566 4849 viviﬁcat,
1604 4786 1699 4841 sed
1729 4786 1781 4840 in
1811 4799 1903 4839 ca-

309 4880 421 4945 pite
448 4887 500 4931 et
525 4876 751 4932 vivendo
781 4876 975 4943 sentit,
1005 4887 1059 4932 et
1084 4877 1349 4933 audiendo
1373 4919 1387 4943 ,
1420 4887 1474 4933 et
1507 4878 1784 4933 odorando
1808 4920 1823 4945 ,
1852 4888 1907 4933 et

306 4968 576 5037 gnstando
601 5009 615 5032 ,
661 4976 713 5021 et
764 4967 1060 5037 tangendo,
1092 4969 1144 5022 in
1181 4969 1390 5025 caeteris
1426 4980 1602 5024 autem
1651 4970 1905 5025 membris

307 5058 581 5129 tangendo
608 5067 847 5122 tantum;
875 5067 927 5113 et
963 5057 1087 5113 ideo
1112 5058 1271 5128 capiti
1298 5067 1487 5114 cuncta
1520 5060 1755 5129 subjecta
1783 5067 1909 5113 sunt

308 5148 378 5202 ad
416 5147 781 5216 operandam,
811 5148 936 5202 illud
967 5157 1146 5203 autem
1176 5163 1334 5217 supra
1360 5149 1678 5204 collocatum
1715 5158 1797 5204 est
1839 5148 1907 5203 ad

307 5240 705 5295 consulendum
732 5257 748 5305 ;
776 5241 894 5309 quia
922 5240 1089 5310 ipsius
1127 5242 1319 5296 animae
1340 5282 1356 5308 ,
1382 5258 1501 5311 qua:
1535 5242 1764 5297 consulit
1788 5256 1907 5296 cor-

311 5336 427 5404 puri
454 5376 467 5398 ,
514 5332 749 5403 quodam
800 5331 961 5387 modo
1012 5347 1292 5402 personam
1338 5333 1567 5389 sustinet
1611 5344 1804 5404 caput;
1836 5334 1907 5389 ibi

319 5426 454 5487 :nim
484 5425 662 5479 omnis
683 5440 875 5479 sensus
903 5434 1125 5495 apparet
1152 5442 1165 5478 :
1193 5426 1271 5480 sic
1297 5427 1547 5481 universo
1573 5428 1771 5496 populo
1795 5441 1909 5480 san-

309 5527 521 5570 ctorum
553 5526 804 5586 tanquam
852 5516 944 5569 uni
974 5515 1187 5585 corpori
1220 5524 1379 5586 caput
1423 5524 1506 5570 est
1532 5516 1788 5571 Mediator
1812 5516 1909 5571 Dei

309 5616 367 5663 et
396 5607 676 5662 hominum
721 5606 884 5661 homo
928 5606 1171 5662 ChriStus
1192 5607 1350 5664 Jesus
1391 5607 1444 5677 (Ι
1471 5605 1605 5662 Tim.
1630 5624 1666 5662 ιι
1691 5650 1706 5675 ,
1735 5608 1811 5680 5).
1845 5609 1912 5663 Et.

377 5782 395 5812 ⁸
432 5776 663 5828 Nonnulli
697 5776 926 5840 codices,
958 5775 1059 5840 suis
1080 5776 1373 5829 amtoribus.
1416 5778 1576 5840 Itale;
1616 5790 1727 5840 nam
1763 5791 1936 5840 repre-

629 5842 740 5891 istic
771 5839 1039 5901 Michael,
1080 5840 1130 5890 in
1152 5840 1492 5904 quibuserant
1529 5839 1610 5893 alii
1629 5839 1804 5904 Eiecti,
1823 5839 1915 5892 alii

1725 427 1926 507 LIBER
1968 429 2165 508 UNUS.

3486 458 3591 517 tibi

2006 572 2285 634 propterea
2312 562 2577 636 Sapientia
2623 570 2749 632 Dei,
2778 581 2832 625 et
2856 561 3083 628 Verbum
3122 573 3173 627 in
3203 574 3461 647 principio
3493 593 3588 647 per

2004 655 2145 725 quod
2172 655 2305 711 facta
2332 666 2454 711 sunt
2480 660 2657 713 omnia
2686 701 2699 723 ,
2729 675 2833 715 non
2877 665 2955 717 sic
2993 668 3281 736 assumpsit
3308 668 3453 722 illum
3482 669 3587 725 ho-

2005 745 2200 800 minem
2228 756 2287 801 ut
2334 758 2558 802 creteros
2584 759 2835 817 sanctos;
2867 752 2960 806 sed
3006 756 3171 809 multo
3192 758 3539 815 excellentius
3562 792 3581 825 ,

2005 839 2275 909 multoque
2302 842 2578 897 sublimius
2609 862 2621 896 :
2650 846 2916 915 quomodo
2943 847 3115 916 ipsum
3142 852 3158 882 ³
3182 852 3353 905 solum
3381 855 3588 909 assumi

2002 930 2269 997 oportuit,
2318 931 2369 984 in
2417 947 2522 1000 quo
2567 934 2837 1003 Sapientia
2864 939 2884 967 ³
2917 936 3218 994 hominibus
3266 954 3582 1012 appareret,

2001 1016 2135 1071 sicut
2150 1033 2267 1073 eam
2281 1020 2793 1078 visibiliterdecehat
2818 1027 3046 1081 ostendi.
3079 1028 3411 1101 Quapropter
3430 1033 3586 1090 aliter

2000 1119 2125 1165 sunt
2152 1112 2418 1181 sapientes
2468 1114 2650 1169 caueri
2687 1117 2931 1172 homines
2976 1120 3297 1190 quicumque
3320 1133 3471 1189 sunt,
3498 1125 3582 1180 vel

2000 1214 2120 1265 esse
2140 1206 2455 1270 potuerunt,
2483 1203 2563 1257 vel
2594 1213 2873 1274 poterunt;
2899 1218 2952 1261 et
2995 1209 3153 1264 aliter
3184 1210 3273 1267 ille
3298 1227 3435 1266 unus
3470 1213 3587 1268 Me-
3621 1200 3658 1227 "

2000 1289 2174 1343 diator
2199 1290 2290 1344 Dei
2314 1299 2369 1345 et
2392 1292 2665 1347 hominum
2696 1294 2855 1349 homo
2882 1297 3124 1354 Christus
3152 1300 3309 1356 Jesus
3330 1344 3344 1368 ,
3374 1303 3463 1372 qui
3489 1303 3589 1358 Sa-

2001 1381 2212 1450 pientia:
2240 1383 2405 1453 ipsius
2427 1426 2441 1451 ,
2469 1400 2565 1454 per
2593 1392 2752 1455 quam
2797 1390 3067 1466 sapientes
3108 1393 3242 1448 ﬁunt
3265 1394 3586 1467 quicumque

2001 1473 2276 1541 homines,
2326 1491 2432 1531 non
2480 1476 2654 1532 solum
2707 1478 3022 1536 benetieinm
3054 1482 3246 1551 habet,
3292 1486 3386 1541 sed
3424 1489 3585 1542 etiam

2002 1578 2279 1633 personam
2303 1568 2457 1637 gerit.
2484 1569 2561 1625 De
2587 1571 2799 1627 caeteris
2823 1573 2966 1628 enim
2993 1574 3319 1644 sapientibus
3347 1587 3400 1631 et
3424 1579 3588 1648 spiri—

2003 1655 2230 1710 tualibus
2274 1658 2467 1713 animis
2511 1670 2658 1717 recte
2699 1662 2804 1719 dici
2851 1672 3058 1734 potest,
3089 1667 3229 1735 quod
3273 1667 3506 1724 habeant
3532 1672 3584 1724 in

2000 1759 2059 1800 se
2086 1745 2316 1801 Verbum
2359 1749 2454 1803 Dei
2503 1766 2598 1819 per
2623 1752 2765 1822 quod
2803 1753 2939 1809 facta
2983 1765 3109 1810 sunt
3148 1759 3325 1812 omnia
3355 1760 3487 1814 :sed
3533 1761 3587 1816 in

2002 1837 2145 1891 nullo
2170 1852 2355 1892 eorum
2388 1852 2534 1896 recte
2558 1842 2662 1896 dici
2704 1852 2911 1912 potest,
2937 1846 3077 1915 quod
3119 1845 3331 1903 Verbum
3352 1867 3472 1906 caro
3499 1857 3588 1923 fa-

1999 1936 2131 1981 ctum
2154 1938 2255 1996 est,
2285 1939 2330 1983 et
2366 1932 2607 1987 habitavit
2646 1934 2699 1989 in
2728 1936 2870 1990 nobis
2892 1955 2910 2001 ;
2931 1939 3073 2008 quod
3102 1940 3152 1994 in
3196 1942 3312 1998 solo
3361 1943 3586 2002 Domino

2001 2030 2186 2077 nostro
2205 2024 2331 2078 Jesu
2356 2025 2568 2080 Christo
2597 2028 2892 2084 rectissime
2918 2030 3129 2086 dicitur.

2071 2115 2300 2171 CAPUT
2339 2117 2484 2171 XXI.
2506 2148 2579 2158 --
2602 2119 2692 2175 25.
2729 2120 2841 2175 Nec
2882 2123 3123 2177 audiendi
3157 2127 3241 2195 qui
3286 2127 3454 2182 solum
3484 2146 3591 2184 cor-

2003 2224 2097 2276 pus
2121 2224 2153 2259 a
2186 2206 2346 2262 Verbo
2373 2219 2662 2278 susceptum
2697 2212 2890 2265 dicunt.
2916 2212 3024 2268 Nec
3049 2230 3142 2269 eos
3166 2217 3465 2283 audiamus,
3498 2221 3587 2289 qui

2001 2298 2174 2351 solum
2219 2311 2414 2368 corpus
2469 2301 2759 2354 humanum
2815 2312 3118 2373 susceptum
3175 2322 3295 2361 esse
3335 2307 3515 2363 dicunt
3558 2326 3589 2364 a

2004 2388 2303 2443 VerboDci
2325 2430 2340 2454 ,
2372 2398 2424 2444 et
2464 2391 2542 2444 sic
2571 2392 2791 2447 audiunt
2829 2396 2969 2463 quod
2998 2395 3196 2452 dictum
3229 2409 3338 2463 ρει,
3368 2401 3434 2452 Et
3471 2400 3590 2454 Ver-

2001 2479 2119 2532 bum
2165 2496 2282 2533 caro
2323 2483 2513 2551 factum
2544 2490 2648 2546 est,
2674 2491 2732 2537 ut
2773 2494 2970 2554 negent
3000 2488 3143 2540 illum
3190 2488 3462 2544 hominem
3506 2492 3590 2545 vel

2001 2573 2231 2626 animam
2256 2574 2338 2627 vel
2359 2573 2562 2644 aliquid
2589 2574 2818 2630 hominis
2840 2577 3110 2645 habuisse,
3137 2580 3237 2634 nisi
3261 2594 3476 2635 carnem
3502 2597 3589 2636 so-

2004 2665 2128 2717 lam.
2159 2665 2352 2720 Errant
2372 2668 2514 2721 enim
2534 2669 2780 2733 multum;
2804 2684 2903 2725 nec
2924 2671 3221 2741 intelligunt
3235 2673 3353 2728 ideo
3370 2690 3587 2730 carnem

2003 2758 2169 2811 solam
2187 2759 2511 2814 nominatam
2537 2776 2657 2816 esse
2682 2761 2737 2817 in
2753 2776 2820 2817 eo
2847 2762 2986 2832 quod
3012 2763 3213 2819 dictum
3241 2774 3340 2831 est,
3375 2765 3591 2822 Verbum

2002 2866 2120 2904 caro
2145 2855 2335 2921 factum
2361 2862 2463 2920 est,
2496 2855 2619 2923 quia
2655 2855 2930 2910 hominum
2962 2858 3164 2925 oculis,
3190 2870 3409 2931 propter
3452 2878 3589 2932 quos

2005 2941 2140 2997 facta
2169 2952 2253 2998 est
2302 2944 2389 2997 illa
2419 2947 2690 3014 susceptio
2715 2986 2732 3013 ,
2766 2961 2893 3000 caro
2941 2949 3051 3003 sola
3097 2951 3268 3019 potuit
3310 2967 3589 3020 apparere.

2005 3031 2135 3087 Nam
2162 3036 2205 3088 si
2238 3035 2523 3089 absurdum
2550 3046 2631 3091 est
2659 3045 2714 3091 et
2738 3038 2890 3099 valde
2920 3038 3193 3109 indignum
3218 3050 3275 3095 ut
3301 3042 3589 3098 humanum

2003 3127 2248 3197 Spiritum
2277 3126 2439 3182 homo
2467 3129 2555 3184 ille
2593 3144 2699 3184 non
2742 3130 3015 3198 habuerit,
3041 3134 3178 3187 sicut
3206 3137 3452 3204 superius
3481 3149 3591 3192 tra-

2006 3219 2301 3285 ctavimus;
2343 3229 2541 3289 quanto
2570 3221 2737 3291 magis
2782 3223 3072 3278 absurdum
3116 3234 3170 3281 et
3216 3225 3487 3297 indignum
3514 3237 3596 3284 est

2007 3320 2064 3364 ut
2090 3326 2189 3366 nec
2216 3310 2482 3380 spiritum,
2513 3328 2610 3366 nec
2636 3315 2867 3367 animam
2904 3314 3182 3379 habuerit,
3210 3327 3264 3371 et
3291 3318 3392 3373 hoc
3420 3320 3592 3374 solum

2009 3401 2249 3456 habuerit
2275 3403 2417 3472 quod
2456 3404 2614 3458 etiam
2646 3404 2698 3458 in
2730 3406 3010 3474 pecoribus
3039 3408 3195 3463 vilius
3234 3419 3392 3464 estet
3416 3422 3591 3466 extre-

2007 3495 2167 3559 mius,
2201 3494 2251 3548 id
2302 3504 2387 3549 est
2430 3495 2662 3565 corpus?
2703 3497 2749 3550 A
2787 3507 2969 3552 nostra
2994 3513 3122 3569 ergo
3154 3499 3260 3556 ﬁde
3301 3502 3459 3557 etiam
3492 3504 3589 3559 ista

2008 3586 2251 3654 impietas
2294 3585 2627 3648 excludatur,
2661 3595 2937 3656 totumque
2968 3588 3241 3645 hominem
3285 3598 3444 3660 atque
3473 3608 3595 3663 per-

2009 3674 2203 3731 fectum
2224 3692 2254 3730 a
2281 3676 2458 3730 Verbo
2488 3678 2581 3731 Dei
2611 3687 2921 3746 susceptum
2943 3696 3063 3735 esse
3090 3682 3392 3737 credamus.

2079 3769 2305 3824 CAPUT
2331 3769 2501 3824 XXII.
2528 3800 2599 3810 —
2623 3770 2714 3824 24.
2749 3770 2858 3825 Nec
2881 3773 2968 3842 qui
2989 3790 3170 3842 corpus
3207 3774 3391 3829 Christi
3412 3788 3596 3848 negant

2009 3860 2281 3930 formatum
2302 3861 2363 3914 de
2391 3861 2607 3930 femina,
2642 3872 2687 3915 et
2709 3863 2881 3918 dicunt
2901 3866 2975 3917 sic
2996 3865 3204 3934 factum,
3231 3878 3284 3919 ut
3323 3868 3452 3922 illud
3492 3887 3592 3940 quo

2011 3952 2237 4023 Spiritus
2262 3955 2501 4023 apparuit
2549 3955 2601 4007 in
2627 3954 2879 4009 columba.
2921 3955 3025 4012 Per
3045 3958 3285 4029 feminam
3308 3974 3442 4014 mors
3461 4004 3476 4028 ,
3507 3980 3597 4032 per

2009 4043 2247 4113 feminam
2270 4044 2390 4097 vita.
2419 4043 2530 4099 Nec
2566 4059 2661 4100 eos
2687 4045 2966 4101 audiamus
2989 4089 3004 4113 ,
3037 4048 3124 4118 qui
3147 4051 3249 4104 tale
3271 4066 3465 4121 corpus
3493 4054 3597 4108 Do-

2009 4134 2209 4187 minum
2257 4142 2495 4187 nostrum
2541 4134 2789 4190 habuisse
2827 4135 3047 4202 dicunt,
3078 4140 3233 4208 quale
3270 4142 3514 4209 apparuit
3542 4143 3594 4198 in

2008 4225 2253 4280 columba
2279 4240 2437 4294 quam
2463 4225 2594 4279 vidit
2627 4225 2861 4285 Joannes
2908 4228 3141 4298 Baptista
3183 4230 3597 4288 descendentem

2009 4317 2077 4373 de
2118 4319 2255 4375 casio
2285 4328 2339 4373 et
2369 4328 2672 4374 manentem
2723 4336 2884 4391 super
2923 4337 3045 4377 eum
3074 4324 3125 4377 in
3169 4324 3320 4394 signo
3365 4325 3597 4395 Spiritus

2010 4413 2202 4466 sancti.
2226 4411 2300 4465 ita
2327 4411 2469 4466 enim
2511 4413 2835 4482 persuadere
2868 4425 3130 4469 conantur
3156 4416 3348 4471 Filium
3382 4419 3472 4473 Dei
3500 4434 3599 4473 na-

2010 4512 2122 4559 tum
2145 4519 2251 4559 non
2304 4519 2423 4560 esse
2455 4504 2522 4560 de
2550 4505 2747 4559 femina
2783 4524 2797 4560 :
2840 4508 2963 4577 quia
3002 4512 3046 4562 si
3085 4510 3388 4565 carnalibus
3422 4513 3592 4568 oculis

2009 4612 2133 4653 eum
2179 4598 2459 4667 oportebat
2496 4598 2737 4662 ostendi,
2771 4599 2977 4667 potuit,
3016 4600 3296 4670 inquiunt,
3325 4602 3405 4657 sic
3447 4618 3599 4658 assu-

2009 4703 2158 4744 mere
2182 4704 2400 4758 corpus,
2427 4688 2695 4758 quomodo
2719 4688 2947 4758 Spiritus
2971 4700 3206 4746 sanctus.
3236 4691 3351 4747 Non
3375 4694 3514 4748 enim
3542 4704 3595 4750 et

2010 4781 2253 4837 columba
2303 4783 2391 4836 illa
2440 4781 2509 4837 de
2534 4797 2635 4836 ovo
2663 4794 2784 4837 nata
2816 4793 2928 4849 est,
2976 4784 3164 4850 aiunt;
3194 4795 3249 4840 et
3289 4794 3465 4841 tamen
3499 4789 3600 4841 hu-

2010 4876 2183 4930 manis
2206 4875 2376 4930 oculis
2403 4874 2571 4944 potuit
2590 4889 2869 4943 apparere.
2893 4875 3095 4942 Quibus
3122 4876 3348 4945 primum
3372 4876 3498 4930 illud
3517 4892 3598 4931 re-

2011 4967 2380 5038 spondendum
2402 4976 2485 5021 est
2501 5007 2516 5030 ,
2548 4966 2689 5037 quod
2712 4966 2785 5021 ibi
2811 4968 3035 5038 legimus
3061 4968 3113 5022 in
3133 4966 3313 5037 Specie
3339 4969 3599 5025 columba:

2014 5061 2320 5130 apparuisse
2344 5058 2535 5115 Joanni
2560 5059 2815 5129 Spiritum
2855 5068 3094 5115 sanctum
3126 5058 3336 5131 (Matth.
3360 5076 3446 5124 tn,
3477 5062 3590 5131 16),

2014 5154 2100 5209 ubi
2128 5153 2351 5224 legimus
2393 5153 2553 5206 etiam
2599 5151 2865 5206 Christum
2918 5160 3100 5205 natum
3128 5167 3247 5207 esse
3284 5152 3351 5208 de
3400 5153 3595 5209 femina

2020 5244 2041 5317 (
2056 5244 2139 5297 Id.
2172 5260 2225 5311 ι,
2251 5243 2356 5310 20,
2382 5240 2520 5314 25);
2570 5251 2624 5297 et
2670 5256 2772 5295 non
2827 5250 3038 5311 oportet
3076 5242 3128 5297 in
3183 5254 3333 5314 parte
3376 5246 3599 5301 credere

2015 5336 2322 5407 Evangelio,
2351 5343 2407 5390 et
2431 5335 2485 5389 in
2512 5343 2664 5405 parte
2689 5348 2796 5388 non
2816 5334 3055 5391 credere.
3079 5334 3234 5394 Unde
3256 5338 3397 5393 enim
3424 5340 3547 5395 cred
3568 5352 3597 5393 s

2015 5427 2067 5483 in
2094 5428 2353 5483 columba:
2373 5426 2552 5495 specie
2579 5424 3003 5480 demonstratum
3023 5441 3143 5484 esse
3169 5425 3429 5499 Spiritum
3469 5444 3600 5486 san-

2016 5528 2182 5585 ctum,
2206 5517 2308 5572 nisi
2334 5518 2455 5587 quia
2482 5516 2536 5571 in
2564 5515 2851 5586 Evangelio
2878 5516 3094 5588 legisti?
3116 5518 3257 5591 Ergo
3273 5530 3327 5576 et
3346 5537 3446 5591 ego
3474 5520 3599 5577 inde

2016 5612 2177 5667 credo
2204 5611 2474 5667 Christum
2501 5619 2680 5665 natum
2710 5609 2778 5665 de
2806 5610 3010 5681 virgine
3035 5626 3175 5678 esse,
3196 5614 3316 5683 quia
3347 5616 3399 5668 in
3430 5615 3603 5669 Evan-

2017 5705 2158 5777 gelio
2183 5703 2304 5773 legi.
2334 5702 2510 5770 Quare
2534 5713 2709 5758 autem
2746 5698 2973 5772 Spiritus
3002 5713 3219 5759 sanctus
3261 5720 3368 5759 non
3394 5715 3475 5759 est
3501 5721 3599 5760 na-

2085 5840 2103 5871 ι
2137 5840 2209 5887 Sic
2232 5845 2337 5888 MSS.
2372 5837 2489 5901 mliti
2508 5849 2656 5901 vero,
2680 5836 2904 5901 quoniam
2924 5835 3101 5901 ipsum.

2087 5903 2106 5933 ³
2140 5902 2274 5961 Editi,
2299 5900 2536 5965 sapientia
2563 5899 2651 5950 Dei
2672 5899 2843 5950 Patris.
2871 5899 3046 5961 Abest,
3067 5899 3155 5951 Dei
3178 5900 3354 5961 Patris,
3385 5912 3412 5949 ε
3437 5908 3543 5953 ω.
