4024 6516
549 370 653 431 303

548 500 635 546 tus
659 491 725 547 de
746 488 1015 557 columba,
1047 484 1494 559 quemadmodum
1520 484 1764 539 Christus
1789 484 1855 539 de
1896 483 2089 538 femina
2118 524 2132 548 ,

549 583 634 636 illa
672 597 830 637 causa
869 589 981 647 est,
1021 580 1143 649 quia
1196 594 1300 633 non
1332 576 1609 632 columbos
1654 576 1880 630 liberare
1920 582 2139 627 venerat

549 674 778 743 Spiritus
803 683 1021 727 sanctus
1040 713 1055 740 ,
1080 672 1175 726 sed
1203 669 1507 725 hominibus
1548 667 1850 736 significare
1878 667 2135 719 innocen-

550 772 673 821 tiam
706 779 761 822 et
785 781 1023 821 amorem
1053 764 1408 837 spiritualem,
1428 763 1568 833 quod
1595 762 1647 816 in
1678 760 1938 815 columba:
1960 761 2137 830 specie

546 859 823 913 visibiliter
857 858 1138 929 figuratum
1168 866 1272 911 est.
1300 857 1554 909 Dominus
1594 862 1769 908 autem
1796 852 1951 907 Jesus
1976 852 2135 906 Chri-

545 960 680 1015 stus,
713 952 803 1021 qui
835 959 1054 1005 venerat
1091 948 1158 1005 ad
1204 949 1446 1003 homines
1491 946 1828 1012 liberandos,
1861 946 1914 999 in
1946 946 2137 1015 quibus

546 1051 599 1096 et
622 1057 799 1095 mares
824 1049 879 1097 et
918 1041 1127 1096 feminae
1154 1041 1423 1110 pertinent
1462 1038 1529 1093 ad
1558 1038 1804 1101 salutem,
1837 1052 1935 1091 nec
1961 1052 2136 1091 mares

546 1134 835 1198 fastidivit,
863 1134 986 1204 quia
1030 1148 1231 1187 marem
1276 1131 1545 1200 suscepit;
1579 1144 1680 1184 nec
1706 1128 1930 1184 feminas
1954 1170 1969 1195 ,
2011 1129 2134 1197 quia

545 1226 614 1282 de
641 1226 835 1281 femina
865 1234 1018 1282 natus
1038 1234 1139 1280 est.
1172 1224 1284 1279 lluc
1311 1222 1515 1278 accedit
1542 1237 1793 1293 magnum
1832 1235 2136 1276 sacramen-

547 1324 681 1385 tum,
707 1327 762 1372 ut
780 1318 1029 1389 quoniam
1061 1331 1158 1387 per
1183 1315 1431 1370 feminam
1457 1312 1612 1368 nobis
1650 1326 1795 1367 mors
1826 1312 2091 1367 aecidmt
2116 1354 2130 1378 ,

546 1409 652 1464 vita
681 1409 834 1465 nobis
863 1425 956 1479 per
982 1407 1232 1464 feminam
1256 1415 1564 1463 nasceretur
1589 1424 1603 1460 :
1624 1415 1681 1461 ut
1699 1406 1767 1462 de
1792 1414 2015 1477 utraque
2042 1423 2133 1461 na-

540 1507 685 1567 tura,
716 1498 767 1553 id
792 1509 872 1554 est
889 1496 1143 1554 feminina
1163 1506 1217 1553 et
1243 1496 1554 1563 masculina,
1574 1496 1744 1552 victus
1759 1496 2003 1551 diabolus
2014 1513 2133 1551 cru-

541 1590 792 1657 ciaretur,
824 1590 1074 1661 quoniam
1103 1589 1171 1645 de
1209 1589 1485 1647 ambarum
1526 1588 1874 1643 subversione
1919 1589 2134 1643 laetaba-

544 1688 648 1747 tur;
677 1680 764 1736 cui
789 1695 975 1749 parum
1016 1679 1189 1735 fuerat
1229 1680 1297 1734 ad
1340 1694 1553 1750 ptenam
1577 1679 1621 1733 si
1642 1678 1815 1734 amba:
1846 1688 2051 1735 natura:
2077 1680 2131 1734 in

543 1774 696 1829 nobis
721 1773 1093 1839 liberarentur,
1113 1772 1216 1827 nisi
1241 1771 1401 1827 etiam
1432 1787 1527 1842 per
1551 1770 1735 1825 ambas
1756 1771 2127 1826 liberaremur.

538 1864 727 1935 Neque
749 1867 849 1920 hoc
874 1864 945 1918 ita
976 1862 1223 1929 dicimus,
1253 1870 1313 1917 ut
1342 1862 1623 1917 Dominum
1652 1860 1831 1917 Jesum
1860 1860 2129 1916 Christum

540 1955 783 2010 dicamus
810 1955 981 2009 solum
1003 1969 1188 2011 verum
1212 1969 1406 2024 corpus
1437 1952 1705 2018 habuisse,
1735 1952 1988 2022 Spiritum
2011 1969 2131 2007 san-

537 2057 687 2103 ctum
728 2056 905 2103 autem
945 2046 1206 2103 fallaciter
1248 2046 1557 2117 apparuisse
1603 2047 1771 2101 oculis
1812 2048 2125 2101 hominum:

540 2140 635 2195 sed
657 2142 816 2194 ambo
842 2139 930 2194 illa
960 2153 1204 2209 corpora,
1233 2154 1357 2193 vera
1387 2153 1612 2209 corpora
1655 2139 1944 2194 credimus.
1975 2140 2126 2195 Sicut

534 2231 685 2285 enim
713 2246 819 2286 non
841 2230 1122 2300 oportebat
1166 2238 1223 2284 ut
1259 2229 1504 2284 homines
1543 2229 1743 2285 falleret
1791 2230 1953 2284 Filius
1992 2231 2125 2296 Dei,

534 2322 616 2376 sic
668 2337 774 2377 non
826 2321 1049 2376 decebat
1088 2329 1150 2374 ut
1196 2319 1441 2374 homines
1488 2319 1694 2374 falleret
1740 2320 1968 2389 Spiritus
2008 2335 2131 2375 san-

532 2423 655 2468 ctus
683 2432 697 2467 :
720 2412 815 2468 sed
840 2412 1192 2481 omnipotenti
1223 2412 1353 2479 Deo,
1377 2412 1464 2481 qui
1494 2412 1794 2466 universam
1826 2421 2125 2467 creaturam

533 2504 605 2561 de
633 2503 800 2559 nihilo
820 2503 1105 2560 fabricavit
1127 2544 1145 2571 ,
1177 2518 1284 2558 non
1313 2510 1430 2559 erat
1476 2503 1695 2558 difficile
1722 2519 1906 2558 verum
1935 2520 2127 2573 corpus

532 2596 798 2652 columbae
840 2595 958 2651 sine
984 2595 1213 2650 aliorum
1239 2595 1608 2650 columborum
1655 2596 1956 2651 ministerio
1995 2595 2130 2667 figu-

530 2703 655 2744 rare
675 2730 689 2753 ,
719 2688 856 2743 sicut
884 2687 932 2741 ei
959 2699 1063 2742 non
1090 2686 1189 2741 fuit
1214 2687 1431 2742 difficile
1453 2704 1634 2742 verum
1660 2704 1855 2758 corpus
1882 2689 1935 2742 in
1972 2698 2127 2744 utero

531 2779 712 2834 Mariae
741 2779 856 2834 sine
886 2778 1023 2833 virili
1048 2778 1255 2833 semine
1302 2778 1601 2845 fabricare;
1627 2795 1749 2835 cum
1795 2789 1981 2833 natura
2009 2795 2129 2834 cor-

532 2886 694 2941 porea
722 2872 735 2902 ¹
767 2879 820 2925 et
842 2871 893 2924 in
920 2869 1217 2923 visceribus
1241 2868 1453 2924 femina:
1473 2870 1541 2924 ad
1577 2870 1917 2927 formandum
1958 2870 2127 2925 homi-

534 2977 696 3027 nem,
741 2970 795 3016 et
834 2962 887 3015 in
932 2960 1049 3029 ipso
1094 2959 1296 3014 mundo
1338 2960 1406 3014 ad
1442 2960 1773 3015 formandam
1823 2961 2123 3017 columbam

532 3052 759 3121 imperio
790 3051 1002 3106 Domini
1033 3049 1398 3121 voluntatique
1430 3052 1673 3106 serviret.
1702 3052 1805 3107 Sed
1854 3053 1999 3107 stulti
2031 3054 2125 3109 lio-

531 3145 730 3206 mines,
753 3153 806 3199 et
836 3144 1053 3213 miseri,
1087 3143 1228 3216 quod
1256 3154 1347 3197 aut
1391 3144 1489 3213 ipsi
1522 3144 1697 3199 facere
1730 3161 1835 3199 non
1866 3156 2119 3216 possunt,

530 3242 624 3289 aut
673 3234 725 3288 in
759 3235 863 3289 vita
893 3251 988 3290 sua
1037 3250 1308 3305 nunquam
1349 3236 1619 3301 viderunt,
1647 3237 1806 3291 etiam
1848 3236 1917 3292 ab
1946 3245 2121 3294 omni-

529 3338 750 3399 potente
781 3329 889 3384 Deo
917 3329 1028 3384 fieri
1059 3331 1293 3400 potuisse
1314 3344 1419 3383 non
1448 3329 1695 3384 credunt.

600 3420 825 3477 CAPUT
864 3420 1052 3477 XXIII.
1079 3452 1152 3462 —
1182 3422 1271 3477 25.
1316 3421 1438 3476 Non
1475 3423 1751 3490 audiendi,
1798 3426 1883 3495 qui
1925 3426 2119 3483 Filium

527 3510 628 3567 Dei
653 3523 933 3567 creaturam
966 3512 1143 3567 dicunt
1162 3554 1177 3579 ,
1205 3514 1324 3584 quia
1350 3529 1528 3583 passus
1547 3522 1638 3567 est.
1672 3513 1863 3568 Filium
1892 3516 1989 3571 Dei
2013 3520 2120 3573 sine

527 3605 805 3661 divinitatis
826 3608 1104 3661 mutatione
1125 3622 1329 3678 passum
1350 3622 1474 3662 esse.
1501 3605 1609 3661 Nec
1624 3621 1717 3662 eos
1730 3608 2004 3665 audiamus
2025 3614 2113 3682 qui

530 3711 809 3771 proliterea
839 3700 1023 3755 volunt
1050 3714 1242 3771 cogere
1272 3709 1328 3754 ut
1349 3700 1487 3754 inter
1510 3708 1783 3756 creaturas
1804 3701 1993 3756 Filium
2018 3703 2113 3759 Dei

525 3807 890 3859 numeremus,
924 3792 1044 3863 quia
1070 3806 1257 3862 passus
1282 3801 1385 3846 est.
1419 3791 1609 3845 Dicunt
1636 3792 1777 3846 enim
1803 3809 1818 3845 :
1845 3791 1901 3849 Si
1924 3809 2113 3863 passus

524 3894 609 3940 est
630 3925 645 3949 ,
671 3884 941 3939 mutabilis
966 3893 1091 3950 est;
1121 3890 1177 3938 et
1199 3882 1244 3937 si
1271 3883 1540 3939 mutabilis
1563 3892 1647 3939 est
1668 3925 1681 3948 ,
1720 3895 1964 3939 creatura
1992 3895 2113 3953 est,

523 3977 649 4046 quia
688 3976 778 4030 Dei
808 3974 1103 4030 substantia
1133 3989 1239 4028 non
1271 3982 1447 4044 potest
1477 3974 1765 4028 immutari.
1813 3975 1945 4030 Cum
1990 3976 2112 4047 qui-

528 4069 631 4124 bus
655 4068 813 4123 etiam
835 4081 932 4121 nos
958 4066 1187 4121 dicimus
1215 4073 1271 4121 et
1298 4066 1389 4121 Dei
1410 4066 1762 4121 substantiam
1794 4069 2109 4123 commutari

523 4175 631 4213 non
660 4170 851 4229 posse,
890 4168 939 4213 et
971 4168 1267 4212 creaturam
1310 4173 1429 4212 esse
1464 4159 1793 4214 mutabilem.
1832 4159 1939 4215 Sed
1965 4160 2109 4216 aliud

521 4259 605 4305 est
633 4265 753 4306 esse
775 4257 1097 4313 creaturam,
1130 4261 1182 4304 et
1205 4248 1347 4303 aliud
1378 4250 1648 4318 suscipere
1671 4262 1991 4307 creaturam.
2020 4253 2109 4308 Fi-

524 4341 626 4396 lius
653 4356 782 4411 ergo
808 4340 1113 4411 unigenitus
1144 4340 1236 4395 Dei
1260 4382 1276 4407 ,
1299 4340 1387 4411 qui
1417 4351 1500 4396 est
1542 4342 1720 4398 Virtus
1756 4351 1812 4397 et
1836 4344 2105 4415 Sapientia

523 4434 639 4502 Dei,
673 4442 728 4489 et
757 4433 989 4488 Verbum
1023 4448 1116 4503 per
1142 4431 1286 4503 quod
1317 4432 1451 4488 facta
1473 4443 1599 4488 sunt
1619 4434 1819 4502 omnia,
1856 4437 1976 4506 quia
2004 4437 2105 4491 im-

522 4527 715 4582 mutari
746 4542 852 4581 non
895 4534 1071 4595 potest
1099 4525 1336 4592 omnino,
1369 4526 1601 4594 suscepit
1640 4526 1923 4582 humanam
1950 4544 2104 4584 crea-

518 4628 712 4684 turam,
741 4634 898 4691 quam
923 4618 1123 4689 lapsam
1147 4617 1372 4687 erigere.
1395 4628 1555 4688 atque
1576 4617 1919 4673 inveteratam
1941 4636 2101 4676 reno-

515 4728 643 4768 vare
676 4712 925 4783 dignatus
952 4718 1053 4764 est.
1084 4709 1193 4765 Nec
1233 4710 1286 4764 in
1317 4724 1381 4765 ea
1417 4724 1515 4779 per
1554 4709 1857 4779 passionem
1891 4711 2006 4780 ipse
2047 4712 2100 4766 in

515 4806 750 4861 deterius
775 4811 1131 4860 commutatus
1168 4810 1283 4863 est.
1314 4801 1409 4856 sed
1436 4817 1554 4856 eam
1582 4802 1757 4871 potius
1792 4817 1887 4871 per
1923 4818 2103 4859 resur-

514 4898 806 4954 rectionem
839 4896 890 4951 in
922 4895 1113 4951 melius
1136 4895 1505 4951 commutavit.
1526 4891 1635 4948 Nec
1656 4901 1939 4963 propterea
1963 4894 2100 4950 Ver-

514 4992 640 5048 bum
668 4993 863 5059 Patris,
894 4989 947 5045 id
976 4999 1059 5046 cst
1091 4990 1307 5046 unicum
1340 4988 1433 5043 Dei
1464 4986 1676 5053 Filium,
1708 5004 1803 5058 per
1830 5004 1988 5058 quem
2020 4989 2098 5042 fa-

512 5093 596 5138 cta
624 5093 746 5139 sunt
767 5085 968 5149 omnia,
995 5083 1299 5153 negandum
1326 5089 1410 5137 est
1441 5089 1623 5135 natum
1655 5089 1708 5135 et
1735 5096 1948 5151 passum
1976 5097 2098 5138 esse

513 5190 613 5246 pro
642 5177 817 5232 nobis.
841 5177 909 5232 Et
932 5184 1196 5249 martyres
1221 5174 1363 5229 enim
1390 5186 1580 5243 passos
1608 5171 1834 5227 dicimus
1868 5182 1921 5228 et
1952 5189 2096 5229 mor-

514 5280 632 5326 tuos
666 5282 885 5341 propter
913 5287 1072 5342 regna
1111 5272 1401 5336 emlorum;
1440 5284 1541 5325 nec
1579 5278 1755 5325 tamen
1788 5270 1841 5324 in
1876 5286 1939 5326 ea
1967 5286 2094 5342 pas-

511 5362 663 5417 sione
689 5371 743 5416 et
768 5372 940 5418 morte
966 5364 1154 5417 anima:
1184 5378 1368 5419 eorum
1396 5362 1586 5417 occisae
1616 5372 1759 5417 sunt.
1790 5363 1927 5418 Dicit
1952 5364 2093 5418 enim

513 5454 773 5510 Dominus
795 5471 810 5508 :
838 5453 1011 5508 Nolite
1030 5456 1201 5509 timere
1220 5471 1302 5508 eos
1320 5455 1409 5525 qui
1428 5470 1615 5524 corpus
1636 5455 1889 5521 occidunt,
1909 5456 2095 5508 anima:

510 5556 678 5601 autem
705 5543 837 5600 nihil
854 5553 1061 5616 possunt
1081 5545 1247 5613 facere
1297 5544 1517 5615 (Matth.
1539 5561 1594 5613 ι,
1615 5545 1688 5601 28
1703 5546 1742 5617 ).
1768 5545 1918 5602 Sicut
1965 5560 2094 5616 ergo

510 5648 773 5709 martyres
789 5650 975 5707 passos
988 5638 1043 5690 ct
1059 5642 1299 5689 mortuos
1316 5634 1543 5690 dicimus
1560 5638 1614 5690 in
1644 5638 1954 5707 corporibus
1973 5653 2092 5706 quae

508 5732 827 5804 portabant,
860 5728 977 5785 sine
1014 5729 1315 5783 animarum
1364 5725 1734 5786 interiectione
1761 5730 1848 5787 vel
1882 5737 2086 5796 morte;

570 5847 585 5880 ⁸
620 5855 754 5900 Pan.
783 5854 835 5897 et
858 5853 988 5907 Mss,
1012 5847 1237 5894 creatura
1261 5848 1508 5898 corporea.

1518 362 1605 417 DE
1644 361 1875 419 AGONE
1907 359 2339 428 CIIRISTIANO,
2383 362 2439 415 S.
2484 362 2853 419 AUGUSTINI

3739 376 3827 433 30S

2252 483 2327 537 sic
2356 482 2547 537 Filium
2578 485 2669 538 Dei
2694 500 2907 555 passum
2932 495 2985 539 et
3004 494 3271 541 mortuum
3300 485 3598 544 dicimusin
3625 490 3827 548 homine

2250 591 2406 644 quem
2453 576 2714 642 portabat,
2749 578 2864 628 sine
2894 576 3185 631 divinitatis
3211 578 3383 645 aliqua
3418 585 3824 641 commutatione

2249 670 2336 725 vel
2364 680 2559 724 morte.

2321 761 2544 816 CAPUT
2577 760 2765 815 XXIV.
2787 790 2855 801 —
2874 761 2965 815 26.
2997 760 3119 815 Non
3139 764 3396 828 audiendi,
3421 766 3506 833 qui
3531 778 3719 837 negant
3739 770 3825 825 tale

2252 869 2433 923 corpus
2460 851 2667 905 Domini
2689 855 3041 917 resurrea‘isse,
3067 854 3216 923 quale
3238 858 3400 925 fuerat
3426 860 3700 925 sepultum.
3726 860 3821 916 Nec

2249 958 2342 997 eos
2371 932 2671 1005 audiamus,
2704 945 2791 1011 qui
2823 954 3016 1014 negant
3053 945 3158 999 tale
3185 961 3380 1015 corpus
3412 948 3622 1003 Domini
3655 968 3822 1006 resur-

2244 1035 2447 1089 rexisse
2469 1076 2484 1100 ,
2517 1034 2675 1104 quale
2709 1035 2937 1104 positum
2980 1042 3062 1089 est
3093 1037 3143 1089 in
3181 1048 3547 1093 monumento.
3591 1042 3645 1095 Si
3685 1045 3816 1099 enim

2244 1127 2349 1181 tale
2375 1142 2479 1181 non
2510 1125 2730 1193 fuisset,
2766 1143 2870 1180 non
2911 1126 3026 1196 ipse
3066 1127 3287 1184 dixisset
3318 1140 3435 1198 post
3474 1135 3818 1189 resurrectio-

2240 1234 2364 1272 nem
2396 1218 2669 1288 discipulis
2695 1236 2709 1272 :
2741 1217 2966 1290 Palpate
2986 1260 3002 1287 ,
3047 1228 3094 1273 et
3138 1218 3325 1285 videte,
3356 1224 3597 1292 quoniam
3624 1226 3823 1293 spiritus

2242 1327 2368 1363 ossa
2385 1320 2429 1365 et
2451 1327 2652 1365 carnem
2670 1312 2685 1342 ¹
2712 1328 2812 1365 ηοη
2832 1314 2994 1379 habet,
3019 1314 3150 1368 sicut
3168 1330 3245 1367 me
3272 1314 3443 1368 videtis
3469 1315 3653 1370 habere
3675 1318 3815 1389 (an.

2243 1418 2406 1469 xxiv,
2455 1404 2578 1475 59).
2616 1404 2942 1475 Sacrilegum
2973 1414 3055 1461 est
3100 1408 3245 1461 enim
3288 1407 3508 1463 credere
3549 1410 3823 1465 Dominum

2240 1508 2503 1563 nostrum,
2544 1513 2667 1551 cum
2703 1500 2814 1569 ipse
2843 1499 2912 1552 sit
2940 1499 3173 1566 Veritas,
3207 1501 3258 1554 in
3286 1502 3462 1571 aliquo
3490 1502 3654 1557 fuisse
3682 1521 3821 1558 men-

2238 1588 2417 1641 titttm.
2451 1588 2561 1643 Nec
2584 1603 2684 1642 nos
2712 1598 2922 1643 moveat
2946 1590 3087 1658 quod
3109 1590 3304 1646 clausis
3332 1592 3481 1646 ostiis
3509 1594 3688 1648 subito
3713 1613 3823 1650 eum

2238 1679 2551 1747 apparuisse
2578 1678 2856 1748 discipulis
2888 1681 3144 1749 scriptum
3168 1691 3249 1736 est
3281 1681 3469 1753 (Joan.
3500 1700 3592 1748 xx,
3624 1685 3747 1755 26),
3775 1698 3825 1741 ut

2236 1777 2520 1836 propterea
2564 1783 2820 1838 negemus
2862 1768 2991 1823 illud
3042 1770 3207 1825 fuisse
3250 1786 3444 1840 corpus
3498 1774 3822 1844 humanum,

2237 1859 2359 1927 quia
2385 1867 2567 1913 contra
2596 1870 2840 1914 naturam
2872 1859 3031 1929 hujus
3058 1862 3300 1929 corporis
3320 1862 3564 1918 videmus
3584 1881 3706 1919 esse
3734 1882 3821 1933 per

2236 1950 2414 2004 clausa
2445 1951 2581 2005 ostia
2616 1951 2835 2006 intrare.
2864 1950 3054 2006 Omnia
3093 1952 3234 2005 enim
3267 1954 3539 2021 possibilia
3566 1965 3692 2009 sunt
3722 1957 3825 2011 Deo

2238 2040 2468 2112 (Matth.
2493 2058 2567 2109 Ix,
2590 2043 2660 2098 26
2677 2041 2719 2117 ).
2743 2043 2875 2098 Nam
2900 2053 2955 2098 et
2976 2045 3250 2099 ambulare
3270 2061 3430 2115 super
3449 2063 3616 2117 aquas
3646 2061 3822 2104 contra

2237 2144 2480 2190 naturam
2513 2136 2670 2206 hujus
2710 2138 2951 2206 corporis
2980 2153 3100 2193 esse
3130 2138 3474 2193 manifestum
3502 2151 3587 2194 est
3613 2159 3627 2207 ;
3661 2153 3714 2195 et
3745 2152 3823 2194 ta-

2236 2242 2357 2282 men
2386 2244 2490 2282 non
2527 2230 2700 2282 solum
2734 2229 2846 2299 ipse
2876 2229 3131 2285 Dominus
3159 2240 3281 2284 ante
3306 2233 3613 2303 passionem
3644 2234 3823 2287 ambu-

2237 2318 2381 2381 lavit,
2434 2318 2530 2373 sed
2585 2319 2745 2373 etiam
2802 2320 3016 2375 Petrum
3078 2322 3352 2376 ambulare
3406 2322 3686 2395 fecit(1d.
3720 2340 3820 2389 λιν,

2233 2407 2324 2474 2-3,
2352 2409 2479 2479 29).
2514 2410 2587 2464 Ita
2615 2426 2742 2480 ergo
2778 2418 2832 2464 ct
2864 2420 2983 2481 post
3018 2412 3467 2467 resurrectionem
3511 2413 3577 2467 de
3604 2430 3823 2483 corpore

2234 2513 2331 2553 suo
2368 2499 2493 2554 fecit
2516 2500 2657 2569 quod
2686 2500 2870 2554 voluit.
2910 2500 2964 2555 Si
2992 2502 3133 2555 enim
3164 2506 3338 2572 potuit
3371 2513 3495 2557 ante
3524 2506 3821 2573 passionem

2234 2591 2532 2647 clarificare
2563 2591 2687 2646 illud
2717 2592 2855 2646 sicut
2878 2593 3216 2662 splendorem
3249 2593 3520 2666 solis(ld.
3550 2612 3686 2662 xvn,
3718 2598 3819 2667 2);

2232 2698 2397 2754 quare
2430 2699 2535 2738 non
2569 2684 2740 2754 potuit
2768 2694 2821 2738 et
2848 2694 2965 2754 post
2997 2687 3298 2754 passionem
3325 2687 3389 2740 ad
3420 2700 3677 2757 quantam
3713 2692 3821 2743 vel-

2232 2774 2299 2828 let
2326 2774 2669 2829 subtilitatem
2698 2776 2747 2828 in
2776 2777 3033 2845 temporis
3058 2788 3330 2831 momento
3356 2779 3619 2849 redigere,
3651 2791 3707 2835 ut
3732 2797 3820 2851 per

2230 2866 2410 2922 clausa
2440 2869 2575 2922 ostia
2608 2878 2791 2938 posset
2818 2867 3059 2922 intrare?

2302 2966 2526 3024 CAPUT
2546 2967 2787 3023 XXV.—
2799 2969 2887 3023 27.
2915 2968 3023 3021 Nec
3040 2979 3275 3039 negantes
3292 2987 3473 3041 corpus
3490 2970 3683 3027 Christi
3698 2974 3816 3028 sub-

2231 3057 2388 3112 latum
2424 3060 2473 3112 in
2504 3057 2707 3113 caelum.
2740 3058 2849 3114 Nec
2868 3074 2962 3114 eos
2988 3061 3286 3123 audiamus,
3311 3064 3397 3131 qui
3430 3075 3627 3133 negant
3651 3065 3815 3135 ipsum

2226 3164 2423 3220 corpus
2451 3166 2630 3204 secum
2656 3150 2862 3205 levasse
2885 3151 2937 3204 in
2953 3152 3147 3206 malum
3174 3154 3453 3207 Dominum
3483 3167 3747 3223 nostrum,
3768 3167 3816 3212 et

2227 3249 2651 3295 commemorant
2678 3242 2728 3294 in
2762 3241 3053 3312 Evangelio
3079 3244 3218 3313 quod
3246 3248 3501 3315 scriptum
3528 3258 3628 3309 est,
3657 3249 3819 3304 Nemo

2225 3333 2451 3387 ascendit
2473 3334 2525 3387 in
2548 3336 2748 3401 calum,
2773 3335 2870 3389 nisi
2895 3336 2981 3405 qui
3003 3337 3064 3389 de
3084 3337 3208 3389 caelo
3232 3338 3487 3391 descendit
3516 3339 3714 3412 (Joan.
3742 3360 3815 3408 tu,

2226 3426 2336 3491 i5);
2357 3435 2410 3481 et
2433 3426 2631 3491 dicunt,
2658 3428 2779 3497 quia
2804 3443 3000 3498 corpus
3019 3444 3124 3484 non
3149 3429 3425 3485 descendit
3445 3433 3511 3487 de
3534 3434 3692 3499 coelo,
3713 3452 3815 3490 non

2225 3518 2459 3586 potuisse
2485 3518 2776 3574 ascendere
2805 3520 2857 3573 in
2899 3520 3115 3575 caelum.
3145 3519 3264 3575 Non
3290 3522 3431 3576 enim
3465 3524 3812 3596 intelligunt,

2227 3611 2479 3678 quoniam
2515 3625 2711 3680 corpus
2758 3627 2864 3667 non
2909 3613 3151 3667 ascendit
3192 3615 3244 3669 in
3280 3617 3473 3670 caelum
3515 3635 3528 3670 :
3561 3619 3816 3675 Dominus

2221 3700 2364 3755 enim
2394 3702 2659 3768 ascendit,
2683 3717 2878 3772 corpus
2908 3713 3085 3759 autem
3114 3722 3222 3761 non
3250 3708 3510 3775 ascendit,
3543 3712 3639 3766 sed
3668 3712 3815 3768 leva—

2219 3801 2331 3847 tum
2372 3801 2456 3848 est
2483 3794 2535 3849 in
2574 3796 2769 3850 coelum
2800 3797 2891 3851 illo
2922 3798 3132 3853 levante
3162 3800 3250 3870 qui
3278 3802 3540 3857 ascendit.
3583 3805 3642 3860 Si
3671 3808 3814 3861 enim

2217 3885 2334 3954 quis
2362 3884 2690 3953 descendat,
2720 3888 2868 3942 verbi
2900 3891 3089 3958 gratia,
3122 3890 3189 3945 de
3219 3902 3400 3947 monte
3440 3895 3616 3949 nudus
3637 3938 3652 3963 ,
3693 3913 3811 3952 cum

2215 3983 2394 4030 autem
2449 3977 2825 4046 descenderit,
2869 3982 3063 4035 vestiat
3113 3996 3202 4049 se,
3248 3992 3304 4038 et
3346 3986 3565 4041 vestitus
3622 3990 3812 4044 iterum

2215 4066 2501 4132 ascendat,
2535 4078 2683 4125 recte
2709 4071 2893 4140 utique
2920 4070 3149 4127 dicimus
3171 4113 3187 4138 ,
3225 4073 3393 4128 Nemo
3418 4079 3685 4147 ascendit,
3711 4083 3813 4136 nisi

2214 4158 2306 4229 qui
2336 4160 2652 4216 descendit:
2693 4178 2794 4218 nec
2833 4174 3042 4219 vestem
3088 4166 3489 4224 consideramus
3518 4188 3681 4240 quam
3722 4190 3815 4228 se-

2213 4263 2334 4303 cum
2366 4250 2578 4317 levavit,
2618 4252 2711 4307 sed
2741 4253 2915 4322 ipsum
2946 4255 3034 4325 qui
3066 4257 3289 4312 vestitus
3318 4266 3421 4327 est,
3460 4262 3638 4317 solum
3674 4265 3818 4319 dici-

2212 4355 2331 4393 mus
2361 4343 2689 4398 ascendisse.

2283 4439 2509 4494 CAPUT
2532 4439 2721 4496 XXVI.
2738 4436 2808 4483 -ἶ-
2832 4442 2923 4497 28.
2957 4442 3067 4497 Nec
3094 4456 3331 4515 negantes
3358 4448 3615 4505 Christum
3638 4454 3825 4510 sedere

2208 4529 2279 4582 ad
2299 4530 2557 4585 dexteram
2579 4530 2774 4586 Patria.
2798 4532 3017 4588 Dextera
3039 4545 3086 4589 et
3103 4538 3307 4591 sinistra
3332 4538 3426 4591 Dei
3446 4542 3567 4609 quid
3587 4546 3656 4597 sit
3698 4546 3824 4601 Nec

2209 4640 2304 4681 eos
2333 4625 2633 4692 audiamus,
2663 4628 2750 4696 qui
2783 4637 2978 4699 negant
3007 4628 3071 4683 ad
3108 4629 3379 4686 dexteram
3412 4633 3586 4690 Patris
3618 4638 3837 4696 sedere,

2208 4716 2419 4773 Filium.
2455 4718 2647 4773 Dicunt
2672 4719 2812 4774 enim
2839 4739 2851 4773 :
2881 4718 3148 4791 Numquid
3187 4722 3325 4777 Deus
3361 4724 3518 4779 Pater
3548 4729 3708 4784 habet
3729 4730 3837 4785 la-

2209 4821 2293 4869 tus
2322 4814 2568 4869 dextrum
2598 4823 2688 4869 aut
2725 4815 2997 4871 sinistrum
3020 4857 3034 4881 ,
3066 4817 3223 4872 sicuti
3252 4820 3516 4888 corpora?
3554 4821 3667 4877 Nec
3704 4840 3843 4883 nos

2208 4903 2311 4959 hoc
2342 4905 2409 4960 de
2451 4905 2559 4964 Deo
2599 4906 2756 4961 Patre
2794 4908 3054 4963 sentimus
3083 4926 3097 4962 :
3130 4910 3274 4965 nulla
3301 4910 3441 4964 enim
3472 4910 3644 4968 forma
3675 4932 3794 4971 cor
3816 4951 3838 4960 ο

2209 4996 2356 5064 poris
2386 4996 2526 5051 Deus
2552 4996 2807 5052 delinitur
2829 4999 2849 5030 ³
2874 5009 3031 5068 atque
3055 5000 3410 5055 concluditur.
3439 5000 3543 5057 Sed
3580 5005 3849 5063 dextera

2205 5087 2382 5142 Patris
2409 5098 2490 5142 est
2520 5088 2794 5144 beatitudo
2836 5099 3089 5159 perpetua
3111 5133 3124 5155 ,
3154 5106 3272 5161 qua:
3307 5095 3503 5147 sanctis
3534 5098 3855 5163 prmuitl}-

2204 5187 2290 5233 tur
2315 5178 2337 5211 ³
2370 5196 2384 5245 ;
2428 5180 2569 5235 sicut
2598 5181 2814 5235 sinistra
2858 5181 2974 5251 ejus
3013 5183 3311 5238 rectissime
3348 5185 3541 5239 dicitur
3580 5188 3856 5251 miseria

2201 5280 2482 5340 perpetua,
2512 5288 2631 5342 qua:
2662 5272 2837 5342 impiis
2868 5274 3023 5328 datur
3054 5292 3066 5327 :
3101 5283 3157 5329 ut
3186 5291 3290 5329 non
3322 5276 3372 5329 in
3400 5277 3516 5345 ipso
3544 5279 3677 5341 Deo,
3706 5291 3861 5344 sed

2201 5362 2254 5417 in
2282 5363 2542 5418 creaturis
2564 5364 2662 5418 hoc
2688 5364 2868 5440 modo,
2894 5379 3000 5434 quo
3023 5364 3277 5430 diximus,
3309 5367 3636 5437 intelligatur
3664 5372 3865 5432 dex-

2206 5464 2318 5509 tera
2349 5466 2402 5509 ct
2431 5455 2667 5509 sinistra.
2691 5455 2827 5522 Quia
2857 5464 2912 5510 et
2940 5470 3132 5525 corpus
3163 5456 3377 5525 Christi,
3407 5459 3552 5529 quod
3583 5472 3669 5516 est
3702 5464 3867 5526 Ec-

2265 5658 2280 5689 ⁸
2317 5664 2590 5725 Ρθνῖηλαςῳ
2611 5660 2655 5704 et
2676 5658 2949 5725 nerrosgic
2966 5657 3115 5725 etiam
3135 5655 3357 5725 plerique
3382 5664 3510 5725 Mss...
3538 5669 3586 5713 et
3615 5673 3692 5713 ex
3750 5669 3880 5725 his

2198 5718 2380 5787 plures
2412 5718 2533 5787 infra
2578 5716 2714 5787 loco”,
2746 5717 3070 5787 sacrilegum;
3103 5716 3309 5777 habent,
3347 5721 3693 5786 sacrilegium.

2262 5784 2282 5812 ¹
2317 5781 2504 5839 Aliquot
2524 5788 2648 5836 Mss,
2669 5777 2854 5841 ﬁnitur.

2264 5844 2285 5874 ³
2318 5842 2459 5900 illiti,
2490 5841 2649 5889 datur:
2670 5840 2837 5890 t=lures
2862 5854 2978 5889 vero
2999 5848 3125 5900 3:55.,
3150 5846 3459 5901 promittitur.
