  <div class='ocr_page' id='page_1' title='image "/cluster/home/n/w/nwhite01/storage/ocr_20150623/40-41/uc1.31175026811482/160.png"; bbox 0 0 4072 6526; ppageno 0'>
   <div class='ocr_carea' id='block_1_1' title="bbox 310 507 423 563">
    <p class='ocr_par' dir='ltr' id='par_1_1' title="bbox 310 507 423 563">
     <span class='ocr_line' id='line_1_1' title="bbox 310 507 423 563; baseline -0.018 1"><span class='ocrx_word' id='word_1_1' title='bbox 310 507 423 563; x_wconf 79' lang='lat'><strong>305</strong></span> 
     </span>
    </p>
   </div>
   <div class='ocr_carea' id='block_1_2' title="bbox 308 609 1909 691">
    <p class='ocr_par' dir='ltr' id='par_1_2' title="bbox 308 609 1909 691">
     <span class='ocr_line' id='line_1_2' title="bbox 308 609 1909 691; baseline -0.011 -12"><span class='ocrx_word' id='word_1_2' title='bbox 308 624 502 688; x_wconf 89' lang='lat' dir='ltr'><strong>clesia,</strong></span> <span class='ocrx_word' id='word_1_3' title='bbox 530 622 581 676; x_wconf 92' lang='lat' dir='ltr'><strong>in</strong></span> <span class='ocrx_word' id='word_1_4' title='bbox 610 623 721 691; x_wconf 84' lang='lat' dir='ltr'><strong>ipsa</strong></span> <span class='ocrx_word' id='word_1_5' title='bbox 744 619 987 682; x_wconf 86' lang='lat' dir='ltr'><strong>dextera,</strong></span> <span class='ocrx_word' id='word_1_6' title='bbox 1016 616 1119 670; x_wconf 90' lang='lat' dir='ltr'><strong>hoc</strong></span> <span class='ocrx_word' id='word_1_7' title='bbox 1146 623 1226 668; x_wconf 84' lang='lat' dir='ltr'><strong>est</strong></span> <span class='ocrx_word' id='word_1_8' title='bbox 1254 614 1306 668; x_wconf 88' lang='lat' dir='ltr'><strong>in</strong></span> <span class='ocrx_word' id='word_1_9' title='bbox 1334 614 1448 683; x_wconf 85' lang='lat' dir='ltr'><strong>ipsa</strong></span> <span class='ocrx_word' id='word_1_10' title='bbox 1478 609 1805 665; x_wconf 84' lang='lat' dir='ltr'><strong>beatitudine</strong></span> <span class='ocrx_word' id='word_1_11' title='bbox 1829 609 1909 662; x_wconf 88' lang='lat' dir='ltr'><strong>fn-</strong></span> 
     </span>
    </p>
   </div>
   <div class='ocr_carea' id='block_1_3' title="bbox 310 703 1917 781">
    <p class='ocr_par' dir='ltr' id='par_1_3' title="bbox 310 703 1917 781">
     <span class='ocr_line' id='line_1_3' title="bbox 310 703 1917 781; baseline -0.01 -12"><span class='ocrx_word' id='word_1_12' title='bbox 310 725 494 770; x_wconf 86' lang='lat' dir='ltr'><strong>tnrnm</strong></span> <span class='ocrx_word' id='word_1_13' title='bbox 512 722 612 777; x_wconf 89' lang='lat' dir='ltr'><strong>est,</strong></span> <span class='ocrx_word' id='word_1_14' title='bbox 638 710 774 767; x_wconf 92' lang='lat' dir='ltr'><strong>sicut</strong></span> <span class='ocrx_word' id='word_1_15' title='bbox 800 710 1087 781; x_wconf 80' lang='lat' dir='ltr'><strong>Apostolus</strong></span> <span class='ocrx_word' id='word_1_16' title='bbox 1115 708 1262 769; x_wconf 92' lang='lat' dir='ltr'><strong>dicit,</strong></span> <span class='ocrx_word' id='word_1_17' title='bbox 1288 707 1409 776; x_wconf 86' lang='lat' dir='ltr'><strong>quia</strong></span> <span class='ocrx_word' id='word_1_18' title='bbox 1441 716 1487 757; x_wconf 90' lang='lat' dir='ltr'><strong>et</strong></span> <span class='ocrx_word' id='word_1_19' title='bbox 1510 703 1661 757; x_wconf 84' lang='lat' dir='ltr'><strong>simul</strong></span> <span class='ocrx_word' id='word_1_20' title='bbox 1688 717 1778 756; x_wconf 88' lang='lat' dir='ltr'><strong>nos</strong></span> <span class='ocrx_word' id='word_1_21' title='bbox 1803 717 1917 755; x_wconf 86' lang='lat' dir='ltr'><strong>sus-</strong></span> 
     </span>
    </p>
   </div>
   <div class='ocr_carea' id='block_1_4' title="bbox 311 791 1912 871">
    <p class='ocr_par' dir='ltr' id='par_1_4' title="bbox 311 791 1912 871">
     <span class='ocr_line' id='line_1_4' title="bbox 311 791 1912 871; baseline -0.009 -12"><span class='ocrx_word' id='word_1_22' title='bbox 311 807 519 871; x_wconf 85' lang='lat' dir='ltr'><strong>citavit,</strong></span> <span class='ocrx_word' id='word_1_23' title='bbox 569 814 612 859; x_wconf 88' lang='lat' dir='ltr'><strong>et</strong></span> <span class='ocrx_word' id='word_1_24' title='bbox 644 804 799 858; x_wconf 88' lang='lat' dir='ltr'><strong>simul</strong></span> <span class='ocrx_word' id='word_1_25' title='bbox 839 802 1013 857; x_wconf 87' lang='lat' dir='ltr'><strong>sedere</strong></span> <span class='ocrx_word' id='word_1_26' title='bbox 1048 800 1164 871; x_wconf 84' lang='lat' dir='ltr'><strong>fecit</strong></span> <span class='ocrx_word' id='word_1_27' title='bbox 1198 799 1250 851; x_wconf 88' lang='lat' dir='ltr'><strong>in</strong></span> <span class='ocrx_word' id='word_1_28' title='bbox 1281 795 1561 850; x_wconf 72' lang='lat' dir='ltr'><strong>cmlestibus</strong></span> <span class='ocrx_word' id='word_1_29' title='bbox 1591 791 1817 865; x_wconf 87' lang='lat' dir='ltr'><strong>(Ephes.</strong></span> <span class='ocrx_word' id='word_1_30' title='bbox 1854 807 1912 859; x_wconf 92' lang='grc' dir='ltr'><strong>ιι,</strong></span> 
     </span>
    </p>
   </div>
   <div class='ocr_carea' id='block_1_5' title="bbox 315 886 1909 970">
    <p class='ocr_par' dir='ltr' id='par_1_5' title="bbox 315 886 1909 970">
     <span class='ocr_line' id='line_1_5' title="bbox 315 886 1909 970; baseline -0.008 -19"><span class='ocrx_word' id='word_1_31' title='bbox 315 898 349 951; x_wconf 88' lang='grc'><strong>6</strong></span> <span class='ocrx_word' id='word_1_32' title='bbox 370 901 411 970; x_wconf 84' lang='grc'><strong>).</strong></span> <span class='ocrx_word' id='word_1_33' title='bbox 456 897 714 966; x_wconf 76' lang='lat' dir='ltr'><strong>Quamvis</strong></span> <span class='ocrx_word' id='word_1_34' title='bbox 743 897 884 951; x_wconf 87' lang='lat' dir='ltr'><strong>enim</strong></span> <span class='ocrx_word' id='word_1_35' title='bbox 916 908 1114 962; x_wconf 89' lang='lat' dir='ltr'><strong>corpus</strong></span> <span class='ocrx_word' id='word_1_36' title='bbox 1144 899 1385 945; x_wconf 90' lang='lat' dir='ltr'><strong>nostrum</strong></span> <span class='ocrx_word' id='word_1_37' title='bbox 1426 887 1659 943; x_wconf 92' lang='lat' dir='ltr'><strong>nondum</strong></span> <span class='ocrx_word' id='word_1_38' title='bbox 1691 887 1760 941; x_wconf 87' lang='lat' dir='ltr'><strong>ibi</strong></span> <span class='ocrx_word' id='word_1_39' title='bbox 1804 886 1909 952; x_wconf 92' lang='lat' dir='ltr'><strong>sit,</strong></span> 
     </span>
    </p>
   </div>
   <div class='ocr_carea' id='block_1_6' title="bbox 316 980 1915 1059">
    <p class='ocr_par' dir='ltr' id='par_1_6' title="bbox 316 980 1915 1059">
     <span class='ocr_line' id='line_1_6' title="bbox 316 980 1915 1059; baseline -0.006 -15"><span class='ocrx_word' id='word_1_40' title='bbox 316 998 497 1044; x_wconf 87' lang='lat' dir='ltr'><strong>tamen</strong></span> <span class='ocrx_word' id='word_1_41' title='bbox 524 1005 651 1059; x_wconf 91' lang='lat' dir='ltr'><strong>spes</strong></span> <span class='ocrx_word' id='word_1_42' title='bbox 683 998 862 1042; x_wconf 86' lang='lat' dir='ltr'><strong>nostra</strong></span> <span class='ocrx_word' id='word_1_43' title='bbox 886 987 994 1056; x_wconf 90' lang='lat' dir='ltr'><strong>jam</strong></span> <span class='ocrx_word' id='word_1_44' title='bbox 1024 985 1095 1039; x_wconf 90' lang='lat' dir='ltr'><strong>ibi</strong></span> <span class='ocrx_word' id='word_1_45' title='bbox 1124 992 1226 1040; x_wconf 92' lang='grc' dir='ltr'>εει.</span> <span class='ocrx_word' id='word_1_46' title='bbox 1261 984 1547 1051; x_wconf 77' lang='lat' dir='ltr'><strong>Propterea</strong></span> <span class='ocrx_word' id='word_1_47' title='bbox 1580 989 1633 1035; x_wconf 90' lang='lat' dir='ltr'><strong>et</strong></span> <span class='ocrx_word' id='word_1_48' title='bbox 1673 984 1784 1050; x_wconf 89' lang='lat' dir='ltr'><strong>ipse</strong></span> <span class='ocrx_word' id='word_1_49' title='bbox 1813 980 1915 1034; x_wconf 86' lang='lat' dir='ltr'><strong>Do-</strong></span> 
     </span>
    </p>
   </div>
   <div class='ocr_carea' id='block_1_7' title="bbox 312 1072 1914 1150">
    <p class='ocr_par' dir='ltr' id='par_1_7' title="bbox 312 1072 1914 1150">
     <span class='ocr_line' id='line_1_7' title="bbox 312 1072 1914 1150; baseline -0.007 -13"><span class='ocrx_word' id='word_1_50' title='bbox 312 1084 497 1138; x_wconf 87' lang='lat' dir='ltr'><strong>minus</strong></span> <span class='ocrx_word' id='word_1_51' title='bbox 526 1090 645 1150; x_wconf 84' lang='lat' dir='ltr'><strong>post</strong></span> <span class='ocrx_word' id='word_1_52' title='bbox 674 1079 1123 1134; x_wconf 80' lang='lat' dir='ltr'><strong>resurrectionem</strong></span> <span class='ocrx_word' id='word_1_53' title='bbox 1161 1076 1321 1147; x_wconf 85' lang='lat' dir='ltr'><strong>jussit</strong></span> <span class='ocrx_word' id='word_1_54' title='bbox 1348 1073 1628 1143; x_wconf 87' lang='lat' dir='ltr'><strong>discipulis</strong></span> <span class='ocrx_word' id='word_1_55' title='bbox 1656 1086 1789 1142; x_wconf 87' lang='lat' dir='ltr'><strong>quos</strong></span> <span class='ocrx_word' id='word_1_56' title='bbox 1830 1072 1914 1142; x_wconf 91' lang='lat' dir='ltr'><strong>pi-</strong></span> 
     </span>
    </p>
   </div>
   <div class='ocr_carea' id='block_1_8' title="bbox 311 1166 1913 1235">
    <p class='ocr_par' dir='ltr' id='par_1_8' title="bbox 311 1166 1913 1235">
     <span class='ocr_line' id='line_1_8' title="bbox 311 1166 1913 1235; baseline -0.004 -10"><span class='ocrx_word' id='word_1_57' title='bbox 311 1181 529 1226; x_wconf 69' lang='lat' dir='ltr'><strong>scantes</strong></span> <span class='ocrx_word' id='word_1_58' title='bbox 552 1171 775 1235; x_wconf 84' lang='lat' dir='ltr'><strong>invenit,</strong></span> <span class='ocrx_word' id='word_1_59' title='bbox 810 1179 865 1223; x_wconf 89' lang='grc' dir='ltr'><strong>ιιι</strong></span> <span class='ocrx_word' id='word_1_60' title='bbox 895 1171 946 1223; x_wconf 93' lang='lat' dir='ltr'><strong>in</strong></span> <span class='ocrx_word' id='word_1_61' title='bbox 976 1170 1250 1223; x_wconf 77' lang='lat' dir='ltr'><strong>dexteram</strong></span> <span class='ocrx_word' id='word_1_62' title='bbox 1281 1177 1483 1235; x_wconf 89' lang='lat' dir='ltr'><strong>partem</strong></span> <span class='ocrx_word' id='word_1_63' title='bbox 1514 1166 1791 1220; x_wconf 86' lang='lat' dir='ltr'><strong>mitterent</strong></span> <span class='ocrx_word' id='word_1_64' title='bbox 1823 1180 1913 1219; x_wconf 87' lang='lat' dir='ltr'><strong>re—</strong></span> 
     </span>
    </p>
   </div>
   <div class='ocr_carea' id='block_1_9' title="bbox 311 1255 1914 1331">
    <p class='ocr_par' dir='ltr' id='par_1_9' title="bbox 311 1255 1914 1331">
     <span class='ocr_line' id='line_1_9' title="bbox 311 1255 1914 1331; baseline -0.003 -15"><span class='ocrx_word' id='word_1_65' title='bbox 311 1265 414 1316; x_wconf 87' lang='lat' dir='ltr'><strong>tia.</strong></span> <span class='ocrx_word' id='word_1_66' title='bbox 443 1262 595 1331; x_wconf 93' lang='lat' dir='ltr'><strong>Quod</strong></span> <span class='ocrx_word' id='word_1_67' title='bbox 632 1277 753 1316; x_wconf 89' lang='lat' dir='ltr'><strong>cum</strong></span> <span class='ocrx_word' id='word_1_68' title='bbox 785 1261 1055 1325; x_wconf 84' lang='lat' dir='ltr'><strong>fecissent,</strong></span> <span class='ocrx_word' id='word_1_69' title='bbox 1086 1268 1343 1327; x_wconf 88' lang='lat' dir='ltr'><strong>ceperunt</strong></span> <span class='ocrx_word' id='word_1_70' title='bbox 1383 1257 1577 1326; x_wconf 90' lang='lat' dir='ltr'><strong>pisces,</strong></span> <span class='ocrx_word' id='word_1_71' title='bbox 1606 1255 1699 1325; x_wconf 88' lang='lat' dir='ltr'><strong>qui</strong></span> <span class='ocrx_word' id='word_1_72' title='bbox 1725 1271 1914 1311; x_wconf 87' lang='lat' dir='ltr'><strong>omnes</strong></span> 
     </span>
    </p>
   </div>
   <div class='ocr_carea' id='block_1_10' title="bbox 308 1346 1917 1423">
    <p class='ocr_par' dir='ltr' id='par_1_10' title="bbox 308 1346 1917 1423">
     <span class='ocr_line' id='line_1_10' title="bbox 308 1346 1917 1423; baseline -0.004 -16"><span class='ocrx_word' id='word_1_73' title='bbox 308 1356 495 1423; x_wconf 81' lang='lat' dir='ltr'><strong>magni</strong></span> <span class='ocrx_word' id='word_1_74' title='bbox 531 1362 686 1408; x_wconf 90' lang='lat' dir='ltr'><strong>erant</strong></span> <span class='ocrx_word' id='word_1_75' title='bbox 714 1350 909 1421; x_wconf 82' lang='lat' dir='ltr'><strong>(Joan.</strong></span> <span class='ocrx_word' id='word_1_76' title='bbox 946 1367 1060 1418; x_wconf 70' lang='grc' dir='ltr'>χει,</span> <span class='ocrx_word' id='word_1_77' title='bbox 1086 1351 1208 1404; x_wconf 70' lang='lat' dir='ltr'><strong>(Ml</strong></span> <span class='ocrx_word' id='word_1_78' title='bbox 1238 1350 1277 1418; x_wconf 92' lang='lat'><strong>),</strong></span> <span class='ocrx_word' id='word_1_79' title='bbox 1312 1348 1362 1402; x_wconf 91' lang='lat' dir='ltr'><strong>id</strong></span> <span class='ocrx_word' id='word_1_80' title='bbox 1392 1358 1493 1413; x_wconf 91' lang='lat' dir='ltr'><strong>est,</strong></span> <span class='ocrx_word' id='word_1_81' title='bbox 1520 1347 1693 1417; x_wconf 86' lang='lat' dir='ltr'><strong>justos</strong></span> <span class='ocrx_word' id='word_1_82' title='bbox 1713 1346 1917 1416; x_wconf 74' lang='lat' dir='ltr'><strong>signifi-</strong></span> 
     </span>
    </p>
   </div>
   <div class='ocr_carea' id='block_1_11' title="bbox 307 1438 1906 1515">
    <p class='ocr_par' dir='ltr' id='par_1_11' title="bbox 307 1438 1906 1515">
     <span class='ocr_line' id='line_1_11' title="bbox 307 1438 1906 1515; baseline -0.006 -15"><span class='ocrx_word' id='word_1_83' title='bbox 307 1447 530 1510; x_wconf 89' lang='lat' dir='ltr'><strong>cabant,</strong></span> <span class='ocrx_word' id='word_1_84' title='bbox 575 1444 767 1515; x_wconf 87' lang='lat' dir='ltr'><strong>quibus</strong></span> <span class='ocrx_word' id='word_1_85' title='bbox 806 1442 1025 1499; x_wconf 84' lang='lat' dir='ltr'><strong>dextera</strong></span> <span class='ocrx_word' id='word_1_86' title='bbox 1071 1440 1411 1511; x_wconf 83' lang='lat' dir='ltr'><strong>promittitur.</strong></span> <span class='ocrx_word' id='word_1_87' title='bbox 1455 1438 1568 1493; x_wconf 81' lang='lat' dir='ltr'><strong>Hoc</strong></span> <span class='ocrx_word' id='word_1_88' title='bbox 1611 1438 1906 1507; x_wconf 85' lang='lat' dir='ltr'><strong>signiﬁcat,</strong></span> 
     </span>
    </p>
   </div>
   <div class='ocr_carea' id='block_1_12' title="bbox 309 1529 1909 1606">
    <p class='ocr_par' dir='ltr' id='par_1_12' title="bbox 309 1529 1909 1606">
     <span class='ocr_line' id='line_1_12' title="bbox 309 1529 1909 1606; baseline -0.003 -19"><span class='ocrx_word' id='word_1_89' title='bbox 309 1535 463 1606; x_wconf 83' lang='lat' dir='ltr'><strong>quod</strong></span> <span class='ocrx_word' id='word_1_90' title='bbox 496 1536 655 1591; x_wconf 86' lang='lat' dir='ltr'><strong>etiam</strong></span> <span class='ocrx_word' id='word_1_91' title='bbox 700 1535 756 1588; x_wconf 90' lang='lat' dir='ltr'><strong>in</strong></span> <span class='ocrx_word' id='word_1_92' title='bbox 795 1534 997 1603; x_wconf 85' lang='lat' dir='ltr'><strong>judicio</strong></span> <span class='ocrx_word' id='word_1_93' title='bbox 1041 1532 1174 1586; x_wconf 86' lang='lat' dir='ltr'><strong>dixit</strong></span> <span class='ocrx_word' id='word_1_94' title='bbox 1212 1546 1271 1586; x_wconf 91' lang='lat' dir='ltr'><strong>se</strong></span> <span class='ocrx_word' id='word_1_95' title='bbox 1310 1546 1474 1601; x_wconf 86' lang='lat' dir='ltr'><strong>agnos</strong></span> <span class='ocrx_word' id='word_1_96' title='bbox 1502 1530 1567 1583; x_wconf 90' lang='lat' dir='ltr'><strong>ad</strong></span> <span class='ocrx_word' id='word_1_97' title='bbox 1605 1529 1909 1597; x_wconf 80' lang='lat' dir='ltr'><strong>dexteram,</strong></span> 
     </span>
    </p>
   </div>
   <div class='ocr_carea' id='block_1_13' title="bbox 309 1620 1908 1694">
    <p class='ocr_par' dir='ltr' id='par_1_13' title="bbox 309 1620 1908 1694">
     <span class='ocr_line' id='line_1_13' title="bbox 309 1620 1908 1694; baseline -0.001 -16"><span class='ocrx_word' id='word_1_98' title='bbox 309 1625 505 1680; x_wconf 72' lang='lat' dir='ltr'><strong>luudos</strong></span> <span class='ocrx_word' id='word_1_99' title='bbox 543 1635 720 1681; x_wconf 87' lang='lat' dir='ltr'><strong>autem</strong></span> <span class='ocrx_word' id='word_1_100' title='bbox 764 1625 833 1680; x_wconf 86' lang='lat' dir='ltr'><strong>ad</strong></span> <span class='ocrx_word' id='word_1_101' title='bbox 873 1624 1144 1679; x_wconf 84' lang='lat' dir='ltr'><strong>sinistram</strong></span> <span class='ocrx_word' id='word_1_102' title='bbox 1188 1636 1309 1679; x_wconf 84' lang='lat' dir='ltr'><strong>esse</strong></span> <span class='ocrx_word' id='word_1_103' title='bbox 1352 1622 1644 1693; x_wconf 86' lang='lat' dir='ltr'><strong>positurum</strong></span> <span class='ocrx_word' id='word_1_104' title='bbox 1689 1620 1908 1694; x_wconf 78' lang='lat' dir='ltr'><strong>(Matth.</strong></span> 
     </span>
    </p>
   </div>
   <div class='ocr_carea' id='block_1_14' title="bbox 308 1719 606 1789">
    <p class='ocr_par' dir='ltr' id='par_1_14' title="bbox 308 1719 606 1789">
     <span class='ocr_line' id='line_1_14' title="bbox 308 1719 606 1789; baseline 0.003 -17"><span class='ocrx_word' id='word_1_105' title='bbox 308 1735 445 1784; x_wconf 74' lang='lat' dir='ltr'><strong>xxv,</strong></span> <span class='ocrx_word' id='word_1_106' title='bbox 480 1719 606 1789; x_wconf 78' lang='grc'><strong>55).</strong></span> 
     </span>
    </p>
   </div>
   <div class='ocr_carea' id='block_1_15' title="bbox 387 1804 1909 1876">
    <p class='ocr_par' dir='ltr' id='par_1_15' title="bbox 387 1804 1909 1876">
     <span class='ocr_line' id='line_1_15' title="bbox 387 1804 1909 1876; baseline -0.005 -13"><span class='ocrx_word' id='word_1_107' title='bbox 387 1808 617 1865; x_wconf 82' lang='lat' dir='ltr'><strong>CAPUT</strong></span> <span class='ocrx_word' id='word_1_108' title='bbox 657 1808 870 1864; x_wconf 73' lang='lat' dir='ltr'><strong>XXVII.</strong></span> <span class='ocrx_word' id='word_1_109' title='bbox 892 1837 965 1849; x_wconf 90' lang='lat'><strong>—</strong></span> <span class='ocrx_word' id='word_1_110' title='bbox 985 1806 1076 1862; x_wconf 73' lang='lat'><strong>‘29.</strong></span> <span class='ocrx_word' id='word_1_111' title='bbox 1102 1804 1216 1861; x_wconf 84' lang='lat' dir='ltr'><strong>Nec</strong></span> <span class='ocrx_word' id='word_1_112' title='bbox 1236 1805 1475 1860; x_wconf 83' lang='lat' dir='ltr'><strong>audiendi</strong></span> <span class='ocrx_word' id='word_1_113' title='bbox 1499 1814 1739 1876; x_wconf 80' lang='lat' dir='ltr'><strong>negantes</strong></span> <span class='ocrx_word' id='word_1_114' title='bbox 1758 1804 1909 1874; x_wconf 85' lang='lat' dir='ltr'><strong>judi-</strong></span> 
     </span>
    </p>
   </div>
   <div class='ocr_carea' id='block_1_16' title="bbox 310 1895 1910 1971">
    <p class='ocr_par' dir='ltr' id='par_1_16' title="bbox 310 1895 1910 1971">
     <span class='ocr_line' id='line_1_16' title="bbox 310 1895 1910 1971; baseline -0.002 -20"><span class='ocrx_word' id='word_1_115' title='bbox 310 1898 451 1951; x_wconf 83' lang='lat' dir='ltr'><strong>cium</strong></span> <span class='ocrx_word' id='word_1_116' title='bbox 494 1903 753 1971; x_wconf 78' lang='lat' dir='ltr'><strong>futurum.</strong></span> <span class='ocrx_word' id='word_1_117' title='bbox 788 1899 897 1953; x_wconf 85' lang='lat' dir='ltr'><strong>Nec</strong></span> <span class='ocrx_word' id='word_1_118' title='bbox 934 1912 1031 1953; x_wconf 92' lang='lat' dir='ltr'><strong>eos</strong></span> <span class='ocrx_word' id='word_1_119' title='bbox 1070 1897 1383 1962; x_wconf 86' lang='lat' dir='ltr'><strong>audiamus,</strong></span> <span class='ocrx_word' id='word_1_120' title='bbox 1414 1896 1504 1967; x_wconf 90' lang='lat' dir='ltr'><strong>qui</strong></span> <span class='ocrx_word' id='word_1_121' title='bbox 1542 1907 1739 1966; x_wconf 82' lang='lat' dir='ltr'><strong>negant</strong></span> <span class='ocrx_word' id='word_1_122' title='bbox 1768 1895 1910 1949; x_wconf 88' lang='lat' dir='ltr'><strong>diem</strong></span> 
     </span>
    </p>
   </div>
   <div class='ocr_carea' id='block_1_17' title="bbox 307 1988 1910 2061">
    <p class='ocr_par' dir='ltr' id='par_1_17' title="bbox 307 1988 1910 2061">
     <span class='ocr_line' id='line_1_17' title="bbox 307 1988 1910 2061; baseline 0 -19"><span class='ocrx_word' id='word_1_123' title='bbox 307 1991 505 2061; x_wconf 87' lang='lat' dir='ltr'><strong>jndicii</strong></span> <span class='ocrx_word' id='word_1_124' title='bbox 547 1990 780 2045; x_wconf 81' lang='lat' dir='ltr'><strong>futurum</strong></span> <span class='ocrx_word' id='word_1_125' title='bbox 804 2033 817 2056; x_wconf 93' lang='lat'><strong>,</strong></span> <span class='ocrx_word' id='word_1_126' title='bbox 850 2000 903 2045; x_wconf 88' lang='lat' dir='ltr'><strong>et</strong></span> <span class='ocrx_word' id='word_1_127' title='bbox 928 1997 1353 2045; x_wconf 85' lang='lat' dir='ltr'><strong>commemorant</strong></span> <span class='ocrx_word' id='word_1_128' title='bbox 1378 1988 1519 2059; x_wconf 92' lang='lat' dir='ltr'><strong>quod</strong></span> <span class='ocrx_word' id='word_1_129' title='bbox 1545 1989 1598 2043; x_wconf 90' lang='lat' dir='ltr'><strong>in</strong></span> <span class='ocrx_word' id='word_1_130' title='bbox 1626 1988 1910 2059; x_wconf 82' lang='lat' dir='ltr'><strong>Evangelio</strong></span> 
     </span>
    </p>
   </div>
   <div class='ocr_carea' id='block_1_18' title="bbox 311 2080 1913 2153">
    <p class='ocr_par' dir='ltr' id='par_1_18' title="bbox 311 2080 1913 2153">
     <span class='ocr_line' id='line_1_18' title="bbox 311 2080 1913 2153; baseline -0.001 -16"><span class='ocrx_word' id='word_1_131' title='bbox 311 2084 574 2152; x_wconf 84' lang='lat' dir='ltr'><strong>scriptum</strong></span> <span class='ocrx_word' id='word_1_132' title='bbox 600 2091 716 2151; x_wconf 91' lang='grc' dir='ltr'>εει,</span> <span class='ocrx_word' id='word_1_133' title='bbox 748 2098 869 2138; x_wconf 86' lang='grc' dir='ltr'>ευιιι</span> <span class='ocrx_word' id='word_1_134' title='bbox 906 2083 996 2153; x_wconf 91' lang='lat' dir='ltr'><strong>qui</strong></span> <span class='ocrx_word' id='word_1_135' title='bbox 1022 2081 1193 2137; x_wconf 89' lang='lat' dir='ltr'><strong>credit</strong></span> <span class='ocrx_word' id='word_1_136' title='bbox 1221 2082 1275 2136; x_wconf 92' lang='lat' dir='ltr'><strong>in</strong></span> <span class='ocrx_word' id='word_1_137' title='bbox 1305 2080 1604 2148; x_wconf 86' lang='lat' dir='ltr'><strong>Christum,</strong></span> <span class='ocrx_word' id='word_1_138' title='bbox 1633 2096 1739 2135; x_wconf 92' lang='lat' dir='ltr'><strong>non</strong></span> <span class='ocrx_word' id='word_1_139' title='bbox 1769 2081 1913 2150; x_wconf 85' lang='lat' dir='ltr'><strong>judi-</strong></span> 
     </span>
    </p>
   </div>
   <div class='ocr_carea' id='block_1_19' title="bbox 310 2173 1908 2246">
    <p class='ocr_par' dir='ltr' id='par_1_19' title="bbox 310 2173 1908 2246">
     <span class='ocr_line' id='line_1_19' title="bbox 310 2173 1908 2246; baseline -0.001 -17"><span class='ocrx_word' id='word_1_140' title='bbox 310 2177 465 2239; x_wconf 90' lang='lat' dir='ltr'><strong>cari;</strong></span> <span class='ocrx_word' id='word_1_141' title='bbox 507 2177 596 2246; x_wconf 90' lang='lat' dir='ltr'><strong>qui</strong></span> <span class='ocrx_word' id='word_1_142' title='bbox 634 2185 811 2231; x_wconf 88' lang='lat' dir='ltr'><strong>autem</strong></span> <span class='ocrx_word' id='word_1_143' title='bbox 849 2192 953 2231; x_wconf 89' lang='lat' dir='ltr'><strong>non</strong></span> <span class='ocrx_word' id='word_1_144' title='bbox 984 2176 1154 2231; x_wconf 90' lang='lat' dir='ltr'><strong>credit</strong></span> <span class='ocrx_word' id='word_1_145' title='bbox 1184 2175 1235 2229; x_wconf 93' lang='lat' dir='ltr'><strong>in</strong></span> <span class='ocrx_word' id='word_1_146' title='bbox 1274 2174 1445 2240; x_wconf 91' lang='lat' dir='ltr'><strong>illum,</strong></span> <span class='ocrx_word' id='word_1_147' title='bbox 1469 2174 1579 2244; x_wconf 86' lang='lat' dir='ltr'><strong>jam</strong></span> <span class='ocrx_word' id='word_1_148' title='bbox 1614 2173 1908 2243; x_wconf 86' lang='lat' dir='ltr'><strong>jndieatum</strong></span> 
     </span>
    </p>
   </div>
   <div class='ocr_carea' id='block_1_20' title="bbox 314 2265 1911 2337">
    <p class='ocr_par' dir='ltr' id='par_1_20' title="bbox 314 2265 1911 2337">
     <span class='ocr_line' id='line_1_20' title="bbox 314 2265 1911 2337; baseline -0.001 -16"><span class='ocrx_word' id='word_1_149' title='bbox 314 2281 437 2321; x_wconf 88' lang='lat' dir='ltr'><strong>csse</strong></span> <span class='ocrx_word' id='word_1_150' title='bbox 465 2267 660 2337; x_wconf 86' lang='lat' dir='ltr'><strong>(Joan.</strong></span> <span class='ocrx_word' id='word_1_151' title='bbox 694 2283 771 2332; x_wconf 90' lang='grc' dir='ltr'>ιιι,</span> <span class='ocrx_word' id='word_1_152' title='bbox 804 2267 926 2337; x_wconf 85' lang='lat' dir='ltr'><strong>l8).</strong></span> <span class='ocrx_word' id='word_1_153' title='bbox 959 2267 1149 2322; x_wconf 90' lang='lat' dir='ltr'><strong>Dicunt</strong></span> <span class='ocrx_word' id='word_1_154' title='bbox 1177 2268 1317 2321; x_wconf 90' lang='lat' dir='ltr'><strong>enim</strong></span> <span class='ocrx_word' id='word_1_155' title='bbox 1351 2284 1364 2321; x_wconf 92' lang='lat'>:</span> <span class='ocrx_word' id='word_1_156' title='bbox 1396 2265 1452 2320; x_wconf 89' lang='lat' dir='ltr'><strong>Si</strong></span> <span class='ocrx_word' id='word_1_157' title='bbox 1479 2274 1533 2320; x_wconf 89' lang='lat' dir='ltr'><strong>et</strong></span> <span class='ocrx_word' id='word_1_158' title='bbox 1562 2265 1649 2319; x_wconf 91' lang='lat' dir='ltr'><strong>ille</strong></span> <span class='ocrx_word' id='word_1_159' title='bbox 1677 2265 1767 2336; x_wconf 90' lang='lat' dir='ltr'><strong>qui</strong></span> <span class='ocrx_word' id='word_1_160' title='bbox 1794 2280 1911 2320; x_wconf 90' lang='lat' dir='ltr'><strong>cre-</strong></span> 
     </span>
    </p>
   </div>
   <div class='ocr_carea' id='block_1_21' title="bbox 311 2359 1907 2432">
    <p class='ocr_par' dir='ltr' id='par_1_21' title="bbox 311 2359 1907 2432">
     <span class='ocr_line' id='line_1_21' title="bbox 311 2359 1907 2432; baseline -0.001 -17"><span class='ocrx_word' id='word_1_161' title='bbox 311 2360 412 2425; x_wconf 88' lang='lat' dir='ltr'><strong>dit,</strong></span> <span class='ocrx_word' id='word_1_162' title='bbox 443 2378 549 2416; x_wconf 89' lang='lat' dir='ltr'><strong>non</strong></span> <span class='ocrx_word' id='word_1_163' title='bbox 573 2362 751 2417; x_wconf 82' lang='lat' dir='ltr'><strong>veniet</strong></span> <span class='ocrx_word' id='word_1_164' title='bbox 772 2363 822 2416; x_wconf 92' lang='lat' dir='ltr'><strong>in</strong></span> <span class='ocrx_word' id='word_1_165' title='bbox 840 2362 1121 2432; x_wconf 88' lang='lat' dir='ltr'><strong>judicium,</strong></span> <span class='ocrx_word' id='word_1_166' title='bbox 1151 2370 1205 2415; x_wconf 85' lang='lat' dir='ltr'><strong>et</strong></span> <span class='ocrx_word' id='word_1_167' title='bbox 1224 2362 1312 2416; x_wconf 92' lang='lat' dir='ltr'><strong>ille</strong></span> <span class='ocrx_word' id='word_1_168' title='bbox 1336 2360 1423 2429; x_wconf 90' lang='lat' dir='ltr'><strong>qui</strong></span> <span class='ocrx_word' id='word_1_169' title='bbox 1454 2374 1557 2413; x_wconf 91' lang='lat' dir='ltr'><strong>non</strong></span> <span class='ocrx_word' id='word_1_170' title='bbox 1586 2359 1774 2423; x_wconf 89' lang='lat' dir='ltr'><strong>credit,</strong></span> <span class='ocrx_word' id='word_1_171' title='bbox 1797 2360 1907 2428; x_wconf 88' lang='lat' dir='ltr'><strong>jam</strong></span> 
     </span>
    </p>
   </div>
   <div class='ocr_carea' id='block_1_22' title="bbox 308 2451 1909 2525">
    <p class='ocr_par' dir='ltr' id='par_1_22' title="bbox 308 2451 1909 2525">
     <span class='ocr_line' id='line_1_22' title="bbox 308 2451 1909 2525; baseline -0.001 -19"><span class='ocrx_word' id='word_1_172' title='bbox 308 2455 585 2524; x_wconf 84' lang='lat' dir='ltr'><strong>judicatus</strong></span> <span class='ocrx_word' id='word_1_173' title='bbox 609 2466 688 2510; x_wconf 88' lang='lat' dir='ltr'><strong>est</strong></span> <span class='ocrx_word' id='word_1_174' title='bbox 712 2473 725 2521; x_wconf 88' lang='lat'><strong>;</strong></span> <span class='ocrx_word' id='word_1_175' title='bbox 750 2455 841 2509; x_wconf 88' lang='lat' dir='ltr'><strong>ubi</strong></span> <span class='ocrx_word' id='word_1_176' title='bbox 868 2465 987 2509; x_wconf 91' lang='lat' dir='ltr'><strong>sunt</strong></span> <span class='ocrx_word' id='word_1_177' title='bbox 1015 2470 1149 2525; x_wconf 80' lang='lat' dir='ltr'><strong>quos</strong></span> <span class='ocrx_word' id='word_1_178' title='bbox 1170 2454 1503 2523; x_wconf 88' lang='lat' dir='ltr'><strong>jndicaturus</strong></span> <span class='ocrx_word' id='word_1_179' title='bbox 1528 2460 1609 2507; x_wconf 90' lang='lat' dir='ltr'><strong>est</strong></span> <span class='ocrx_word' id='word_1_180' title='bbox 1638 2452 1689 2505; x_wconf 92' lang='lat' dir='ltr'><strong>in</strong></span> <span class='ocrx_word' id='word_1_181' title='bbox 1722 2451 1807 2505; x_wconf 86' lang='lat' dir='ltr'><strong>die</strong></span> <span class='ocrx_word' id='word_1_182' title='bbox 1824 2452 1909 2520; x_wconf 90' lang='lat' dir='ltr'><strong>ju-</strong></span> 
     </span>
    </p>
   </div>
   <div class='ocr_carea' id='block_1_23' title="bbox 310 2545 1910 2617">
    <p class='ocr_par' dir='ltr' id='par_1_23' title="bbox 310 2545 1910 2617">
     <span class='ocr_line' id='line_1_23' title="bbox 310 2545 1910 2617; baseline -0.001 -18"><span class='ocrx_word' id='word_1_183' title='bbox 310 2547 479 2601; x_wconf 85' lang='lat' dir='ltr'><strong>dicii?</strong></span> <span class='ocrx_word' id='word_1_184' title='bbox 506 2548 619 2600; x_wconf 79' lang='lat' dir='ltr'><strong>Non</strong></span> <span class='ocrx_word' id='word_1_185' title='bbox 644 2548 942 2617; x_wconf 85' lang='lat' dir='ltr'><strong>intelligunt</strong></span> <span class='ocrx_word' id='word_1_186' title='bbox 969 2546 1047 2602; x_wconf 84' lang='lat' dir='ltr'><strong>sic</strong></span> <span class='ocrx_word' id='word_1_187' title='bbox 1076 2546 1216 2616; x_wconf 89' lang='lat' dir='ltr'><strong>lnqui</strong></span> <span class='ocrx_word' id='word_1_188' title='bbox 1249 2545 1574 2615; x_wconf 85' lang='lat' dir='ltr'><strong>Scripturas,</strong></span> <span class='ocrx_word' id='word_1_189' title='bbox 1605 2553 1661 2597; x_wconf 90' lang='lat' dir='ltr'><strong>ut</strong></span> <span class='ocrx_word' id='word_1_190' title='bbox 1688 2554 1910 2614; x_wconf 55' lang='lat' dir='ltr'><strong>praetcr-</strong></span> 
     </span>
    </p>
   </div>
   <div class='ocr_carea' id='block_1_24' title="bbox 311 2636 1909 2707">
    <p class='ocr_par' dir='ltr' id='par_1_24' title="bbox 311 2636 1909 2707">
     <span class='ocr_line' id='line_1_24' title="bbox 311 2636 1909 2707; baseline -0.001 -16"><span class='ocrx_word' id='word_1_191' title='bbox 311 2640 447 2691; x_wconf 89' lang='lat' dir='ltr'><strong>itnm</strong></span> <span class='ocrx_word' id='word_1_192' title='bbox 496 2648 703 2707; x_wconf 82' lang='lat' dir='ltr'><strong>tempus</strong></span> <span class='ocrx_word' id='word_1_193' title='bbox 746 2655 843 2707; x_wconf 91' lang='lat' dir='ltr'><strong>pro</strong></span> <span class='ocrx_word' id='word_1_194' title='bbox 888 2638 1064 2693; x_wconf 80' lang='lat' dir='ltr'><strong>futuro</strong></span> <span class='ocrx_word' id='word_1_195' title='bbox 1106 2646 1346 2706; x_wconf 88' lang='lat' dir='ltr'><strong>tempore</strong></span> <span class='ocrx_word' id='word_1_196' title='bbox 1392 2636 1667 2690; x_wconf 85' lang='lat' dir='ltr'><strong>insinuent</strong></span> <span class='ocrx_word' id='word_1_197' title='bbox 1712 2652 1725 2688; x_wconf 91' lang='lat'>:</span> <span class='ocrx_word' id='word_1_198' title='bbox 1773 2636 1909 2689; x_wconf 86' lang='lat' dir='ltr'><strong>sicut</strong></span> 
     </span>
    </p>
   </div>
   <div class='ocr_carea' id='block_1_25' title="bbox 312 2726 1907 2799">
    <p class='ocr_par' dir='ltr' id='par_1_25' title="bbox 312 2726 1907 2799">
     <span class='ocr_line' id='line_1_25' title="bbox 312 2726 1907 2799; baseline -0.001 -16"><span class='ocrx_word' id='word_1_199' title='bbox 312 2745 482 2799; x_wconf 83' lang='lat' dir='ltr'><strong>supra</strong></span> <span class='ocrx_word' id='word_1_200' title='bbox 513 2730 740 2783; x_wconf 80' lang='lat' dir='ltr'><strong>diximus</strong></span> <span class='ocrx_word' id='word_1_201' title='bbox 762 2771 776 2795; x_wconf 97' lang='lat'><strong>,</strong></span> <span class='ocrx_word' id='word_1_202' title='bbox 806 2729 946 2799; x_wconf 88' lang='lat' dir='ltr'><strong>quod</strong></span> <span class='ocrx_word' id='word_1_203' title='bbox 974 2729 1262 2798; x_wconf 83' lang='lat' dir='ltr'><strong>Apostolus</strong></span> <span class='ocrx_word' id='word_1_204' title='bbox 1293 2728 1427 2782; x_wconf 81' lang='lat' dir='ltr'><strong>dixit</strong></span> <span class='ocrx_word' id='word_1_205' title='bbox 1464 2727 1532 2782; x_wconf 91' lang='lat' dir='ltr'><strong>de</strong></span> <span class='ocrx_word' id='word_1_206' title='bbox 1559 2726 1732 2790; x_wconf 92' lang='lat' dir='ltr'><strong>nobis,</strong></span> <span class='ocrx_word' id='word_1_207' title='bbox 1764 2726 1907 2796; x_wconf 91' lang='lat' dir='ltr'><strong>quod</strong></span> 
     </span>
    </p>
   </div>
   <div class='ocr_carea' id='block_1_26' title="bbox 312 2816 1904 2890">
    <p class='ocr_par' dir='ltr' id='par_1_26' title="bbox 312 2816 1904 2890">
     <span class='ocr_line' id='line_1_26' title="bbox 312 2816 1904 2890; baseline -0.003 -15"><span class='ocrx_word' id='word_1_208' title='bbox 312 2822 476 2875; x_wconf 80' lang='lat' dir='ltr'><strong>simul</strong></span> <span class='ocrx_word' id='word_1_209' title='bbox 501 2839 590 2874; x_wconf 89' lang='lat' dir='ltr'><strong>nos</strong></span> <span class='ocrx_word' id='word_1_210' title='bbox 618 2822 790 2875; x_wconf 86' lang='lat' dir='ltr'><strong>sedere</strong></span> <span class='ocrx_word' id='word_1_211' title='bbox 825 2821 943 2890; x_wconf 81' lang='lat' dir='ltr'><strong>fecit</strong></span> <span class='ocrx_word' id='word_1_212' title='bbox 985 2822 1037 2874; x_wconf 90' lang='lat' dir='ltr'><strong>in</strong></span> <span class='ocrx_word' id='word_1_213' title='bbox 1080 2820 1361 2874; x_wconf 74' lang='lat' dir='ltr'><strong>caelestibus</strong></span> <span class='ocrx_word' id='word_1_214' title='bbox 1382 2860 1395 2884; x_wconf 93' lang='lat'><strong>,</strong></span> <span class='ocrx_word' id='word_1_215' title='bbox 1441 2816 1676 2872; x_wconf 92' lang='lat' dir='ltr'><strong>nondum</strong></span> <span class='ocrx_word' id='word_1_216' title='bbox 1708 2816 1904 2871; x_wconf 81' lang='lat' dir='ltr'><strong>factum</strong></span> 
     </span>
    </p>
   </div>
   <div class='ocr_carea' id='block_1_27' title="bbox 308 2909 1907 2983">
    <p class='ocr_par' dir='ltr' id='par_1_27' title="bbox 308 2909 1907 2983">
     <span class='ocr_line' id='line_1_27' title="bbox 308 2909 1907 2983; baseline -0.003 -16"><span class='ocrx_word' id='word_1_217' title='bbox 308 2923 431 2976; x_wconf 89' lang='lat' dir='ltr'><strong>est;</strong></span> <span class='ocrx_word' id='word_1_218' title='bbox 466 2914 558 2967; x_wconf 89' lang='lat' dir='ltr'><strong>sed</strong></span> <span class='ocrx_word' id='word_1_219' title='bbox 588 2914 710 2983; x_wconf 92' lang='lat' dir='ltr'><strong>quia</strong></span> <span class='ocrx_word' id='word_1_220' title='bbox 751 2913 1051 2967; x_wconf 86' lang='lat' dir='ltr'><strong>certissime</strong></span> <span class='ocrx_word' id='word_1_221' title='bbox 1086 2921 1169 2966; x_wconf 90' lang='lat' dir='ltr'><strong>est</strong></span> <span class='ocrx_word' id='word_1_222' title='bbox 1200 2912 1465 2977; x_wconf 81' lang='lat' dir='ltr'><strong>futurum,</strong></span> <span class='ocrx_word' id='word_1_223' title='bbox 1500 2911 1569 2964; x_wconf 90' lang='lat' dir='ltr'><strong>ita</strong></span> <span class='ocrx_word' id='word_1_224' title='bbox 1595 2909 1796 2965; x_wconf 90' lang='lat' dir='ltr'><strong>dictum</strong></span> <span class='ocrx_word' id='word_1_225' title='bbox 1825 2919 1907 2963; x_wconf 91' lang='lat' dir='ltr'><strong>est</strong></span> 
     </span>
    </p>
   </div>
   <div class='ocr_carea' id='block_1_28' title="bbox 306 3002 1908 3075">
    <p class='ocr_par' dir='ltr' id='par_1_28' title="bbox 306 3002 1908 3075">
     <span class='ocr_line' id='line_1_28' title="bbox 306 3002 1908 3075; baseline -0.002 -16"><span class='ocrx_word' id='word_1_226' title='bbox 306 3006 465 3074; x_wconf 89' lang='lat' dir='ltr'><strong>quasi</strong></span> <span class='ocrx_word' id='word_1_227' title='bbox 491 3006 604 3075; x_wconf 90' lang='lat' dir='ltr'><strong>jam</strong></span> <span class='ocrx_word' id='word_1_228' title='bbox 630 3006 825 3060; x_wconf 82' lang='lat' dir='ltr'><strong>factum</strong></span> <span class='ocrx_word' id='word_1_229' title='bbox 853 3006 941 3060; x_wconf 87' lang='lat' dir='ltr'><strong>sit.</strong></span> <span class='ocrx_word' id='word_1_230' title='bbox 968 3004 1117 3060; x_wconf 85' lang='lat' dir='ltr'><strong>Sicut</strong></span> <span class='ocrx_word' id='word_1_231' title='bbox 1142 3015 1195 3059; x_wconf 87' lang='lat' dir='ltr'><strong>ct</strong></span> <span class='ocrx_word' id='word_1_232' title='bbox 1220 3004 1334 3075; x_wconf 89' lang='lat' dir='ltr'><strong>ipse</strong></span> <span class='ocrx_word' id='word_1_233' title='bbox 1363 3003 1616 3057; x_wconf 86' lang='lat' dir='ltr'><strong>Dominus</strong></span> <span class='ocrx_word' id='word_1_234' title='bbox 1635 3002 1908 3072; x_wconf 86' lang='lat' dir='ltr'><strong>discipulis</strong></span> 
     </span>
    </p>
   </div>
   <div class='ocr_carea' id='block_1_29' title="bbox 305 3093 1907 3167">
    <p class='ocr_par' dir='ltr' id='par_1_29' title="bbox 305 3093 1907 3167">
     <span class='ocr_line' id='line_1_29' title="bbox 305 3093 1907 3167; baseline -0.001 -18"><span class='ocrx_word' id='word_1_235' title='bbox 305 3097 465 3163; x_wconf 83' lang='lat' dir='ltr'><strong>dixit,</strong></span> <span class='ocrx_word' id='word_1_236' title='bbox 502 3097 688 3150; x_wconf 86' lang='lat' dir='ltr'><strong>Omnia</strong></span> <span class='ocrx_word' id='word_1_237' title='bbox 716 3113 831 3167; x_wconf 80' lang='lat' dir='ltr'><strong>qua:</strong></span> <span class='ocrx_word' id='word_1_238' title='bbox 872 3097 1047 3149; x_wconf 79' lang='lat' dir='ltr'><strong>audiri</strong></span> <span class='ocrx_word' id='word_1_239' title='bbox 1073 3113 1104 3149; x_wconf 90' lang='lat' dir='ltr'><strong>a</strong></span> <span class='ocrx_word' id='word_1_240' title='bbox 1138 3095 1296 3149; x_wconf 81' lang='lat' dir='ltr'><strong>Patre</strong></span> <span class='ocrx_word' id='word_1_241' title='bbox 1319 3112 1459 3161; x_wconf 90' lang='lat' dir='ltr'><strong>meo,</strong></span> <span class='ocrx_word' id='word_1_242' title='bbox 1499 3104 1619 3148; x_wconf 89' lang='lat' dir='ltr'><strong>nota</strong></span> <span class='ocrx_word' id='word_1_243' title='bbox 1647 3095 1744 3165; x_wconf 82' lang='lat' dir='ltr'><strong>feci</strong></span> <span class='ocrx_word' id='word_1_244' title='bbox 1772 3093 1907 3147; x_wconf 88' lang='lat' dir='ltr'><strong>vobis</strong></span> 
     </span>
    </p>
   </div>
   <div class='ocr_carea' id='block_1_30' title="bbox 305 3186 1909 3261">
    <p class='ocr_par' dir='ltr' id='par_1_30' title="bbox 305 3186 1909 3261">
     <span class='ocr_line' id='line_1_30' title="bbox 305 3186 1909 3261; baseline 0 -21"><span class='ocrx_word' id='word_1_245' title='bbox 305 3188 435 3259; x_wconf 86' lang='lat' dir='ltr'><strong>(Id.</strong></span> <span class='ocrx_word' id='word_1_246' title='bbox 479 3205 577 3254; x_wconf 85' lang='lat' dir='ltr'><strong>xv,</strong></span> <span class='ocrx_word' id='word_1_247' title='bbox 609 3190 710 3261; x_wconf 82' lang='grc'><strong>15)</strong></span> <span class='ocrx_word' id='word_1_248' title='bbox 743 3208 754 3242; x_wconf 87' lang='grc'>;</span> <span class='ocrx_word' id='word_1_249' title='bbox 787 3198 841 3244; x_wconf 86' lang='grc' dir='ltr'><strong>ει</strong></span> <span class='ocrx_word' id='word_1_250' title='bbox 883 3189 1039 3258; x_wconf 88' lang='lat' dir='ltr'><strong>paulo</strong></span> <span class='ocrx_word' id='word_1_251' title='bbox 1069 3196 1188 3258; x_wconf 92' lang='lat' dir='ltr'><strong>post</strong></span> <span class='ocrx_word' id='word_1_252' title='bbox 1211 3187 1358 3251; x_wconf 86' lang='lat' dir='ltr'><strong>dicit,</strong></span> <span class='ocrx_word' id='word_1_253' title='bbox 1393 3187 1561 3240; x_wconf 80' lang='lat' dir='ltr'><strong>Multa</strong></span> <span class='ocrx_word' id='word_1_254' title='bbox 1588 3186 1745 3241; x_wconf 81' lang='lat' dir='ltr'><strong>habeo</strong></span> <span class='ocrx_word' id='word_1_255' title='bbox 1772 3187 1909 3240; x_wconf 88' lang='lat' dir='ltr'><strong>vobis</strong></span> 
     </span>
    </p>
   </div>
   <div class='ocr_carea' id='block_1_31' title="bbox 305 3279 1905 3354">
    <p class='ocr_par' dir='ltr' id='par_1_31' title="bbox 305 3279 1905 3354">
     <span class='ocr_line' id='line_1_31' title="bbox 305 3279 1905 3354; baseline 0 -21"><span class='ocrx_word' id='word_1_256' title='bbox 305 3282 513 3345; x_wconf 80' lang='lat' dir='ltr'><strong>dicere;</strong></span> <span class='ocrx_word' id='word_1_257' title='bbox 544 3283 631 3335; x_wconf 89' lang='lat' dir='ltr'><strong>sed</strong></span> <span class='ocrx_word' id='word_1_258' title='bbox 667 3299 765 3336; x_wconf 89' lang='lat' dir='ltr'><strong>non</strong></span> <span class='ocrx_word' id='word_1_259' title='bbox 794 3284 999 3351; x_wconf 79' lang='lat' dir='ltr'><strong>potestis</strong></span> <span class='ocrx_word' id='word_1_260' title='bbox 1020 3280 1111 3335; x_wconf 87' lang='lat' dir='ltr'><strong>illa</strong></span> <span class='ocrx_word' id='word_1_261' title='bbox 1137 3291 1337 3353; x_wconf 83' lang='lat' dir='ltr'><strong>portare</strong></span> <span class='ocrx_word' id='word_1_262' title='bbox 1357 3281 1504 3334; x_wconf 90' lang='lat' dir='ltr'><strong>modo</strong></span> <span class='ocrx_word' id='word_1_263' title='bbox 1526 3279 1636 3354; x_wconf 89' lang='lat' dir='ltr'><strong>(Id.</strong></span> <span class='ocrx_word' id='word_1_264' title='bbox 1662 3296 1770 3345; x_wconf 73' lang='lat' dir='ltr'><strong>xw,</strong></span> <span class='ocrx_word' id='word_1_265' title='bbox 1795 3279 1905 3352; x_wconf 71' lang='lat' dir='ltr'><strong>i2).</strong></span> 
     </span>
    </p>
   </div>
   <div class='ocr_carea' id='block_1_32' title="bbox 304 3370 1909 3443">
    <p class='ocr_par' dir='ltr' id='par_1_32' title="bbox 304 3370 1909 3443">
     <span class='ocr_line' id='line_1_32' title="bbox 304 3370 1909 3443; baseline 0 -18"><span class='ocrx_word' id='word_1_266' title='bbox 304 3372 598 3438; x_wconf 84' lang='lat' dir='ltr'><strong>Quomodo</strong></span> <span class='ocrx_word' id='word_1_267' title='bbox 635 3388 764 3443; x_wconf 88' lang='lat' dir='ltr'><strong>ergo</strong></span> <span class='ocrx_word' id='word_1_268' title='bbox 803 3374 1054 3437; x_wconf 76' lang='lat' dir='ltr'><strong>dixerat,</strong></span> <span class='ocrx_word' id='word_1_269' title='bbox 1106 3372 1291 3425; x_wconf 83' lang='lat' dir='ltr'><strong>Omnia</strong></span> <span class='ocrx_word' id='word_1_270' title='bbox 1327 3388 1440 3441; x_wconf 71' lang='lat' dir='ltr'><strong>quae</strong></span> <span class='ocrx_word' id='word_1_271' title='bbox 1468 3372 1639 3425; x_wconf 86' lang='lat' dir='ltr'><strong>audivi</strong></span> <span class='ocrx_word' id='word_1_272' title='bbox 1677 3388 1708 3424; x_wconf 92' lang='lat' dir='ltr'><strong>a</strong></span> <span class='ocrx_word' id='word_1_273' title='bbox 1757 3370 1909 3425; x_wconf 80' lang='lat' dir='ltr'><strong>Patre</strong></span> 
     </span>
    </p>
   </div>
   <div class='ocr_carea' id='block_1_33' title="bbox 304 3464 1907 3535">
    <p class='ocr_par' dir='ltr' id='par_1_33' title="bbox 304 3464 1907 3535">
     <span class='ocr_line' id='line_1_33' title="bbox 304 3464 1907 3535; baseline 0.001 -18"><span class='ocrx_word' id='word_1_274' title='bbox 304 3481 441 3530; x_wconf 87' lang='lat' dir='ltr'><strong>meo,</strong></span> <span class='ocrx_word' id='word_1_275' title='bbox 476 3475 596 3517; x_wconf 91' lang='lat' dir='ltr'><strong>nota</strong></span> <span class='ocrx_word' id='word_1_276' title='bbox 618 3466 716 3534; x_wconf 81' lang='lat' dir='ltr'><strong>feci</strong></span> <span class='ocrx_word' id='word_1_277' title='bbox 741 3466 897 3529; x_wconf 82' lang='lat' dir='ltr'><strong>vobis,</strong></span> <span class='ocrx_word' id='word_1_278' title='bbox 926 3465 1029 3520; x_wconf 89' lang='lat' dir='ltr'><strong>nisi</strong></span> <span class='ocrx_word' id='word_1_279' title='bbox 1061 3464 1185 3535; x_wconf 90' lang='lat' dir='ltr'><strong>quia</strong></span> <span class='ocrx_word' id='word_1_280' title='bbox 1214 3464 1346 3521; x_wconf 77' lang='lat' dir='ltr'><strong>illud</strong></span> <span class='ocrx_word' id='word_1_281' title='bbox 1372 3465 1509 3535; x_wconf 88' lang='lat' dir='ltr'><strong>quod</strong></span> <span class='ocrx_word' id='word_1_282' title='bbox 1537 3480 1632 3535; x_wconf 89' lang='lat' dir='ltr'><strong>per</strong></span> <span class='ocrx_word' id='word_1_283' title='bbox 1651 3464 1907 3535; x_wconf 86' lang='lat' dir='ltr'><strong>Spiritum</strong></span> 
     </span>
    </p>
   </div>
   <div class='ocr_carea' id='block_1_34' title="bbox 304 3558 1902 3628">
    <p class='ocr_par' dir='ltr' id='par_1_34' title="bbox 304 3558 1902 3628">
     <span class='ocr_line' id='line_1_34' title="bbox 304 3558 1902 3628; baseline 0 -18"><span class='ocrx_word' id='word_1_284' title='bbox 304 3565 561 3611; x_wconf 88' lang='lat' dir='ltr'><strong>sanctum</strong></span> <span class='ocrx_word' id='word_1_285' title='bbox 588 3560 890 3612; x_wconf 89' lang='lat' dir='ltr'><strong>certissime</strong></span> <span class='ocrx_word' id='word_1_286' title='bbox 920 3558 1155 3613; x_wconf 79' lang='lat' dir='ltr'><strong>facturus</strong></span> <span class='ocrx_word' id='word_1_287' title='bbox 1186 3566 1320 3623; x_wconf 88' lang='lat' dir='ltr'><strong>erat,</strong></span> <span class='ocrx_word' id='word_1_288' title='bbox 1352 3558 1502 3628; x_wconf 89' lang='lat' dir='ltr'><strong>quasi</strong></span> <span class='ocrx_word' id='word_1_289' title='bbox 1528 3558 1637 3627; x_wconf 90' lang='lat' dir='ltr'><strong>jam</strong></span> <span class='ocrx_word' id='word_1_290' title='bbox 1664 3558 1902 3622; x_wconf 81' lang='lat' dir='ltr'><strong>fecisset,</strong></span> 
     </span>
    </p>
   </div>
   <div class='ocr_carea' id='block_1_35' title="bbox 305 3648 1907 3721">
    <p class='ocr_par' dir='ltr' id='par_1_35' title="bbox 305 3648 1907 3721">
     <span class='ocr_line' id='line_1_35' title="bbox 305 3648 1907 3721; baseline 0.001 -20"><span class='ocrx_word' id='word_1_291' title='bbox 305 3650 521 3703; x_wconf 87' lang='lat' dir='ltr'><strong>locutus</strong></span> <span class='ocrx_word' id='word_1_292' title='bbox 565 3650 688 3705; x_wconf 81' lang='lat' dir='ltr'><strong>est?</strong></span> <span class='ocrx_word' id='word_1_293' title='bbox 730 3650 818 3705; x_wconf 90' lang='lat' dir='ltr'><strong>Sic</strong></span> <span class='ocrx_word' id='word_1_294' title='bbox 846 3666 976 3721; x_wconf 90' lang='lat' dir='ltr'><strong>ergo</strong></span> <span class='ocrx_word' id='word_1_295' title='bbox 1012 3666 1135 3706; x_wconf 87' lang='lat' dir='ltr'><strong>cum</strong></span> <span class='ocrx_word' id='word_1_296' title='bbox 1178 3650 1458 3716; x_wconf 90' lang='lat' dir='ltr'><strong>audimus,</strong></span> <span class='ocrx_word' id='word_1_297' title='bbox 1507 3650 1608 3716; x_wconf 89' lang='lat' dir='ltr'><strong>Qui</strong></span> <span class='ocrx_word' id='word_1_298' title='bbox 1651 3648 1807 3702; x_wconf 85' lang='lat' dir='ltr'><strong>credit</strong></span> <span class='ocrx_word' id='word_1_299' title='bbox 1854 3650 1907 3703; x_wconf 89' lang='lat' dir='ltr'><strong>in</strong></span> 
     </span>
    </p>
   </div>
   <div class='ocr_carea' id='block_1_36' title="bbox 306 3742 1906 3814">
    <p class='ocr_par' dir='ltr' id='par_1_36' title="bbox 306 3742 1906 3814">
     <span class='ocr_line' id='line_1_36' title="bbox 306 3742 1906 3814; baseline -0.002 -17"><span class='ocrx_word' id='word_1_300' title='bbox 306 3743 609 3810; x_wconf 86' lang='lat' dir='ltr'><strong>Christum,</strong></span> <span class='ocrx_word' id='word_1_301' title='bbox 654 3761 757 3797; x_wconf 90' lang='lat' dir='ltr'><strong>non</strong></span> <span class='ocrx_word' id='word_1_302' title='bbox 803 3746 961 3798; x_wconf 86' lang='lat' dir='ltr'><strong>veniet</strong></span> <span class='ocrx_word' id='word_1_303' title='bbox 992 3746 1045 3798; x_wconf 90' lang='lat' dir='ltr'><strong>in</strong></span> <span class='ocrx_word' id='word_1_304' title='bbox 1074 3745 1373 3814; x_wconf 86' lang='lat' dir='ltr'><strong>judicium;</strong></span> <span class='ocrx_word' id='word_1_305' title='bbox 1406 3743 1757 3811; x_wconf 81' lang='lat' dir='ltr'><strong>intelligamus</strong></span> <span class='ocrx_word' id='word_1_306' title='bbox 1785 3742 1906 3812; x_wconf 89' lang='lat' dir='ltr'><strong>quia</strong></span> 
     </span>
    </p>
   </div>
   <div class='ocr_carea' id='block_1_37' title="bbox 306 3833 1905 3902">
    <p class='ocr_par' dir='ltr' id='par_1_37' title="bbox 306 3833 1905 3902">
     <span class='ocr_line' id='line_1_37' title="bbox 306 3833 1905 3902; baseline -0.001 -12"><span class='ocrx_word' id='word_1_307' title='bbox 306 3852 417 3890; x_wconf 86' lang='lat' dir='ltr'><strong>non</strong></span> <span class='ocrx_word' id='word_1_308' title='bbox 460 3838 635 3890; x_wconf 78' lang='lat' dir='ltr'><strong>veniet</strong></span> <span class='ocrx_word' id='word_1_309' title='bbox 674 3836 739 3890; x_wconf 89' lang='lat' dir='ltr'><strong>ad</strong></span> <span class='ocrx_word' id='word_1_310' title='bbox 775 3836 1194 3891; x_wconf 88' lang='lat' dir='ltr'><strong>damnationem.</strong></span> <span class='ocrx_word' id='word_1_311' title='bbox 1240 3835 1441 3889; x_wconf 90' lang='lat' dir='ltr'><strong>Dicitur</strong></span> <span class='ocrx_word' id='word_1_312' title='bbox 1480 3834 1624 3889; x_wconf 89' lang='lat' dir='ltr'><strong>enim</strong></span> <span class='ocrx_word' id='word_1_313' title='bbox 1649 3833 1905 3902; x_wconf 82' lang='lat' dir='ltr'><strong>judicium</strong></span> 
     </span>
    </p>
   </div>
   <div class='ocr_carea' id='block_1_38' title="bbox 308 3924 1912 3997">
    <p class='ocr_par' dir='ltr' id='par_1_38' title="bbox 308 3924 1912 3997">
     <span class='ocr_line' id='line_1_38' title="bbox 308 3924 1912 3997; baseline -0.002 -16"><span class='ocrx_word' id='word_1_314' title='bbox 308 3943 411 3997; x_wconf 89' lang='lat' dir='ltr'><strong>pro</strong></span> <span class='ocrx_word' id='word_1_315' title='bbox 440 3928 805 3993; x_wconf 86' lang='lat' dir='ltr'><strong>damnatione,</strong></span> <span class='ocrx_word' id='word_1_316' title='bbox 840 3928 976 3981; x_wconf 88' lang='lat' dir='ltr'><strong>sicut</strong></span> <span class='ocrx_word' id='word_1_317' title='bbox 1014 3927 1143 3982; x_wconf 92' lang='lat' dir='ltr'><strong>dicit</strong></span> <span class='ocrx_word' id='word_1_318' title='bbox 1166 3927 1472 3995; x_wconf 82' lang='lat' dir='ltr'><strong>Apostolus,</strong></span> <span class='ocrx_word' id='word_1_319' title='bbox 1510 3924 1609 3993; x_wconf 82' lang='lat' dir='ltr'><strong>Qui</strong></span> <span class='ocrx_word' id='word_1_320' title='bbox 1638 3941 1739 3978; x_wconf 89' lang='lat' dir='ltr'><strong>non</strong></span> <span class='ocrx_word' id='word_1_321' title='bbox 1766 3940 1912 3978; x_wconf 90' lang='lat' dir='ltr'><strong>man-</strong></span> 
     </span>
    </p>
   </div>
   <div class='ocr_carea' id='block_1_39' title="bbox 306 4014 1907 4089">
    <p class='ocr_par' dir='ltr' id='par_1_39' title="bbox 306 4014 1907 4089">
     <span class='ocr_line' id='line_1_39' title="bbox 306 4014 1907 4089; baseline -0.001 -17"><span class='ocrx_word' id='word_1_322' title='bbox 306 4021 500 4085; x_wconf 87' lang='lat' dir='ltr'><strong>ducat,</strong></span> <span class='ocrx_word' id='word_1_323' title='bbox 546 4021 934 4074; x_wconf 87' lang='lat' dir='ltr'><strong>manducantem</strong></span> <span class='ocrx_word' id='word_1_324' title='bbox 965 4036 1064 4073; x_wconf 88' lang='lat' dir='ltr'><strong>non</strong></span> <span class='ocrx_word' id='word_1_325' title='bbox 1098 4020 1295 4089; x_wconf 87' lang='lat' dir='ltr'><strong>judicet</strong></span> <span class='ocrx_word' id='word_1_326' title='bbox 1331 4018 1523 4088; x_wconf 85' lang='lat' dir='ltr'><strong>(Rom.</strong></span> <span class='ocrx_word' id='word_1_327' title='bbox 1566 4033 1678 4083; x_wconf 74' lang='lat' dir='ltr'><strong>xuv,</strong></span> <span class='ocrx_word' id='word_1_328' title='bbox 1708 4014 1776 4086; x_wconf 77' lang='lat'><strong>5)</strong></span> <span class='ocrx_word' id='word_1_329' title='bbox 1810 4035 1823 4070; x_wconf 92' lang='lat'><strong>:</strong></span> <span class='ocrx_word' id='word_1_330' title='bbox 1857 4016 1907 4071; x_wconf 92' lang='lat' dir='ltr'><strong>id</strong></span> 
     </span>
    </p>
   </div>
   <div class='ocr_carea' id='block_1_40' title="bbox 308 4106 1905 4173">
    <p class='ocr_par' dir='ltr' id='par_1_40' title="bbox 308 4106 1905 4173">
     <span class='ocr_line' id='line_1_40' title="bbox 308 4106 1905 4173; baseline -0.004 -7"><span class='ocrx_word' id='word_1_331' title='bbox 308 4120 397 4166; x_wconf 87' lang='lat' dir='ltr'><strong>est</strong></span> <span class='ocrx_word' id='word_1_332' title='bbox 420 4152 433 4173; x_wconf 91' lang='lat'><strong>,</strong></span> <span class='ocrx_word' id='word_1_333' title='bbox 466 4126 572 4163; x_wconf 93' lang='lat' dir='ltr'><strong>non</strong></span> <span class='ocrx_word' id='word_1_334' title='bbox 609 4110 677 4164; x_wconf 89' lang='lat' dir='ltr'><strong>de</strong></span> <span class='ocrx_word' id='word_1_335' title='bbox 712 4110 805 4163; x_wconf 93' lang='lat' dir='ltr'><strong>illo</strong></span> <span class='ocrx_word' id='word_1_336' title='bbox 848 4109 985 4163; x_wconf 89' lang='lat' dir='ltr'><strong>male</strong></span> <span class='ocrx_word' id='word_1_337' title='bbox 1016 4110 1308 4163; x_wconf 84' lang='lat' dir='ltr'><strong>existimet.</strong></span> <span class='ocrx_word' id='word_1_338' title='bbox 1345 4107 1411 4161; x_wconf 84' lang='lat' dir='ltr'><strong>Et</strong></span> <span class='ocrx_word' id='word_1_339' title='bbox 1440 4107 1697 4161; x_wconf 86' lang='lat' dir='ltr'><strong>Dominus</strong></span> <span class='ocrx_word' id='word_1_340' title='bbox 1731 4106 1861 4161; x_wconf 91' lang='lat' dir='ltr'><strong>dicit</strong></span> <span class='ocrx_word' id='word_1_341' title='bbox 1891 4121 1905 4172; x_wconf 92' lang='lat'><strong>;</strong></span> 
     </span>
    </p>
   </div>
   <div class='ocr_carea' id='block_1_41' title="bbox 310 4196 1906 4271">
    <p class='ocr_par' dir='ltr' id='par_1_41' title="bbox 310 4196 1906 4271">
     <span class='ocr_line' id='line_1_41' title="bbox 310 4196 1906 4271; baseline -0.002 -18"><span class='ocrx_word' id='word_1_342' title='bbox 310 4199 493 4253; x_wconf 83' lang='lat' dir='ltr'><strong>Nolite</strong></span> <span class='ocrx_word' id='word_1_343' title='bbox 514 4199 772 4269; x_wconf 75' lang='lat' dir='ltr'><strong>judicare,</strong></span> <span class='ocrx_word' id='word_1_344' title='bbox 803 4217 865 4253; x_wconf 90' lang='lat' dir='ltr'><strong>ne</strong></span> <span class='ocrx_word' id='word_1_345' title='bbox 879 4200 1138 4271; x_wconf 86' lang='lat' dir='ltr'><strong>judicetur</strong></span> <span class='ocrx_word' id='word_1_346' title='bbox 1175 4199 1238 4252; x_wconf 84' lang='lat' dir='ltr'><strong>de</strong></span> <span class='ocrx_word' id='word_1_347' title='bbox 1275 4199 1417 4253; x_wconf 80' lang='lat' dir='ltr'><strong>vobis</strong></span> <span class='ocrx_word' id='word_1_348' title='bbox 1439 4196 1662 4269; x_wconf 80' lang='lat' dir='ltr'><strong>(Matth.</strong></span> <span class='ocrx_word' id='word_1_349' title='bbox 1694 4214 1787 4265; x_wconf 84' lang='lat' dir='ltr'><strong>vn,</strong></span> <span class='ocrx_word' id='word_1_350' title='bbox 1816 4196 1906 4269; x_wconf 78' lang='lat' dir='ltr'><strong>l).</strong></span> 
     </span>
    </p>
   </div>
   <div class='ocr_carea' id='block_1_42' title="bbox 312 4288 1911 4359">
    <p class='ocr_par' dir='ltr' id='par_1_42' title="bbox 312 4288 1911 4359">
     <span class='ocr_line' id='line_1_42' title="bbox 312 4288 1911 4359; baseline -0.001 -14"><span class='ocrx_word' id='word_1_351' title='bbox 312 4291 433 4345; x_wconf 78' lang='lat' dir='ltr'><strong>Non</strong></span> <span class='ocrx_word' id='word_1_352' title='bbox 464 4292 607 4344; x_wconf 90' lang='lat' dir='ltr'><strong>enim</strong></span> <span class='ocrx_word' id='word_1_353' title='bbox 632 4290 770 4343; x_wconf 91' lang='lat' dir='ltr'><strong>tollit</strong></span> <span class='ocrx_word' id='word_1_354' title='bbox 795 4290 952 4345; x_wconf 87' lang='lat' dir='ltr'><strong>nobis</strong></span> <span class='ocrx_word' id='word_1_355' title='bbox 974 4290 1374 4359; x_wconf 81' lang='lat' dir='ltr'><strong>intelligentiam</strong></span> <span class='ocrx_word' id='word_1_356' title='bbox 1394 4288 1690 4357; x_wconf 88' lang='lat' dir='ltr'><strong>jndicaudi,</strong></span> <span class='ocrx_word' id='word_1_357' title='bbox 1714 4304 1834 4343; x_wconf 92' lang='lat' dir='ltr'><strong>cum</strong></span> <span class='ocrx_word' id='word_1_358' title='bbox 1857 4298 1911 4344; x_wconf 90' lang='lat' dir='ltr'><strong>et</strong></span> 
     </span>
    </p>
   </div>
   <div class='ocr_carea' id='block_1_43' title="bbox 310 4380 1913 4454">
    <p class='ocr_par' dir='ltr' id='par_1_43' title="bbox 310 4380 1913 4454">
     <span class='ocr_line' id='line_1_43' title="bbox 310 4380 1913 4454; baseline -0.001 -18"><span class='ocrx_word' id='word_1_359' title='bbox 310 4382 578 4453; x_wconf 83' lang='lat' dir='ltr'><strong>propheta</strong></span> <span class='ocrx_word' id='word_1_360' title='bbox 610 4382 782 4448; x_wconf 87' lang='lat' dir='ltr'><strong>dicat,</strong></span> <span class='ocrx_word' id='word_1_361' title='bbox 818 4380 879 4437; x_wconf 88' lang='lat' dir='ltr'><strong>Si</strong></span> <span class='ocrx_word' id='word_1_362' title='bbox 908 4398 1020 4436; x_wconf 84' lang='lat' dir='ltr'><strong>vere</strong></span> <span class='ocrx_word' id='word_1_363' title='bbox 1049 4383 1305 4452; x_wconf 85' lang='lat' dir='ltr'><strong>justitiam</strong></span> <span class='ocrx_word' id='word_1_364' title='bbox 1332 4382 1575 4453; x_wconf 86' lang='lat' dir='ltr'><strong>diligitis,</strong></span> <span class='ocrx_word' id='word_1_365' title='bbox 1616 4391 1750 4436; x_wconf 91' lang='lat' dir='ltr'><strong>recta</strong></span> <span class='ocrx_word' id='word_1_366' title='bbox 1764 4382 1913 4454; x_wconf 84' lang='lat' dir='ltr'><strong>judi-</strong></span> 
     </span>
    </p>
   </div>
   <div class='ocr_carea' id='block_1_44' title="bbox 309 4472 1911 4545">
    <p class='ocr_par' dir='ltr' id='par_1_44' title="bbox 309 4472 1911 4545">
     <span class='ocr_line' id='line_1_44' title="bbox 309 4472 1911 4545; baseline 0.001 -18"><span class='ocrx_word' id='word_1_367' title='bbox 309 4484 444 4535; x_wconf 85' lang='lat' dir='ltr'><strong>cale.</strong></span> <span class='ocrx_word' id='word_1_368' title='bbox 478 4475 575 4540; x_wconf 80' lang='lat' dir='ltr'><strong>ﬁlii</strong></span> <span class='ocrx_word' id='word_1_369' title='bbox 611 4474 873 4526; x_wconf 87' lang='lat' dir='ltr'><strong>hominum</strong></span> <span class='ocrx_word' id='word_1_370' title='bbox 904 4474 922 4545; x_wconf 89' lang='lat'><strong>(</strong></span> <span class='ocrx_word' id='word_1_371' title='bbox 948 4472 1092 4529; x_wconf 86' lang='lat' dir='ltr'><strong>Psal.</strong></span> <span class='ocrx_word' id='word_1_372' title='bbox 1125 4489 1255 4540; x_wconf 78' lang='grc' dir='ltr'>ινιι,</span> <span class='ocrx_word' id='word_1_373' title='bbox 1285 4474 1320 4527; x_wconf 71' lang='grc'>2</span> <span class='ocrx_word' id='word_1_374' title='bbox 1342 4476 1389 4543; x_wconf 91' lang='grc'>);</span> <span class='ocrx_word' id='word_1_375' title='bbox 1418 4482 1472 4527; x_wconf 87' lang='grc' dir='ltr'><strong>ει</strong></span> <span class='ocrx_word' id='word_1_376' title='bbox 1502 4475 1614 4543; x_wconf 89' lang='lat' dir='ltr'><strong>ipse</strong></span> <span class='ocrx_word' id='word_1_377' title='bbox 1654 4473 1911 4529; x_wconf 88' lang='lat' dir='ltr'><strong>Dominus</strong></span> 
     </span>
    </p>
   </div>
   <div class='ocr_carea' id='block_1_45' title="bbox 309 4565 1912 4638">
    <p class='ocr_par' dir='ltr' id='par_1_45' title="bbox 309 4565 1912 4638">
     <span class='ocr_line' id='line_1_45' title="bbox 309 4565 1912 4638; baseline -0.001 -18"><span class='ocrx_word' id='word_1_378' title='bbox 309 4568 477 4628; x_wconf 86' lang='lat' dir='ltr'><strong>dicat.</strong></span> <span class='ocrx_word' id='word_1_379' title='bbox 512 4565 688 4620; x_wconf 78' lang='lat' dir='ltr'><strong>Nolite</strong></span> <span class='ocrx_word' id='word_1_380' title='bbox 700 4567 939 4635; x_wconf 82' lang='lat' dir='ltr'><strong>judicare</strong></span> <span class='ocrx_word' id='word_1_381' title='bbox 969 4568 1316 4635; x_wconf 83' lang='lat' dir='ltr'><strong>personaliter,</strong></span> <span class='ocrx_word' id='word_1_382' title='bbox 1346 4567 1435 4620; x_wconf 89' lang='lat' dir='ltr'><strong>sed</strong></span> <span class='ocrx_word' id='word_1_383' title='bbox 1447 4568 1645 4637; x_wconf 87' lang='lat' dir='ltr'><strong>justum</strong></span> <span class='ocrx_word' id='word_1_384' title='bbox 1656 4567 1912 4638; x_wconf 86' lang='lat' dir='ltr'><strong>judicium</strong></span> 
     </span>
    </p>
   </div>
   <div class='ocr_carea' id='block_1_46' title="bbox 308 4656 1914 4731">
    <p class='ocr_par' dir='ltr' id='par_1_46' title="bbox 308 4656 1914 4731">
     <span class='ocr_line' id='line_1_46' title="bbox 308 4656 1914 4731; baseline 0 -19"><span class='ocrx_word' id='word_1_385' title='bbox 308 4660 541 4730; x_wconf 71' lang='lat' dir='ltr'><strong>iudicate</strong></span> <span class='ocrx_word' id='word_1_386' title='bbox 576 4659 595 4727; x_wconf 85' lang='lat'><strong>(</strong></span> <span class='ocrx_word' id='word_1_387' title='bbox 611 4658 769 4712; x_wconf 86' lang='lat' dir='ltr'><strong>Joan.</strong></span> <span class='ocrx_word' id='word_1_388' title='bbox 797 4674 889 4724; x_wconf 89' lang='lat' dir='ltr'><strong>vn,</strong></span> <span class='ocrx_word' id='word_1_389' title='bbox 928 4657 998 4711; x_wconf 65' lang='grc'><strong>24</strong></span> <span class='ocrx_word' id='word_1_390' title='bbox 1096 4658 1199 4713; x_wconf 90' lang='lat' dir='ltr'><strong>Sed</strong></span> <span class='ocrx_word' id='word_1_391' title='bbox 1227 4658 1318 4712; x_wconf 90' lang='lat' dir='ltr'><strong>illo</strong></span> <span class='ocrx_word' id='word_1_392' title='bbox 1348 4658 1467 4713; x_wconf 85' lang='lat' dir='ltr'><strong>loco</strong></span> <span class='ocrx_word' id='word_1_393' title='bbox 1500 4658 1586 4712; x_wconf 90' lang='lat' dir='ltr'><strong>ubi</strong></span> <span class='ocrx_word' id='word_1_394' title='bbox 1609 4668 1750 4714; x_wconf 87' lang='lat' dir='ltr'><strong>vetat</strong></span> <span class='ocrx_word' id='word_1_395' title='bbox 1770 4658 1914 4727; x_wconf 88' lang='lat' dir='ltr'><strong>judi-</strong></span> 
     </span>
    </p>
   </div>
   <div class='ocr_carea' id='block_1_47' title="bbox 310 4749 1911 4819">
    <p class='ocr_par' dir='ltr' id='par_1_47' title="bbox 310 4749 1911 4819">
     <span class='ocr_line' id='line_1_47' title="bbox 310 4749 1911 4819; baseline 0 -16"><span class='ocrx_word' id='word_1_396' title='bbox 310 4765 460 4810; x_wconf 86' lang='lat' dir='ltr'><strong>care,</strong></span> <span class='ocrx_word' id='word_1_397' title='bbox 490 4749 616 4802; x_wconf 91' lang='lat' dir='ltr'><strong>illud</strong></span> <span class='ocrx_word' id='word_1_398' title='bbox 638 4749 913 4815; x_wconf 87' lang='lat' dir='ltr'><strong>admonet,</strong></span> <span class='ocrx_word' id='word_1_399' title='bbox 940 4767 1007 4804; x_wconf 88' lang='lat' dir='ltr'><strong>ne</strong></span> <span class='ocrx_word' id='word_1_400' title='bbox 1028 4749 1345 4804; x_wconf 90' lang='lat' dir='ltr'><strong>damnemus</strong></span> <span class='ocrx_word' id='word_1_401' title='bbox 1371 4750 1623 4819; x_wconf 88' lang='lat' dir='ltr'><strong>aliquem,</strong></span> <span class='ocrx_word' id='word_1_402' title='bbox 1653 4749 1805 4818; x_wconf 87' lang='lat' dir='ltr'><strong>cujus</strong></span> <span class='ocrx_word' id='word_1_403' title='bbox 1828 4749 1911 4803; x_wconf 85' lang='lat' dir='ltr'><strong>vel</strong></span> 
     </span>
    </p>
   </div>
   <div class='ocr_carea' id='block_1_48' title="bbox 310 4838 1914 4911">
    <p class='ocr_par' dir='ltr' id='par_1_48' title="bbox 310 4838 1914 4911">
     <span class='ocr_line' id='line_1_48' title="bbox 310 4838 1914 4911; baseline -0.001 -16"><span class='ocrx_word' id='word_1_404' title='bbox 310 4842 575 4911; x_wconf 74' lang='lat' dir='ltr'><strong>Cogitatio</strong></span> <span class='ocrx_word' id='word_1_405' title='bbox 622 4841 777 4895; x_wconf 91' lang='lat' dir='ltr'><strong>nobis</strong></span> <span class='ocrx_word' id='word_1_406' title='bbox 809 4856 913 4895; x_wconf 90' lang='lat' dir='ltr'><strong>non</strong></span> <span class='ocrx_word' id='word_1_407' title='bbox 945 4850 1027 4894; x_wconf 82' lang='lat' dir='ltr'><strong>est</strong></span> <span class='ocrx_word' id='word_1_408' title='bbox 1054 4852 1269 4909; x_wconf 88' lang='lat' dir='ltr'><strong>aperta,</strong></span> <span class='ocrx_word' id='word_1_409' title='bbox 1309 4841 1390 4894; x_wconf 84' lang='lat' dir='ltr'><strong>vel</strong></span> <span class='ocrx_word' id='word_1_410' title='bbox 1434 4841 1701 4894; x_wconf 84' lang='lat' dir='ltr'><strong>nescimus</strong></span> <span class='ocrx_word' id='word_1_411' title='bbox 1740 4838 1914 4909; x_wconf 84' lang='lat' dir='ltr'><strong>qualis</strong></span> 
     </span>
    </p>
   </div>
   <div class='ocr_carea' id='block_1_49' title="bbox 312 4932 1915 5002">
    <p class='ocr_par' dir='ltr' id='par_1_49' title="bbox 312 4932 1915 5002">
     <span class='ocr_line' id='line_1_49' title="bbox 312 4932 1915 5002; baseline -0.002 -17"><span class='ocrx_word' id='word_1_412' title='bbox 312 4943 501 5001; x_wconf 88' lang='lat' dir='ltr'><strong>postea</strong></span> <span class='ocrx_word' id='word_1_413' title='bbox 546 4934 615 4986; x_wconf 85' lang='lat' dir='ltr'><strong>sit</strong></span> <span class='ocrx_word' id='word_1_414' title='bbox 650 4932 880 4987; x_wconf 82' lang='lat' dir='ltr'><strong>futurus.</strong></span> <span class='ocrx_word' id='word_1_415' title='bbox 925 4932 1015 4987; x_wconf 88' lang='lat' dir='ltr'><strong>Sic</strong></span> <span class='ocrx_word' id='word_1_416' title='bbox 1049 4948 1177 5002; x_wconf 89' lang='lat' dir='ltr'><strong>ergo</strong></span> <span class='ocrx_word' id='word_1_417' title='bbox 1212 4948 1333 4987; x_wconf 90' lang='lat' dir='ltr'><strong>cum</strong></span> <span class='ocrx_word' id='word_1_418' title='bbox 1376 4932 1539 4997; x_wconf 84' lang='lat' dir='ltr'><strong>dixit,</strong></span> <span class='ocrx_word' id='word_1_419' title='bbox 1569 4932 1637 4983; x_wconf 88' lang='lat' dir='ltr'><strong>ad</strong></span> <span class='ocrx_word' id='word_1_420' title='bbox 1664 4932 1915 4997; x_wconf 86' lang='lat' dir='ltr'><strong>judicium</strong></span> 
     </span>
    </p>
   </div>
   <div class='ocr_carea' id='block_1_50' title="bbox 312 5022 1916 5095">
    <p class='ocr_par' dir='ltr' id='par_1_50' title="bbox 312 5022 1916 5095">
     <span class='ocr_line' id='line_1_50' title="bbox 312 5022 1916 5095; baseline -0.003 -15"><span class='ocrx_word' id='word_1_421' title='bbox 312 5043 417 5081; x_wconf 85' lang='lat' dir='ltr'><strong>non</strong></span> <span class='ocrx_word' id='word_1_422' title='bbox 456 5028 655 5092; x_wconf 77' lang='lat' dir='ltr'><strong>veniet,-</strong></span> <span class='ocrx_word' id='word_1_423' title='bbox 699 5026 802 5079; x_wconf 86' lang='lat' dir='ltr'><strong>hoc</strong></span> <span class='ocrx_word' id='word_1_424' title='bbox 826 5025 997 5091; x_wconf 90' lang='lat' dir='ltr'><strong>dixit,</strong></span> <span class='ocrx_word' id='word_1_425' title='bbox 1038 5028 1161 5095; x_wconf 88' lang='lat' dir='ltr'><strong>quia</strong></span> <span class='ocrx_word' id='word_1_426' title='bbox 1190 5041 1295 5079; x_wconf 90' lang='lat' dir='ltr'><strong>non</strong></span> <span class='ocrx_word' id='word_1_427' title='bbox 1326 5025 1504 5079; x_wconf 88' lang='lat' dir='ltr'><strong>veniet</strong></span> <span class='ocrx_word' id='word_1_428' title='bbox 1528 5024 1593 5077; x_wconf 87' lang='lat' dir='ltr'><strong>ad</strong></span> <span class='ocrx_word' id='word_1_429' title='bbox 1619 5022 1916 5076; x_wconf 88' lang='lat' dir='ltr'><strong>damnatio-</strong></span> 
     </span>
    </p>
   </div>
   <div class='ocr_carea' id='block_1_51' title="bbox 312 5113 1911 5187">
    <p class='ocr_par' dir='ltr' id='par_1_51' title="bbox 312 5113 1911 5187">
     <span class='ocr_line' id='line_1_51' title="bbox 312 5113 1911 5187; baseline -0.004 -16"><span class='ocrx_word' id='word_1_430' title='bbox 312 5134 461 5171; x_wconf 84' lang='lat' dir='ltr'><strong>nem.</strong></span> <span class='ocrx_word' id='word_1_431' title='bbox 490 5118 589 5183; x_wconf 82' lang='lat' dir='ltr'><strong>Qui</strong></span> <span class='ocrx_word' id='word_1_432' title='bbox 609 5128 780 5172; x_wconf 90' lang='lat' dir='ltr'><strong>autem</strong></span> <span class='ocrx_word' id='word_1_433' title='bbox 807 5132 910 5170; x_wconf 87' lang='lat' dir='ltr'><strong>non</strong></span> <span class='ocrx_word' id='word_1_434' title='bbox 937 5116 1129 5183; x_wconf 90' lang='lat' dir='ltr'><strong>credit,</strong></span> <span class='ocrx_word' id='word_1_435' title='bbox 1160 5118 1271 5187; x_wconf 87' lang='lat' dir='ltr'><strong>jam</strong></span> <span class='ocrx_word' id='word_1_436' title='bbox 1288 5117 1549 5186; x_wconf 85' lang='lat' dir='ltr'><strong>judicatus</strong></span> <span class='ocrx_word' id='word_1_437' title='bbox 1570 5125 1639 5169; x_wconf 85' lang='lat' dir='ltr'><strong>est</strong></span> <span class='ocrx_word' id='word_1_438' title='bbox 1668 5117 1685 5184; x_wconf 96' lang='lat'><strong>(</strong></span> <span class='ocrx_word' id='word_1_439' title='bbox 1712 5113 1797 5166; x_wconf 86' lang='lat' dir='ltr'><strong>Id.</strong></span> <span class='ocrx_word' id='word_1_440' title='bbox 1827 5129 1911 5177; x_wconf 91' lang='grc' dir='ltr'>ιιι,</span> 
     </span>
    </p>
   </div>
   <div class='ocr_carea' id='block_1_52' title="bbox 320 5204 1914 5280">
    <p class='ocr_par' dir='ltr' id='par_1_52' title="bbox 320 5204 1914 5280">
     <span class='ocr_line' id='line_1_52' title="bbox 320 5204 1914 5280; baseline -0.003 -19"><span class='ocrx_word' id='word_1_441' title='bbox 320 5209 450 5280; x_wconf 85' lang='lat' dir='ltr'><strong>l8);</strong></span> <span class='ocrx_word' id='word_1_442' title='bbox 487 5210 589 5263; x_wconf 89' lang='lat' dir='ltr'><strong>hoc</strong></span> <span class='ocrx_word' id='word_1_443' title='bbox 635 5209 803 5274; x_wconf 91' lang='lat' dir='ltr'><strong>dixit,</strong></span> <span class='ocrx_word' id='word_1_444' title='bbox 843 5207 968 5279; x_wconf 86' lang='lat' dir='ltr'><strong>quia</strong></span> <span class='ocrx_word' id='word_1_445' title='bbox 1002 5207 1112 5278; x_wconf 89' lang='lat' dir='ltr'><strong>jam</strong></span> <span class='ocrx_word' id='word_1_446' title='bbox 1143 5208 1426 5261; x_wconf 84' lang='lat' dir='ltr'><strong>damnatus</strong></span> <span class='ocrx_word' id='word_1_447' title='bbox 1462 5216 1542 5259; x_wconf 84' lang='lat' dir='ltr'><strong>est</strong></span> <span class='ocrx_word' id='word_1_448' title='bbox 1584 5204 1914 5275; x_wconf 64' lang='lat' dir='ltr'><strong>priuscicntia</strong></span> 
     </span>
    </p>
   </div>
   <div class='ocr_carea' id='block_1_53' title="bbox 317 5298 1714 5372">
    <p class='ocr_par' dir='ltr' id='par_1_53' title="bbox 317 5298 1714 5372">
     <span class='ocr_line' id='line_1_53' title="bbox 317 5298 1714 5372; baseline -0.005 -17"><span class='ocrx_word' id='word_1_449' title='bbox 317 5302 432 5365; x_wconf 90' lang='lat' dir='ltr'><strong>Dei,</strong></span> <span class='ocrx_word' id='word_1_450' title='bbox 466 5303 558 5372; x_wconf 89' lang='lat' dir='ltr'><strong>qui</strong></span> <span class='ocrx_word' id='word_1_451' title='bbox 590 5303 737 5355; x_wconf 89' lang='lat' dir='ltr'><strong>novit</strong></span> <span class='ocrx_word' id='word_1_452' title='bbox 767 5302 893 5371; x_wconf 92' lang='lat' dir='ltr'><strong>quid</strong></span> <span class='ocrx_word' id='word_1_453' title='bbox 928 5301 1202 5355; x_wconf 85' lang='lat' dir='ltr'><strong>immineat</strong></span> <span class='ocrx_word' id='word_1_454' title='bbox 1229 5316 1331 5353; x_wconf 92' lang='lat' dir='ltr'><strong>non</strong></span> <span class='ocrx_word' id='word_1_455' title='bbox 1354 5298 1714 5352; x_wconf 73' lang='lat' dir='ltr'><strong>credentibus.</strong></span> 
     </span>
    </p>
   </div>
   <div class='ocr_carea' id='block_1_54' title="bbox 384 5387 1918 5461">
    <p class='ocr_par' dir='ltr' id='par_1_54' title="bbox 384 5387 1918 5461">
     <span class='ocr_line' id='line_1_54' title="bbox 384 5387 1918 5461; baseline -0.005 -14"><span class='ocrx_word' id='word_1_456' title='bbox 384 5392 616 5449; x_wconf 80' lang='lat' dir='ltr'><strong>CAPUT</strong></span> <span class='ocrx_word' id='word_1_457' title='bbox 660 5392 1113 5448; x_wconf 78' lang='lat' dir='ltr'><strong>XXVlll.—50.</strong></span> <span class='ocrx_word' id='word_1_458' title='bbox 1159 5390 1273 5445; x_wconf 83' lang='lat' dir='ltr'><strong>Nec</strong></span> <span class='ocrx_word' id='word_1_459' title='bbox 1320 5390 1405 5461; x_wconf 84' lang='lat' dir='ltr'><strong>qui</strong></span> <span class='ocrx_word' id='word_1_460' title='bbox 1451 5389 1623 5441; x_wconf 88' lang='lat' dir='ltr'><strong>dicunt</strong></span> <span class='ocrx_word' id='word_1_461' title='bbox 1665 5387 1918 5457; x_wconf 79' lang='lat' dir='ltr'><strong>Spiritum</strong></span> 
     </span>
    </p>
   </div>
   <div class='ocr_carea' id='block_1_55' title="bbox 314 5481 1920 5557">
    <p class='ocr_par' dir='ltr' id='par_1_55' title="bbox 314 5481 1920 5557">
     <span class='ocr_line' id='line_1_55' title="bbox 314 5481 1920 5557; baseline -0.003 -18"><span class='ocrx_word' id='word_1_462' title='bbox 314 5488 625 5557; x_wconf 84' lang='lat' dir='ltr'><strong>promissum</strong></span> <span class='ocrx_word' id='word_1_463' title='bbox 650 5488 841 5540; x_wconf 78' lang='lat' dir='ltr'><strong>venisse</strong></span> <span class='ocrx_word' id='word_1_464' title='bbox 864 5487 917 5539; x_wconf 89' lang='lat' dir='ltr'><strong>in</strong></span> <span class='ocrx_word' id='word_1_465' title='bbox 946 5485 1136 5549; x_wconf 88' lang='lat' dir='ltr'><strong>Paulo,</strong></span> <span class='ocrx_word' id='word_1_466' title='bbox 1162 5495 1250 5538; x_wconf 91' lang='lat' dir='ltr'><strong>aut</strong></span> <span class='ocrx_word' id='word_1_467' title='bbox 1273 5483 1543 5548; x_wconf 79' lang='lat' dir='ltr'><strong>Montano,</strong></span> <span class='ocrx_word' id='word_1_468' title='bbox 1565 5492 1662 5535; x_wconf 83' lang='lat' dir='ltr'><strong>etc.</strong></span> <span class='ocrx_word' id='word_1_469' title='bbox 1691 5481 1800 5535; x_wconf 85' lang='lat' dir='ltr'><strong>Nec</strong></span> <span class='ocrx_word' id='word_1_470' title='bbox 1824 5494 1920 5534; x_wconf 87' lang='lat' dir='ltr'><strong>eos</strong></span> 
     </span>
    </p>
   </div>
   <div class='ocr_carea' id='block_1_56' title="bbox 312 5572 1915 5648">
    <p class='ocr_par' dir='ltr' id='par_1_56' title="bbox 312 5572 1915 5648">
     <span class='ocr_line' id='line_1_56' title="bbox 312 5572 1915 5648; baseline -0.003 -17"><span class='ocrx_word' id='word_1_471' title='bbox 312 5578 634 5645; x_wconf 87' lang='lat' dir='ltr'><strong>audiamus,</strong></span> <span class='ocrx_word' id='word_1_472' title='bbox 677 5579 767 5648; x_wconf 92' lang='lat' dir='ltr'><strong>qui</strong></span> <span class='ocrx_word' id='word_1_473' title='bbox 810 5578 997 5632; x_wconf 88' lang='lat' dir='ltr'><strong>dicunt</strong></span> <span class='ocrx_word' id='word_1_474' title='bbox 1034 5578 1291 5648; x_wconf 89' lang='lat' dir='ltr'><strong>Spiritum</strong></span> <span class='ocrx_word' id='word_1_475' title='bbox 1341 5583 1621 5639; x_wconf 89' lang='lat' dir='ltr'><strong>sanctum,</strong></span> <span class='ocrx_word' id='word_1_476' title='bbox 1665 5588 1823 5643; x_wconf 92' lang='lat' dir='ltr'><strong>quem</strong></span> <span class='ocrx_word' id='word_1_477' title='bbox 1863 5572 1915 5627; x_wconf 93' lang='lat' dir='ltr'><strong>in</strong></span> 
     </span>
    </p>
   </div>
   <div class='ocr_carea' id='block_1_57' title="bbox 313 5662 1919 5739">
    <p class='ocr_par' dir='ltr' id='par_1_57' title="bbox 313 5662 1919 5739">
     <span class='ocr_line' id='line_1_57' title="bbox 313 5662 1919 5739; baseline -0.005 -15"><span class='ocrx_word' id='word_1_478' title='bbox 313 5669 610 5739; x_wconf 79' lang='lat' dir='ltr'><strong>Evangelia</strong></span> <span class='ocrx_word' id='word_1_479' title='bbox 644 5668 900 5722; x_wconf 81' lang='lat' dir='ltr'><strong>Dominus</strong></span> <span class='ocrx_word' id='word_1_480' title='bbox 940 5669 1185 5736; x_wconf 87' lang='lat' dir='ltr'><strong>promisit</strong></span> <span class='ocrx_word' id='word_1_481' title='bbox 1224 5666 1525 5735; x_wconf 88' lang='lat' dir='ltr'><strong>discipulis,</strong></span> <span class='ocrx_word' id='word_1_482' title='bbox 1554 5672 1647 5717; x_wconf 89' lang='lat' dir='ltr'><strong>aut</strong></span> <span class='ocrx_word' id='word_1_483' title='bbox 1673 5664 1726 5717; x_wconf 91' lang='lat' dir='ltr'><strong>in</strong></span> <span class='ocrx_word' id='word_1_484' title='bbox 1754 5662 1919 5718; x_wconf 88' lang='lat' dir='ltr'><strong>Paulo</strong></span> 
     </span>
    </p>
   </div>
   <div class='ocr_carea' id='block_1_58' title="bbox 310 5756 1921 5833">
    <p class='ocr_par' dir='ltr' id='par_1_58' title="bbox 310 5756 1921 5833">
     <span class='ocr_line' id='line_1_58' title="bbox 310 5756 1921 5833; baseline -0.005 -15"><span class='ocrx_word' id='word_1_485' title='bbox 310 5763 565 5833; x_wconf 79' lang='lat' dir='ltr'><strong>apostolo</strong></span> <span class='ocrx_word' id='word_1_486' title='bbox 590 5762 806 5816; x_wconf 86' lang='lat' dir='ltr'><strong>venisse</strong></span> <span class='ocrx_word' id='word_1_487' title='bbox 829 5803 846 5824; x_wconf 82' lang='lat'><strong>,</strong></span> <span class='ocrx_word' id='word_1_488' title='bbox 883 5771 975 5815; x_wconf 90' lang='lat' dir='ltr'><strong>aut</strong></span> <span class='ocrx_word' id='word_1_489' title='bbox 1006 5761 1058 5815; x_wconf 93' lang='lat' dir='ltr'><strong>in</strong></span> <span class='ocrx_word' id='word_1_490' title='bbox 1102 5760 1354 5815; x_wconf 90' lang='lat' dir='ltr'><strong>Montano</strong></span> <span class='ocrx_word' id='word_1_491' title='bbox 1382 5768 1436 5814; x_wconf 90' lang='lat' dir='ltr'><strong>et</strong></span> <span class='ocrx_word' id='word_1_492' title='bbox 1467 5757 1740 5824; x_wconf 80' lang='lat' dir='ltr'><strong>Priscilla,</strong></span> <span class='ocrx_word' id='word_1_493' title='bbox 1782 5756 1921 5810; x_wconf 81' lang='lat' dir='ltr'><strong>sicut</strong></span> 
     </span>
    </p>
   </div>
   <div class='ocr_carea' id='block_1_59' title="bbox 312 5846 1920 5927">
    <p class='ocr_par' dir='ltr' id='par_1_59' title="bbox 312 5846 1920 5927">
     <span class='ocr_line' id='line_1_59' title="bbox 312 5846 1920 5927; baseline -0.007 -16"><span class='ocrx_word' id='word_1_494' title='bbox 312 5854 690 5927; x_wconf 76' lang='lat' dir='ltr'><strong>Catapliryges</strong></span> <span class='ocrx_word' id='word_1_495' title='bbox 717 5854 921 5920; x_wconf 87' lang='lat' dir='ltr'><strong>dicunt,</strong></span> <span class='ocrx_word' id='word_1_496' title='bbox 946 5861 1038 5906; x_wconf 90' lang='lat' dir='ltr'><strong>aut</strong></span> <span class='ocrx_word' id='word_1_497' title='bbox 1065 5853 1116 5907; x_wconf 90' lang='lat' dir='ltr'><strong>in</strong></span> <span class='ocrx_word' id='word_1_498' title='bbox 1140 5852 1321 5908; x_wconf 85' lang='lat' dir='ltr'><strong>nescio</strong></span> <span class='ocrx_word' id='word_1_499' title='bbox 1340 5866 1446 5921; x_wconf 91' lang='lat' dir='ltr'><strong>quo</strong></span> <span class='ocrx_word' id='word_1_500' title='bbox 1473 5849 1678 5905; x_wconf 79' lang='lat' dir='ltr'><strong>Maneto</strong></span> <span class='ocrx_word' id='word_1_501' title='bbox 1704 5846 1785 5901; x_wconf 88' lang='lat' dir='ltr'><strong>vel</strong></span> <span class='ocrx_word' id='word_1_502' title='bbox 1813 5846 1920 5900; x_wconf 82' lang='lat' dir='ltr'><strong>Ma-</strong></span> 
     </span>
    </p>
   </div>
   <div class='ocr_carea' id='block_1_60' title="bbox 314 5941 1921 6010">
    <p class='ocr_par' dir='ltr' id='par_1_60' title="bbox 314 5941 1921 6010">
     <span class='ocr_line' id='line_1_60' title="bbox 314 5941 1921 6010; baseline -0.008 -5"><span class='ocrx_word' id='word_1_503' title='bbox 314 5950 525 6005; x_wconf 71' lang='lat' dir='ltr'><strong>nitba-o</strong></span> <span class='ocrx_word' id='word_1_504' title='bbox 550 5991 569 6010; x_wconf 86' lang='lat'><em>.</em></span> <span class='ocrx_word' id='word_1_505' title='bbox 600 5949 737 6003; x_wconf 88' lang='lat' dir='ltr'><strong>sicut</strong></span> <span class='ocrx_word' id='word_1_506' title='bbox 772 5946 1048 6004; x_wconf 78' lang='lat' dir='ltr'><strong>Manichaei</strong></span> <span class='ocrx_word' id='word_1_507' title='bbox 1080 5946 1285 6003; x_wconf 86' lang='lat' dir='ltr'><strong>dicunt.</strong></span> <span class='ocrx_word' id='word_1_508' title='bbox 1312 5944 1445 6002; x_wconf 87' lang='lat' dir='ltr'><strong>Tam</strong></span> <span class='ocrx_word' id='word_1_509' title='bbox 1476 5945 1617 6002; x_wconf 68' lang='lat' dir='ltr'><strong>enim</strong></span> <span class='ocrx_word' id='word_1_510' title='bbox 1645 5941 1769 5999; x_wconf 69' lang='grc' dir='ltr'>εειτεί</span> <span class='ocrx_word' id='word_1_511' title='bbox 1798 5948 1921 5997; x_wconf 83' lang='grc' dir='ltr'>ευιιι</span> 
     </span>
    </p>
   </div>
   <div class='ocr_carea' id='block_1_61' title="bbox 1747 493 2189 549">
    <p class='ocr_par' dir='ltr' id='par_1_61' title="bbox 1747 493 2189 549">
     <span class='ocr_line' id='line_1_61' title="bbox 1747 493 2189 549; baseline -0.007 0"><span class='ocrx_word' id='word_1_512' title='bbox 1747 494 1948 549; x_wconf 73' lang='lat' dir='ltr'><strong>LIBER</strong></span> <span class='ocrx_word' id='word_1_513' title='bbox 1992 493 2189 549; x_wconf 70' lang='lat' dir='ltr'><strong>UNUS.</strong></span> 
     </span>
    </p>
   </div>
   <div class='ocr_carea' id='block_1_62' title="bbox 3510 508 3614 564">
    <p class='ocr_par' dir='ltr' id='par_1_62' title="bbox 3510 508 3614 564">
     <span class='ocr_line' id='line_1_62' title="bbox 3510 508 3614 564; baseline 0 0"><span class='ocrx_word' id='word_1_514' title='bbox 3510 508 3614 564; x_wconf 70' lang='lat'><strong>306</strong></span> 
     </span>
    </p>
   </div>
   <div class='ocr_carea' id='block_1_63' title="bbox 2027 610 3612 690">
    <p class='ocr_par' dir='ltr' id='par_1_63' title="bbox 2027 610 3612 690">
     <span class='ocr_line' id='line_1_63' title="bbox 2027 610 3612 690; baseline 0.011 -29"><span class='ocrx_word' id='word_1_515' title='bbox 2027 610 2141 679; x_wconf 84' lang='lat' dir='ltr'><strong>isti,</strong></span> <span class='ocrx_word' id='word_1_516' title='bbox 2170 622 2224 665; x_wconf 87' lang='lat' dir='ltr'><strong>nt</strong></span> <span class='ocrx_word' id='word_1_517' title='bbox 2249 612 2550 683; x_wconf 75' lang='lat' dir='ltr'><strong>Scripturas</strong></span> <span class='ocrx_word' id='word_1_518' title='bbox 2579 616 2886 673; x_wconf 76' lang='lat' dir='ltr'><strong>manifestas</strong></span> <span class='ocrx_word' id='word_1_519' title='bbox 2907 634 3010 674; x_wconf 91' lang='lat' dir='ltr'><strong>non</strong></span> <span class='ocrx_word' id='word_1_520' title='bbox 3039 619 3367 690; x_wconf 86' lang='lat' dir='ltr'><strong>intelligant;</strong></span> <span class='ocrx_word' id='word_1_521' title='bbox 3390 629 3484 675; x_wconf 82' lang='lat' dir='ltr'><strong>aut</strong></span> <span class='ocrx_word' id='word_1_522' title='bbox 3505 630 3612 679; x_wconf 84' lang='lat' dir='ltr'><strong>tam</strong></span> 
     </span>
    </p>
   </div>
   <div class='ocr_carea' id='block_1_64' title="bbox 2024 704 3611 781">
    <p class='ocr_par' dir='ltr' id='par_1_64' title="bbox 2024 704 3611 781">
     <span class='ocr_line' id='line_1_64' title="bbox 2024 704 3611 781; baseline 0.008 -26"><span class='ocrx_word' id='word_1_523' title='bbox 2024 704 2352 774; x_wconf 77' lang='lat' dir='ltr'><strong>negligentes</strong></span> <span class='ocrx_word' id='word_1_524' title='bbox 2382 706 2568 760; x_wconf 88' lang='lat' dir='ltr'><strong>salutis</strong></span> <span class='ocrx_word' id='word_1_525' title='bbox 2597 721 2708 762; x_wconf 75' lang='lat' dir='ltr'><strong>sua:</strong></span> <span class='ocrx_word' id='word_1_526' title='bbox 2727 748 2741 771; x_wconf 90' lang='lat'><strong>,</strong></span> <span class='ocrx_word' id='word_1_527' title='bbox 2787 716 2843 762; x_wconf 93' lang='lat' dir='ltr'><strong>ut</strong></span> <span class='ocrx_word' id='word_1_528' title='bbox 2866 711 3087 765; x_wconf 90' lang='lat' dir='ltr'><strong>omnino</strong></span> <span class='ocrx_word' id='word_1_529' title='bbox 3111 725 3220 765; x_wconf 93' lang='lat' dir='ltr'><strong>non</strong></span> <span class='ocrx_word' id='word_1_530' title='bbox 3246 711 3444 781; x_wconf 80' lang='lat' dir='ltr'><strong>legant.</strong></span> <span class='ocrx_word' id='word_1_531' title='bbox 3475 712 3611 781; x_wconf 91' lang='lat' dir='ltr'><strong>Quis</strong></span> 
     </span>
    </p>
   </div>
   <div class='ocr_carea' id='block_1_65' title="bbox 2020 797 3608 874">
    <p class='ocr_par' dir='ltr' id='par_1_65' title="bbox 2020 797 3608 874">
     <span class='ocr_line' id='line_1_65' title="bbox 2020 797 3608 874; baseline 0.006 -25"><span class='ocrx_word' id='word_1_532' title='bbox 2020 797 2197 861; x_wconf 89' lang='lat' dir='ltr'><strong>enim,</strong></span> <span class='ocrx_word' id='word_1_533' title='bbox 2228 812 2348 852; x_wconf 89' lang='lat' dir='ltr'><strong>cum</strong></span> <span class='ocrx_word' id='word_1_534' title='bbox 2396 797 2621 869; x_wconf 86' lang='lat' dir='ltr'><strong>legerit,</strong></span> <span class='ocrx_word' id='word_1_535' title='bbox 2666 814 2770 853; x_wconf 91' lang='lat' dir='ltr'><strong>non</strong></span> <span class='ocrx_word' id='word_1_536' title='bbox 2803 800 3062 870; x_wconf 79' lang='lat' dir='ltr'><strong>intelligat</strong></span> <span class='ocrx_word' id='word_1_537' title='bbox 3100 803 3181 857; x_wconf 84' lang='lat' dir='ltr'><strong>vel</strong></span> <span class='ocrx_word' id='word_1_538' title='bbox 3221 802 3275 857; x_wconf 91' lang='lat' dir='ltr'><strong>in</strong></span> <span class='ocrx_word' id='word_1_539' title='bbox 3319 802 3608 874; x_wconf 79' lang='lat' dir='ltr'><strong>Evangelia</strong></span> 
     </span>
    </p>
   </div>
   <div class='ocr_carea' id='block_1_66' title="bbox 2019 886 3612 964">
    <p class='ocr_par' dir='ltr' id='par_1_66' title="bbox 2019 886 3612 964">
     <span class='ocr_line' id='line_1_66' title="bbox 2019 886 3612 964; baseline 0.008 -24"><span class='ocrx_word' id='word_1_540' title='bbox 2019 886 2162 957; x_wconf 90' lang='lat' dir='ltr'><strong>quod</strong></span> <span class='ocrx_word' id='word_1_541' title='bbox 2204 899 2324 958; x_wconf 90' lang='lat' dir='ltr'><strong>post</strong></span> <span class='ocrx_word' id='word_1_542' title='bbox 2367 890 2575 945; x_wconf 87' lang='lat' dir='ltr'><strong>Domini</strong></span> <span class='ocrx_word' id='word_1_543' title='bbox 2618 892 3065 947; x_wconf 88' lang='lat' dir='ltr'><strong>resurrectionem</strong></span> <span class='ocrx_word' id='word_1_544' title='bbox 3094 894 3350 964; x_wconf 86' lang='lat' dir='ltr'><strong>scriptum</strong></span> <span class='ocrx_word' id='word_1_545' title='bbox 3375 904 3458 950; x_wconf 85' lang='lat' dir='ltr'><strong>est</strong></span> <span class='ocrx_word' id='word_1_546' title='bbox 3478 937 3503 964; x_wconf 86' lang='lat'><strong>,</strong></span> <span class='ocrx_word' id='word_1_547' title='bbox 3528 896 3612 951; x_wconf 87' lang='lat' dir='ltr'><strong>di-</strong></span> 
     </span>
    </p>
   </div>
   <div class='ocr_carea' id='block_1_67' title="bbox 2019 982 3610 1055">
    <p class='ocr_par' dir='ltr' id='par_1_67' title="bbox 2019 982 3610 1055">
     <span class='ocr_line' id='line_1_67' title="bbox 2019 982 3610 1055; baseline 0.006 -20"><span class='ocrx_word' id='word_1_548' title='bbox 2019 992 2174 1035; x_wconf 89' lang='lat' dir='ltr'><strong>cente</strong></span> <span class='ocrx_word' id='word_1_549' title='bbox 2200 982 2444 1049; x_wconf 91' lang='lat' dir='ltr'><strong>Domino,</strong></span> <span class='ocrx_word' id='word_1_550' title='bbox 2468 982 2584 1055; x_wconf 86' lang='lat' dir='ltr'><strong>Ego</strong></span> <span class='ocrx_word' id='word_1_551' title='bbox 2605 985 2751 1039; x_wconf 88' lang='lat' dir='ltr'><strong>mitto</strong></span> <span class='ocrx_word' id='word_1_552' title='bbox 2773 986 3074 1055; x_wconf 88' lang='lat' dir='ltr'><strong>promissum</strong></span> <span class='ocrx_word' id='word_1_553' title='bbox 3097 985 3270 1043; x_wconf 81' lang='lat' dir='ltr'><strong>Patris</strong></span> <span class='ocrx_word' id='word_1_554' title='bbox 3292 990 3385 1041; x_wconf 85' lang='lat' dir='ltr'><strong>mei</strong></span> <span class='ocrx_word' id='word_1_555' title='bbox 3406 989 3459 1043; x_wconf 88' lang='lat' dir='ltr'><strong>in</strong></span> <span class='ocrx_word' id='word_1_556' title='bbox 3486 1005 3610 1055; x_wconf 85' lang='lat' dir='ltr'><strong>vos;</strong></span> 
     </span>
    </p>
   </div>
   <div class='ocr_carea' id='block_1_68' title="bbox 2019 1077 3609 1151">
    <p class='ocr_par' dir='ltr' id='par_1_68' title="bbox 2019 1077 3609 1151">
     <span class='ocr_line' id='line_1_68' title="bbox 2019 1077 3609 1151; baseline 0.004 -22"><span class='ocrx_word' id='word_1_557' title='bbox 2019 1090 2105 1129; x_wconf 83' lang='lat' dir='ltr'><strong>vos</strong></span> <span class='ocrx_word' id='word_1_558' title='bbox 2134 1085 2304 1129; x_wconf 83' lang='lat' dir='ltr'><strong>autem</strong></span> <span class='ocrx_word' id='word_1_559' title='bbox 2340 1077 2505 1130; x_wconf 86' lang='lat' dir='ltr'><strong>sedete</strong></span> <span class='ocrx_word' id='word_1_560' title='bbox 2541 1078 2622 1131; x_wconf 88' lang='lat' dir='ltr'><strong>hic</strong></span> <span class='ocrx_word' id='word_1_561' title='bbox 2658 1078 2709 1131; x_wconf 89' lang='lat' dir='ltr'><strong>in</strong></span> <span class='ocrx_word' id='word_1_562' title='bbox 2748 1079 2975 1146; x_wconf 85' lang='lat' dir='ltr'><strong>civitate,</strong></span> <span class='ocrx_word' id='word_1_563' title='bbox 3014 1094 3272 1151; x_wconf 72' lang='lat' dir='ltr'><strong>quousque</strong></span> <span class='ocrx_word' id='word_1_564' title='bbox 3322 1080 3609 1136; x_wconf 87' lang='lat' dir='ltr'><strong>induamini</strong></span> 
     </span>
    </p>
   </div>
   <div class='ocr_carea' id='block_1_69' title="bbox 2018 1167 3600 1242">
    <p class='ocr_par' dir='ltr' id='par_1_69' title="bbox 2018 1167 3600 1242">
     <span class='ocr_line' id='line_1_69' title="bbox 2018 1167 3600 1242; baseline 0.006 -24"><span class='ocrx_word' id='word_1_565' title='bbox 2018 1167 2199 1221; x_wconf 86' lang='lat' dir='ltr'><strong>virtute</strong></span> <span class='ocrx_word' id='word_1_566' title='bbox 2227 1184 2291 1221; x_wconf 74' lang='lat' dir='ltr'><strong>ea:</strong></span> <span class='ocrx_word' id='word_1_567' title='bbox 2320 1168 2423 1222; x_wconf 87' lang='lat' dir='ltr'><strong>alto</strong></span> <span class='ocrx_word' id='word_1_568' title='bbox 2450 1168 2598 1239; x_wconf 89' lang='lat' dir='ltr'><strong>(Luc.</strong></span> <span class='ocrx_word' id='word_1_569' title='bbox 2628 1186 2776 1237; x_wconf 69' lang='lat' dir='ltr'><strong>xxxv,</strong></span> <span class='ocrx_word' id='word_1_570' title='bbox 2798 1170 2869 1225; x_wconf 71' lang='grc'><strong>49</strong></span> <span class='ocrx_word' id='word_1_571' title='bbox 2890 1172 2941 1240; x_wconf 83' lang='lat'><strong>)?</strong></span> <span class='ocrx_word' id='word_1_572' title='bbox 2963 1172 3027 1225; x_wconf 88' lang='lat' dir='ltr'><strong>Et</strong></span> <span class='ocrx_word' id='word_1_573' title='bbox 3056 1172 3108 1225; x_wconf 92' lang='lat' dir='ltr'><strong>in</strong></span> <span class='ocrx_word' id='word_1_574' title='bbox 3132 1171 3352 1226; x_wconf 86' lang='lat' dir='ltr'><strong>Actibus</strong></span> <span class='ocrx_word' id='word_1_575' title='bbox 3382 1172 3600 1242; x_wconf 86' lang='lat' dir='ltr'><strong>Aposlo—</strong></span> 
     </span>
    </p>
   </div>
   <div class='ocr_carea' id='block_1_70' title="bbox 2019 1257 3605 1333">
    <p class='ocr_par' dir='ltr' id='par_1_70' title="bbox 2019 1257 3605 1333">
     <span class='ocr_line' id='line_1_70' title="bbox 2019 1257 3605 1333; baseline 0.005 -23"><span class='ocrx_word' id='word_1_576' title='bbox 2019 1257 2212 1323; x_wconf 87' lang='lat' dir='ltr'><strong>lorum,</strong></span> <span class='ocrx_word' id='word_1_577' title='bbox 2244 1267 2587 1330; x_wconf 87' lang='lat' dir='ltr'><strong>posteaquam</strong></span> <span class='ocrx_word' id='word_1_578' title='bbox 2614 1262 2866 1316; x_wconf 90' lang='lat' dir='ltr'><strong>Dominus</strong></span> <span class='ocrx_word' id='word_1_579' title='bbox 2891 1263 3152 1318; x_wconf 87' lang='lat' dir='ltr'><strong>abscessit</strong></span> <span class='ocrx_word' id='word_1_580' title='bbox 3170 1278 3199 1316; x_wconf 91' lang='lat' dir='ltr'><strong>a</strong></span> <span class='ocrx_word' id='word_1_581' title='bbox 3226 1262 3605 1333; x_wconf 87' lang='lat' dir='ltr'><strong>discipulorum</strong></span> 
     </span>
    </p>
   </div>
   <div class='ocr_carea' id='block_1_71' title="bbox 2018 1349 3611 1421">
    <p class='ocr_par' dir='ltr' id='par_1_71' title="bbox 2018 1349 3611 1421">
     <span class='ocr_line' id='line_1_71' title="bbox 2018 1349 3611 1421; baseline 0.003 -19"><span class='ocrx_word' id='word_1_582' title='bbox 2018 1349 2191 1403; x_wconf 85' lang='lat' dir='ltr'><strong>oculis</strong></span> <span class='ocrx_word' id='word_1_583' title='bbox 2218 1351 2271 1403; x_wconf 92' lang='lat' dir='ltr'><strong>in</strong></span> <span class='ocrx_word' id='word_1_584' title='bbox 2307 1352 2501 1406; x_wconf 75' lang='lat' dir='ltr'><strong>cmlum</strong></span> <span class='ocrx_word' id='word_1_585' title='bbox 2527 1393 2542 1417; x_wconf 93' lang='lat'><strong>,</strong></span> <span class='ocrx_word' id='word_1_586' title='bbox 2569 1352 2757 1408; x_wconf 87' lang='lat' dir='ltr'><strong>decem</strong></span> <span class='ocrx_word' id='word_1_587' title='bbox 2788 1352 2975 1407; x_wconf 89' lang='lat' dir='ltr'><strong>diebus</strong></span> <span class='ocrx_word' id='word_1_588' title='bbox 3002 1352 3254 1421; x_wconf 90' lang='lat' dir='ltr'><strong>peractis,</strong></span> <span class='ocrx_word' id='word_1_589' title='bbox 3295 1352 3383 1407; x_wconf 91' lang='lat' dir='ltr'><strong>die</strong></span> <span class='ocrx_word' id='word_1_590' title='bbox 3418 1353 3611 1407; x_wconf 81' lang='lat' dir='ltr'><strong>Pente-</strong></span> 
     </span>
    </p>
   </div>
   <div class='ocr_carea' id='block_1_72' title="bbox 2018 1442 3607 1513">
    <p class='ocr_par' dir='ltr' id='par_1_72' title="bbox 2018 1442 3607 1513">
     <span class='ocr_line' id='line_1_72' title="bbox 2018 1442 3607 1513; baseline 0.003 -18"><span class='ocrx_word' id='word_1_591' title='bbox 2018 1449 2195 1495; x_wconf 87' lang='lat' dir='ltr'><strong>costes</strong></span> <span class='ocrx_word' id='word_1_592' title='bbox 2238 1456 2344 1495; x_wconf 89' lang='lat' dir='ltr'><strong>non</strong></span> <span class='ocrx_word' id='word_1_593' title='bbox 2383 1442 2666 1497; x_wconf 89' lang='lat' dir='ltr'><strong>attendunt</strong></span> <span class='ocrx_word' id='word_1_594' title='bbox 2712 1443 3049 1513; x_wconf 87' lang='lat' dir='ltr'><strong>apertissime</strong></span> <span class='ocrx_word' id='word_1_595' title='bbox 3096 1442 3309 1499; x_wconf 88' lang='lat' dir='ltr'><strong>venisse</strong></span> <span class='ocrx_word' id='word_1_596' title='bbox 3349 1442 3607 1513; x_wconf 90' lang='lat' dir='ltr'><strong>Spiritum</strong></span> 
     </span>
    </p>
   </div>
   <div class='ocr_carea' id='block_1_73' title="bbox 2017 1534 3606 1599">
    <p class='ocr_par' dir='ltr' id='par_1_73' title="bbox 2017 1534 3606 1599">
     <span class='ocr_line' id='line_1_73' title="bbox 2017 1534 3606 1599; baseline 0.004 -14"><span class='ocrx_word' id='word_1_597' title='bbox 2017 1541 2293 1597; x_wconf 87' lang='lat' dir='ltr'><strong>sanctum;</strong></span> <span class='ocrx_word' id='word_1_598' title='bbox 2322 1542 2377 1588; x_wconf 92' lang='lat' dir='ltr'><strong>et</strong></span> <span class='ocrx_word' id='word_1_599' title='bbox 2400 1549 2521 1589; x_wconf 90' lang='lat' dir='ltr'><strong>eum</strong></span> <span class='ocrx_word' id='word_1_600' title='bbox 2550 1544 2731 1589; x_wconf 92' lang='lat' dir='ltr'><strong>essent</strong></span> <span class='ocrx_word' id='word_1_601' title='bbox 2756 1535 2831 1588; x_wconf 92' lang='lat' dir='ltr'><strong>illi</strong></span> <span class='ocrx_word' id='word_1_602' title='bbox 2858 1535 2908 1588; x_wconf 93' lang='lat' dir='ltr'><strong>in</strong></span> <span class='ocrx_word' id='word_1_603' title='bbox 2935 1534 3173 1599; x_wconf 87' lang='lat' dir='ltr'><strong>civitate,</strong></span> <span class='ocrx_word' id='word_1_604' title='bbox 3204 1535 3341 1588; x_wconf 91' lang='lat' dir='ltr'><strong>sicut</strong></span> <span class='ocrx_word' id='word_1_605' title='bbox 3362 1550 3456 1589; x_wconf 90' lang='lat' dir='ltr'><strong>eos</strong></span> <span class='ocrx_word' id='word_1_606' title='bbox 3482 1543 3606 1592; x_wconf 83' lang='lat' dir='ltr'><strong>ante</strong></span> 
     </span>
    </p>
   </div>
   <div class='ocr_carea' id='block_1_74' title="bbox 2017 1625 3601 1697">
    <p class='ocr_par' dir='ltr' id='par_1_74' title="bbox 2017 1625 3601 1697">
     <span class='ocr_line' id='line_1_74' title="bbox 2017 1625 3601 1697; baseline 0.003 -20"><span class='ocrx_word' id='word_1_607' title='bbox 2017 1634 2317 1689; x_wconf 87' lang='lat' dir='ltr'><strong>monuerat,</strong></span> <span class='ocrx_word' id='word_1_608' title='bbox 2345 1625 2648 1695; x_wconf 87' lang='lat' dir='ltr'><strong>implevisse</strong></span> <span class='ocrx_word' id='word_1_609' title='bbox 2673 1626 2813 1689; x_wconf 90' lang='lat' dir='ltr'><strong>illos,</strong></span> <span class='ocrx_word' id='word_1_610' title='bbox 2843 1626 2913 1679; x_wconf 87' lang='lat' dir='ltr'><strong>ita</strong></span> <span class='ocrx_word' id='word_1_611' title='bbox 2935 1626 3364 1695; x_wconf 81' lang='lat' dir='ltr'><strong>utloquorentur</strong></span> <span class='ocrx_word' id='word_1_612' title='bbox 3390 1627 3601 1697; x_wconf 78' lang='lat' dir='ltr'><strong>linguis.</strong></span> 
     </span>
    </p>
   </div>
   <div class='ocr_carea' id='block_1_75' title="bbox 2016 1714 3607 1787">
    <p class='ocr_par' dir='ltr' id='par_1_75' title="bbox 2016 1714 3607 1787">
     <span class='ocr_line' id='line_1_75' title="bbox 2016 1714 3607 1787; baseline 0.004 -21"><span class='ocrx_word' id='word_1_613' title='bbox 2016 1714 2150 1768; x_wconf 89' lang='lat' dir='ltr'><strong>Nam</strong></span> <span class='ocrx_word' id='word_1_614' title='bbox 2171 1714 2399 1771; x_wconf 77' lang='lat' dir='ltr'><strong>diversa:</strong></span> <span class='ocrx_word' id='word_1_615' title='bbox 2428 1718 2671 1772; x_wconf 87' lang='lat' dir='ltr'><strong>nationes</strong></span> <span class='ocrx_word' id='word_1_616' title='bbox 2690 1732 2809 1787; x_wconf 68' lang='lat' dir='ltr'><strong>quae</strong></span> <span class='ocrx_word' id='word_1_617' title='bbox 2832 1724 2955 1770; x_wconf 89' lang='lat' dir='ltr'><strong>tunc</strong></span> <span class='ocrx_word' id='word_1_618' title='bbox 2974 1716 3216 1783; x_wconf 85' lang='lat' dir='ltr'><strong>aderant,</strong></span> <span class='ocrx_word' id='word_1_619' title='bbox 3243 1718 3607 1787; x_wconf 81' lang='lat' dir='ltr'><strong>unusquisque</strong></span> 
     </span>
    </p>
   </div>
   <div class='ocr_carea' id='block_1_76' title="bbox 2016 1806 3602 1883">
    <p class='ocr_par' dir='ltr' id='par_1_76' title="bbox 2016 1806 3602 1883">
     <span class='ocr_line' id='line_1_76' title="bbox 2016 1806 3602 1883; baseline 0.004 -24"><span class='ocrx_word' id='word_1_620' title='bbox 2016 1806 2346 1862; x_wconf 87' lang='lat' dir='ltr'><strong>audientium</strong></span> <span class='ocrx_word' id='word_1_621' title='bbox 2375 1824 2525 1864; x_wconf 88' lang='lat' dir='ltr'><strong>suam</strong></span> <span class='ocrx_word' id='word_1_622' title='bbox 2557 1810 2787 1879; x_wconf 89' lang='lat' dir='ltr'><strong>linguam</strong></span> <span class='ocrx_word' id='word_1_623' title='bbox 2814 1809 3180 1880; x_wconf 88' lang='lat' dir='ltr'><strong>intelligebant</strong></span> <span class='ocrx_word' id='word_1_624' title='bbox 3198 1809 3331 1879; x_wconf 77' lang='lat' dir='ltr'><strong>(Act.</strong></span> <span class='ocrx_word' id='word_1_625' title='bbox 3354 1826 3408 1871; x_wconf 90' lang='grc' dir='ltr'>ιι.</span> <span class='ocrx_word' id='word_1_626' title='bbox 3428 1810 3602 1883; x_wconf 70' lang='lat' dir='ltr'><strong>l-fl).</strong></span> 
     </span>
    </p>
   </div>
   <div class='ocr_carea' id='block_1_77' title="bbox 2016 1898 3608 1973">
    <p class='ocr_par' dir='ltr' id='par_1_77' title="bbox 2016 1898 3608 1973">
     <span class='ocr_line' id='line_1_77' title="bbox 2016 1898 3608 1973; baseline -0.001 -17"><span class='ocrx_word' id='word_1_627' title='bbox 2016 1898 2120 1956; x_wconf 90' lang='lat' dir='ltr'><strong>Sed</strong></span> <span class='ocrx_word' id='word_1_628' title='bbox 2143 1901 2228 1955; x_wconf 91' lang='lat' dir='ltr'><strong>isti</strong></span> <span class='ocrx_word' id='word_1_629' title='bbox 2258 1900 2501 1956; x_wconf 90' lang='lat' dir='ltr'><strong>homines</strong></span> <span class='ocrx_word' id='word_1_630' title='bbox 2525 1901 2797 1971; x_wconf 83' lang='lat' dir='ltr'><strong>decipiunt</strong></span> <span class='ocrx_word' id='word_1_631' title='bbox 2821 1916 2916 1955; x_wconf 90' lang='lat' dir='ltr'><strong>eos</strong></span> <span class='ocrx_word' id='word_1_632' title='bbox 2945 1902 3036 1971; x_wconf 92' lang='lat' dir='ltr'><strong>qui</strong></span> <span class='ocrx_word' id='word_1_633' title='bbox 3065 1902 3395 1973; x_wconf 85' lang='lat' dir='ltr'><strong>negligentes</strong></span> <span class='ocrx_word' id='word_1_634' title='bbox 3419 1902 3608 1956; x_wconf 73' lang='lat' dir='ltr'><strong>catho~</strong></span> 
     </span>
    </p>
   </div>
   <div class='ocr_carea' id='block_1_78' title="bbox 2016 1990 3605 2063">
    <p class='ocr_par' dir='ltr' id='par_1_78' title="bbox 2016 1990 3605 2063">
     <span class='ocr_line' id='line_1_78' title="bbox 2016 1990 3605 2063; baseline 0.001 -16"><span class='ocrx_word' id='word_1_635' title='bbox 2016 1992 2172 2047; x_wconf 89' lang='lat' dir='ltr'><strong>licam</strong></span> <span class='ocrx_word' id='word_1_636' title='bbox 2197 1992 2353 2047; x_wconf 82' lang='lat' dir='ltr'><strong>[idem</strong></span> <span class='ocrx_word' id='word_1_637' title='bbox 2378 1994 2418 2058; x_wconf 74' lang='grc' dir='ltr'><strong>ί,</strong></span> <span class='ocrx_word' id='word_1_638' title='bbox 2449 2002 2504 2046; x_wconf 89' lang='grc' dir='ltr'><strong>ει</strong></span> <span class='ocrx_word' id='word_1_639' title='bbox 2529 1992 2696 2061; x_wconf 89' lang='lat' dir='ltr'><strong>ipsam</strong></span> <span class='ocrx_word' id='word_1_640' title='bbox 2720 1991 2878 2048; x_wconf 82' lang='lat' dir='ltr'><strong>ﬁdem</strong></span> <span class='ocrx_word' id='word_1_641' title='bbox 2906 2006 3056 2046; x_wconf 87' lang='lat' dir='ltr'><strong>suam</strong></span> <span class='ocrx_word' id='word_1_642' title='bbox 3087 2007 3205 2062; x_wconf 74' lang='lat' dir='ltr'><strong>qua:</strong></span> <span class='ocrx_word' id='word_1_643' title='bbox 3233 1992 3285 2047; x_wconf 92' lang='lat' dir='ltr'><strong>in</strong></span> <span class='ocrx_word' id='word_1_644' title='bbox 3313 1990 3605 2063; x_wconf 88' lang='lat' dir='ltr'><strong>Scriptnris</strong></span> 
     </span>
    </p>
   </div>
   <div class='ocr_carea' id='block_1_79' title="bbox 2015 2086 3605 2158">
    <p class='ocr_par' dir='ltr' id='par_1_79' title="bbox 2015 2086 3605 2158">
     <span class='ocr_line' id='line_1_79' title="bbox 2015 2086 3605 2158; baseline 0.001 -16"><span class='ocrx_word' id='word_1_645' title='bbox 2015 2086 2298 2143; x_wconf 78' lang='lat' dir='ltr'><strong>manifesta</strong></span> <span class='ocrx_word' id='word_1_646' title='bbox 2324 2095 2425 2152; x_wconf 90' lang='grc' dir='ltr'>εει,</span> <span class='ocrx_word' id='word_1_647' title='bbox 2458 2087 2645 2142; x_wconf 90' lang='lat' dir='ltr'><strong>nolunt</strong></span> <span class='ocrx_word' id='word_1_648' title='bbox 2668 2087 2877 2143; x_wconf 88' lang='lat' dir='ltr'><strong>discere</strong></span> <span class='ocrx_word' id='word_1_649' title='bbox 2901 2088 2946 2156; x_wconf 80' lang='lat'><strong>&#39;,</strong></span> <span class='ocrx_word' id='word_1_650' title='bbox 2992 2095 3048 2143; x_wconf 91' lang='lat' dir='ltr'><strong>et</strong></span> <span class='ocrx_word' id='word_1_651' title='bbox 3094 2087 3234 2157; x_wconf 90' lang='lat' dir='ltr'><strong>quod</strong></span> <span class='ocrx_word' id='word_1_652' title='bbox 3260 2096 3345 2143; x_wconf 88' lang='lat' dir='ltr'><strong>est</strong></span> <span class='ocrx_word' id='word_1_653' title='bbox 3386 2087 3605 2158; x_wconf 84' lang='lat' dir='ltr'><strong>gravius</strong></span> 
     </span>
    </p>
   </div>
   <div class='ocr_carea' id='block_1_80' title="bbox 2015 2178 3605 2250">
    <p class='ocr_par' dir='ltr' id='par_1_80' title="bbox 2015 2178 3605 2250">
     <span class='ocr_line' id='line_1_80' title="bbox 2015 2178 3605 2250; baseline -0.001 -16"><span class='ocrx_word' id='word_1_654' title='bbox 2015 2189 2070 2234; x_wconf 92' lang='lat' dir='ltr'><strong>et</strong></span> <span class='ocrx_word' id='word_1_655' title='bbox 2100 2181 2323 2234; x_wconf 88' lang='lat' dir='ltr'><strong>multum</strong></span> <span class='ocrx_word' id='word_1_656' title='bbox 2354 2178 2640 2234; x_wconf 91' lang='lat' dir='ltr'><strong>dolendum</strong></span> <span class='ocrx_word' id='word_1_657' title='bbox 2664 2220 2679 2245; x_wconf 95' lang='lat'><strong>,</strong></span> <span class='ocrx_word' id='word_1_658' title='bbox 2718 2194 2841 2234; x_wconf 92' lang='lat' dir='ltr'><strong>cum</strong></span> <span class='ocrx_word' id='word_1_659' title='bbox 2883 2179 2936 2233; x_wconf 91' lang='lat' dir='ltr'><strong>in</strong></span> <span class='ocrx_word' id='word_1_660' title='bbox 2977 2178 3251 2234; x_wconf 88' lang='lat' dir='ltr'><strong>Catholica</strong></span> <span class='ocrx_word' id='word_1_661' title='bbox 3275 2178 3295 2211; x_wconf 91' lang='grc'>³</span> <span class='ocrx_word' id='word_1_662' title='bbox 3326 2179 3605 2250; x_wconf 85' lang='lat' dir='ltr'><strong>negligen-</strong></span> 
     </span>
    </p>
   </div>
   <div class='ocr_carea' id='block_1_81' title="bbox 2015 2270 3605 2342">
    <p class='ocr_par' dir='ltr' id='par_1_81' title="bbox 2015 2270 3605 2342">
     <span class='ocr_line' id='line_1_81' title="bbox 2015 2270 3605 2342; baseline -0.001 -16"><span class='ocrx_word' id='word_1_663' title='bbox 2015 2281 2098 2326; x_wconf 90' lang='lat' dir='ltr'><strong>ter</strong></span> <span class='ocrx_word' id='word_1_664' title='bbox 2121 2281 2401 2327; x_wconf 87' lang='lat' dir='ltr'><strong>versentur</strong></span> <span class='ocrx_word' id='word_1_665' title='bbox 2422 2311 2438 2339; x_wconf 95' lang='lat'><strong>,</strong></span> <span class='ocrx_word' id='word_1_666' title='bbox 2470 2270 2738 2327; x_wconf 72' lang='lat' dir='ltr'><strong>bterelicis</strong></span> <span class='ocrx_word' id='word_1_667' title='bbox 2764 2285 2948 2326; x_wconf 88' lang='lat' dir='ltr'><strong>aurem</strong></span> <span class='ocrx_word' id='word_1_668' title='bbox 2977 2270 3261 2342; x_wconf 82' lang='lat' dir='ltr'><strong>diligenter</strong></span> <span class='ocrx_word' id='word_1_669' title='bbox 3294 2284 3605 2327; x_wconf 84' lang='lat' dir='ltr'><strong>accommo—</strong></span> 
     </span>
    </p>
   </div>
   <div class='ocr_carea' id='block_1_82' title="bbox 2014 2364 2163 2421">
    <p class='ocr_par' dir='ltr' id='par_1_82' title="bbox 2014 2364 2163 2421">
     <span class='ocr_line' id='line_1_82' title="bbox 2014 2364 2163 2421; baseline -0.02 0"><span class='ocrx_word' id='word_1_670' title='bbox 2014 2364 2163 2421; x_wconf 76' lang='lat' dir='ltr'><strong>danL</strong></span> 
     </span>
    </p>
   </div>
   <div class='ocr_carea' id='block_1_83' title="bbox 2077 2456 3617 2528">
    <p class='ocr_par' dir='ltr' id='par_1_83' title="bbox 2077 2456 3617 2528">
     <span class='ocr_line' id='line_1_83' title="bbox 2077 2456 3617 2528; baseline -0.001 -16"><span class='ocrx_word' id='word_1_671' title='bbox 2077 2456 2301 2513; x_wconf 86' lang='lat' dir='ltr'><strong>CAPUT</strong></span> <span class='ocrx_word' id='word_1_672' title='bbox 2329 2456 2659 2513; x_wconf 60' lang='lat' dir='ltr'><strong>XXIX—51</strong></span> <span class='ocrx_word' id='word_1_673' title='bbox 2673 2495 2688 2510; x_wconf 93' lang='lat'><strong>.</strong></span> <span class='ocrx_word' id='word_1_674' title='bbox 2707 2456 2815 2511; x_wconf 83' lang='lat' dir='ltr'><strong>Nec</strong></span> <span class='ocrx_word' id='word_1_675' title='bbox 2824 2456 3067 2511; x_wconf 81' lang='lat' dir='ltr'><strong>audiendi</strong></span> <span class='ocrx_word' id='word_1_676' title='bbox 3079 2456 3617 2528; x_wconf 75' lang='lat' dir='ltr'><strong>Donatisttenegantes</strong></span> 
     </span>
    </p>
   </div>
   <div class='ocr_carea' id='block_1_84' title="bbox 2015 2548 3606 2620">
    <p class='ocr_par' dir='ltr' id='par_1_84' title="bbox 2015 2548 3606 2620">
     <span class='ocr_line' id='line_1_84' title="bbox 2015 2548 3606 2620; baseline 0 -17"><span class='ocrx_word' id='word_1_677' title='bbox 2015 2549 2293 2604; x_wconf 81' lang='lat' dir='ltr'><strong>Ecclesium</strong></span> <span class='ocrx_word' id='word_1_678' title='bbox 2325 2566 2413 2620; x_wconf 87' lang='lat' dir='ltr'><strong>per</strong></span> <span class='ocrx_word' id='word_1_679' title='bbox 2453 2550 2623 2603; x_wconf 88' lang='lat' dir='ltr'><strong>orbem</strong></span> <span class='ocrx_word' id='word_1_680' title='bbox 2644 2565 2750 2603; x_wconf 87' lang='lat' dir='ltr'><strong>esse</strong></span> <span class='ocrx_word' id='word_1_681' title='bbox 2765 2548 3027 2615; x_wconf 77' lang='lat' dir='ltr'><strong>diﬂ&#39;usam.</strong></span> <span class='ocrx_word' id='word_1_682' title='bbox 3060 2548 3291 2602; x_wconf 87' lang='lat' dir='ltr'><strong>Donatus</strong></span> <span class='ocrx_word' id='word_1_683' title='bbox 3310 2551 3471 2618; x_wconf 81' lang='lat' dir='ltr'><strong>ipsea</strong></span> <span class='ocrx_word' id='word_1_684' title='bbox 3497 2549 3606 2603; x_wconf 87' lang='lat' dir='ltr'><strong>suis</strong></span> 
     </span>
    </p>
   </div>
   <div class='ocr_carea' id='block_1_85' title="bbox 2013 2638 3603 2707">
    <p class='ocr_par' dir='ltr' id='par_1_85' title="bbox 2013 2638 3603 2707">
     <span class='ocr_line' id='line_1_85' title="bbox 2013 2638 3603 2707; baseline -0.001 -12"><span class='ocrx_word' id='word_1_685' title='bbox 2013 2643 2220 2696; x_wconf 87' lang='lat' dir='ltr'><strong>divisus.</strong></span> <span class='ocrx_word' id='word_1_686' title='bbox 2250 2640 2481 2695; x_wconf 85' lang='lat' dir='ltr'><strong>Donatus</strong></span> <span class='ocrx_word' id='word_1_687' title='bbox 2507 2640 2686 2695; x_wconf 67' lang='lat' dir='ltr'><strong>Romae</strong></span> <span class='ocrx_word' id='word_1_688' title='bbox 2712 2657 2826 2693; x_wconf 75' lang='lat' dir='ltr'><strong>cum</strong></span> <span class='ocrx_word' id='word_1_689' title='bbox 2852 2639 3124 2695; x_wconf 72' lang='lat' dir='ltr'><strong>Caeciliano</strong></span> <span class='ocrx_word' id='word_1_690' title='bbox 3161 2655 3369 2693; x_wconf 85' lang='lat' dir='ltr'><strong>causam</strong></span> <span class='ocrx_word' id='word_1_691' title='bbox 3391 2638 3563 2693; x_wconf 87' lang='lat' dir='ltr'><strong>dicens</strong></span> <span class='ocrx_word' id='word_1_692' title='bbox 3585 2680 3603 2707; x_wconf 93' lang='lat'><strong>,</strong></span> 
     </span>
    </p>
   </div>
   <div class='ocr_carea' id='block_1_86' title="bbox 2013 2728 3597 2803">
    <p class='ocr_par' dir='ltr' id='par_1_86' title="bbox 2013 2728 3597 2803">
     <span class='ocr_line' id='line_1_86' title="bbox 2013 2728 3597 2803; baseline -0.003 -16"><span class='ocrx_word' id='word_1_693' title='bbox 2013 2734 2142 2788; x_wconf 88' lang='lat' dir='ltr'><strong>nihil</strong></span> <span class='ocrx_word' id='word_1_694' title='bbox 2172 2732 2367 2803; x_wconf 87' lang='lat' dir='ltr'><strong>probat.</strong></span> <span class='ocrx_word' id='word_1_695' title='bbox 2401 2732 2682 2786; x_wconf 72' lang='lat' dir='ltr'><strong>Donatista:</strong></span> <span class='ocrx_word' id='word_1_696' title='bbox 2716 2730 3037 2802; x_wconf 87' lang='lat' dir='ltr'><strong>Baptismum</strong></span> <span class='ocrx_word' id='word_1_697' title='bbox 3069 2730 3167 2783; x_wconf 86' lang='lat' dir='ltr'><strong>nisi</strong></span> <span class='ocrx_word' id='word_1_698' title='bbox 3200 2729 3301 2801; x_wconf 86' lang='lat' dir='ltr'><strong>ipsi</strong></span> <span class='ocrx_word' id='word_1_699' title='bbox 3347 2728 3597 2793; x_wconf 85' lang='lat' dir='ltr'><strong>dederint,</strong></span> 
     </span>
    </p>
   </div>
   <div class='ocr_carea' id='block_1_87' title="bbox 2011 2820 3601 2893">
    <p class='ocr_par' dir='ltr' id='par_1_87' title="bbox 2011 2820 3601 2893">
     <span class='ocr_line' id='line_1_87' title="bbox 2011 2820 3601 2893; baseline -0.005 -12"><span class='ocrx_word' id='word_1_700' title='bbox 2011 2828 2215 2882; x_wconf 87' lang='lat' dir='ltr'><strong>inanem</strong></span> <span class='ocrx_word' id='word_1_701' title='bbox 2252 2844 2359 2881; x_wconf 88' lang='lat' dir='ltr'><strong>esse</strong></span> <span class='ocrx_word' id='word_1_702' title='bbox 2397 2825 2590 2880; x_wconf 87' lang='lat' dir='ltr'><strong>volunt.</strong></span> <span class='ocrx_word' id='word_1_703' title='bbox 2628 2825 2737 2880; x_wconf 86' lang='lat' dir='ltr'><strong>Nec</strong></span> <span class='ocrx_word' id='word_1_704' title='bbox 2766 2838 2860 2879; x_wconf 90' lang='lat' dir='ltr'><strong>eos</strong></span> <span class='ocrx_word' id='word_1_705' title='bbox 2887 2822 3188 2886; x_wconf 87' lang='lat' dir='ltr'><strong>audiamus,</strong></span> <span class='ocrx_word' id='word_1_706' title='bbox 3228 2820 3320 2893; x_wconf 86' lang='lat' dir='ltr'><strong>qui</strong></span> <span class='ocrx_word' id='word_1_707' title='bbox 3362 2830 3601 2876; x_wconf 89' lang='lat' dir='ltr'><strong>sanctam</strong></span> 
     </span>
    </p>
   </div>
   <div class='ocr_carea' id='block_1_88' title="bbox 2013 2912 3601 2989">
    <p class='ocr_par' dir='ltr' id='par_1_88' title="bbox 2013 2912 3601 2989">
     <span class='ocr_line' id='line_1_88' title="bbox 2013 2912 3601 2989; baseline -0.006 -14"><span class='ocrx_word' id='word_1_708' title='bbox 2013 2920 2329 2985; x_wconf 85' lang='lat' dir='ltr'><strong>Ecclesiam,</strong></span> <span class='ocrx_word' id='word_1_709' title='bbox 2374 2934 2492 2989; x_wconf 77' lang='lat' dir='ltr'><strong>qua:</strong></span> <span class='ocrx_word' id='word_1_710' title='bbox 2523 2932 2625 2972; x_wconf 87' lang='lat' dir='ltr'><strong>una</strong></span> <span class='ocrx_word' id='word_1_711' title='bbox 2652 2916 2914 2973; x_wconf 88' lang='lat' dir='ltr'><strong>catholica</strong></span> <span class='ocrx_word' id='word_1_712' title='bbox 2938 2924 3039 2979; x_wconf 90' lang='lat' dir='ltr'><strong>est,</strong></span> <span class='ocrx_word' id='word_1_713' title='bbox 3069 2920 3262 2983; x_wconf 88' lang='lat' dir='ltr'><strong>negant</strong></span> <span class='ocrx_word' id='word_1_714' title='bbox 3291 2927 3389 2983; x_wconf 89' lang='lat' dir='ltr'><strong>per</strong></span> <span class='ocrx_word' id='word_1_715' title='bbox 3417 2912 3601 2967; x_wconf 88' lang='lat' dir='ltr'><strong>orbem</strong></span> 
     </span>
    </p>
   </div>
   <div class='ocr_carea' id='block_1_89' title="bbox 2013 3004 3607 3076">
    <p class='ocr_par' dir='ltr' id='par_1_89' title="bbox 2013 3004 3607 3076">
     <span class='ocr_line' id='line_1_89' title="bbox 2013 3004 3607 3076; baseline -0.006 -9"><span class='ocrx_word' id='word_1_716' title='bbox 2013 3026 2134 3067; x_wconf 89' lang='lat' dir='ltr'><strong>esse</strong></span> <span class='ocrx_word' id='word_1_717' title='bbox 2174 3010 2444 3076; x_wconf 71' lang='lat' dir='ltr'><strong>diffusam,</strong></span> <span class='ocrx_word' id='word_1_718' title='bbox 2491 3009 2584 3065; x_wconf 89' lang='lat' dir='ltr'><strong>sed</strong></span> <span class='ocrx_word' id='word_1_719' title='bbox 2630 3009 2681 3063; x_wconf 93' lang='lat' dir='ltr'><strong>in</strong></span> <span class='ocrx_word' id='word_1_720' title='bbox 2707 3008 2819 3063; x_wconf 89' lang='lat' dir='ltr'><strong>sola</strong></span> <span class='ocrx_word' id='word_1_721' title='bbox 2862 3006 3060 3073; x_wconf 76' lang='lat' dir='ltr'><strong>Africa,</strong></span> <span class='ocrx_word' id='word_1_722' title='bbox 3092 3004 3196 3060; x_wconf 87' lang='lat' dir='ltr'><strong>hoc</strong></span> <span class='ocrx_word' id='word_1_723' title='bbox 3219 3013 3323 3071; x_wconf 87' lang='lat' dir='ltr'><strong>est,</strong></span> <span class='ocrx_word' id='word_1_724' title='bbox 3358 3004 3411 3058; x_wconf 92' lang='lat' dir='ltr'><strong>in</strong></span> <span class='ocrx_word' id='word_1_725' title='bbox 3453 3012 3607 3073; x_wconf 89' lang='lat' dir='ltr'><strong>parte</strong></span> 
     </span>
    </p>
   </div>
   <div class='ocr_carea' id='block_1_90' title="bbox 2014 3095 3605 3171">
    <p class='ocr_par' dir='ltr' id='par_1_90' title="bbox 2014 3095 3605 3171">
     <span class='ocr_line' id='line_1_90' title="bbox 2014 3095 3605 3171; baseline -0.005 -14"><span class='ocrx_word' id='word_1_726' title='bbox 2014 3102 2204 3157; x_wconf 91' lang='lat' dir='ltr'><strong>Donati</strong></span> <span class='ocrx_word' id='word_1_727' title='bbox 2247 3101 2449 3171; x_wconf 87' lang='lat' dir='ltr'><strong>pollere</strong></span> <span class='ocrx_word' id='word_1_728' title='bbox 2489 3100 2833 3155; x_wconf 81' lang='lat' dir='ltr'><strong>arbitrantur.</strong></span> <span class='ocrx_word' id='word_1_729' title='bbox 2877 3097 2951 3153; x_wconf 89' lang='lat' dir='ltr'><strong>Ita</strong></span> <span class='ocrx_word' id='word_1_730' title='bbox 2999 3097 3147 3154; x_wconf 91' lang='lat' dir='ltr'><strong>surdi</strong></span> <span class='ocrx_word' id='word_1_731' title='bbox 3185 3104 3311 3152; x_wconf 90' lang='lat' dir='ltr'><strong>sunt</strong></span> <span class='ocrx_word' id='word_1_732' title='bbox 3345 3095 3605 3150; x_wconf 86' lang='lat' dir='ltr'><strong>adversus</strong></span> 
     </span>
    </p>
   </div>
   <div class='ocr_carea' id='block_1_91' title="bbox 2012 3184 3608 3265">
    <p class='ocr_par' dir='ltr' id='par_1_91' title="bbox 2012 3184 3608 3265">
     <span class='ocr_line' id='line_1_91' title="bbox 2012 3184 3608 3265; baseline -0.008 -16"><span class='ocrx_word' id='word_1_733' title='bbox 2012 3194 2327 3265; x_wconf 88' lang='lat' dir='ltr'><strong>prophetam</strong></span> <span class='ocrx_word' id='word_1_734' title='bbox 2372 3192 2661 3257; x_wconf 86' lang='lat' dir='ltr'><strong>dicentem,</strong></span> <span class='ocrx_word' id='word_1_735' title='bbox 2704 3187 2873 3243; x_wconf 63' lang='lat' dir='ltr'><strong>Filius</strong></span> <span class='ocrx_word' id='word_1_736' title='bbox 2917 3204 3059 3242; x_wconf 86' lang='lat' dir='ltr'><strong>meus</strong></span> <span class='ocrx_word' id='word_1_737' title='bbox 3100 3204 3153 3241; x_wconf 88' lang='lat' dir='ltr'><strong>es</strong></span> <span class='ocrx_word' id='word_1_738' title='bbox 3201 3194 3276 3255; x_wconf 86' lang='lat' dir='ltr'><strong>tu,</strong></span> <span class='ocrx_word' id='word_1_739' title='bbox 3323 3200 3416 3256; x_wconf 85' lang='lat' dir='ltr'><strong>ego</strong></span> <span class='ocrx_word' id='word_1_740' title='bbox 3458 3184 3608 3237; x_wconf 87' lang='lat' dir='ltr'><strong>hodie</strong></span> 
     </span>
    </p>
   </div>
   <div class='ocr_carea' id='block_1_92' title="bbox 2013 3276 3608 3357">
    <p class='ocr_par' dir='ltr' id='par_1_92' title="bbox 2013 3276 3608 3357">
     <span class='ocr_line' id='line_1_92' title="bbox 2013 3276 3608 3357; baseline -0.009 -16"><span class='ocrx_word' id='word_1_741' title='bbox 2013 3287 2162 3357; x_wconf 80' lang='lat' dir='ltr'><strong>genui</strong></span> <span class='ocrx_word' id='word_1_742' title='bbox 2189 3294 2235 3339; x_wconf 89' lang='lat' dir='ltr'><strong>te</strong></span> <span class='ocrx_word' id='word_1_743' title='bbox 2254 3301 2273 3338; x_wconf 90' lang='lat'><strong><em>:</em></strong></span> <span class='ocrx_word' id='word_1_744' title='bbox 2298 3284 2499 3355; x_wconf 86' lang='lat' dir='ltr'><strong>postula</strong></span> <span class='ocrx_word' id='word_1_745' title='bbox 2524 3288 2555 3336; x_wconf 78' lang='lat' dir='ltr'><strong>a‘</strong></span> <span class='ocrx_word' id='word_1_746' title='bbox 2578 3298 2677 3349; x_wconf 89' lang='lat' dir='ltr'><strong>me,</strong></span> <span class='ocrx_word' id='word_1_747' title='bbox 2715 3290 2762 3335; x_wconf 92' lang='lat' dir='ltr'><strong>et</strong></span> <span class='ocrx_word' id='word_1_748' title='bbox 2785 3279 2915 3334; x_wconf 85' lang='lat' dir='ltr'><strong>dabo</strong></span> <span class='ocrx_word' id='word_1_749' title='bbox 2946 3280 3031 3333; x_wconf 90' lang='lat' dir='ltr'><strong>tibi</strong></span> <span class='ocrx_word' id='word_1_750' title='bbox 3057 3288 3229 3350; x_wconf 86' lang='lat' dir='ltr'><strong>gentes</strong></span> <span class='ocrx_word' id='word_1_751' title='bbox 3265 3276 3608 3331; x_wconf 66' lang='lat' dir='ltr'><strong>hereditatem</strong></span> 
     </span>
    </p>
   </div>
   <div class='ocr_carea' id='block_1_93' title="bbox 2012 3368 3605 3448">
    <p class='ocr_par' dir='ltr' id='par_1_93' title="bbox 2012 3368 3605 3448">
     <span class='ocr_line' id='line_1_93' title="bbox 2012 3368 3605 3448; baseline -0.006 -16"><span class='ocrx_word' id='word_1_752' title='bbox 2012 3391 2172 3445; x_wconf 83' lang='lat' dir='ltr'><strong>tuam,</strong></span> <span class='ocrx_word' id='word_1_753' title='bbox 2211 3387 2255 3431; x_wconf 90' lang='lat' dir='ltr'><strong>et</strong></span> <span class='ocrx_word' id='word_1_754' title='bbox 2286 3377 2647 3448; x_wconf 85' lang='lat' dir='ltr'><strong>possessionem</strong></span> <span class='ocrx_word' id='word_1_755' title='bbox 2688 3383 2826 3427; x_wconf 87' lang='lat' dir='ltr'><strong>tuam</strong></span> <span class='ocrx_word' id='word_1_756' title='bbox 2855 3374 3095 3426; x_wconf 87' lang='lat' dir='ltr'><strong>terminos</strong></span> <span class='ocrx_word' id='word_1_757' title='bbox 3140 3380 3288 3425; x_wconf 82' lang='lat' dir='ltr'><strong>terra:</strong></span> <span class='ocrx_word' id='word_1_758' title='bbox 3317 3368 3491 3431; x_wconf 87' lang='lat' dir='ltr'><strong>(Psal.</strong></span> <span class='ocrx_word' id='word_1_759' title='bbox 3527 3383 3605 3435; x_wconf 85' lang='grc' dir='ltr'><strong>ιι,</strong></span> 
     </span>
    </p>
   </div>
   <div class='ocr_carea' id='block_1_94' title="bbox 2014 3458 3609 3541">
    <p class='ocr_par' dir='ltr' id='par_1_94' title="bbox 2014 3458 3609 3541">
     <span class='ocr_line' id='line_1_94' title="bbox 2014 3458 3609 3541; baseline -0.003 -19"><span class='ocrx_word' id='word_1_760' title='bbox 2014 3470 2064 3535; x_wconf 90' lang='lat'><strong>7,</strong></span> <span class='ocrx_word' id='word_1_761' title='bbox 2099 3468 2179 3541; x_wconf 93' lang='lat'><strong>8).</strong></span> <span class='ocrx_word' id='word_1_762' title='bbox 2220 3470 2287 3524; x_wconf 88' lang='lat' dir='ltr'><strong>Et</strong></span> <span class='ocrx_word' id='word_1_763' title='bbox 2306 3469 2405 3523; x_wconf 87' lang='lat' dir='ltr'><strong>alia</strong></span> <span class='ocrx_word' id='word_1_764' title='bbox 2436 3467 2622 3533; x_wconf 90' lang='lat' dir='ltr'><strong>multa,</strong></span> <span class='ocrx_word' id='word_1_765' title='bbox 2650 3465 2763 3521; x_wconf 88' lang='lat' dir='ltr'><strong>sive</strong></span> <span class='ocrx_word' id='word_1_766' title='bbox 2788 3465 2842 3519; x_wconf 91' lang='lat' dir='ltr'><strong>in</strong></span> <span class='ocrx_word' id='word_1_767' title='bbox 2867 3462 3098 3527; x_wconf 83' lang='lat' dir='ltr'><strong>Veteris,</strong></span> <span class='ocrx_word' id='word_1_768' title='bbox 3128 3461 3241 3516; x_wconf 83' lang='lat' dir='ltr'><strong>sive</strong></span> <span class='ocrx_word' id='word_1_769' title='bbox 3264 3462 3321 3515; x_wconf 87' lang='lat' dir='ltr'><strong>in</strong></span> <span class='ocrx_word' id='word_1_770' title='bbox 3345 3460 3478 3515; x_wconf 84' lang='lat' dir='ltr'><strong>Novi</strong></span> <span class='ocrx_word' id='word_1_771' title='bbox 3504 3458 3609 3517; x_wconf 80' lang='lat' dir='ltr'><strong>Te-</strong></span> 
     </span>
    </p>
   </div>
   <div class='ocr_carea' id='block_1_95' title="bbox 2013 3552 3607 3630">
    <p class='ocr_par' dir='ltr' id='par_1_95' title="bbox 2013 3552 3607 3630">
     <span class='ocr_line' id='line_1_95' title="bbox 2013 3552 3607 3630; baseline -0.005 -13"><span class='ocrx_word' id='word_1_772' title='bbox 2013 3563 2261 3617; x_wconf 91' lang='lat' dir='ltr'><strong>stamenti</strong></span> <span class='ocrx_word' id='word_1_773' title='bbox 2292 3562 2465 3629; x_wconf 89' lang='lat' dir='ltr'><strong>libris,</strong></span> <span class='ocrx_word' id='word_1_774' title='bbox 2508 3575 2629 3630; x_wconf 77' lang='lat' dir='ltr'><strong>qua:</strong></span> <span class='ocrx_word' id='word_1_775' title='bbox 2655 3558 2853 3628; x_wconf 90' lang='lat' dir='ltr'><strong>scripta</strong></span> <span class='ocrx_word' id='word_1_776' title='bbox 2881 3566 3025 3621; x_wconf 90' lang='lat' dir='ltr'><strong>sunt,</strong></span> <span class='ocrx_word' id='word_1_777' title='bbox 3055 3565 3117 3611; x_wconf 87' lang='lat' dir='ltr'><strong>ut</strong></span> <span class='ocrx_word' id='word_1_778' title='bbox 3139 3554 3477 3626; x_wconf 88' lang='lat' dir='ltr'><strong>apertissime</strong></span> <span class='ocrx_word' id='word_1_779' title='bbox 3504 3552 3607 3609; x_wconf 86' lang='lat' dir='ltr'><strong>de-</strong></span> 
     </span>
    </p>
   </div>
   <div class='ocr_carea' id='block_1_96' title="bbox 2013 3642 3608 3717">
    <p class='ocr_par' dir='ltr' id='par_1_96' title="bbox 2013 3642 3608 3717">
     <span class='ocr_line' id='line_1_96' title="bbox 2013 3642 3608 3717; baseline -0.006 -10"><span class='ocrx_word' id='word_1_780' title='bbox 2013 3654 2215 3708; x_wconf 88' lang='lat' dir='ltr'><strong>clarent</strong></span> <span class='ocrx_word' id='word_1_781' title='bbox 2242 3652 2534 3707; x_wconf 87' lang='lat' dir='ltr'><strong>Eeclesiam</strong></span> <span class='ocrx_word' id='word_1_782' title='bbox 2564 3647 2761 3703; x_wconf 88' lang='lat' dir='ltr'><strong>Christi</strong></span> <span class='ocrx_word' id='word_1_783' title='bbox 2788 3662 2885 3717; x_wconf 90' lang='lat' dir='ltr'><strong>per</strong></span> <span class='ocrx_word' id='word_1_784' title='bbox 2910 3646 3095 3701; x_wconf 88' lang='lat' dir='ltr'><strong>orbem</strong></span> <span class='ocrx_word' id='word_1_785' title='bbox 3123 3655 3280 3700; x_wconf 80' lang='lat' dir='ltr'><strong>teme.</strong></span> <span class='ocrx_word' id='word_1_786' title='bbox 3304 3659 3425 3699; x_wconf 86' lang='lat' dir='ltr'><strong>esse</strong></span> <span class='ocrx_word' id='word_1_787' title='bbox 3450 3642 3608 3697; x_wconf 69' lang='lat' dir='ltr'><strong>ditiu-</strong></span> 
     </span>
    </p>
   </div>
   <div class='ocr_carea' id='block_1_97' title="bbox 2014 3734 3608 3811">
    <p class='ocr_par' dir='ltr' id='par_1_97' title="bbox 2014 3734 3608 3811">
     <span class='ocr_line' id='line_1_97' title="bbox 2014 3734 3608 3811; baseline -0.006 -13"><span class='ocrx_word' id='word_1_788' title='bbox 2014 3760 2149 3799; x_wconf 91' lang='lat' dir='ltr'><strong>sam.</strong></span> <span class='ocrx_word' id='word_1_789' title='bbox 2189 3744 2341 3811; x_wconf 86' lang='lat' dir='ltr'><strong>Quod</strong></span> <span class='ocrx_word' id='word_1_790' title='bbox 2371 3758 2493 3796; x_wconf 89' lang='lat' dir='ltr'><strong>cum</strong></span> <span class='ocrx_word' id='word_1_791' title='bbox 2521 3743 2599 3796; x_wconf 90' lang='lat' dir='ltr'><strong>eis</strong></span> <span class='ocrx_word' id='word_1_792' title='bbox 2624 3739 2925 3808; x_wconf 88' lang='lat' dir='ltr'><strong>objicimus,</strong></span> <span class='ocrx_word' id='word_1_793' title='bbox 2953 3737 3136 3793; x_wconf 89' lang='lat' dir='ltr'><strong>dicunt</strong></span> <span class='ocrx_word' id='word_1_794' title='bbox 3156 3735 3265 3805; x_wconf 91' lang='lat' dir='ltr'><strong>jam</strong></span> <span class='ocrx_word' id='word_1_795' title='bbox 3286 3734 3387 3789; x_wconf 90' lang='lat' dir='ltr'><strong>ista</strong></span> <span class='ocrx_word' id='word_1_796' title='bbox 3425 3734 3608 3789; x_wconf 88' lang='lat' dir='ltr'><strong>omnia</strong></span> 
     </span>
    </p>
   </div>
   <div class='ocr_carea' id='block_1_98' title="bbox 2014 3827 3604 3905">
    <p class='ocr_par' dir='ltr' id='par_1_98' title="bbox 2014 3827 3604 3905">
     <span class='ocr_line' id='line_1_98' title="bbox 2014 3827 3604 3905; baseline -0.006 -14"><span class='ocrx_word' id='word_1_797' title='bbox 2014 3838 2176 3893; x_wconf 84' lang='lat' dir='ltr'><strong>fuisse</strong></span> <span class='ocrx_word' id='word_1_798' title='bbox 2224 3836 2521 3905; x_wconf 87' lang='lat' dir='ltr'><strong>completa,</strong></span> <span class='ocrx_word' id='word_1_799' title='bbox 2571 3842 2855 3902; x_wconf 87' lang='lat' dir='ltr'><strong>antequam</strong></span> <span class='ocrx_word' id='word_1_800' title='bbox 2900 3839 3047 3886; x_wconf 90' lang='lat' dir='ltr'><strong>esset</strong></span> <span class='ocrx_word' id='word_1_801' title='bbox 3092 3843 3215 3898; x_wconf 88' lang='lat' dir='ltr'><strong>pars</strong></span> <span class='ocrx_word' id='word_1_802' title='bbox 3253 3828 3462 3891; x_wconf 89' lang='lat' dir='ltr'><strong>Donati,</strong></span> <span class='ocrx_word' id='word_1_803' title='bbox 3498 3827 3604 3882; x_wconf 81' lang='lat' dir='ltr'><strong>sed</strong></span> 
     </span>
    </p>
   </div>
   <div class='ocr_carea' id='block_1_99' title="bbox 2014 3918 3606 4000">
    <p class='ocr_par' dir='ltr' id='par_1_99' title="bbox 2014 3918 3606 4000">
     <span class='ocr_line' id='line_1_99' title="bbox 2014 3918 3606 4000; baseline -0.006 -17"><span class='ocrx_word' id='word_1_804' title='bbox 2014 3936 2196 4000; x_wconf 88' lang='lat' dir='ltr'><strong>postea</strong></span> <span class='ocrx_word' id='word_1_805' title='bbox 2248 3934 2412 3981; x_wconf 88' lang='lat' dir='ltr'><strong>totam</strong></span> <span class='ocrx_word' id='word_1_806' title='bbox 2472 3924 2765 3979; x_wconf 89' lang='lat' dir='ltr'><strong>Ecclesiam</strong></span> <span class='ocrx_word' id='word_1_807' title='bbox 2794 3922 3019 3992; x_wconf 90' lang='lat' dir='ltr'><strong>perisse,</strong></span> <span class='ocrx_word' id='word_1_808' title='bbox 3051 3928 3109 3976; x_wconf 89' lang='lat' dir='ltr'><strong>et</strong></span> <span class='ocrx_word' id='word_1_809' title='bbox 3160 3920 3213 3973; x_wconf 90' lang='lat' dir='ltr'><strong>in</strong></span> <span class='ocrx_word' id='word_1_810' title='bbox 3256 3918 3373 3973; x_wconf 86' lang='lat' dir='ltr'><strong>sola</strong></span> <span class='ocrx_word' id='word_1_811' title='bbox 3417 3918 3606 3973; x_wconf 89' lang='lat' dir='ltr'><strong>Donati</strong></span> 
     </span>
    </p>
   </div>
   <div class='ocr_carea' id='block_1_100' title="bbox 2015 4009 3609 4096">
    <p class='ocr_par' dir='ltr' id='par_1_100' title="bbox 2015 4009 3609 4096">
     <span class='ocr_line' id='line_1_100' title="bbox 2015 4009 3609 4096; baseline -0.01 -16"><span class='ocrx_word' id='word_1_812' title='bbox 2015 4034 2166 4096; x_wconf 85' lang='lat' dir='ltr'><strong>parte</strong></span> <span class='ocrx_word' id='word_1_813' title='bbox 2205 4022 2458 4093; x_wconf 90' lang='lat' dir='ltr'><strong>reliquias</strong></span> <span class='ocrx_word' id='word_1_814' title='bbox 2503 4019 2621 4091; x_wconf 85' lang='lat' dir='ltr'><strong>ejus</strong></span> <span class='ocrx_word' id='word_1_815' title='bbox 2668 4016 2987 4072; x_wconf 80' lang='lat' dir='ltr'><strong>remansisse</strong></span> <span class='ocrx_word' id='word_1_816' title='bbox 3026 4012 3374 4069; x_wconf 88' lang='lat' dir='ltr'><strong>contendunt.</strong></span> <span class='ocrx_word' id='word_1_817' title='bbox 3416 4009 3463 4068; x_wconf 90' lang='grc'>0</span> <span class='ocrx_word' id='word_1_818' title='bbox 3506 4010 3609 4065; x_wconf 87' lang='lat' dir='ltr'><strong>lin-</strong></span> 
     </span>
    </p>
   </div>
   <div class='ocr_carea' id='block_1_101' title="bbox 2014 4105 3609 4190">
    <p class='ocr_par' dir='ltr' id='par_1_101' title="bbox 2014 4105 3609 4190">
     <span class='ocr_line' id='line_1_101' title="bbox 2014 4105 3609 4190; baseline -0.009 -18"><span class='ocrx_word' id='word_1_819' title='bbox 2014 4132 2172 4190; x_wconf 88' lang='lat' dir='ltr'><strong>guam</strong></span> <span class='ocrx_word' id='word_1_820' title='bbox 2211 4114 2495 4185; x_wconf 88' lang='lat' dir='ltr'><strong>superbam</strong></span> <span class='ocrx_word' id='word_1_821' title='bbox 2533 4121 2587 4169; x_wconf 91' lang='lat' dir='ltr'><strong>et</strong></span> <span class='ocrx_word' id='word_1_822' title='bbox 2608 4109 2900 4167; x_wconf 80' lang='lat' dir='ltr'><strong>nefariam!</strong></span> <span class='ocrx_word' id='word_1_823' title='bbox 2947 4122 3046 4164; x_wconf 92' lang='lat' dir='ltr'><strong>nec</strong></span> <span class='ocrx_word' id='word_1_824' title='bbox 3074 4107 3117 4162; x_wconf 88' lang='lat' dir='ltr'><strong>si</strong></span> <span class='ocrx_word' id='word_1_825' title='bbox 3156 4120 3284 4161; x_wconf 87' lang='lat' dir='ltr'><strong>vere</strong></span> <span class='ocrx_word' id='word_1_826' title='bbox 3334 4105 3414 4161; x_wconf 90' lang='lat' dir='ltr'><strong>sic</strong></span> <span class='ocrx_word' id='word_1_827' title='bbox 3461 4105 3609 4159; x_wconf 83' lang='lat' dir='ltr'><strong>vive-</strong></span> 
     </span>
    </p>
   </div>
   <div class='ocr_carea' id='block_1_102' title="bbox 2014 4194 3607 4275">
    <p class='ocr_par' dir='ltr' id='par_1_102' title="bbox 2014 4194 3607 4275">
     <span class='ocr_line' id='line_1_102' title="bbox 2014 4194 3607 4275; baseline -0.009 -10"><span class='ocrx_word' id='word_1_828' title='bbox 2014 4218 2154 4275; x_wconf 88' lang='lat' dir='ltr'><strong>rent,</strong></span> <span class='ocrx_word' id='word_1_829' title='bbox 2188 4214 2246 4261; x_wconf 90' lang='lat' dir='ltr'><strong>ut</strong></span> <span class='ocrx_word' id='word_1_830' title='bbox 2270 4206 2355 4262; x_wconf 89' lang='lat' dir='ltr'><strong>vel</strong></span> <span class='ocrx_word' id='word_1_831' title='bbox 2382 4206 2519 4260; x_wconf 90' lang='lat' dir='ltr'><strong>inter</strong></span> <span class='ocrx_word' id='word_1_832' title='bbox 2546 4218 2605 4258; x_wconf 91' lang='lat' dir='ltr'><strong>se</strong></span> <span class='ocrx_word' id='word_1_833' title='bbox 2631 4216 2816 4273; x_wconf 84' lang='lat' dir='ltr'><strong>pacem</strong></span> <span class='ocrx_word' id='word_1_834' title='bbox 2857 4208 3042 4271; x_wconf 90' lang='lat' dir='ltr'><strong>postea</strong></span> <span class='ocrx_word' id='word_1_835' title='bbox 3073 4196 3424 4253; x_wconf 89' lang='lat' dir='ltr'><strong>custodirent.</strong></span> <span class='ocrx_word' id='word_1_836' title='bbox 3454 4194 3607 4251; x_wconf 85' lang='lat' dir='ltr'><strong>Nunc</strong></span> 
     </span>
    </p>
   </div>
   <div class='ocr_carea' id='block_1_103' title="bbox 2014 4288 3607 4365">
    <p class='ocr_par' dir='ltr' id='par_1_103' title="bbox 2014 4288 3607 4365">
     <span class='ocr_line' id='line_1_103' title="bbox 2014 4288 3607 4365; baseline -0.008 -10"><span class='ocrx_word' id='word_1_837' title='bbox 2014 4311 2327 4357; x_wconf 91' lang='lat' dir='ltr'><strong>autemnon</strong></span> <span class='ocrx_word' id='word_1_838' title='bbox 2357 4297 2636 4353; x_wconf 88' lang='lat' dir='ltr'><strong>attendunt</strong></span> <span class='ocrx_word' id='word_1_839' title='bbox 2656 4296 2766 4365; x_wconf 89' lang='lat' dir='ltr'><strong>jam</strong></span> <span class='ocrx_word' id='word_1_840' title='bbox 2802 4294 2856 4348; x_wconf 82' lang='lat' dir='ltr'><strong>in</strong></span> <span class='ocrx_word' id='word_1_841' title='bbox 2896 4293 3013 4363; x_wconf 90' lang='lat' dir='ltr'><strong>ipso</strong></span> <span class='ocrx_word' id='word_1_842' title='bbox 3053 4292 3259 4345; x_wconf 89' lang='lat' dir='ltr'><strong>Donato</strong></span> <span class='ocrx_word' id='word_1_843' title='bbox 3281 4288 3607 4359; x_wconf 90' lang='lat' dir='ltr'><strong>completum</strong></span> 
     </span>
    </p>
   </div>
   <div class='ocr_carea' id='block_1_104' title="bbox 2019 4380 3607 4465">
    <p class='ocr_par' dir='ltr' id='par_1_104' title="bbox 2019 4380 3607 4465">
     <span class='ocr_line' id='line_1_104' title="bbox 2019 4380 3607 4465; baseline -0.011 -14"><span class='ocrx_word' id='word_1_844' title='bbox 2019 4394 2182 4451; x_wconf 80' lang='lat' dir='ltr'><strong>fuisse</strong></span> <span class='ocrx_word' id='word_1_845' title='bbox 2206 4392 2346 4465; x_wconf 91' lang='lat' dir='ltr'><strong>quod</strong></span> <span class='ocrx_word' id='word_1_846' title='bbox 2375 4391 2575 4447; x_wconf 90' lang='lat' dir='ltr'><strong>dictum</strong></span> <span class='ocrx_word' id='word_1_847' title='bbox 2603 4396 2706 4454; x_wconf 89' lang='lat' dir='ltr'><strong>est,</strong></span> <span class='ocrx_word' id='word_1_848' title='bbox 2734 4385 2801 4441; x_wconf 85' lang='lat' dir='ltr'><strong>In</strong></span> <span class='ocrx_word' id='word_1_849' title='bbox 2828 4403 2929 4458; x_wconf 83' lang='lat' dir='ltr'><strong>qua</strong></span> <span class='ocrx_word' id='word_1_850' title='bbox 2950 4400 3183 4439; x_wconf 88' lang='lat' dir='ltr'><strong>mensura</strong></span> <span class='ocrx_word' id='word_1_851' title='bbox 3206 4382 3361 4437; x_wconf 86' lang='lat' dir='ltr'><strong>mensi</strong></span> <span class='ocrx_word' id='word_1_852' title='bbox 3388 4380 3607 4454; x_wconf 74' lang='lat' dir='ltr'><strong>fueritis,</strong></span> 
     </span>
    </p>
   </div>
   <div class='ocr_carea' id='block_1_105' title="bbox 2015 4470 3609 4552">
    <p class='ocr_par' dir='ltr' id='par_1_105' title="bbox 2015 4470 3609 4552">
     <span class='ocr_line' id='line_1_105' title="bbox 2015 4470 3609 4552; baseline -0.012 -9"><span class='ocrx_word' id='word_1_853' title='bbox 2015 4489 2070 4543; x_wconf 90' lang='lat' dir='ltr'><strong>in</strong></span> <span class='ocrx_word' id='word_1_854' title='bbox 2090 4504 2150 4542; x_wconf 88' lang='lat' dir='ltr'><strong>ea</strong></span> <span class='ocrx_word' id='word_1_855' title='bbox 2168 4485 2453 4541; x_wconf 86' lang='lat' dir='ltr'><strong>remetietur</strong></span> <span class='ocrx_word' id='word_1_856' title='bbox 2470 4482 2607 4537; x_wconf 79' lang='lat' dir='ltr'><strong>vobis</strong></span> <span class='ocrx_word' id='word_1_857' title='bbox 2631 4478 2847 4552; x_wconf 81' lang='lat' dir='ltr'><strong>(Matth.</strong></span> <span class='ocrx_word' id='word_1_858' title='bbox 2875 4493 2969 4543; x_wconf 87' lang='lat' dir='ltr'><strong>vn,</strong></span> <span class='ocrx_word' id='word_1_859' title='bbox 2996 4475 3077 4548; x_wconf 73' lang='lat'><strong>2).</strong></span> <span class='ocrx_word' id='word_1_860' title='bbox 3117 4474 3269 4531; x_wconf 85' lang='lat' dir='ltr'><strong>Sicut</strong></span> <span class='ocrx_word' id='word_1_861' title='bbox 3287 4473 3429 4528; x_wconf 90' lang='lat' dir='ltr'><strong>enim</strong></span> <span class='ocrx_word' id='word_1_862' title='bbox 3448 4470 3609 4526; x_wconf 90' lang='lat' dir='ltr'><strong>Chri-</strong></span> 
     </span>
    </p>
   </div>
   <div class='ocr_carea' id='block_1_106' title="bbox 2015 4564 3626 4669">
    <p class='ocr_par' dir='ltr' id='par_1_106' title="bbox 2015 4564 3626 4669">
     <span class='ocr_line' id='line_1_106' title="bbox 2015 4564 3626 4669; baseline -0.012 -35"><span class='ocrx_word' id='word_1_863' title='bbox 2015 4589 2156 4635; x_wconf 86' lang='lat' dir='ltr'><strong>stum</strong></span> <span class='ocrx_word' id='word_1_864' title='bbox 2185 4575 2425 4632; x_wconf 90' lang='lat' dir='ltr'><strong>dividere</strong></span> <span class='ocrx_word' id='word_1_865' title='bbox 2452 4579 2677 4631; x_wconf 83' lang='lat' dir='ltr'><strong>conatns</strong></span> <span class='ocrx_word' id='word_1_866' title='bbox 2700 4580 2800 4637; x_wconf 91' lang='lat' dir='ltr'><strong>est,</strong></span> <span class='ocrx_word' id='word_1_867' title='bbox 2831 4570 2909 4626; x_wconf 91' lang='lat' dir='ltr'><strong>sic</strong></span> <span class='ocrx_word' id='word_1_868' title='bbox 2947 4570 3067 4640; x_wconf 88' lang='lat' dir='ltr'><strong>ipse</strong></span> <span class='ocrx_word' id='word_1_869' title='bbox 3104 4582 3134 4621; x_wconf 92' lang='lat' dir='ltr'><strong>a</strong></span> <span class='ocrx_word' id='word_1_870' title='bbox 3163 4567 3274 4621; x_wconf 90' lang='lat' dir='ltr'><strong>suis</strong></span> <span class='ocrx_word' id='word_1_871' title='bbox 3303 4564 3626 4669; x_wconf 44' lang='lat' dir='ltr'><strong>quotidiana!</strong></span> 
     </span>
    </p>
   </div>
   <div class='ocr_carea' id='block_1_107' title="bbox 2017 4658 3621 4733">
    <p class='ocr_par' dir='ltr' id='par_1_107' title="bbox 2017 4658 3621 4733">
     <span class='ocr_line' id='line_1_107' title="bbox 2017 4658 3621 4733; baseline -0.012 -4"><span class='ocrx_word' id='word_1_872' title='bbox 2017 4672 2325 4729; x_wconf 88' lang='lat' dir='ltr'><strong>concisione</strong></span> <span class='ocrx_word' id='word_1_873' title='bbox 2370 4670 2643 4724; x_wconf 88' lang='lat' dir='ltr'><strong>dividitur.</strong></span> <span class='ocrx_word' id='word_1_874' title='bbox 2703 4665 2786 4721; x_wconf 90' lang='lat' dir='ltr'><strong>Ad</strong></span> <span class='ocrx_word' id='word_1_875' title='bbox 2833 4664 2937 4719; x_wconf 92' lang='lat' dir='ltr'><strong>hoc</strong></span> <span class='ocrx_word' id='word_1_876' title='bbox 2994 4663 3153 4719; x_wconf 89' lang='lat' dir='ltr'><strong>etiam</strong></span> <span class='ocrx_word' id='word_1_877' title='bbox 3200 4660 3436 4733; x_wconf 77' lang='lat' dir='ltr'><strong>pertinet</strong></span> <span class='ocrx_word' id='word_1_878' title='bbox 3482 4658 3621 4712; x_wconf 78' lang='lat' dir='ltr'><strong>illud</strong></span> 
     </span>
    </p>
   </div>
   <div class='ocr_carea' id='block_1_108' title="bbox 2017 4748 3606 4836">
    <p class='ocr_par' dir='ltr' id='par_1_108' title="bbox 2017 4748 3606 4836">
     <span class='ocr_line' id='line_1_108' title="bbox 2017 4748 3606 4836; baseline -0.013 -16"><span class='ocrx_word' id='word_1_879' title='bbox 2017 4765 2159 4836; x_wconf 92' lang='lat' dir='ltr'><strong>quod</strong></span> <span class='ocrx_word' id='word_1_880' title='bbox 2184 4763 2439 4819; x_wconf 90' lang='lat' dir='ltr'><strong>Dominus</strong></span> <span class='ocrx_word' id='word_1_881' title='bbox 2468 4760 2614 4825; x_wconf 89' lang='lat' dir='ltr'><strong>dicit,</strong></span> <span class='ocrx_word' id='word_1_882' title='bbox 2659 4758 2761 4825; x_wconf 89' lang='lat' dir='ltr'><strong>Qui</strong></span> <span class='ocrx_word' id='word_1_883' title='bbox 2783 4759 2916 4813; x_wconf 88' lang='lat' dir='ltr'><strong>enim</strong></span> <span class='ocrx_word' id='word_1_884' title='bbox 2942 4756 3113 4827; x_wconf 88' lang='lat' dir='ltr'><strong>gladio</strong></span> <span class='ocrx_word' id='word_1_885' title='bbox 3147 4751 3465 4825; x_wconf 81' lang='lat' dir='ltr'><strong>percusserit,</strong></span> <span class='ocrx_word' id='word_1_886' title='bbox 3495 4748 3606 4819; x_wconf 85' lang='lat' dir='ltr'><strong>gla-</strong></span> 
     </span>
    </p>
   </div>
   <div class='ocr_carea' id='block_1_109' title="bbox 2018 4840 3605 4924">
    <p class='ocr_par' dir='ltr' id='par_1_109' title="bbox 2018 4840 3605 4924">
     <span class='ocr_line' id='line_1_109' title="bbox 2018 4840 3605 4924; baseline -0.013 -13"><span class='ocrx_word' id='word_1_887' title='bbox 2018 4858 2104 4913; x_wconf 89' lang='lat' dir='ltr'><strong>dio</strong></span> <span class='ocrx_word' id='word_1_888' title='bbox 2148 4857 2389 4911; x_wconf 86' lang='lat' dir='ltr'><strong>morietur</strong></span> <span class='ocrx_word' id='word_1_889' title='bbox 2416 4852 2529 4924; x_wconf 88' lang='lat' dir='ltr'><strong>(Id.</strong></span> <span class='ocrx_word' id='word_1_890' title='bbox 2576 4867 2724 4917; x_wconf 79' lang='lat' dir='ltr'><strong>xxvi,</strong></span> <span class='ocrx_word' id='word_1_891' title='bbox 2756 4849 2866 4921; x_wconf 76' lang='lat'><strong>5‘2).</strong></span> <span class='ocrx_word' id='word_1_892' title='bbox 2908 4846 3130 4904; x_wconf 86' lang='lat' dir='ltr'><strong>Gladius</strong></span> <span class='ocrx_word' id='word_1_893' title='bbox 3164 4843 3307 4899; x_wconf 89' lang='lat' dir='ltr'><strong>enim</strong></span> <span class='ocrx_word' id='word_1_894' title='bbox 3340 4842 3434 4897; x_wconf 90' lang='lat' dir='ltr'><strong>illo</strong></span> <span class='ocrx_word' id='word_1_895' title='bbox 3464 4840 3605 4903; x_wconf 91' lang='lat' dir='ltr'><strong>loco,</strong></span> 
     </span>
    </p>
   </div>
   <div class='ocr_carea' id='block_1_110' title="bbox 2019 4930 3608 5018">
    <p class='ocr_par' dir='ltr' id='par_1_110' title="bbox 2019 4930 3608 5018">
     <span class='ocr_line' id='line_1_110' title="bbox 2019 4930 3608 5018; baseline -0.013 -17"><span class='ocrx_word' id='word_1_896' title='bbox 2019 4948 2281 5018; x_wconf 85' lang='lat' dir='ltr'><strong>siquidem</strong></span> <span class='ocrx_word' id='word_1_897' title='bbox 2330 4946 2380 4999; x_wconf 91' lang='lat' dir='ltr'><strong>in</strong></span> <span class='ocrx_word' id='word_1_898' title='bbox 2410 4944 2550 4999; x_wconf 89' lang='lat' dir='ltr'><strong>malo</strong></span> <span class='ocrx_word' id='word_1_899' title='bbox 2596 4942 2800 5012; x_wconf 90' lang='lat' dir='ltr'><strong>positus</strong></span> <span class='ocrx_word' id='word_1_900' title='bbox 2830 4947 2932 5002; x_wconf 87' lang='lat' dir='ltr'><strong>cst,</strong></span> <span class='ocrx_word' id='word_1_901' title='bbox 2963 4934 3346 4992; x_wconf 87' lang='lat' dir='ltr'><strong>discordiosam</strong></span> <span class='ocrx_word' id='word_1_902' title='bbox 3372 4930 3608 4999; x_wconf 86' lang='lat' dir='ltr'><strong>linguam</strong></span> 
     </span>
    </p>
   </div>
   <div class='ocr_carea' id='block_1_111' title="bbox 2020 5020 3607 5110">
    <p class='ocr_par' dir='ltr' id='par_1_111' title="bbox 2020 5020 3607 5110">
     <span class='ocr_line' id='line_1_111' title="bbox 2020 5020 3607 5110; baseline -0.014 -16"><span class='ocrx_word' id='word_1_903' title='bbox 2020 5040 2302 5110; x_wconf 81' lang='lat' dir='ltr'><strong>signiﬁcat,</strong></span> <span class='ocrx_word' id='word_1_904' title='bbox 2334 5053 2437 5107; x_wconf 86' lang='lat' dir='ltr'><strong>qua</strong></span> <span class='ocrx_word' id='word_1_905' title='bbox 2484 5046 2609 5089; x_wconf 90' lang='lat' dir='ltr'><strong>tunc</strong></span> <span class='ocrx_word' id='word_1_906' title='bbox 2640 5034 2725 5087; x_wconf 90' lang='lat' dir='ltr'><strong>ille</strong></span> <span class='ocrx_word' id='word_1_907' title='bbox 2770 5030 2952 5085; x_wconf 79' lang='lat' dir='ltr'><strong>infelix</strong></span> <span class='ocrx_word' id='word_1_908' title='bbox 2982 5026 3274 5082; x_wconf 87' lang='lat' dir='ltr'><strong>Ecclesiam</strong></span> <span class='ocrx_word' id='word_1_909' title='bbox 3305 5020 3607 5093; x_wconf 81' lang='lat' dir='ltr'><strong>percussit,</strong></span> 
     </span>
    </p>
   </div>
   <div class='ocr_carea' id='block_1_112' title="bbox 2020 5111 3611 5185">
    <p class='ocr_par' dir='ltr' id='par_1_112' title="bbox 2020 5111 3611 5185">
     <span class='ocr_line' id='line_1_112' title="bbox 2020 5111 3611 5185; baseline -0.013 0"><span class='ocrx_word' id='word_1_910' title='bbox 2020 5132 2112 5185; x_wconf 83' lang='lat' dir='ltr'><strong>sed</strong></span> <span class='ocrx_word' id='word_1_911' title='bbox 2145 5146 2248 5183; x_wconf 91' lang='lat' dir='ltr'><strong>uon</strong></span> <span class='ocrx_word' id='word_1_912' title='bbox 2276 5127 2490 5183; x_wconf 90' lang='lat' dir='ltr'><strong>occidit.</strong></span> <span class='ocrx_word' id='word_1_913' title='bbox 2520 5124 2635 5180; x_wconf 85' lang='lat' dir='ltr'><strong>Non</strong></span> <span class='ocrx_word' id='word_1_914' title='bbox 2677 5122 2817 5177; x_wconf 89' lang='lat' dir='ltr'><strong>enim</strong></span> <span class='ocrx_word' id='word_1_915' title='bbox 2844 5119 2984 5173; x_wconf 81' lang='lat' dir='ltr'><strong>dixit</strong></span> <span class='ocrx_word' id='word_1_916' title='bbox 3025 5116 3307 5177; x_wconf 85' lang='lat' dir='ltr'><strong>Dominus,</strong></span> <span class='ocrx_word' id='word_1_917' title='bbox 3338 5112 3436 5180; x_wconf 92' lang='lat' dir='ltr'><strong>Qui</strong></span> <span class='ocrx_word' id='word_1_918' title='bbox 3464 5111 3611 5165; x_wconf 80' lang='lat' dir='ltr'><strong>occi-</strong></span> 
     </span>
    </p>
   </div>
   <div class='ocr_carea' id='block_1_113' title="bbox 2020 5205 3611 5293">
    <p class='ocr_par' dir='ltr' id='par_1_113' title="bbox 2020 5205 3611 5293">
     <span class='ocr_line' id='line_1_113' title="bbox 2020 5205 3611 5293; baseline -0.014 -14"><span class='ocrx_word' id='word_1_919' title='bbox 2020 5225 2159 5279; x_wconf 79' lang='lat' dir='ltr'><strong>derit</strong></span> <span class='ocrx_word' id='word_1_920' title='bbox 2198 5219 2393 5293; x_wconf 85' lang='lat' dir='ltr'><strong>gladio,</strong></span> <span class='ocrx_word' id='word_1_921' title='bbox 2425 5219 2603 5290; x_wconf 87' lang='lat' dir='ltr'><strong>gladio</strong></span> <span class='ocrx_word' id='word_1_922' title='bbox 2645 5215 2941 5278; x_wconf 81' lang='lat' dir='ltr'><strong>morietur;</strong></span> <span class='ocrx_word' id='word_1_923' title='bbox 2986 5208 3101 5276; x_wconf 87' lang='lat' dir='ltr'><strong>sed,</strong></span> <span class='ocrx_word' id='word_1_924' title='bbox 3150 5207 3249 5274; x_wconf 87' lang='lat' dir='ltr'><strong>Qui</strong></span> <span class='ocrx_word' id='word_1_925' title='bbox 3278 5205 3449 5278; x_wconf 86' lang='lat' dir='ltr'><strong>gladio</strong></span> <span class='ocrx_word' id='word_1_926' title='bbox 3488 5220 3611 5257; x_wconf 81' lang='lat' dir='ltr'><strong>usus</strong></span> 
     </span>
    </p>
   </div>
   <div class='ocr_carea' id='block_1_114' title="bbox 2022 5294 3610 5387">
    <p class='ocr_par' dir='ltr' id='par_1_114' title="bbox 2022 5294 3610 5387">
     <span class='ocr_line' id='line_1_114' title="bbox 2022 5294 3610 5387; baseline -0.014 -17"><span class='ocrx_word' id='word_1_927' title='bbox 2022 5316 2191 5387; x_wconf 79' lang='lat' dir='ltr'><strong>fuerit,</strong></span> <span class='ocrx_word' id='word_1_928' title='bbox 2222 5314 2411 5384; x_wconf 86' lang='lat' dir='ltr'><strong>inquit,</strong></span> <span class='ocrx_word' id='word_1_929' title='bbox 2442 5309 2611 5381; x_wconf 87' lang='lat' dir='ltr'><strong>gladio</strong></span> <span class='ocrx_word' id='word_1_930' title='bbox 2633 5305 2892 5360; x_wconf 85' lang='lat' dir='ltr'><strong>morietur.</strong></span> <span class='ocrx_word' id='word_1_931' title='bbox 2932 5302 3076 5372; x_wconf 86' lang='lat' dir='ltr'><strong>Ergo</strong></span> <span class='ocrx_word' id='word_1_932' title='bbox 3105 5300 3192 5354; x_wconf 88' lang='lat' dir='ltr'><strong>ille</strong></span> <span class='ocrx_word' id='word_1_933' title='bbox 3222 5295 3483 5369; x_wconf 69' lang='lat' dir='ltr'><strong>percussit</strong></span> <span class='ocrx_word' id='word_1_934' title='bbox 3504 5294 3610 5349; x_wconf 80' lang='lat' dir='ltr'><strong>Ec-</strong></span> 
     </span>
    </p>
   </div>
   <div class='ocr_carea' id='block_1_115' title="bbox 2022 5392 3608 5476">
    <p class='ocr_par' dir='ltr' id='par_1_115' title="bbox 2022 5392 3608 5476">
     <span class='ocr_line' id='line_1_115' title="bbox 2022 5392 3608 5476; baseline -0.012 -13"><span class='ocrx_word' id='word_1_935' title='bbox 2022 5409 2237 5464; x_wconf 80' lang='lat' dir='ltr'><strong>clesiain</strong></span> <span class='ocrx_word' id='word_1_936' title='bbox 2276 5408 2450 5476; x_wconf 89' lang='lat' dir='ltr'><strong>lingua</strong></span> <span class='ocrx_word' id='word_1_937' title='bbox 2478 5403 2727 5473; x_wconf 85' lang='lat' dir='ltr'><strong>litigiosa,</strong></span> <span class='ocrx_word' id='word_1_938' title='bbox 2754 5414 2857 5471; x_wconf 89' lang='lat' dir='ltr'><strong>qua</strong></span> <span class='ocrx_word' id='word_1_939' title='bbox 2886 5412 3032 5453; x_wconf 91' lang='lat' dir='ltr'><strong>nunc</strong></span> <span class='ocrx_word' id='word_1_940' title='bbox 3060 5396 3175 5466; x_wconf 88' lang='lat' dir='ltr'><strong>ipse</strong></span> <span class='ocrx_word' id='word_1_941' title='bbox 3200 5392 3529 5456; x_wconf 72' lang='lat' dir='ltr'><strong>conciditur,</strong></span> <span class='ocrx_word' id='word_1_942' title='bbox 3552 5399 3608 5444; x_wconf 89' lang='lat' dir='ltr'><strong>ut</strong></span> 
     </span>
    </p>
   </div>
   <div class='ocr_carea' id='block_1_116' title="bbox 2023 5483 3611 5569">
    <p class='ocr_par' dir='ltr' id='par_1_116' title="bbox 2023 5483 3611 5569">
     <span class='ocr_line' id='line_1_116' title="bbox 2023 5483 3611 5569; baseline -0.013 -12"><span class='ocrx_word' id='word_1_943' title='bbox 2023 5502 2242 5557; x_wconf 92' lang='lat' dir='ltr'><strong>omnino</strong></span> <span class='ocrx_word' id='word_1_944' title='bbox 2264 5500 2709 5569; x_wconf 86' lang='lat' dir='ltr'><strong>dispereatatquc</strong></span> <span class='ocrx_word' id='word_1_945' title='bbox 2731 5490 3007 5547; x_wconf 86' lang='lat' dir='ltr'><strong>moriatur.</strong></span> <span class='ocrx_word' id='word_1_946' title='bbox 3038 5488 3104 5543; x_wconf 91' lang='lat' dir='ltr'><strong>Et</strong></span> <span class='ocrx_word' id='word_1_947' title='bbox 3126 5496 3301 5542; x_wconf 87' lang='lat' dir='ltr'><strong>tamen</strong></span> <span class='ocrx_word' id='word_1_948' title='bbox 3331 5483 3459 5540; x_wconf 90' lang='lat' dir='ltr'><strong>illud</strong></span> <span class='ocrx_word' id='word_1_949' title='bbox 3488 5492 3611 5538; x_wconf 92' lang='lat' dir='ltr'><strong>tunc</strong></span> 
     </span>
    </p>
   </div>
   <div class='ocr_carea' id='block_1_117' title="bbox 2023 5680 3612 5767">
    <p class='ocr_par' dir='ltr' id='par_1_117' title="bbox 2023 5680 3612 5767">
     <span class='ocr_line' id='line_1_117' title="bbox 2023 5680 3612 5767; baseline -0.013 -18"><span class='ocrx_word' id='word_1_950' title='bbox 2023 5680 2310 5767; x_wconf 53' lang='lat' dir='ltr'><strong>negligentes</strong></span> <span class='ocrx_word' id='word_1_951' title='bbox 2320 5680 2613 5745; x_wconf 70' lang='lat' dir='ltr'><strong>&#39;catho&#39;t&#39;icl&#39;nn</strong></span> <span class='ocrx_word' id='word_1_952' title='bbox 2633 5690 2780 5757; x_wconf 83' lang='lat' dir='ltr'><strong>[idem</strong></span> <span class='ocrx_word' id='word_1_953' title='bbox 2795 5703 2811 5753; x_wconf 90' lang='lat'><strong><em>;</em></strong></span> <span class='ocrx_word' id='word_1_954' title='bbox 2831 5688 2926 5750; x_wconf 84' lang='lat' dir='ltr'><strong>vel,</strong></span> <span class='ocrx_word' id='word_1_955' title='bbox 2943 5686 3028 5752; x_wconf 86' lang='lat' dir='ltr'><strong>qui</strong></span> <span class='ocrx_word' id='word_1_956' title='bbox 3042 5680 3331 5751; x_wconf 83' lang='lat' dir='ltr'><strong>negligentes</strong></span> <span class='ocrx_word' id='word_1_957' title='bbox 3346 5680 3399 5733; x_wconf 87' lang='lat' dir='ltr'><strong>in</strong></span> <span class='ocrx_word' id='word_1_958' title='bbox 3412 5680 3612 5731; x_wconf 81' lang='lat' dir='ltr'><strong>cathoii-</strong></span> 
     </span>
    </p>
   </div>
   <div class='ocr_carea' id='block_1_118' title="bbox 2024 5760 3519 5882">
    <p class='ocr_par' dir='ltr' id='par_1_118' title="bbox 2024 5760 3519 5882">
     <span class='ocr_line' id='line_1_118' title="bbox 2024 5760 2318 5824; baseline -0.014 -15"><span class='ocrx_word' id='word_1_959' title='bbox 2024 5760 2132 5811; x_wconf 72' lang='lat' dir='ltr'><strong>Cttin</strong></span> <span class='ocrx_word' id='word_1_960' title='bbox 2154 5760 2318 5824; x_wconf 68' lang='lat' dir='ltr'><strong>ﬁdem.</strong></span> 
     </span>
     <span class='ocr_line' id='line_1_119' title="bbox 2087 5808 3519 5882; baseline -0.012 -13"><span class='ocrx_word' id='word_1_961' title='bbox 2087 5825 2107 5852; x_wconf 76' lang='grc'>⁸</span> <span class='ocrx_word' id='word_1_962' title='bbox 2141 5826 2213 5869; x_wconf 67' lang='lat' dir='ltr'><strong>sic</strong></span> <span class='ocrx_word' id='word_1_963' title='bbox 2238 5829 2367 5868; x_wconf 66' lang='lat' dir='ltr'><strong>I‘irv.</strong></span> <span class='ocrx_word' id='word_1_964' title='bbox 2419 5826 2470 5868; x_wconf 80' lang='lat' dir='ltr'><strong>rt</strong></span> <span class='ocrx_word' id='word_1_965' title='bbox 2514 5816 2681 5882; x_wconf 74' lang='lat' dir='ltr'><strong>plures</strong></span> <span class='ocrx_word' id='word_1_966' title='bbox 2700 5824 2807 5882; x_wconf 75' lang='lat' dir='ltr'><strong>Mss.</strong></span> <span class='ocrx_word' id='word_1_967' title='bbox 2833 5821 2887 5882; x_wconf 74' lang='lat' dir='ltr'><strong>At</strong></span> <span class='ocrx_word' id='word_1_968' title='bbox 2926 5821 3024 5862; x_wconf 79' lang='lat' dir='ltr'><strong>Am.</strong></span> <span class='ocrx_word' id='word_1_969' title='bbox 3050 5818 3125 5882; x_wconf 62' lang='lat' dir='ltr'><strong>Fr.</strong></span> <span class='ocrx_word' id='word_1_970' title='bbox 3159 5815 3291 5882; x_wconf 80' lang='lat' dir='ltr'><strong>L_ov_.,</strong></span> <span class='ocrx_word' id='word_1_971' title='bbox 3336 5808 3519 5882; x_wconf 67' lang='lat' dir='ltr'><strong>decere.</strong></span> 
     </span>
    </p>
   </div>
   <div class='ocr_carea' id='block_1_119' title="bbox 2030 5871 3612 5997">
    <p class='ocr_par' dir='ltr' id='par_1_119' title="bbox 2030 5871 3612 5997">
     <span class='ocr_line' id='line_1_120' title="bbox 2058 5871 3612 5995; baseline -0.01 -64"><span class='ocrx_word' id='word_1_972' title='bbox 2058 5884 2111 5995; x_wconf 62' lang='lat' dir='ltr'><strong>l3</strong></span> <span class='ocrx_word' id='word_1_973' title='bbox 2135 5884 2259 5954; x_wconf 45' lang='lat' dir='ltr'><strong>.l-klili</strong></span> <span class='ocrx_word' id='word_1_974' title='bbox 2292 5883 2491 5941; x_wconf 74' lang='lat' dir='ltr'><strong>addunt,</strong></span> <span class='ocrx_word' id='word_1_975' title='bbox 2516 5871 2615 5945; x_wconf 58' lang='lat' dir='ltr'><strong>ﬁde</strong></span> <span class='ocrx_word' id='word_1_976' title='bbox 2644 5893 2660 5932; x_wconf 92' lang='lat'><strong><em>:</em></strong></span> <span class='ocrx_word' id='word_1_977' title='bbox 2686 5881 2821 5941; x_wconf 77' lang='lat' dir='ltr'><strong>cujus</strong></span> <span class='ocrx_word' id='word_1_978' title='bbox 2868 5876 2970 5925; x_wconf 79' lang='lat' dir='ltr'><strong>loco</strong></span> <span class='ocrx_word' id='word_1_979' title='bbox 3014 5871 3260 5921; x_wconf 80' lang='lat' dir='ltr'><strong>subaudiri</strong></span> <span class='ocrx_word' id='word_1_980' title='bbox 3286 5874 3442 5931; x_wconf 68' lang='lat' dir='ltr'><strong>potest</strong></span> <span class='ocrx_word' id='word_1_981' title='bbox 3463 5900 3481 5925; x_wconf 85' lang='lat'><strong>,</strong></span> <span class='ocrx_word' id='word_1_982' title='bbox 3523 5871 3612 5915; x_wconf 70' lang='lat' dir='ltr'><strong>ee-</strong></span> 
     </span>
     <span class='ocr_line' id='line_1_121' title="bbox 2030 5960 2191 5997; baseline -0.019 0"><span class='ocrx_word' id='word_1_983' title='bbox 2030 5960 2055 5997; x_wconf 80' lang='lat' dir='ltr'><strong>c</strong></span> <span class='ocrx_word' id='word_1_984' title='bbox 2078 5960 2191 5994; x_wconf 77' lang='lat' dir='ltr'><strong>esui.</strong></span> 
     </span>
    </p>
   </div>
   <div class='ocr_carea' id='block_1_120' title="bbox 2090 5613 3612 5729">
    <p class='ocr_par' dir='ltr' id='par_1_120' title="bbox 2090 5613 3612 5729">
     <span class='ocr_line' id='line_1_122' title="bbox 2090 5613 3612 5727; baseline -0.014 -42"><span class='ocrx_word' id='word_1_985' title='bbox 2090 5637 2106 5669; x_wconf 80' lang='grc' dir='ltr'><strong>ι</strong></span> <span class='ocrx_word' id='word_1_986' title='bbox 2142 5634 2280 5706; x_wconf 80' lang='lat' dir='ltr'><strong>_Editi,</strong></span> <span class='ocrx_word' id='word_1_987' title='bbox 2306 5631 2391 5695; x_wconf 83' lang='lat' dir='ltr'><strong>qui</strong></span> <span class='ocrx_word' id='word_1_988' title='bbox 2404 5629 2692 5703; x_wconf 76' lang='lat' dir='ltr'><strong>negligentes</strong></span> <span class='ocrx_word' id='word_1_989' title='bbox 2705 5634 2814 5679; x_wconf 90' lang='lat' dir='ltr'><strong>sunt</strong></span> <span class='ocrx_word' id='word_1_990' title='bbox 2829 5626 2880 5679; x_wconf 84' lang='lat' dir='ltr'><strong>in</strong></span> <span class='ocrx_word' id='word_1_991' title='bbox 2903 5621 3139 5696; x_wconf 77' lang='lat' dir='ltr'><strong>catholica</strong></span> <span class='ocrx_word' id='word_1_992' title='bbox 3160 5620 3280 5695; x_wconf 79' lang='lat' dir='ltr'><strong>ﬁde.</strong></span> <span class='ocrx_word' id='word_1_993' title='bbox 3304 5626 3365 5692; x_wconf 69' lang='lat' dir='ltr'><strong>at</strong></span> <span class='ocrx_word' id='word_1_994' title='bbox 3381 5624 3512 5727; x_wconf 46' lang='lat' dir='ltr'><strong>Mss?</strong></span> <span class='ocrx_word' id='word_1_995' title='bbox 3530 5613 3612 5688; x_wconf 63' lang='lat' dir='ltr'><strong>qui</strong></span> 
     </span>
     <span class='ocr_line' id='line_1_123' title="bbox 2090 5685 3612 5729; baseline 0 0"><span class='ocrx_word' id='word_1_996' title='bbox 2090 5697 2309 5729; x_wconf 66' lang='lat' dir='ltr'><strong>nlennnlo-</strong></span> <span class='ocrx_word' id='word_1_997' title='bbox 2331 5693 2613 5729; x_wconf 77' lang='lat' dir='ltr'><strong>rnlhnhnml</strong></span> <span class='ocrx_word' id='word_1_998' title='bbox 2638 5692 2780 5729; x_wconf 76' lang='lat' dir='ltr'><strong>Isdpm</strong></span> <span class='ocrx_word' id='word_1_999' title='bbox 2800 5703 2811 5714; x_wconf 88' lang='grc'><strong>·</strong></span> <span class='ocrx_word' id='word_1_1000' title='bbox 2831 5688 2925 5729; x_wconf 61' lang='grc' dir='ltr'>τρι-</span> <span class='ocrx_word' id='word_1_1001' title='bbox 2943 5700 3027 5729; x_wconf 79' lang='lat' dir='ltr'><strong>mn</strong></span> <span class='ocrx_word' id='word_1_1002' title='bbox 3042 5685 3331 5729; x_wconf 68' lang='lat' dir='ltr'><strong>negligentes</strong></span> <span class='ocrx_word' id='word_1_1003' title='bbox 3346 5693 3399 5729; x_wconf 77' lang='lat' dir='ltr'><strong>sn</strong></span> <span class='ocrx_word' id='word_1_1004' title='bbox 3412 5685 3489 5729; x_wconf 74' lang='grc' dir='ltr'><strong>σαι</strong></span> <span class='ocrx_word' id='word_1_1005' title='bbox 3506 5691 3612 5729; x_wconf 66' lang='grc' dir='ltr'><strong>1οη·</strong></span> 
     </span>
    </p>
   </div>
  </div>
