  <div class='ocr_page' id='page_1' title='image "/cluster/home/n/w/nwhite01/storage/ocr_20150623/40-41/uc1.31175026811482/161.png"; bbox 0 0 4024 6510; ppageno 0'>
   <div class='ocr_carea' id='block_1_1' title="bbox 478 1619 494 1688">
    <p class='ocr_par' dir='ltr' id='par_1_1' title="bbox 478 1619 494 1688">
     <span class='ocr_line' id='line_1_1' title="bbox 478 1619 494 1688; baseline 0 0"><span class='ocrx_word' id='word_1_1' title='bbox 478 1619 494 1688; x_wconf 74' lang='lat' dir='ltr'><strong>i</strong></span> 
     </span>
    </p>
   </div>
   <div class='ocr_carea' id='block_1_2' title="bbox 532 377 633 434">
    <p class='ocr_par' dir='ltr' id='par_1_2' title="bbox 532 377 633 434">
     <span class='ocr_line' id='line_1_2' title="bbox 532 377 633 434; baseline -0.059 0"><span class='ocrx_word' id='word_1_2' title='bbox 532 377 633 434; x_wconf 70' lang='grc' dir='ltr'><strong>ἔνθῖ</strong></span> 
     </span>
    </p>
   </div>
   <div class='ocr_carea' id='block_1_3' title="bbox 533 471 2111 558">
    <p class='ocr_par' dir='ltr' id='par_1_3' title="bbox 533 471 2111 558">
     <span class='ocr_line' id='line_1_3' title="bbox 533 471 2111 558; baseline -0.015 -13"><span class='ocrx_word' id='word_1_3' title='bbox 533 488 804 558; x_wconf 85' lang='lat' dir='ltr'><strong>apostolus</strong></span> <span class='ocrx_word' id='word_1_4' title='bbox 851 485 1060 548; x_wconf 80' lang='lat' dir='ltr'><strong>Petrus,</strong></span> <span class='ocrx_word' id='word_1_5' title='bbox 1111 499 1218 535; x_wconf 85' lang='lat' dir='ltr'><strong>non</strong></span> <span class='ocrx_word' id='word_1_6' title='bbox 1270 480 1519 548; x_wconf 88' lang='lat' dir='ltr'><strong>superbia</strong></span> <span class='ocrx_word' id='word_1_7' title='bbox 1569 495 1684 541; x_wconf 82' lang='lat' dir='ltr'><strong>sua,</strong></span> <span class='ocrx_word' id='word_1_8' title='bbox 1737 476 1829 528; x_wconf 77' lang='lat' dir='ltr'><strong>Sed</strong></span> <span class='ocrx_word' id='word_1_9' title='bbox 1873 471 2111 542; x_wconf 78' lang='lat' dir='ltr'><strong>quamvis</strong></span> 
     </span>
    </p>
   </div>
   <div class='ocr_carea' id='block_1_4' title="bbox 532 561 2109 643">
    <p class='ocr_par' dir='ltr' id='par_1_4' title="bbox 532 561 2109 643">
     <span class='ocr_line' id='line_1_4' title="bbox 532 561 2109 643; baseline -0.015 -7"><span class='ocrx_word' id='word_1_10' title='bbox 532 578 751 643; x_wconf 70' lang='lat' dir='ltr'><strong>carnali,</strong></span> <span class='ocrx_word' id='word_1_11' title='bbox 785 586 958 630; x_wconf 87' lang='lat' dir='ltr'><strong>tamen</strong></span> <span class='ocrx_word' id='word_1_12' title='bbox 986 587 1168 627; x_wconf 89' lang='lat' dir='ltr'><strong>amore</strong></span> <span class='ocrx_word' id='word_1_13' title='bbox 1212 570 1419 626; x_wconf 83' lang='lat' dir='ltr'><strong>Domini</strong></span> <span class='ocrx_word' id='word_1_14' title='bbox 1463 568 1680 622; x_wconf 78' lang='lat' dir='ltr'><strong>fecerat.</strong></span> <span class='ocrx_word' id='word_1_15' title='bbox 1717 565 1896 633; x_wconf 83' lang='lat' dir='ltr'><strong>itaque</strong></span> <span class='ocrx_word' id='word_1_16' title='bbox 1923 561 2109 615; x_wconf 87' lang='lat' dir='ltr'><strong>admo-</strong></span> 
     </span>
    </p>
   </div>
   <div class='ocr_carea' id='block_1_5' title="bbox 534 651 2113 735">
    <p class='ocr_par' dir='ltr' id='par_1_5' title="bbox 534 651 2113 735">
     <span class='ocr_line' id='line_1_5' title="bbox 534 651 2113 735; baseline -0.012 -13"><span class='ocrx_word' id='word_1_17' title='bbox 534 669 674 722; x_wconf 88' lang='lat' dir='ltr'><strong>nitus</strong></span> <span class='ocrx_word' id='word_1_18' title='bbox 713 665 954 722; x_wconf 85' lang='lat' dir='ltr'><strong>recondit</strong></span> <span class='ocrx_word' id='word_1_19' title='bbox 981 663 1212 735; x_wconf 77' lang='lat' dir='ltr'><strong>gladium</strong></span> <span class='ocrx_word' id='word_1_20' title='bbox 1245 679 1257 714; x_wconf 91' lang='lat'>:</span> <span class='ocrx_word' id='word_1_21' title='bbox 1297 661 1395 714; x_wconf 88' lang='lat' dir='ltr'><strong>iste</strong></span> <span class='ocrx_word' id='word_1_22' title='bbox 1435 669 1614 711; x_wconf 87' lang='lat' dir='ltr'><strong>autem</strong></span> <span class='ocrx_word' id='word_1_23' title='bbox 1661 671 1759 709; x_wconf 91' lang='lat' dir='ltr'><strong>nec</strong></span> <span class='ocrx_word' id='word_1_24' title='bbox 1805 654 1974 707; x_wconf 89' lang='lat' dir='ltr'><strong>vietus</strong></span> <span class='ocrx_word' id='word_1_25' title='bbox 2013 651 2113 703; x_wconf 84' lang='lat' dir='ltr'><strong>huc</strong></span> 
     </span>
    </p>
   </div>
   <div class='ocr_carea' id='block_1_6' title="bbox 533 749 2110 827">
    <p class='ocr_par' dir='ltr' id='par_1_6' title="bbox 533 749 2110 827">
     <span class='ocr_line' id='line_1_6' title="bbox 533 749 2110 827; baseline -0.011 -14"><span class='ocrx_word' id='word_1_26' title='bbox 533 759 675 813; x_wconf 73' lang='lat' dir='ltr'><strong>fecit.</strong></span> <span class='ocrx_word' id='word_1_27' title='bbox 717 756 990 827; x_wconf 86' lang='lat' dir='ltr'><strong>Siquidem</strong></span> <span class='ocrx_word' id='word_1_28' title='bbox 1016 770 1138 810; x_wconf 91' lang='lat' dir='ltr'><strong>cum</strong></span> <span class='ocrx_word' id='word_1_29' title='bbox 1171 754 1421 822; x_wconf 90' lang='lat' dir='ltr'><strong>episeopo</strong></span> <span class='ocrx_word' id='word_1_30' title='bbox 1440 749 1724 805; x_wconf 69' lang='lat' dir='ltr'><strong>Caeciliano</strong></span> <span class='ocrx_word' id='word_1_31' title='bbox 1753 761 1968 802; x_wconf 86' lang='lat' dir='ltr'><strong>causam</strong></span> <span class='ocrx_word' id='word_1_32' title='bbox 1991 759 2110 798; x_wconf 92' lang='lat' dir='ltr'><strong>cum</strong></span> 
     </span>
    </p>
   </div>
   <div class='ocr_carea' id='block_1_7' title="bbox 533 838 2110 916">
    <p class='ocr_par' dir='ltr' id='par_1_7' title="bbox 533 838 2110 916">
     <span class='ocr_line' id='line_1_7' title="bbox 533 838 2110 916; baseline -0.01 -13"><span class='ocrx_word' id='word_1_33' title='bbox 533 851 752 916; x_wconf 77' lang='lat' dir='ltr'><strong>diceret,</strong></span> <span class='ocrx_word' id='word_1_34' title='bbox 800 847 1136 903; x_wconf 84' lang='lat' dir='ltr'><strong>audientibus</strong></span> <span class='ocrx_word' id='word_1_35' title='bbox 1162 845 1424 916; x_wconf 77' lang='lat' dir='ltr'><strong>episcOpis</strong></span> <span class='ocrx_word' id='word_1_36' title='bbox 1462 842 1666 904; x_wconf 73' lang='lat' dir='ltr'><strong>Romm,</strong></span> <span class='ocrx_word' id='word_1_37' title='bbox 1697 852 1832 909; x_wconf 92' lang='lat' dir='ltr'><strong>quos</strong></span> <span class='ocrx_word' id='word_1_38' title='bbox 1874 838 1987 906; x_wconf 89' lang='lat' dir='ltr'><strong>ipse</strong></span> <span class='ocrx_word' id='word_1_39' title='bbox 2013 851 2110 906; x_wconf 86' lang='lat' dir='ltr'><strong>pe-</strong></span> 
     </span>
    </p>
   </div>
   <div class='ocr_carea' id='block_1_8' title="bbox 531 927 2108 1006">
    <p class='ocr_par' dir='ltr' id='par_1_8' title="bbox 531 927 2108 1006">
     <span class='ocr_line' id='line_1_8' title="bbox 531 927 2108 1006; baseline -0.008 -13"><span class='ocrx_word' id='word_1_40' title='bbox 531 943 740 1006; x_wconf 84' lang='lat' dir='ltr'><strong>tiverat,</strong></span> <span class='ocrx_word' id='word_1_41' title='bbox 786 939 916 993; x_wconf 87' lang='lat' dir='ltr'><strong>nihil</strong></span> <span class='ocrx_word' id='word_1_42' title='bbox 953 953 1136 993; x_wconf 89' lang='lat' dir='ltr'><strong>eorum</strong></span> <span class='ocrx_word' id='word_1_43' title='bbox 1167 952 1284 1006; x_wconf 78' lang='lat' dir='ltr'><strong>qua:</strong></span> <span class='ocrx_word' id='word_1_44' title='bbox 1314 933 1612 989; x_wconf 84' lang='lat' dir='ltr'><strong>intenderat</strong></span> <span class='ocrx_word' id='word_1_45' title='bbox 1657 929 1828 999; x_wconf 90' lang='lat' dir='ltr'><strong>potuit</strong></span> <span class='ocrx_word' id='word_1_46' title='bbox 1852 927 2108 998; x_wconf 88' lang='lat' dir='ltr'><strong>probare;</strong></span> 
     </span>
    </p>
   </div>
   <div class='ocr_carea' id='block_1_9' title="bbox 528 1021 2108 1093">
    <p class='ocr_par' dir='ltr' id='par_1_9' title="bbox 528 1021 2108 1093">
     <span class='ocr_line' id='line_1_9' title="bbox 528 1021 2108 1093; baseline -0.009 -9"><span class='ocrx_word' id='word_1_47' title='bbox 528 1041 583 1085; x_wconf 91' lang='lat' dir='ltr'><strong>et</strong></span> <span class='ocrx_word' id='word_1_48' title='bbox 600 1031 678 1085; x_wconf 90' lang='lat' dir='ltr'><strong>sic</strong></span> <span class='ocrx_word' id='word_1_49' title='bbox 699 1031 953 1090; x_wconf 82' lang='lat' dir='ltr'><strong>remansit</strong></span> <span class='ocrx_word' id='word_1_50' title='bbox 975 1029 1026 1082; x_wconf 92' lang='lat' dir='ltr'><strong>in</strong></span> <span class='ocrx_word' id='word_1_51' title='bbox 1055 1027 1357 1091; x_wconf 86' lang='lat' dir='ltr'><strong>schismate,</strong></span> <span class='ocrx_word' id='word_1_52' title='bbox 1389 1034 1441 1078; x_wconf 90' lang='lat' dir='ltr'><strong>ut</strong></span> <span class='ocrx_word' id='word_1_53' title='bbox 1466 1038 1565 1078; x_wconf 93' lang='lat' dir='ltr'><strong>suo</strong></span> <span class='ocrx_word' id='word_1_54' title='bbox 1589 1021 1765 1093; x_wconf 89' lang='lat' dir='ltr'><strong>gladio</strong></span> <span class='ocrx_word' id='word_1_55' title='bbox 1791 1026 2108 1074; x_wconf 85' lang='lat' dir='ltr'><strong>moreretur.</strong></span> 
     </span>
    </p>
   </div>
   <div class='ocr_carea' id='block_1_10' title="bbox 530 1110 2114 1189">
    <p class='ocr_par' dir='ltr' id='par_1_10' title="bbox 530 1110 2114 1189">
     <span class='ocr_line' id='line_1_10' title="bbox 530 1110 2114 1189; baseline -0.007 -16"><span class='ocrx_word' id='word_1_56' title='bbox 530 1113 765 1189; x_wconf 75' lang='lat' dir='ltr'><strong>Populus</strong></span> <span class='ocrx_word' id='word_1_57' title='bbox 803 1128 981 1174; x_wconf 90' lang='lat' dir='ltr'><strong>autem</strong></span> <span class='ocrx_word' id='word_1_58' title='bbox 1028 1118 1214 1186; x_wconf 81' lang='lat' dir='ltr'><strong>ipsius,</strong></span> <span class='ocrx_word' id='word_1_59' title='bbox 1259 1115 1470 1186; x_wconf 85' lang='lat' dir='ltr'><strong>quando</strong></span> <span class='ocrx_word' id='word_1_60' title='bbox 1501 1128 1605 1168; x_wconf 89' lang='lat' dir='ltr'><strong>non</strong></span> <span class='ocrx_word' id='word_1_61' title='bbox 1634 1111 1781 1166; x_wconf 89' lang='lat' dir='ltr'><strong>audit</strong></span> <span class='ocrx_word' id='word_1_62' title='bbox 1819 1110 2114 1178; x_wconf 85' lang='lat' dir='ltr'><strong>Prophetas</strong></span> 
     </span>
    </p>
   </div>
   <div class='ocr_carea' id='block_1_11' title="bbox 530 1200 2114 1278">
    <p class='ocr_par' dir='ltr' id='par_1_11' title="bbox 530 1200 2114 1278">
     <span class='ocr_line' id='line_1_11' title="bbox 530 1200 2114 1278; baseline -0.007 -16"><span class='ocrx_word' id='word_1_63' title='bbox 530 1217 588 1262; x_wconf 86' lang='lat' dir='ltr'><strong>et</strong></span> <span class='ocrx_word' id='word_1_64' title='bbox 629 1209 998 1278; x_wconf 83' lang='lat' dir='ltr'><strong>Evangelium,</strong></span> <span class='ocrx_word' id='word_1_65' title='bbox 1047 1209 1098 1262; x_wconf 93' lang='lat' dir='ltr'><strong>in</strong></span> <span class='ocrx_word' id='word_1_66' title='bbox 1141 1207 1332 1277; x_wconf 89' lang='lat' dir='ltr'><strong>quibus</strong></span> <span class='ocrx_word' id='word_1_67' title='bbox 1378 1204 1715 1274; x_wconf 85' lang='lat' dir='ltr'><strong>apertissime</strong></span> <span class='ocrx_word' id='word_1_68' title='bbox 1744 1200 2000 1270; x_wconf 89' lang='lat' dir='ltr'><strong>scriptum</strong></span> <span class='ocrx_word' id='word_1_69' title='bbox 2030 1206 2114 1252; x_wconf 90' lang='lat' dir='ltr'><strong>est</strong></span> 
     </span>
    </p>
   </div>
   <div class='ocr_carea' id='block_1_12' title="bbox 532 1292 2114 1369">
    <p class='ocr_par' dir='ltr' id='par_1_12' title="bbox 532 1292 2114 1369">
     <span class='ocr_line' id='line_1_12' title="bbox 532 1292 2114 1369; baseline -0.008 -15"><span class='ocrx_word' id='word_1_70' title='bbox 532 1300 826 1360; x_wconf 77' lang='lat' dir='ltr'><strong>Ecclesiam</strong></span> <span class='ocrx_word' id='word_1_71' title='bbox 859 1299 1051 1367; x_wconf 82' lang='lat' dir='ltr'><strong>Christi</strong></span> <span class='ocrx_word' id='word_1_72' title='bbox 1079 1314 1173 1369; x_wconf 91' lang='lat' dir='ltr'><strong>per</strong></span> <span class='ocrx_word' id='word_1_73' title='bbox 1198 1313 1382 1352; x_wconf 92' lang='lat' dir='ltr'><strong>omnes</strong></span> <span class='ocrx_word' id='word_1_74' title='bbox 1409 1305 1595 1366; x_wconf 80' lang='lat' dir='ltr'><strong>gentes</strong></span> <span class='ocrx_word' id='word_1_75' title='bbox 1623 1309 1742 1349; x_wconf 85' lang='lat' dir='ltr'><strong>esse</strong></span> <span class='ocrx_word' id='word_1_76' title='bbox 1765 1292 2029 1353; x_wconf 76' lang='lat' dir='ltr'><strong>dill‘usam,</strong></span> <span class='ocrx_word' id='word_1_77' title='bbox 2059 1297 2114 1343; x_wconf 90' lang='lat' dir='ltr'><strong>et</strong></span> 
     </span>
    </p>
   </div>
   <div class='ocr_carea' id='block_1_13' title="bbox 529 1379 2111 1458">
    <p class='ocr_par' dir='ltr' id='par_1_13' title="bbox 529 1379 2111 1458">
     <span class='ocr_line' id='line_1_13' title="bbox 529 1379 2111 1458; baseline -0.008 -12"><span class='ocrx_word' id='word_1_78' title='bbox 529 1393 678 1448; x_wconf 84' lang='lat' dir='ltr'><strong>audit</strong></span> <span class='ocrx_word' id='word_1_79' title='bbox 720 1393 1104 1456; x_wconf 86' lang='lat' dir='ltr'><strong>schismatieos,</strong></span> <span class='ocrx_word' id='word_1_80' title='bbox 1141 1407 1244 1445; x_wconf 92' lang='lat' dir='ltr'><strong>non</strong></span> <span class='ocrx_word' id='word_1_81' title='bbox 1280 1389 1368 1443; x_wconf 85' lang='lat' dir='ltr'><strong>Dei</strong></span> <span class='ocrx_word' id='word_1_82' title='bbox 1399 1388 1618 1458; x_wconf 76' lang='lat' dir='ltr'><strong>gloriam</strong></span> <span class='ocrx_word' id='word_1_83' title='bbox 1661 1395 1983 1454; x_wconf 67' lang='lat' dir='ltr'><strong>quan-entes,</strong></span> <span class='ocrx_word' id='word_1_84' title='bbox 2017 1379 2111 1436; x_wconf 89' lang='lat' dir='ltr'><strong>sed</strong></span> 
     </span>
    </p>
   </div>
   <div class='ocr_carea' id='block_1_14' title="bbox 530 1478 2111 1556">
    <p class='ocr_par' dir='ltr' id='par_1_14' title="bbox 530 1478 2111 1556">
     <span class='ocr_line' id='line_1_14' title="bbox 530 1478 2111 1556; baseline -0.009 -13"><span class='ocrx_word' id='word_1_85' title='bbox 530 1504 704 1555; x_wconf 88' lang='lat' dir='ltr'><strong>suam,</strong></span> <span class='ocrx_word' id='word_1_86' title='bbox 736 1489 865 1542; x_wconf 84' lang='lat' dir='ltr'><strong>satis</strong></span> <span class='ocrx_word' id='word_1_87' title='bbox 890 1487 1146 1556; x_wconf 84' lang='lat' dir='ltr'><strong>siguilieat</strong></span> <span class='ocrx_word' id='word_1_88' title='bbox 1171 1499 1384 1539; x_wconf 89' lang='lat' dir='ltr'><strong>servum</strong></span> <span class='ocrx_word' id='word_1_89' title='bbox 1405 1498 1463 1537; x_wconf 91' lang='lat' dir='ltr'><strong>se</strong></span> <span class='ocrx_word' id='word_1_90' title='bbox 1488 1496 1630 1545; x_wconf 88' lang='lat' dir='ltr'><strong>esse,</strong></span> <span class='ocrx_word' id='word_1_91' title='bbox 1659 1495 1762 1532; x_wconf 88' lang='lat' dir='ltr'><strong>non</strong></span> <span class='ocrx_word' id='word_1_92' title='bbox 1792 1478 2036 1540; x_wconf 83' lang='lat' dir='ltr'><strong>liberum,</strong></span> <span class='ocrx_word' id='word_1_93' title='bbox 2057 1482 2111 1528; x_wconf 92' lang='lat' dir='ltr'><strong>ct</strong></span> 
     </span>
    </p>
   </div>
   <div class='ocr_carea' id='block_1_15' title="bbox 530 1568 2110 1644">
    <p class='ocr_par' dir='ltr' id='par_1_15' title="bbox 530 1568 2110 1644">
     <span class='ocr_line' id='line_1_15' title="bbox 530 1568 2110 1644; baseline -0.011 -8"><span class='ocrx_word' id='word_1_94' title='bbox 530 1596 712 1636; x_wconf 88' lang='lat' dir='ltr'><strong>aurem</strong></span> <span class='ocrx_word' id='word_1_95' title='bbox 760 1579 1030 1639; x_wconf 77' lang='lat' dir='ltr'><strong>dexteram</strong></span> <span class='ocrx_word' id='word_1_96' title='bbox 1060 1593 1118 1632; x_wconf 90' lang='lat' dir='ltr'><strong>se</strong></span> <span class='ocrx_word' id='word_1_97' title='bbox 1162 1578 1358 1632; x_wconf 87' lang='lat' dir='ltr'><strong>habere</strong></span> <span class='ocrx_word' id='word_1_98' title='bbox 1404 1574 1697 1644; x_wconf 70' lang='lat' dir='ltr'><strong>prmcisam.</strong></span> <span class='ocrx_word' id='word_1_99' title='bbox 1740 1571 1927 1626; x_wconf 85' lang='lat' dir='ltr'><strong>Petrus</strong></span> <span class='ocrx_word' id='word_1_100' title='bbox 1970 1568 2110 1622; x_wconf 90' lang='lat' dir='ltr'><strong>enim</strong></span> 
     </span>
    </p>
   </div>
   <div class='ocr_carea' id='block_1_16' title="bbox 529 1663 2110 1734">
    <p class='ocr_par' dir='ltr' id='par_1_16' title="bbox 529 1663 2110 1734">
     <span class='ocr_line' id='line_1_16' title="bbox 529 1663 2110 1734; baseline -0.008 -9"><span class='ocrx_word' id='word_1_101' title='bbox 529 1686 718 1725; x_wconf 81' lang='lat' dir='ltr'><strong>errans</strong></span> <span class='ocrx_word' id='word_1_102' title='bbox 749 1673 802 1724; x_wconf 92' lang='lat' dir='ltr'><strong>in</strong></span> <span class='ocrx_word' id='word_1_103' title='bbox 829 1684 1010 1725; x_wconf 88' lang='lat' dir='ltr'><strong>amore</strong></span> <span class='ocrx_word' id='word_1_104' title='bbox 1052 1668 1286 1734; x_wconf 89' lang='lat' dir='ltr'><strong>Domini,</strong></span> <span class='ocrx_word' id='word_1_105' title='bbox 1334 1681 1510 1731; x_wconf 89' lang='lat' dir='ltr'><strong>servo,</strong></span> <span class='ocrx_word' id='word_1_106' title='bbox 1562 1679 1667 1718; x_wconf 88' lang='lat' dir='ltr'><strong>non</strong></span> <span class='ocrx_word' id='word_1_107' title='bbox 1710 1663 1897 1723; x_wconf 88' lang='lat' dir='ltr'><strong>libero,</strong></span> <span class='ocrx_word' id='word_1_108' title='bbox 1929 1674 2110 1712; x_wconf 88' lang='lat' dir='ltr'><strong>aurem</strong></span> 
     </span>
    </p>
   </div>
   <div class='ocr_carea' id='block_1_17' title="bbox 530 1751 2112 1832">
    <p class='ocr_par' dir='ltr' id='par_1_17' title="bbox 530 1751 2112 1832">
     <span class='ocr_line' id='line_1_17' title="bbox 530 1751 2112 1832; baseline -0.008 -18"><span class='ocrx_word' id='word_1_109' title='bbox 530 1761 804 1818; x_wconf 62' lang='lat' dir='ltr'><strong>desteram</strong></span> <span class='ocrx_word' id='word_1_110' title='bbox 835 1761 1093 1832; x_wconf 72' lang='lat' dir='ltr'><strong>prmcidit.</strong></span> <span class='ocrx_word' id='word_1_111' title='bbox 1136 1761 1214 1814; x_wconf 84' lang='lat' dir='ltr'><strong>Ex</strong></span> <span class='ocrx_word' id='word_1_112' title='bbox 1253 1777 1358 1830; x_wconf 91' lang='lat' dir='ltr'><strong>quo</strong></span> <span class='ocrx_word' id='word_1_113' title='bbox 1389 1757 1667 1828; x_wconf 83' lang='lat' dir='ltr'><strong>signiﬁcat,</strong></span> <span class='ocrx_word' id='word_1_114' title='bbox 1697 1769 1790 1809; x_wconf 87' lang='lat' dir='ltr'><strong>eos</strong></span> <span class='ocrx_word' id='word_1_115' title='bbox 1820 1753 1905 1822; x_wconf 88' lang='lat' dir='ltr'><strong>qui</strong></span> <span class='ocrx_word' id='word_1_116' title='bbox 1938 1751 2112 1821; x_wconf 86' lang='lat' dir='ltr'><strong>gladio</strong></span> 
     </span>
    </p>
   </div>
   <div class='ocr_carea' id='block_1_18' title="bbox 530 1841 2111 1916">
    <p class='ocr_par' dir='ltr' id='par_1_18' title="bbox 530 1841 2111 1916">
     <span class='ocr_line' id='line_1_18' title="bbox 530 1841 2111 1916; baseline -0.009 -9"><span class='ocrx_word' id='word_1_117' title='bbox 530 1854 834 1908; x_wconf 79' lang='lat' dir='ltr'><strong>sehismatis</strong></span> <span class='ocrx_word' id='word_1_118' title='bbox 883 1852 1163 1916; x_wconf 79' lang='lat' dir='ltr'><strong>feriuntur,</strong></span> <span class='ocrx_word' id='word_1_119' title='bbox 1196 1861 1248 1904; x_wconf 82' lang='lat' dir='ltr'><strong>et</strong></span> <span class='ocrx_word' id='word_1_120' title='bbox 1292 1864 1476 1904; x_wconf 88' lang='lat' dir='ltr'><strong>servos</strong></span> <span class='ocrx_word' id='word_1_121' title='bbox 1504 1863 1621 1902; x_wconf 56' lang='lat' dir='ltr'><strong>essi:</strong></span> <span class='ocrx_word' id='word_1_122' title='bbox 1654 1845 1940 1900; x_wconf 86' lang='lat' dir='ltr'><strong>carnaliqu</strong></span> <span class='ocrx_word' id='word_1_123' title='bbox 1971 1841 2111 1895; x_wconf 88' lang='lat' dir='ltr'><strong>desi-</strong></span> 
     </span>
    </p>
   </div>
   <div class='ocr_carea' id='block_1_19' title="bbox 529 1933 2112 2008">
    <p class='ocr_par' dir='ltr' id='par_1_19' title="bbox 529 1933 2112 2008">
     <span class='ocr_line' id='line_1_19' title="bbox 529 1933 2112 2008; baseline -0.009 -10"><span class='ocrx_word' id='word_1_124' title='bbox 529 1945 832 2008; x_wconf 89' lang='lat' dir='ltr'><strong>deriorum,</strong></span> <span class='ocrx_word' id='word_1_125' title='bbox 885 1944 1117 2000; x_wconf 90' lang='lat' dir='ltr'><strong>nondum</strong></span> <span class='ocrx_word' id='word_1_126' title='bbox 1167 1942 1386 1996; x_wconf 83' lang='lat' dir='ltr'><strong>eductos</strong></span> <span class='ocrx_word' id='word_1_127' title='bbox 1439 1941 1488 1992; x_wconf 91' lang='lat' dir='ltr'><strong>in</strong></span> <span class='ocrx_word' id='word_1_128' title='bbox 1545 1939 1842 1992; x_wconf 84' lang='lat' dir='ltr'><strong>libertatem</strong></span> <span class='ocrx_word' id='word_1_129' title='bbox 1883 1933 2112 2002; x_wconf 85' lang='lat' dir='ltr'><strong>Spiritus</strong></span> 
     </span>
    </p>
   </div>
   <div class='ocr_carea' id='block_1_20' title="bbox 529 2029 2111 2104">
    <p class='ocr_par' dir='ltr' id='par_1_20' title="bbox 529 2029 2111 2104">
     <span class='ocr_line' id='line_1_20' title="bbox 529 2029 2111 2104; baseline -0.009 -16"><span class='ocrx_word' id='word_1_130' title='bbox 529 2035 723 2097; x_wconf 87' lang='lat' dir='ltr'><strong>sancti,</strong></span> <span class='ocrx_word' id='word_1_131' title='bbox 765 2043 824 2089; x_wconf 88' lang='lat' dir='ltr'><strong>ut</strong></span> <span class='ocrx_word' id='word_1_132' title='bbox 843 2034 952 2104; x_wconf 88' lang='lat' dir='ltr'><strong>jam</strong></span> <span class='ocrx_word' id='word_1_133' title='bbox 999 2050 1103 2087; x_wconf 87' lang='lat' dir='ltr'><strong>non</strong></span> <span class='ocrx_word' id='word_1_134' title='bbox 1135 2032 1404 2087; x_wconf 86' lang='lat' dir='ltr'><strong>conﬁdant</strong></span> <span class='ocrx_word' id='word_1_135' title='bbox 1429 2031 1478 2084; x_wconf 93' lang='lat' dir='ltr'><strong>in</strong></span> <span class='ocrx_word' id='word_1_136' title='bbox 1511 2029 1760 2090; x_wconf 89' lang='lat' dir='ltr'><strong>homine;</strong></span> <span class='ocrx_word' id='word_1_137' title='bbox 1790 2038 1842 2079; x_wconf 90' lang='lat' dir='ltr'><strong>et</strong></span> <span class='ocrx_word' id='word_1_138' title='bbox 1870 2041 1972 2078; x_wconf 90' lang='lat' dir='ltr'><strong>non</strong></span> <span class='ocrx_word' id='word_1_139' title='bbox 2015 2039 2111 2077; x_wconf 79' lang='lat' dir='ltr'><strong>au—</strong></span> 
     </span>
    </p>
   </div>
   <div class='ocr_carea' id='block_1_21' title="bbox 534 2116 2114 2194">
    <p class='ocr_par' dir='ltr' id='par_1_21' title="bbox 534 2116 2114 2194">
     <span class='ocr_line' id='line_1_21' title="bbox 534 2116 2114 2194; baseline -0.009 -15"><span class='ocrx_word' id='word_1_140' title='bbox 534 2124 650 2193; x_wconf 80' lang='lat' dir='ltr'><strong>dire</strong></span> <span class='ocrx_word' id='word_1_141' title='bbox 676 2125 816 2194; x_wconf 89' lang='lat' dir='ltr'><strong>quod</strong></span> <span class='ocrx_word' id='word_1_142' title='bbox 863 2124 1106 2178; x_wconf 59' lang='lat' dir='ltr'><strong>dextrum</strong></span> <span class='ocrx_word' id='word_1_143' title='bbox 1139 2133 1242 2187; x_wconf 85' lang='lat' dir='ltr'><strong>est,</strong></span> <span class='ocrx_word' id='word_1_144' title='bbox 1275 2122 1327 2176; x_wconf 88' lang='lat' dir='ltr'><strong>id</strong></span> <span class='ocrx_word' id='word_1_145' title='bbox 1369 2131 1470 2187; x_wconf 91' lang='lat' dir='ltr'><strong>est,</strong></span> <span class='ocrx_word' id='word_1_146' title='bbox 1505 2118 1713 2174; x_wconf 89' lang='lat' dir='ltr'><strong>Domini</strong></span> <span class='ocrx_word' id='word_1_147' title='bbox 1757 2116 1975 2186; x_wconf 75' lang='lat' dir='ltr'><strong>gloriam</strong></span> <span class='ocrx_word' id='word_1_148' title='bbox 2022 2128 2114 2181; x_wconf 87' lang='lat' dir='ltr'><strong>per</strong></span> 
     </span>
    </p>
   </div>
   <div class='ocr_carea' id='block_1_22' title="bbox 529 2208 2112 2282">
    <p class='ocr_par' dir='ltr' id='par_1_22' title="bbox 529 2208 2112 2282">
     <span class='ocr_line' id='line_1_22' title="bbox 529 2208 2112 2282; baseline -0.008 -10"><span class='ocrx_word' id='word_1_149' title='bbox 529 2216 845 2272; x_wconf 88' lang='lat' dir='ltr'><strong>catholicam</strong></span> <span class='ocrx_word' id='word_1_150' title='bbox 866 2217 1154 2279; x_wconf 85' lang='lat' dir='ltr'><strong>Ecclesiam</strong></span> <span class='ocrx_word' id='word_1_151' title='bbox 1174 2215 1428 2270; x_wconf 87' lang='lat' dir='ltr'><strong>latissime</strong></span> <span class='ocrx_word' id='word_1_152' title='bbox 1448 2222 1804 2282; x_wconf 88' lang='lat' dir='ltr'><strong>pervagatam,</strong></span> <span class='ocrx_word' id='word_1_153' title='bbox 1820 2209 1912 2264; x_wconf 86' lang='lat' dir='ltr'><strong>sed</strong></span> <span class='ocrx_word' id='word_1_154' title='bbox 1930 2208 2112 2263; x_wconf 90' lang='lat' dir='ltr'><strong>audire</strong></span> 
     </span>
    </p>
   </div>
   <div class='ocr_carea' id='block_1_23' title="bbox 529 2300 2110 2361">
    <p class='ocr_par' dir='ltr' id='par_1_23' title="bbox 529 2300 2110 2361">
     <span class='ocr_line' id='line_1_23' title="bbox 529 2300 2110 2361; baseline -0.006 -1"><span class='ocrx_word' id='word_1_155' title='bbox 529 2307 806 2361; x_wconf 82' lang='lat' dir='ltr'><strong>sinistrum</strong></span> <span class='ocrx_word' id='word_1_156' title='bbox 863 2307 1106 2360; x_wconf 69' lang='lat' dir='ltr'><strong>humanm</strong></span> <span class='ocrx_word' id='word_1_157' title='bbox 1157 2305 1444 2359; x_wconf 82' lang='lat' dir='ltr'><strong>inﬂationis</strong></span> <span class='ocrx_word' id='word_1_158' title='bbox 1487 2318 1745 2356; x_wconf 90' lang='lat' dir='ltr'><strong>errorem.</strong></span> <span class='ocrx_word' id='word_1_159' title='bbox 1786 2300 1888 2355; x_wconf 90' lang='lat' dir='ltr'><strong>Sed</strong></span> <span class='ocrx_word' id='word_1_160' title='bbox 1935 2309 2110 2354; x_wconf 89' lang='lat' dir='ltr'><strong>tamen</strong></span> 
     </span>
    </p>
   </div>
   <div class='ocr_carea' id='block_1_24' title="bbox 528 2394 2112 2464">
    <p class='ocr_par' dir='ltr' id='par_1_24' title="bbox 528 2394 2112 2464">
     <span class='ocr_line' id='line_1_24' title="bbox 528 2394 2112 2464; baseline -0.008 -12"><span class='ocrx_word' id='word_1_161' title='bbox 528 2412 651 2452; x_wconf 81' lang='lat' dir='ltr'><strong>cum</strong></span> <span class='ocrx_word' id='word_1_162' title='bbox 697 2397 952 2458; x_wconf 89' lang='lat' dir='ltr'><strong>Dominus</strong></span> <span class='ocrx_word' id='word_1_163' title='bbox 994 2397 1133 2451; x_wconf 90' lang='lat' dir='ltr'><strong>dicat</strong></span> <span class='ocrx_word' id='word_1_164' title='bbox 1177 2396 1230 2450; x_wconf 91' lang='lat' dir='ltr'><strong>in</strong></span> <span class='ocrx_word' id='word_1_165' title='bbox 1270 2394 1576 2464; x_wconf 90' lang='lat' dir='ltr'><strong>Evangelio,</strong></span> <span class='ocrx_word' id='word_1_166' title='bbox 1623 2408 1742 2448; x_wconf 90' lang='lat' dir='ltr'><strong>cum</strong></span> <span class='ocrx_word' id='word_1_167' title='bbox 1791 2407 1883 2460; x_wconf 88' lang='lat' dir='ltr'><strong>per</strong></span> <span class='ocrx_word' id='word_1_168' title='bbox 1925 2403 2112 2443; x_wconf 90' lang='lat' dir='ltr'><strong>omnes</strong></span> 
     </span>
    </p>
   </div>
   <div class='ocr_carea' id='block_1_25' title="bbox 526 2482 2110 2557">
    <p class='ocr_par' dir='ltr' id='par_1_25' title="bbox 526 2482 2110 2557">
     <span class='ocr_line' id='line_1_25' title="bbox 526 2482 2110 2557; baseline -0.006 -14"><span class='ocrx_word' id='word_1_169' title='bbox 526 2499 714 2557; x_wconf 86' lang='lat' dir='ltr'><strong>gentes</strong></span> <span class='ocrx_word' id='word_1_170' title='bbox 763 2487 1103 2556; x_wconf 86' lang='lat' dir='ltr'><strong>Evangelium</strong></span> <span class='ocrx_word' id='word_1_171' title='bbox 1165 2487 1322 2542; x_wconf 82' lang='lat' dir='ltr'><strong>fuerit</strong></span> <span class='ocrx_word' id='word_1_172' title='bbox 1383 2484 1743 2554; x_wconf 80' lang='lat' dir='ltr'><strong>praedicatum,</strong></span> <span class='ocrx_word' id='word_1_173' title='bbox 1793 2492 1916 2541; x_wconf 85' lang='lat' dir='ltr'><strong>tunc</strong></span> <span class='ocrx_word' id='word_1_174' title='bbox 1953 2482 2110 2534; x_wconf 90' lang='lat' dir='ltr'><strong>linem</strong></span> 
     </span>
    </p>
   </div>
   <div class='ocr_carea' id='block_1_26' title="bbox 526 2573 2112 2650">
    <p class='ocr_par' dir='ltr' id='par_1_26' title="bbox 526 2573 2112 2650">
     <span class='ocr_line' id='line_1_26' title="bbox 526 2573 2112 2650; baseline -0.006 -16"><span class='ocrx_word' id='word_1_175' title='bbox 526 2594 648 2634; x_wconf 88' lang='lat' dir='ltr'><strong>esse</strong></span> <span class='ocrx_word' id='word_1_176' title='bbox 674 2577 907 2633; x_wconf 81' lang='lat' dir='ltr'><strong>futurum</strong></span> <span class='ocrx_word' id='word_1_177' title='bbox 934 2577 1141 2650; x_wconf 79' lang='lat' dir='ltr'><strong>(Matth.</strong></span> <span class='ocrx_word' id='word_1_178' title='bbox 1163 2593 1314 2642; x_wconf 77' lang='lat' dir='ltr'><strong>xxw,</strong></span> <span class='ocrx_word' id='word_1_179' title='bbox 1342 2578 1430 2646; x_wconf 75' lang='grc'><strong>14)</strong></span> <span class='ocrx_word' id='word_1_180' title='bbox 1455 2593 1470 2641; x_wconf 90' lang='lat'><strong>;</strong></span> <span class='ocrx_word' id='word_1_181' title='bbox 1493 2574 1760 2646; x_wconf 87' lang='lat' dir='ltr'><strong>quomodo</strong></span> <span class='ocrx_word' id='word_1_182' title='bbox 1793 2574 1880 2628; x_wconf 89' lang='lat' dir='ltr'><strong>isti</strong></span> <span class='ocrx_word' id='word_1_183' title='bbox 1927 2573 2112 2638; x_wconf 79' lang='lat' dir='ltr'><strong>dicunt</strong></span> 
     </span>
    </p>
   </div>
   <div class='ocr_carea' id='block_1_27' title="bbox 527 2661 2115 2739">
    <p class='ocr_par' dir='ltr' id='par_1_27' title="bbox 527 2661 2115 2739">
     <span class='ocr_line' id='line_1_27' title="bbox 527 2661 2115 2739; baseline -0.006 -14"><span class='ocrx_word' id='word_1_184' title='bbox 527 2669 669 2739; x_wconf 90' lang='lat' dir='ltr'><strong>quod</strong></span> <span class='ocrx_word' id='word_1_185' title='bbox 692 2669 801 2738; x_wconf 87' lang='lat' dir='ltr'><strong>jam</strong></span> <span class='ocrx_word' id='word_1_186' title='bbox 829 2678 1037 2726; x_wconf 60' lang='lat' dir='ltr'><strong>caetera:</strong></span> <span class='ocrx_word' id='word_1_187' title='bbox 1066 2684 1254 2726; x_wconf 90' lang='lat' dir='ltr'><strong>omnes</strong></span> <span class='ocrx_word' id='word_1_188' title='bbox 1283 2676 1468 2738; x_wconf 88' lang='lat' dir='ltr'><strong>gentes</strong></span> <span class='ocrx_word' id='word_1_189' title='bbox 1505 2665 1814 2721; x_wconf 87' lang='lat' dir='ltr'><strong>ceciderunt</strong></span> <span class='ocrx_word' id='word_1_190' title='bbox 1844 2680 1872 2719; x_wconf 89' lang='lat' dir='ltr'><strong>a</strong></span> <span class='ocrx_word' id='word_1_191' title='bbox 1892 2661 2028 2728; x_wconf 56' lang='lat' dir='ltr'><strong>&#39;lide,</strong></span> <span class='ocrx_word' id='word_1_192' title='bbox 2061 2671 2115 2718; x_wconf 87' lang='lat' dir='ltr'><strong>et</strong></span> 
     </span>
    </p>
   </div>
   <div class='ocr_carea' id='block_1_28' title="bbox 529 2753 2108 2829">
    <p class='ocr_par' dir='ltr' id='par_1_28' title="bbox 529 2753 2108 2829">
     <span class='ocr_line' id='line_1_28' title="bbox 529 2753 2108 2829; baseline -0.004 -14"><span class='ocrx_word' id='word_1_193' title='bbox 529 2761 585 2815; x_wconf 90' lang='lat' dir='ltr'><strong>in</strong></span> <span class='ocrx_word' id='word_1_194' title='bbox 621 2761 733 2815; x_wconf 89' lang='lat' dir='ltr'><strong>sola</strong></span> <span class='ocrx_word' id='word_1_195' title='bbox 765 2767 914 2829; x_wconf 87' lang='lat' dir='ltr'><strong>parte</strong></span> <span class='ocrx_word' id='word_1_196' title='bbox 942 2761 1126 2816; x_wconf 88' lang='lat' dir='ltr'><strong>Donati</strong></span> <span class='ocrx_word' id='word_1_197' title='bbox 1157 2759 1411 2814; x_wconf 90' lang='lat' dir='ltr'><strong>remansit</strong></span> <span class='ocrx_word' id='word_1_198' title='bbox 1436 2757 1694 2822; x_wconf 81' lang='lat' dir='ltr'><strong>Ecclesia,</strong></span> <span class='ocrx_word' id='word_1_199' title='bbox 1725 2769 1844 2811; x_wconf 89' lang='lat' dir='ltr'><strong>eum</strong></span> <span class='ocrx_word' id='word_1_200' title='bbox 1886 2753 2108 2808; x_wconf 81' lang='lat' dir='ltr'><strong>manife-</strong></span> 
     </span>
    </p>
   </div>
   <div class='ocr_carea' id='block_1_29' title="bbox 528 2845 2109 2920">
    <p class='ocr_par' dir='ltr' id='par_1_29' title="bbox 528 2845 2109 2920">
     <span class='ocr_line' id='line_1_29' title="bbox 528 2845 2109 2920; baseline -0.008 -14"><span class='ocrx_word' id='word_1_201' title='bbox 528 2861 670 2906; x_wconf 82' lang='lat' dir='ltr'><strong>stum</strong></span> <span class='ocrx_word' id='word_1_202' title='bbox 713 2850 801 2914; x_wconf 92' lang='lat' dir='ltr'><strong>sit,</strong></span> <span class='ocrx_word' id='word_1_203' title='bbox 847 2867 912 2904; x_wconf 78' lang='lat' dir='ltr'><strong>ex</strong></span> <span class='ocrx_word' id='word_1_204' title='bbox 949 2865 1055 2920; x_wconf 89' lang='lat' dir='ltr'><strong>quo</strong></span> <span class='ocrx_word' id='word_1_205' title='bbox 1086 2850 1183 2903; x_wconf 92' lang='lat' dir='ltr'><strong>ista</strong></span> <span class='ocrx_word' id='word_1_206' title='bbox 1224 2864 1349 2919; x_wconf 85' lang='lat' dir='ltr'><strong>pars</strong></span> <span class='ocrx_word' id='word_1_207' title='bbox 1378 2848 1445 2902; x_wconf 90' lang='lat' dir='ltr'><strong>ab</strong></span> <span class='ocrx_word' id='word_1_208' title='bbox 1493 2848 1692 2904; x_wconf 87' lang='lat' dir='ltr'><strong>unitate</strong></span> <span class='ocrx_word' id='word_1_209' title='bbox 1739 2845 1955 2914; x_wconf 80' lang='lat' dir='ltr'><strong>praecisa</strong></span> <span class='ocrx_word' id='word_1_210' title='bbox 1983 2853 2109 2908; x_wconf 86' lang='lat' dir='ltr'><strong>est,</strong></span> 
     </span>
    </p>
   </div>
   <div class='ocr_carea' id='block_1_30' title="bbox 533 2935 2114 3010">
    <p class='ocr_par' dir='ltr' id='par_1_30' title="bbox 533 2935 2114 3010">
     <span class='ocr_line' id='line_1_30' title="bbox 533 2935 2114 3010; baseline -0.006 -14"><span class='ocrx_word' id='word_1_211' title='bbox 533 2941 817 2999; x_wconf 89' lang='lat' dir='ltr'><strong>nonnullas</strong></span> <span class='ocrx_word' id='word_1_212' title='bbox 845 2950 1032 3010; x_wconf 80' lang='lat' dir='ltr'><strong>gentes</strong></span> <span class='ocrx_word' id='word_1_213' title='bbox 1061 2951 1243 3010; x_wconf 89' lang='lat' dir='ltr'><strong>postea</strong></span> <span class='ocrx_word' id='word_1_214' title='bbox 1271 2938 1582 3002; x_wconf 91' lang='lat' dir='ltr'><strong>credidisse,</strong></span> <span class='ocrx_word' id='word_1_215' title='bbox 1603 2947 1652 2990; x_wconf 90' lang='lat' dir='ltr'><strong>et</strong></span> <span class='ocrx_word' id='word_1_216' title='bbox 1682 2935 1856 2990; x_wconf 89' lang='lat' dir='ltr'><strong>adhuc</strong></span> <span class='ocrx_word' id='word_1_217' title='bbox 1880 2950 1998 2989; x_wconf 90' lang='lat' dir='ltr'><strong>esse</strong></span> <span class='ocrx_word' id='word_1_218' title='bbox 2021 2936 2114 2987; x_wconf 85' lang='lat' dir='ltr'><strong>an-</strong></span> 
     </span>
    </p>
   </div>
   <div class='ocr_carea' id='block_1_31' title="bbox 529 3025 2112 3100">
    <p class='ocr_par' dir='ltr' id='par_1_31' title="bbox 529 3025 2112 3100">
     <span class='ocr_line' id='line_1_31' title="bbox 529 3025 2112 3100; baseline -0.004 -17"><span class='ocrx_word' id='word_1_219' title='bbox 529 3047 661 3100; x_wconf 92' lang='lat' dir='ltr'><strong>quas</strong></span> <span class='ocrx_word' id='word_1_220' title='bbox 687 3046 805 3100; x_wconf 75' lang='lat' dir='ltr'><strong>qua:</strong></span> <span class='ocrx_word' id='word_1_221' title='bbox 836 3029 1072 3084; x_wconf 89' lang='lat' dir='ltr'><strong>nondum</strong></span> <span class='ocrx_word' id='word_1_222' title='bbox 1099 3029 1460 3091; x_wconf 87' lang='lat' dir='ltr'><strong>crediderunt,</strong></span> <span class='ocrx_word' id='word_1_223' title='bbox 1503 3027 1693 3097; x_wconf 87' lang='lat' dir='ltr'><strong>quibus</strong></span> <span class='ocrx_word' id='word_1_224' title='bbox 1737 3025 1969 3096; x_wconf 88' lang='lat' dir='ltr'><strong>quotidie</strong></span> <span class='ocrx_word' id='word_1_225' title='bbox 2008 3039 2112 3077; x_wconf 90' lang='lat' dir='ltr'><strong>non</strong></span> 
     </span>
    </p>
   </div>
   <div class='ocr_carea' id='block_1_32' title="bbox 530 3117 2116 3191">
    <p class='ocr_par' dir='ltr' id='par_1_32' title="bbox 530 3117 2116 3191">
     <span class='ocr_line' id='line_1_32' title="bbox 530 3117 2116 3191; baseline -0.004 -15"><span class='ocrx_word' id='word_1_226' title='bbox 530 3131 771 3176; x_wconf 89' lang='lat' dir='ltr'><strong>cessatur</strong></span> <span class='ocrx_word' id='word_1_227' title='bbox 796 3122 812 3153; x_wconf 73' lang='grc' dir='ltr'>ί</span> <span class='ocrx_word' id='word_1_228' title='bbox 860 3121 1203 3190; x_wconf 75' lang='lat' dir='ltr'><strong>Evangelium</strong></span> <span class='ocrx_word' id='word_1_229' title='bbox 1232 3119 1548 3191; x_wconf 73' lang='lat' dir='ltr'><strong>prmdicari?</strong></span> <span class='ocrx_word' id='word_1_230' title='bbox 1589 3119 1718 3186; x_wconf 85' lang='lat' dir='ltr'><strong>Quis</strong></span> <span class='ocrx_word' id='word_1_231' title='bbox 1761 3134 1864 3172; x_wconf 89' lang='lat' dir='ltr'><strong>non</strong></span> <span class='ocrx_word' id='word_1_232' title='bbox 1896 3117 2116 3170; x_wconf 89' lang='lat' dir='ltr'><strong>miretur</strong></span> 
     </span>
    </p>
   </div>
   <div class='ocr_carea' id='block_1_33' title="bbox 530 3209 2112 3282">
    <p class='ocr_par' dir='ltr' id='par_1_33' title="bbox 530 3209 2112 3282">
     <span class='ocr_line' id='line_1_33' title="bbox 530 3209 2112 3282; baseline -0.003 -14"><span class='ocrx_word' id='word_1_233' title='bbox 530 3229 654 3269; x_wconf 90' lang='lat' dir='ltr'><strong>esse</strong></span> <span class='ocrx_word' id='word_1_234' title='bbox 684 3213 912 3282; x_wconf 88' lang='lat' dir='ltr'><strong>aliquem</strong></span> <span class='ocrx_word' id='word_1_235' title='bbox 955 3213 1043 3282; x_wconf 88' lang='lat' dir='ltr'><strong>qui</strong></span> <span class='ocrx_word' id='word_1_236' title='bbox 1070 3228 1128 3268; x_wconf 93' lang='lat' dir='ltr'><strong>se</strong></span> <span class='ocrx_word' id='word_1_237' title='bbox 1157 3213 1500 3267; x_wconf 82' lang='lat' dir='ltr'><strong>christianum</strong></span> <span class='ocrx_word' id='word_1_238' title='bbox 1530 3211 1634 3266; x_wconf 85' lang='lat' dir='ltr'><strong>diei</strong></span> <span class='ocrx_word' id='word_1_239' title='bbox 1663 3210 1805 3278; x_wconf 71' lang='lat' dir='ltr'><strong>velit,</strong></span> <span class='ocrx_word' id='word_1_240' title='bbox 1837 3218 1892 3266; x_wconf 90' lang='lat' dir='ltr'><strong>et</strong></span> <span class='ocrx_word' id='word_1_241' title='bbox 1923 3209 2112 3264; x_wconf 85' lang='lat' dir='ltr'><strong>adver-</strong></span> 
     </span>
    </p>
   </div>
   <div class='ocr_carea' id='block_1_34' title="bbox 531 3303 2109 3373">
    <p class='ocr_par' dir='ltr' id='par_1_34' title="bbox 531 3303 2109 3373">
     <span class='ocr_line' id='line_1_34' title="bbox 531 3303 2109 3373; baseline -0.003 -16"><span class='ocrx_word' id='word_1_242' title='bbox 531 3321 625 3358; x_wconf 89' lang='lat' dir='ltr'><strong>sus</strong></span> <span class='ocrx_word' id='word_1_243' title='bbox 649 3303 845 3358; x_wconf 86' lang='lat' dir='ltr'><strong>Christi</strong></span> <span class='ocrx_word' id='word_1_244' title='bbox 880 3303 1100 3373; x_wconf 84' lang='lat' dir='ltr'><strong>gloriam</strong></span> <span class='ocrx_word' id='word_1_245' title='bbox 1141 3312 1281 3358; x_wconf 91' lang='lat' dir='ltr'><strong>tanta</strong></span> <span class='ocrx_word' id='word_1_246' title='bbox 1328 3303 1596 3372; x_wconf 87' lang='lat' dir='ltr'><strong>impietate</strong></span> <span class='ocrx_word' id='word_1_247' title='bbox 1640 3303 1896 3372; x_wconf 82' lang='lat' dir='ltr'><strong>rapiatur,</strong></span> <span class='ocrx_word' id='word_1_248' title='bbox 1931 3309 1986 3354; x_wconf 91' lang='lat' dir='ltr'><strong>ut</strong></span> <span class='ocrx_word' id='word_1_249' title='bbox 2016 3315 2109 3354; x_wconf 89' lang='lat' dir='ltr'><strong>au-</strong></span> 
     </span>
    </p>
   </div>
   <div class='ocr_carea' id='block_1_35' title="bbox 531 3391 2116 3469">
    <p class='ocr_par' dir='ltr' id='par_1_35' title="bbox 531 3391 2116 3469">
     <span class='ocr_line' id='line_1_35' title="bbox 531 3391 2116 3469; baseline 0.001 -19"><span class='ocrx_word' id='word_1_250' title='bbox 531 3396 657 3451; x_wconf 83' lang='lat' dir='ltr'><strong>deat</strong></span> <span class='ocrx_word' id='word_1_251' title='bbox 680 3394 857 3452; x_wconf 87' lang='lat' dir='ltr'><strong>dicere</strong></span> <span class='ocrx_word' id='word_1_252' title='bbox 882 3411 1069 3455; x_wconf 89' lang='lat' dir='ltr'><strong>omnes</strong></span> <span class='ocrx_word' id='word_1_253' title='bbox 1093 3396 1314 3466; x_wconf 86' lang='lat' dir='ltr'><strong>pepulos</strong></span> <span class='ocrx_word' id='word_1_254' title='bbox 1343 3395 1602 3469; x_wconf 81' lang='lat' dir='ltr'><strong>gentium,</strong></span> <span class='ocrx_word' id='word_1_255' title='bbox 1632 3394 1721 3468; x_wconf 91' lang='lat' dir='ltr'><strong>qui</strong></span> <span class='ocrx_word' id='word_1_256' title='bbox 1752 3391 1910 3451; x_wconf 88' lang='lat' dir='ltr'><strong>modo</strong></span> <span class='ocrx_word' id='word_1_257' title='bbox 1941 3392 2116 3452; x_wconf 89' lang='lat' dir='ltr'><strong>adhuc</strong></span> 
     </span>
    </p>
   </div>
   <div class='ocr_carea' id='block_1_36' title="bbox 536 3485 2114 3558">
    <p class='ocr_par' dir='ltr' id='par_1_36' title="bbox 536 3485 2114 3558">
     <span class='ocr_line' id='line_1_36' title="bbox 536 3485 2114 3558; baseline 0.001 -14"><span class='ocrx_word' id='word_1_258' title='bbox 536 3485 799 3546; x_wconf 89' lang='lat' dir='ltr'><strong>accedunt</strong></span> <span class='ocrx_word' id='word_1_259' title='bbox 839 3487 1092 3546; x_wconf 82' lang='lat' dir='ltr'><strong>Ecclesiae</strong></span> <span class='ocrx_word' id='word_1_260' title='bbox 1137 3491 1255 3558; x_wconf 88' lang='lat' dir='ltr'><strong>Dei,</strong></span> <span class='ocrx_word' id='word_1_261' title='bbox 1289 3500 1342 3546; x_wconf 90' lang='lat' dir='ltr'><strong>et</strong></span> <span class='ocrx_word' id='word_1_262' title='bbox 1367 3493 1417 3545; x_wconf 92' lang='lat' dir='ltr'><strong>in</strong></span> <span class='ocrx_word' id='word_1_263' title='bbox 1455 3491 1544 3546; x_wconf 90' lang='lat' dir='ltr'><strong>Dei</strong></span> <span class='ocrx_word' id='word_1_264' title='bbox 1571 3489 1762 3544; x_wconf 87' lang='lat' dir='ltr'><strong>Filium</strong></span> <span class='ocrx_word' id='word_1_265' title='bbox 1804 3489 2114 3546; x_wconf 78' lang='lat' dir='ltr'><strong>festinanter</strong></span> 
     </span>
    </p>
   </div>
   <div class='ocr_carea' id='block_1_37' title="bbox 533 3581 2112 3652">
    <p class='ocr_par' dir='ltr' id='par_1_37' title="bbox 533 3581 2112 3652">
     <span class='ocr_line' id='line_1_37' title="bbox 533 3581 2112 3652; baseline -0.002 -16"><span class='ocrx_word' id='word_1_266' title='bbox 533 3583 778 3646; x_wconf 83' lang='lat' dir='ltr'><strong>Credunt,</strong></span> <span class='ocrx_word' id='word_1_267' title='bbox 825 3582 1051 3638; x_wconf 86' lang='lat' dir='ltr'><strong>inaniter</strong></span> <span class='ocrx_word' id='word_1_268' title='bbox 1078 3581 1274 3646; x_wconf 80' lang='lat' dir='ltr'><strong>facere,</strong></span> <span class='ocrx_word' id='word_1_269' title='bbox 1317 3583 1435 3652; x_wconf 86' lang='lat' dir='ltr'><strong>quia</strong></span> <span class='ocrx_word' id='word_1_270' title='bbox 1465 3597 1567 3636; x_wconf 92' lang='lat' dir='ltr'><strong>non</strong></span> <span class='ocrx_word' id='word_1_271' title='bbox 1597 3597 1688 3635; x_wconf 89' lang='lat' dir='ltr'><strong>eos</strong></span> <span class='ocrx_word' id='word_1_272' title='bbox 1719 3581 1905 3650; x_wconf 86' lang='lat' dir='ltr'><strong>aliquis</strong></span> <span class='ocrx_word' id='word_1_273' title='bbox 1945 3581 2112 3634; x_wconf 92' lang='lat' dir='ltr'><strong>dona-</strong></span> 
     </span>
    </p>
   </div>
   <div class='ocr_carea' id='block_1_38' title="bbox 535 3669 2108 3740">
    <p class='ocr_par' dir='ltr' id='par_1_38' title="bbox 535 3669 2108 3740">
     <span class='ocr_line' id='line_1_38' title="bbox 535 3669 2108 3740; baseline 0 -16"><span class='ocrx_word' id='word_1_274' title='bbox 535 3671 655 3726; x_wconf 91' lang='lat' dir='ltr'><strong>tista</strong></span> <span class='ocrx_word' id='word_1_275' title='bbox 679 3670 946 3740; x_wconf 86' lang='lat' dir='ltr'><strong>baptizat?</strong></span> <span class='ocrx_word' id='word_1_276' title='bbox 968 3672 1093 3729; x_wconf 85' lang='lat' dir='ltr'><strong>Sine</strong></span> <span class='ocrx_word' id='word_1_277' title='bbox 1108 3671 1268 3729; x_wconf 88' lang='lat' dir='ltr'><strong>dubio</strong></span> <span class='ocrx_word' id='word_1_278' title='bbox 1295 3672 1391 3726; x_wconf 91' lang='lat' dir='ltr'><strong>ista</strong></span> <span class='ocrx_word' id='word_1_279' title='bbox 1415 3679 1820 3726; x_wconf 82' lang='lat' dir='ltr'><strong>exsecrarentur</strong></span> <span class='ocrx_word' id='word_1_280' title='bbox 1846 3669 2108 3732; x_wconf 90' lang='lat' dir='ltr'><strong>homines,</strong></span> 
     </span>
    </p>
   </div>
   <div class='ocr_carea' id='block_1_39' title="bbox 533 3760 2113 3832">
    <p class='ocr_par' dir='ltr' id='par_1_39' title="bbox 533 3760 2113 3832">
     <span class='ocr_line' id='line_1_39' title="bbox 533 3760 2113 3832; baseline 0.001 -19"><span class='ocrx_word' id='word_1_281' title='bbox 533 3769 588 3814; x_wconf 85' lang='lat' dir='ltr'><strong>et</strong></span> <span class='ocrx_word' id='word_1_282' title='bbox 613 3776 706 3816; x_wconf 83' lang='lat' dir='ltr'><strong>eos</strong></span> <span class='ocrx_word' id='word_1_283' title='bbox 733 3761 847 3818; x_wconf 87' lang='lat' dir='ltr'><strong>sine</strong></span> <span class='ocrx_word' id='word_1_284' title='bbox 873 3762 1125 3818; x_wconf 86' lang='lat' dir='ltr'><strong>dilatione</strong></span> <span class='ocrx_word' id='word_1_285' title='bbox 1165 3763 1545 3832; x_wconf 88' lang='lat' dir='ltr'><strong>relinquerent,</strong></span> <span class='ocrx_word' id='word_1_286' title='bbox 1575 3761 1618 3816; x_wconf 92' lang='lat' dir='ltr'><strong>si</strong></span> <span class='ocrx_word' id='word_1_287' title='bbox 1660 3760 1923 3815; x_wconf 85' lang='lat' dir='ltr'><strong>Christum</strong></span> <span class='ocrx_word' id='word_1_288' title='bbox 1964 3777 2113 3832; x_wconf 84' lang='lat' dir='ltr'><strong>quae-</strong></span> 
     </span>
    </p>
   </div>
   <div class='ocr_carea' id='block_1_40' title="bbox 533 3851 2113 3924">
    <p class='ocr_par' dir='ltr' id='par_1_40' title="bbox 533 3851 2113 3924">
     <span class='ocr_line' id='line_1_40' title="bbox 533 3851 2113 3924; baseline -0.003 -16"><span class='ocrx_word' id='word_1_289' title='bbox 533 3861 730 3918; x_wconf 87' lang='lat' dir='ltr'><strong>rerent,</strong></span> <span class='ocrx_word' id='word_1_290' title='bbox 778 3854 821 3908; x_wconf 90' lang='lat' dir='ltr'><strong>si</strong></span> <span class='ocrx_word' id='word_1_291' title='bbox 857 3853 1144 3909; x_wconf 87' lang='lat' dir='ltr'><strong>Ecclesiam</strong></span> <span class='ocrx_word' id='word_1_292' title='bbox 1194 3853 1491 3924; x_wconf 85' lang='lat' dir='ltr'><strong>diligerent,</strong></span> <span class='ocrx_word' id='word_1_293' title='bbox 1545 3853 1590 3907; x_wconf 91' lang='lat' dir='ltr'><strong>si</strong></span> <span class='ocrx_word' id='word_1_294' title='bbox 1636 3851 1786 3906; x_wconf 91' lang='lat' dir='ltr'><strong>liberi</strong></span> <span class='ocrx_word' id='word_1_295' title='bbox 1835 3855 2034 3921; x_wconf 84' lang='lat' dir='ltr'><strong>essent,</strong></span> <span class='ocrx_word' id='word_1_296' title='bbox 2069 3851 2113 3905; x_wconf 91' lang='lat' dir='ltr'><strong>si</strong></span> 
     </span>
    </p>
   </div>
   <div class='ocr_carea' id='block_1_41' title="bbox 531 3943 1651 4014">
    <p class='ocr_par' dir='ltr' id='par_1_41' title="bbox 531 3943 1651 4014">
     <span class='ocr_line' id='line_1_41' title="bbox 531 3943 1651 4014; baseline -0.002 -14"><span class='ocrx_word' id='word_1_297' title='bbox 531 3957 716 4000; x_wconf 73' lang='lat' dir='ltr'><strong>aurem</strong></span> <span class='ocrx_word' id='word_1_298' title='bbox 743 3943 1016 4000; x_wconf 75' lang='lat' dir='ltr'><strong>dexteram</strong></span> <span class='ocrx_word' id='word_1_299' title='bbox 1049 3944 1304 4014; x_wconf 79' lang='lat' dir='ltr'><strong>integram</strong></span> <span class='ocrx_word' id='word_1_300' title='bbox 1340 3945 1651 4014; x_wconf 83' lang='lat' dir='ltr'><strong>retinerent.</strong></span> 
     </span>
    </p>
   </div>
   <div class='ocr_carea' id='block_1_42' title="bbox 603 4033 2114 4105">
    <p class='ocr_par' dir='ltr' id='par_1_42' title="bbox 603 4033 2114 4105">
     <span class='ocr_line' id='line_1_42' title="bbox 603 4033 2114 4105; baseline -0.001 -16"><span class='ocrx_word' id='word_1_301' title='bbox 603 4033 827 4090; x_wconf 82' lang='lat' dir='ltr'><strong>CAPUT</strong></span> <span class='ocrx_word' id='word_1_302' title='bbox 866 4035 1034 4090; x_wconf 85' lang='lat' dir='ltr'><strong>XXX.</strong></span> <span class='ocrx_word' id='word_1_303' title='bbox 1061 4065 1134 4076; x_wconf 89' lang='lat'><strong>—</strong></span> <span class='ocrx_word' id='word_1_304' title='bbox 1156 4036 1244 4092; x_wconf 69' lang='lat'><strong>32.</strong></span> <span class='ocrx_word' id='word_1_305' title='bbox 1271 4035 1392 4090; x_wconf 86' lang='lat' dir='ltr'><strong>Non</strong></span> <span class='ocrx_word' id='word_1_306' title='bbox 1417 4036 1655 4105; x_wconf 80' lang='lat' dir='ltr'><strong>audiendi</strong></span> <span class='ocrx_word' id='word_1_307' title='bbox 1678 4035 2005 4105; x_wconf 69' lang='lat' dir='ltr'><strong>Luciferiani,</strong></span> <span class='ocrx_word' id='word_1_308' title='bbox 2028 4035 2114 4104; x_wconf 86' lang='lat' dir='ltr'><strong>qui</strong></span> 
     </span>
    </p>
   </div>
   <div class='ocr_carea' id='block_1_43' title="bbox 533 4125 2114 4198">
    <p class='ocr_par' dir='ltr' id='par_1_43' title="bbox 533 4125 2114 4198">
     <span class='ocr_line' id='line_1_43' title="bbox 533 4125 2114 4198; baseline -0.001 -19"><span class='ocrx_word' id='word_1_309' title='bbox 533 4125 646 4188; x_wconf 76' lang='lat' dir='ltr'><strong>licet</strong></span> <span class='ocrx_word' id='word_1_310' title='bbox 685 4143 785 4179; x_wconf 83' lang='lat' dir='ltr'><strong>non</strong></span> <span class='ocrx_word' id='word_1_311' title='bbox 819 4125 1144 4195; x_wconf 65' lang='lat' dir='ltr'><strong>rel/aptium,</strong></span> <span class='ocrx_word' id='word_1_312' title='bbox 1175 4127 1510 4197; x_wconf 75' lang='lat' dir='ltr'><strong>prwciderunt</strong></span> <span class='ocrx_word' id='word_1_313' title='bbox 1549 4143 1604 4179; x_wconf 84' lang='lat' dir='ltr'><strong>se</strong></span> <span class='ocrx_word' id='word_1_314' title='bbox 1624 4127 1684 4179; x_wconf 89' lang='lat' dir='ltr'><strong>ab</strong></span> <span class='ocrx_word' id='word_1_315' title='bbox 1714 4125 1964 4192; x_wconf 74' lang='lat' dir='ltr'><strong>Ecclesia,</strong></span> <span class='ocrx_word' id='word_1_316' title='bbox 1996 4127 2114 4198; x_wconf 71' lang='lat' dir='ltr'><strong>quia</strong></span> 
     </span>
    </p>
   </div>
   <div class='ocr_carea' id='block_1_44' title="bbox 530 4215 2111 4288">
    <p class='ocr_par' dir='ltr' id='par_1_44' title="bbox 530 4215 2111 4288">
     <span class='ocr_line' id='line_1_44' title="bbox 530 4215 2111 4288; baseline 0.002 -20"><span class='ocrx_word' id='word_1_317' title='bbox 530 4215 880 4285; x_wconf 72' lang='lat' dir='ltr'><strong>resipiscentes</strong></span> <span class='ocrx_word' id='word_1_318' title='bbox 904 4217 967 4270; x_wconf 87' lang='lat' dir='ltr'><strong>ab</strong></span> <span class='ocrx_word' id='word_1_319' title='bbox 993 4219 1182 4271; x_wconf 76' lang='lat' dir='ltr'><strong>Ariona</strong></span> <span class='ocrx_word' id='word_1_320' title='bbox 1210 4218 1386 4272; x_wconf 72' lang='lat' dir='ltr'><strong>liwresi</strong></span> <span class='ocrx_word' id='word_1_321' title='bbox 1422 4218 1710 4288; x_wconf 63' lang='lat' dir='ltr'><strong>ruipiebat.</strong></span> <span class='ocrx_word' id='word_1_322' title='bbox 1750 4217 1857 4286; x_wconf 81' lang='lat' dir='ltr'><strong>Nec</strong></span> <span class='ocrx_word' id='word_1_323' title='bbox 1883 4233 1976 4274; x_wconf 85' lang='lat' dir='ltr'><strong>eos</strong></span> <span class='ocrx_word' id='word_1_324' title='bbox 2012 4233 2111 4271; x_wconf 84' lang='lat' dir='ltr'><strong>au-</strong></span> 
     </span>
    </p>
   </div>
   <div class='ocr_carea' id='block_1_45' title="bbox 529 4306 2114 4377">
    <p class='ocr_par' dir='ltr' id='par_1_45' title="bbox 529 4306 2114 4377">
     <span class='ocr_line' id='line_1_45' title="bbox 529 4306 2114 4377; baseline 0 -17"><span class='ocrx_word' id='word_1_325' title='bbox 529 4306 761 4372; x_wconf 80' lang='lat' dir='ltr'><strong>diamus,</strong></span> <span class='ocrx_word' id='word_1_326' title='bbox 809 4308 896 4376; x_wconf 80' lang='lat' dir='ltr'><strong>qui</strong></span> <span class='ocrx_word' id='word_1_327' title='bbox 927 4308 1169 4377; x_wconf 84' lang='lat' dir='ltr'><strong>quamvis</strong></span> <span class='ocrx_word' id='word_1_328' title='bbox 1214 4307 1480 4364; x_wconf 90' lang='lat' dir='ltr'><strong>neminem</strong></span> <span class='ocrx_word' id='word_1_329' title='bbox 1530 4307 1876 4377; x_wconf 85' lang='lat' dir='ltr'><strong>rebaptizeut,</strong></span> <span class='ocrx_word' id='word_1_330' title='bbox 1923 4307 2114 4376; x_wconf 73' lang='lat' dir='ltr'><strong>praeci-</strong></span> 
     </span>
    </p>
   </div>
   <div class='ocr_carea' id='block_1_46' title="bbox 531 4401 2110 4472">
    <p class='ocr_par' dir='ltr' id='par_1_46' title="bbox 531 4401 2110 4472">
     <span class='ocr_line' id='line_1_46' title="bbox 531 4401 2110 4472; baseline -0.002 -15"><span class='ocrx_word' id='word_1_331' title='bbox 531 4403 726 4462; x_wconf 87' lang='lat' dir='ltr'><strong>derunt</strong></span> <span class='ocrx_word' id='word_1_332' title='bbox 754 4417 814 4458; x_wconf 90' lang='lat' dir='ltr'><strong>se</strong></span> <span class='ocrx_word' id='word_1_333' title='bbox 840 4412 1014 4458; x_wconf 90' lang='lat' dir='ltr'><strong>tamen</strong></span> <span class='ocrx_word' id='word_1_334' title='bbox 1039 4403 1107 4457; x_wconf 88' lang='lat' dir='ltr'><strong>ab</strong></span> <span class='ocrx_word' id='word_1_335' title='bbox 1133 4403 1356 4470; x_wconf 84' lang='lat' dir='ltr'><strong>unitate,</strong></span> <span class='ocrx_word' id='word_1_336' title='bbox 1391 4411 1444 4459; x_wconf 91' lang='lat' dir='ltr'><strong>et</strong></span> <span class='ocrx_word' id='word_1_337' title='bbox 1469 4401 1785 4456; x_wconf 80' lang='lat' dir='ltr'><strong>Lttcil‘eriaui</strong></span> <span class='ocrx_word' id='word_1_338' title='bbox 1816 4402 1984 4472; x_wconf 89' lang='lat' dir='ltr'><strong>magis</strong></span> <span class='ocrx_word' id='word_1_339' title='bbox 2008 4401 2110 4456; x_wconf 89' lang='lat' dir='ltr'><strong>dici</strong></span> 
     </span>
    </p>
   </div>
   <div class='ocr_carea' id='block_1_47' title="bbox 530 4493 2114 4565">
    <p class='ocr_par' dir='ltr' id='par_1_47' title="bbox 530 4493 2114 4565">
     <span class='ocr_line' id='line_1_47' title="bbox 530 4493 2114 4565; baseline -0.001 -18"><span class='ocrx_word' id='word_1_340' title='bbox 530 4512 690 4565; x_wconf 84' lang='lat' dir='ltr'><strong>quam</strong></span> <span class='ocrx_word' id='word_1_341' title='bbox 731 4495 988 4555; x_wconf 83' lang='lat' dir='ltr'><strong>Catholici</strong></span> <span class='ocrx_word' id='word_1_342' title='bbox 1017 4495 1335 4551; x_wconf 87' lang='lat' dir='ltr'><strong>maluerunt.</strong></span> <span class='ocrx_word' id='word_1_343' title='bbox 1377 4496 1436 4562; x_wconf 83' lang='lat' dir='ltr'><strong>In</strong></span> <span class='ocrx_word' id='word_1_344' title='bbox 1457 4511 1522 4551; x_wconf 94' lang='lat' dir='ltr'><strong>eo</strong></span> <span class='ocrx_word' id='word_1_345' title='bbox 1542 4495 1681 4549; x_wconf 92' lang='lat' dir='ltr'><strong>enim</strong></span> <span class='ocrx_word' id='word_1_346' title='bbox 1727 4494 1867 4564; x_wconf 92' lang='lat' dir='ltr'><strong>quod</strong></span> <span class='ocrx_word' id='word_1_347' title='bbox 1917 4493 2114 4548; x_wconf 88' lang='lat' dir='ltr'><strong>intelli-</strong></span> 
     </span>
    </p>
   </div>
   <div class='ocr_carea' id='block_1_48' title="bbox 527 4586 2111 4658">
    <p class='ocr_par' dir='ltr' id='par_1_48' title="bbox 527 4586 2111 4658">
     <span class='ocr_line' id='line_1_48' title="bbox 527 4586 2111 4658; baseline -0.003 -16"><span class='ocrx_word' id='word_1_348' title='bbox 527 4597 659 4658; x_wconf 86' lang='lat' dir='ltr'><strong>gunt</strong></span> <span class='ocrx_word' id='word_1_349' title='bbox 699 4589 958 4658; x_wconf 83' lang='lat' dir='ltr'><strong>baptisma</strong></span> <span class='ocrx_word' id='word_1_350' title='bbox 1003 4589 1199 4644; x_wconf 86' lang='lat' dir='ltr'><strong>Christi</strong></span> <span class='ocrx_word' id='word_1_351' title='bbox 1242 4604 1347 4643; x_wconf 90' lang='lat' dir='ltr'><strong>non</strong></span> <span class='ocrx_word' id='word_1_352' title='bbox 1393 4602 1513 4644; x_wconf 88' lang='lat' dir='ltr'><strong>esse</strong></span> <span class='ocrx_word' id='word_1_353' title='bbox 1558 4586 1924 4656; x_wconf 79' lang='lat' dir='ltr'><strong>repetendum,</strong></span> <span class='ocrx_word' id='word_1_354' title='bbox 1967 4594 2111 4658; x_wconf 86' lang='lat' dir='ltr'><strong>recte</strong></span> 
     </span>
    </p>
   </div>
   <div class='ocr_carea' id='block_1_49' title="bbox 527 4679 2110 4736">
    <p class='ocr_par' dir='ltr' id='par_1_49' title="bbox 527 4679 2110 4736">
     <span class='ocr_line' id='line_1_49' title="bbox 527 4679 2110 4736; baseline -0.002 -1"><span class='ocrx_word' id='word_1_355' title='bbox 527 4681 747 4736; x_wconf 81' lang='lat' dir='ltr'><strong>faciunt.</strong></span> <span class='ocrx_word' id='word_1_356' title='bbox 787 4679 1034 4736; x_wconf 86' lang='lat' dir='ltr'><strong>Sentium</strong></span> <span class='ocrx_word' id='word_1_357' title='bbox 1076 4680 1218 4735; x_wconf 90' lang='lat' dir='ltr'><strong>enim</strong></span> <span class='ocrx_word' id='word_1_358' title='bbox 1260 4681 1663 4735; x_wconf 89' lang='lat' dir='ltr'><strong>Sacramentum</strong></span> <span class='ocrx_word' id='word_1_359' title='bbox 1708 4680 1874 4733; x_wconf 89' lang='lat' dir='ltr'><strong>sancti</strong></span> <span class='ocrx_word' id='word_1_360' title='bbox 1917 4679 2110 4732; x_wconf 86' lang='lat' dir='ltr'><strong>lavacri</strong></span> 
     </span>
    </p>
   </div>
   <div class='ocr_carea' id='block_1_50' title="bbox 528 4769 2108 4844">
    <p class='ocr_par' dir='ltr' id='par_1_50' title="bbox 528 4769 2108 4844">
     <span class='ocr_line' id='line_1_50' title="bbox 528 4769 2108 4844; baseline -0.003 -16"><span class='ocrx_word' id='word_1_361' title='bbox 528 4787 788 4844; x_wconf 87' lang='lat' dir='ltr'><strong>nusquam</strong></span> <span class='ocrx_word' id='word_1_362' title='bbox 833 4787 972 4836; x_wconf 83' lang='lat' dir='ltr'><strong>esse,</strong></span> <span class='ocrx_word' id='word_1_363' title='bbox 1019 4771 1118 4826; x_wconf 90' lang='lat' dir='ltr'><strong>nisi</strong></span> <span class='ocrx_word' id='word_1_364' title='bbox 1146 4786 1212 4833; x_wconf 77' lang='lat' dir='ltr'><strong>ex</strong></span> <span class='ocrx_word' id='word_1_365' title='bbox 1243 4771 1506 4833; x_wconf 84' lang='lat' dir='ltr'><strong>catholica</strong></span> <span class='ocrx_word' id='word_1_366' title='bbox 1537 4771 1806 4836; x_wconf 86' lang='lat' dir='ltr'><strong>Ecclesia;</strong></span> <span class='ocrx_word' id='word_1_367' title='bbox 1858 4769 1950 4824; x_wconf 89' lang='lat' dir='ltr'><strong>sed</strong></span> <span class='ocrx_word' id='word_1_368' title='bbox 1991 4786 2108 4830; x_wconf 87' lang='lat' dir='ltr'><strong>eam</strong></span> 
     </span>
    </p>
   </div>
   <div class='ocr_carea' id='block_1_51' title="bbox 525 4861 2109 4932">
    <p class='ocr_par' dir='ltr' id='par_1_51' title="bbox 525 4861 2109 4932">
     <span class='ocr_line' id='line_1_51' title="bbox 525 4861 2109 4932; baseline -0.004 -12"><span class='ocrx_word' id='word_1_369' title='bbox 525 4864 750 4920; x_wconf 77' lang='lat' dir='ltr'><strong>formam</strong></span> <span class='ocrx_word' id='word_1_370' title='bbox 787 4879 967 4920; x_wconf 91' lang='lat' dir='ltr'><strong>secum</strong></span> <span class='ocrx_word' id='word_1_371' title='bbox 1019 4863 1216 4932; x_wconf 86' lang='lat' dir='ltr'><strong>habere</strong></span> <span class='ocrx_word' id='word_1_372' title='bbox 1257 4873 1526 4918; x_wconf 90' lang='lat' dir='ltr'><strong>sarmenta</strong></span> <span class='ocrx_word' id='word_1_373' title='bbox 1569 4863 1809 4930; x_wconf 63' lang='lat' dir='ltr'><strong>praecisa,</strong></span> <span class='ocrx_word' id='word_1_374' title='bbox 1859 4876 2015 4930; x_wconf 91' lang='lat' dir='ltr'><strong>quam</strong></span> <span class='ocrx_word' id='word_1_375' title='bbox 2061 4861 2109 4913; x_wconf 92' lang='lat' dir='ltr'><strong>in</strong></span> 
     </span>
    </p>
   </div>
   <div class='ocr_carea' id='block_1_52' title="bbox 527 4952 2108 5027">
    <p class='ocr_par' dir='ltr' id='par_1_52' title="bbox 527 4952 2108 5027">
     <span class='ocr_line' id='line_1_52' title="bbox 527 4952 2108 5027; baseline -0.007 -13"><span class='ocrx_word' id='word_1_376' title='bbox 527 4959 637 5026; x_wconf 85' lang='lat' dir='ltr'><strong>ipsa</strong></span> <span class='ocrx_word' id='word_1_377' title='bbox 679 4958 807 5024; x_wconf 90' lang='lat' dir='ltr'><strong>vite,</strong></span> <span class='ocrx_word' id='word_1_378' title='bbox 860 4966 1145 5027; x_wconf 89' lang='lat' dir='ltr'><strong>antequam</strong></span> <span class='ocrx_word' id='word_1_379' title='bbox 1187 4956 1622 5026; x_wconf 57' lang='lat' dir='ltr'><strong>praeciderentur,</strong></span> <span class='ocrx_word' id='word_1_380' title='bbox 1666 4961 2003 5022; x_wconf 88' lang='lat' dir='ltr'><strong>acceperant.</strong></span> <span class='ocrx_word' id='word_1_381' title='bbox 2048 4952 2108 5004; x_wconf 94' lang='lat' dir='ltr'><strong>lli</strong></span> 
     </span>
    </p>
   </div>
   <div class='ocr_carea' id='block_1_53' title="bbox 525 5043 2109 5120">
    <p class='ocr_par' dir='ltr' id='par_1_53' title="bbox 525 5043 2109 5120">
     <span class='ocr_line' id='line_1_53' title="bbox 525 5043 2109 5120; baseline -0.005 -16"><span class='ocrx_word' id='word_1_382' title='bbox 525 5059 652 5104; x_wconf 74' lang='lat' dir='ltr'><strong>sunt</strong></span> <span class='ocrx_word' id='word_1_383' title='bbox 677 5052 817 5104; x_wconf 90' lang='lat' dir='ltr'><strong>enim</strong></span> <span class='ocrx_word' id='word_1_384' title='bbox 845 5051 912 5105; x_wconf 89' lang='lat' dir='ltr'><strong>de</strong></span> <span class='ocrx_word' id='word_1_385' title='bbox 937 5050 1130 5120; x_wconf 87' lang='lat' dir='ltr'><strong>quibus</strong></span> <span class='ocrx_word' id='word_1_386' title='bbox 1175 5049 1463 5119; x_wconf 87' lang='lat' dir='ltr'><strong>Apostolus</strong></span> <span class='ocrx_word' id='word_1_387' title='bbox 1487 5047 1620 5114; x_wconf 88' lang='lat' dir='ltr'><strong>dicit</strong></span> <span class='ocrx_word' id='word_1_388' title='bbox 1650 5064 1664 5100; x_wconf 89' lang='lat'><strong>:</strong></span> <span class='ocrx_word' id='word_1_389' title='bbox 1697 5043 1952 5108; x_wconf 71' lang='lat' dir='ltr'><strong>Habentes</strong></span> <span class='ocrx_word' id='word_1_390' title='bbox 1993 5061 2109 5113; x_wconf 73' lang='lat' dir='ltr'><strong>spe-</strong></span> 
     </span>
    </p>
   </div>
   <div class='ocr_carea' id='block_1_54' title="bbox 1220 354 3045 430">
    <p class='ocr_par' dir='ltr' id='par_1_54' title="bbox 1220 354 3045 430">
     <span class='ocr_line' id='line_1_54' title="bbox 1220 354 3045 430; baseline -0.005 -9"><span class='ocrx_word' id='word_1_391' title='bbox 1220 368 1306 421; x_wconf 86' lang='lat' dir='ltr'><strong>DE</strong></span> <span class='ocrx_word' id='word_1_392' title='bbox 1349 365 1574 423; x_wconf 73' lang='lat' dir='ltr'>AGONE</span> <span class='ocrx_word' id='word_1_393' title='bbox 1615 358 2042 424; x_wconf 69' lang='lat' dir='ltr'><strong>ClllliSTlANQ.</strong></span> <span class='ocrx_word' id='word_1_394' title='bbox 2083 355 2142 411; x_wconf 89' lang='lat' dir='ltr'><strong>S.</strong></span> <span class='ocrx_word' id='word_1_395' title='bbox 2185 354 2548 430; x_wconf 83' lang='lat' dir='ltr'><strong>AUGUSTINI</strong></span> <span class='ocrx_word' id='word_1_396' title='bbox 2603 354 2798 409; x_wconf 72' lang='lat' dir='ltr'><strong>LIBER</strong></span> <span class='ocrx_word' id='word_1_397' title='bbox 2841 355 3045 411; x_wconf 85' lang='lat' dir='ltr'><strong>UNUS.</strong></span> 
     </span>
    </p>
   </div>
   <div class='ocr_carea' id='block_1_55' title="bbox 3607 355 3796 410">
    <p class='ocr_par' dir='ltr' id='par_1_55' title="bbox 3607 355 3796 410">
     <span class='ocr_line' id='line_1_55' title="bbox 3607 355 3796 410; baseline -0.005 0"><span class='ocrx_word' id='word_1_398' title='bbox 3607 355 3796 410; x_wconf 78' lang='lat'><strong>-303</strong></span> 
     </span>
    </p>
   </div>
   <div class='ocr_carea' id='block_1_56' title="bbox 2223 467 3798 539">
    <p class='ocr_par' dir='ltr' id='par_1_56' title="bbox 2223 467 3798 539">
     <span class='ocr_line' id='line_1_56' title="bbox 2223 467 3798 539; baseline 0.003 -19"><span class='ocrx_word' id='word_1_399' title='bbox 2223 469 2464 523; x_wconf 87' lang='lat' dir='ltr'><strong>scrintin</strong></span> <span class='ocrx_word' id='word_1_400' title='bbox 2493 469 2882 535; x_wconf 88' lang='lat' dir='ltr'><strong>incredulitate,</strong></span> <span class='ocrx_word' id='word_1_401' title='bbox 2924 469 3258 539; x_wconf 88' lang='lat' dir='ltr'><strong>apertissime</strong></span> <span class='ocrx_word' id='word_1_402' title='bbox 3307 467 3592 537; x_wconf 79' lang='lat' dir='ltr'><strong>Apostolus</strong></span> <span class='ocrx_word' id='word_1_403' title='bbox 3647 467 3798 525; x_wconf 85' lang='lat' dir='ltr'><strong>docet</strong></span> 
     </span>
    </p>
   </div>
   <div class='ocr_carea' id='block_1_57' title="bbox 2227 559 3788 632">
    <p class='ocr_par' dir='ltr' id='par_1_57' title="bbox 2227 559 3788 632">
     <span class='ocr_line' id='line_1_57' title="bbox 2227 559 3788 632; baseline 0.001 -20"><span class='ocrx_word' id='word_1_404' title='bbox 2227 559 2417 631; x_wconf 81' lang='lat' dir='ltr'><strong>(Rom.</strong></span> <span class='ocrx_word' id='word_1_405' title='bbox 2462 578 2538 627; x_wconf 63' lang='grc' dir='ltr'><strong>ης</strong></span> <span class='ocrx_word' id='word_1_406' title='bbox 2575 563 2703 632; x_wconf 75' lang='lat'><strong>9.5).</strong></span> <span class='ocrx_word' id='word_1_407' title='bbox 2743 563 2900 632; x_wconf 87' lang='lat' dir='ltr'><strong>Quod</strong></span> <span class='ocrx_word' id='word_1_408' title='bbox 2943 579 3062 618; x_wconf 83' lang='lat' dir='ltr'><strong>cum</strong></span> <span class='ocrx_word' id='word_1_409' title='bbox 3104 562 3420 625; x_wconf 80' lang='lat' dir='ltr'><strong>Luciferiani</strong></span> <span class='ocrx_word' id='word_1_410' title='bbox 3475 561 3788 630; x_wconf 59' lang='lat' dir='ltr'><strong>intelligunt,</strong></span> 
     </span>
    </p>
   </div>
   <div class='ocr_carea' id='block_1_58' title="bbox 2222 651 3796 721">
    <p class='ocr_par' dir='ltr' id='par_1_58' title="bbox 2222 651 3796 721">
     <span class='ocr_line' id='line_1_58' title="bbox 2222 651 3796 721; baseline 0.002 -17"><span class='ocrx_word' id='word_1_411' title='bbox 2222 657 2276 704; x_wconf 89' lang='lat' dir='ltr'><strong>et</strong></span> <span class='ocrx_word' id='word_1_412' title='bbox 2303 665 2404 704; x_wconf 90' lang='lat' dir='ltr'><strong>non</strong></span> <span class='ocrx_word' id='word_1_413' title='bbox 2435 653 2780 720; x_wconf 87' lang='lat' dir='ltr'><strong>rebaptizaut,</strong></span> <span class='ocrx_word' id='word_1_414' title='bbox 2808 669 2909 706; x_wconf 91' lang='lat' dir='ltr'><strong>non</strong></span> <span class='ocrx_word' id='word_1_415' title='bbox 2931 652 3294 721; x_wconf 74' lang='lat' dir='ltr'><strong>improbemus</strong></span> <span class='ocrx_word' id='word_1_416' title='bbox 3317 670 3330 706; x_wconf 88' lang='lat'><strong>:</strong></span> <span class='ocrx_word' id='word_1_417' title='bbox 3355 651 3447 706; x_wconf 89' lang='lat' dir='ltr'><strong>sed</strong></span> <span class='ocrx_word' id='word_1_418' title='bbox 3478 651 3620 721; x_wconf 90' lang='lat' dir='ltr'><strong>quod</strong></span> <span class='ocrx_word' id='word_1_419' title='bbox 3641 653 3796 707; x_wconf 85' lang='lat' dir='ltr'><strong>etiam</strong></span> 
     </span>
    </p>
   </div>
   <div class='ocr_carea' id='block_1_59' title="bbox 2224 739 3795 813">
    <p class='ocr_par' dir='ltr' id='par_1_59' title="bbox 2224 739 3795 813">
     <span class='ocr_line' id='line_1_59' title="bbox 2224 739 3795 813; baseline 0.002 -21"><span class='ocrx_word' id='word_1_420' title='bbox 2224 739 2322 810; x_wconf 90' lang='lat' dir='ltr'><strong>ipsi</strong></span> <span class='ocrx_word' id='word_1_421' title='bbox 2352 741 2561 809; x_wconf 73' lang='lat' dir='ltr'><strong>prmcidi</strong></span> <span class='ocrx_word' id='word_1_422' title='bbox 2583 758 2610 794; x_wconf 91' lang='lat' dir='ltr'><strong>a</strong></span> <span class='ocrx_word' id='word_1_423' title='bbox 2638 742 2813 796; x_wconf 89' lang='lat' dir='ltr'><strong>radice</strong></span> <span class='ocrx_word' id='word_1_424' title='bbox 2835 743 3136 808; x_wconf 87' lang='lat' dir='ltr'><strong>voluerunt,</strong></span> <span class='ocrx_word' id='word_1_425' title='bbox 3164 743 3280 813; x_wconf 91' lang='lat' dir='ltr'><strong>quis</strong></span> <span class='ocrx_word' id='word_1_426' title='bbox 3302 757 3407 797; x_wconf 89' lang='lat' dir='ltr'><strong>non</strong></span> <span class='ocrx_word' id='word_1_427' title='bbox 3425 741 3795 800; x_wconf 84' lang='lat' dir='ltr'><strong>detestandum</strong></span> 
     </span>
    </p>
   </div>
   <div class='ocr_carea' id='block_1_60' title="bbox 2222 833 3798 904">
    <p class='ocr_par' dir='ltr' id='par_1_60' title="bbox 2222 833 3798 904">
     <span class='ocr_line' id='line_1_60' title="bbox 2222 833 3798 904; baseline 0 -18"><span class='ocrx_word' id='word_1_428' title='bbox 2222 847 2341 888; x_wconf 91' lang='lat' dir='ltr'><strong>esse</strong></span> <span class='ocrx_word' id='word_1_429' title='bbox 2370 833 2692 903; x_wconf 74' lang='lat' dir='ltr'><strong>cognoscat?</strong></span> <span class='ocrx_word' id='word_1_430' title='bbox 2724 833 2790 888; x_wconf 87' lang='lat' dir='ltr'><strong>Et</strong></span> <span class='ocrx_word' id='word_1_431' title='bbox 2817 834 2934 888; x_wconf 91' lang='lat' dir='ltr'><strong>ideo</strong></span> <span class='ocrx_word' id='word_1_432' title='bbox 2957 835 3206 899; x_wconf 78' lang='lat' dir='ltr'><strong>maxime,</strong></span> <span class='ocrx_word' id='word_1_433' title='bbox 3234 834 3353 904; x_wconf 91' lang='lat' dir='ltr'><strong>quia</strong></span> <span class='ocrx_word' id='word_1_434' title='bbox 3384 834 3486 896; x_wconf 85' lang='lat' dir='ltr'><strong>hoc</strong></span> <span class='ocrx_word' id='word_1_435' title='bbox 3509 833 3588 897; x_wconf 83' lang='lat' dir='ltr'><strong>eis</strong></span> <span class='ocrx_word' id='word_1_436' title='bbox 3614 833 3798 903; x_wconf 75' lang='grc' dir='ltr'><strong>ἀίει)ιὶ-</strong></span> 
     </span>
    </p>
   </div>
   <div class='ocr_carea' id='block_1_61' title="bbox 2221 923 3797 994">
    <p class='ocr_par' dir='ltr' id='par_1_61' title="bbox 2221 923 3797 994">
     <span class='ocr_line' id='line_1_61' title="bbox 2221 923 3797 994; baseline 0.001 -18"><span class='ocrx_word' id='word_1_437' title='bbox 2221 923 2324 976; x_wconf 90' lang='lat' dir='ltr'><strong>cuit</strong></span> <span class='ocrx_word' id='word_1_438' title='bbox 2355 923 2407 976; x_wconf 94' lang='lat' dir='ltr'><strong>in</strong></span> <span class='ocrx_word' id='word_1_439' title='bbox 2447 923 2683 977; x_wconf 88' lang='lat' dir='ltr'><strong>Ecclesia</strong></span> <span class='ocrx_word' id='word_1_440' title='bbox 2714 924 2994 990; x_wconf 86' lang='lat' dir='ltr'><strong>catholica,</strong></span> <span class='ocrx_word' id='word_1_441' title='bbox 3025 924 3166 994; x_wconf 89' lang='lat' dir='ltr'><strong>quod</strong></span> <span class='ocrx_word' id='word_1_442' title='bbox 3198 940 3320 979; x_wconf 85' lang='lat' dir='ltr'><strong>vere</strong></span> <span class='ocrx_word' id='word_1_443' title='bbox 3367 924 3642 986; x_wconf 64' lang='lat' dir='ltr'><strong>catholicae</strong></span> <span class='ocrx_word' id='word_1_444' title='bbox 3672 939 3797 978; x_wconf 87' lang='lat' dir='ltr'><strong>san-</strong></span> 
     </span>
    </p>
   </div>
   <div class='ocr_carea' id='block_1_62' title="bbox 2221 1012 3798 1086">
    <p class='ocr_par' dir='ltr' id='par_1_62' title="bbox 2221 1012 3798 1086">
     <span class='ocr_line' id='line_1_62' title="bbox 2221 1012 3798 1086; baseline 0.004 -22"><span class='ocrx_word' id='word_1_445' title='bbox 2221 1012 2414 1067; x_wconf 87' lang='lat' dir='ltr'><strong>ctitatis</strong></span> <span class='ocrx_word' id='word_1_446' title='bbox 2440 1022 2541 1068; x_wconf 92' lang='lat' dir='ltr'><strong>est.</strong></span> <span class='ocrx_word' id='word_1_447' title='bbox 2581 1012 2848 1083; x_wconf 88' lang='lat' dir='ltr'><strong>Nusquam</strong></span> <span class='ocrx_word' id='word_1_448' title='bbox 2875 1016 3015 1069; x_wconf 91' lang='lat' dir='ltr'><strong>enim</strong></span> <span class='ocrx_word' id='word_1_449' title='bbox 3039 1023 3144 1069; x_wconf 88' lang='lat' dir='ltr'><strong>tam</strong></span> <span class='ocrx_word' id='word_1_450' title='bbox 3173 1016 3348 1086; x_wconf 82' lang='lat' dir='ltr'><strong>vigere</strong></span> <span class='ocrx_word' id='word_1_451' title='bbox 3370 1016 3568 1070; x_wconf 88' lang='lat' dir='ltr'><strong>debent</strong></span> <span class='ocrx_word' id='word_1_452' title='bbox 3593 1015 3798 1071; x_wconf 81' lang='lat' dir='ltr'><strong>viscera</strong></span> 
     </span>
    </p>
   </div>
   <div class='ocr_carea' id='block_1_63' title="bbox 2220 1105 3796 1176">
    <p class='ocr_par' dir='ltr' id='par_1_63' title="bbox 2220 1105 3796 1176">
     <span class='ocr_line' id='line_1_63' title="bbox 2220 1105 3796 1176; baseline 0.003 -18"><span class='ocrx_word' id='word_1_453' title='bbox 2220 1105 2619 1171; x_wconf 70' lang='lat' dir='ltr'><strong>misericordia),</strong></span> <span class='ocrx_word' id='word_1_454' title='bbox 2642 1122 2797 1176; x_wconf 88' lang='lat' dir='ltr'><strong>quam</strong></span> <span class='ocrx_word' id='word_1_455' title='bbox 2825 1108 2876 1161; x_wconf 92' lang='lat' dir='ltr'><strong>in</strong></span> <span class='ocrx_word' id='word_1_456' title='bbox 2900 1107 3161 1162; x_wconf 89' lang='lat' dir='ltr'><strong>catholica</strong></span> <span class='ocrx_word' id='word_1_457' title='bbox 3183 1109 3441 1174; x_wconf 87' lang='lat' dir='ltr'><strong>Ecclesia,</strong></span> <span class='ocrx_word' id='word_1_458' title='bbox 3467 1118 3527 1161; x_wconf 92' lang='lat' dir='ltr'><strong>ut</strong></span> <span class='ocrx_word' id='word_1_459' title='bbox 3552 1117 3796 1176; x_wconf 86' lang='lat' dir='ltr'><strong>tanquam</strong></span> 
     </span>
    </p>
   </div>
   <div class='ocr_carea' id='block_1_64' title="bbox 2221 1200 3798 1270">
    <p class='ocr_par' dir='ltr' id='par_1_64' title="bbox 2221 1200 3798 1270">
     <span class='ocr_line' id='line_1_64' title="bbox 2221 1200 3798 1270; baseline 0.004 -23"><span class='ocrx_word' id='word_1_460' title='bbox 2221 1213 2342 1253; x_wconf 88' lang='lat' dir='ltr'><strong>vera</strong></span> <span class='ocrx_word' id='word_1_461' title='bbox 2384 1208 2552 1252; x_wconf 90' lang='lat' dir='ltr'><strong>mater</strong></span> <span class='ocrx_word' id='word_1_462' title='bbox 2580 1214 2676 1252; x_wconf 91' lang='lat' dir='ltr'><strong>nec</strong></span> <span class='ocrx_word' id='word_1_463' title='bbox 2716 1200 3056 1268; x_wconf 87' lang='lat' dir='ltr'><strong>peccantibus</strong></span> <span class='ocrx_word' id='word_1_464' title='bbox 3084 1201 3207 1255; x_wconf 74' lang='lat' dir='ltr'><strong>[iliis</strong></span> <span class='ocrx_word' id='word_1_465' title='bbox 3264 1200 3493 1270; x_wconf 87' lang='lat' dir='ltr'><strong>superbe</strong></span> <span class='ocrx_word' id='word_1_466' title='bbox 3535 1200 3798 1265; x_wconf 90' lang='lat' dir='ltr'><strong>insultet,</strong></span> 
     </span>
    </p>
   </div>
   <div class='ocr_carea' id='block_1_65' title="bbox 2221 1292 3798 1364">
    <p class='ocr_par' dir='ltr' id='par_1_65' title="bbox 2221 1292 3798 1364">
     <span class='ocr_line' id='line_1_65' title="bbox 2221 1292 3798 1364; baseline 0.004 -20"><span class='ocrx_word' id='word_1_467' title='bbox 2221 1306 2320 1345; x_wconf 89' lang='lat' dir='ltr'><strong>nec</strong></span> <span class='ocrx_word' id='word_1_468' title='bbox 2348 1292 2603 1346; x_wconf 89' lang='lat' dir='ltr'><strong>correctis</strong></span> <span class='ocrx_word' id='word_1_469' title='bbox 2643 1292 2855 1349; x_wconf 77' lang='lat' dir='ltr'><strong>difﬁcile</strong></span> <span class='ocrx_word' id='word_1_470' title='bbox 2884 1295 3142 1364; x_wconf 85' lang='lat' dir='ltr'><strong>ignoscat.</strong></span> <span class='ocrx_word' id='word_1_471' title='bbox 3181 1294 3298 1349; x_wconf 86' lang='lat' dir='ltr'><strong>Non</strong></span> <span class='ocrx_word' id='word_1_472' title='bbox 3325 1296 3467 1352; x_wconf 89' lang='lat' dir='ltr'><strong>enim</strong></span> <span class='ocrx_word' id='word_1_473' title='bbox 3496 1296 3614 1352; x_wconf 88' lang='lat' dir='ltr'><strong>sine</strong></span> <span class='ocrx_word' id='word_1_474' title='bbox 3643 1311 3798 1356; x_wconf 89' lang='lat' dir='ltr'><strong>causa</strong></span> 
     </span>
    </p>
   </div>
   <div class='ocr_carea' id='block_1_66' title="bbox 2221 1381 3800 1457">
    <p class='ocr_par' dir='ltr' id='par_1_66' title="bbox 2221 1381 3800 1457">
     <span class='ocr_line' id='line_1_66' title="bbox 2221 1381 3800 1457; baseline 0.004 -22"><span class='ocrx_word' id='word_1_475' title='bbox 2221 1381 2358 1436; x_wconf 88' lang='lat' dir='ltr'><strong>inter</strong></span> <span class='ocrx_word' id='word_1_476' title='bbox 2381 1397 2570 1438; x_wconf 90' lang='lat' dir='ltr'><strong>omnes</strong></span> <span class='ocrx_word' id='word_1_477' title='bbox 2598 1385 2883 1454; x_wconf 81' lang='lat' dir='ltr'><strong>Apostolus</strong></span> <span class='ocrx_word' id='word_1_478' title='bbox 2913 1385 3068 1455; x_wconf 85' lang='lat' dir='ltr'><strong>hujus</strong></span> <span class='ocrx_word' id='word_1_479' title='bbox 3097 1387 3350 1442; x_wconf 74' lang='lat' dir='ltr'><strong>Ecclesia:</strong></span> <span class='ocrx_word' id='word_1_480' title='bbox 3376 1388 3656 1443; x_wconf 83' lang='lat' dir='ltr'><strong>catholicae</strong></span> <span class='ocrx_word' id='word_1_481' title='bbox 3684 1404 3800 1457; x_wconf 54' lang='lat' dir='ltr'><strong>per.</strong></span> 
     </span>
    </p>
   </div>
   <div class='ocr_carea' id='block_1_67' title="bbox 2220 1475 3800 1534">
    <p class='ocr_par' dir='ltr' id='par_1_67' title="bbox 2220 1475 3800 1534">
     <span class='ocr_line' id='line_1_67' title="bbox 2220 1475 3800 1534; baseline 0.004 -6"><span class='ocrx_word' id='word_1_482' title='bbox 2220 1489 2404 1528; x_wconf 89' lang='lat' dir='ltr'><strong>sonam</strong></span> <span class='ocrx_word' id='word_1_483' title='bbox 2453 1475 2679 1530; x_wconf 87' lang='lat' dir='ltr'><strong>sustinet</strong></span> <span class='ocrx_word' id='word_1_484' title='bbox 2706 1477 2895 1532; x_wconf 90' lang='lat' dir='ltr'><strong>Petrus</strong></span> <span class='ocrx_word' id='word_1_485' title='bbox 2927 1497 2939 1532; x_wconf 91' lang='lat'><strong>:</strong></span> <span class='ocrx_word' id='word_1_486' title='bbox 2970 1477 3092 1532; x_wconf 91' lang='lat' dir='ltr'><strong>huic</strong></span> <span class='ocrx_word' id='word_1_487' title='bbox 3135 1479 3278 1533; x_wconf 91' lang='lat' dir='ltr'><strong>enim</strong></span> <span class='ocrx_word' id='word_1_488' title='bbox 3327 1479 3579 1534; x_wconf 66' lang='lat' dir='ltr'><strong>Ecclesiae</strong></span> <span class='ocrx_word' id='word_1_489' title='bbox 3626 1479 3800 1534; x_wconf 81' lang='lat' dir='ltr'><strong>claves</strong></span> 
     </span>
    </p>
   </div>
   <div class='ocr_carea' id='block_1_68' title="bbox 2221 1566 3798 1640">
    <p class='ocr_par' dir='ltr' id='par_1_68' title="bbox 2221 1566 3798 1640">
     <span class='ocr_line' id='line_1_68' title="bbox 2221 1566 3798 1640; baseline 0.004 -20"><span class='ocrx_word' id='word_1_490' title='bbox 2221 1566 2366 1635; x_wconf 88' lang='lat' dir='ltr'><strong>regni</strong></span> <span class='ocrx_word' id='word_1_491' title='bbox 2388 1568 2642 1621; x_wconf 65' lang='lat' dir='ltr'><strong>cailorum</strong></span> <span class='ocrx_word' id='word_1_492' title='bbox 2659 1567 2795 1623; x_wconf 77' lang='lat' dir='ltr'><strong>datae</strong></span> <span class='ocrx_word' id='word_1_493' title='bbox 2812 1579 2954 1636; x_wconf 88' lang='lat' dir='ltr'><strong>sunt,</strong></span> <span class='ocrx_word' id='word_1_494' title='bbox 2977 1585 3094 1624; x_wconf 93' lang='lat' dir='ltr'><strong>cum</strong></span> <span class='ocrx_word' id='word_1_495' title='bbox 3115 1570 3271 1624; x_wconf 86' lang='lat' dir='ltr'><strong>Petro</strong></span> <span class='ocrx_word' id='word_1_496' title='bbox 3288 1570 3422 1625; x_wconf 72' lang='lat' dir='ltr'><strong>datze</strong></span> <span class='ocrx_word' id='word_1_497' title='bbox 3442 1579 3567 1624; x_wconf 90' lang='lat' dir='ltr'><strong>sunt</strong></span> <span class='ocrx_word' id='word_1_498' title='bbox 3587 1569 3798 1640; x_wconf 76' lang='lat' dir='ltr'><strong>(Matth.</strong></span> 
     </span>
    </p>
   </div>
   <div class='ocr_carea' id='block_1_69' title="bbox 2220 1656 3800 1725">
    <p class='ocr_par' dir='ltr' id='par_1_69' title="bbox 2220 1656 3800 1725">
     <span class='ocr_line' id='line_1_69' title="bbox 2220 1656 3800 1725; baseline 0.004 -17"><span class='ocrx_word' id='word_1_499' title='bbox 2220 1671 2330 1718; x_wconf 76' lang='lat' dir='ltr'><strong>xw,</strong></span> <span class='ocrx_word' id='word_1_500' title='bbox 2359 1656 2471 1723; x_wconf 80' lang='grc'><strong>19).</strong></span> <span class='ocrx_word' id='word_1_501' title='bbox 2514 1656 2723 1711; x_wconf 88' lang='lat' dir='ltr'><strong>Etcum</strong></span> <span class='ocrx_word' id='word_1_502' title='bbox 2762 1659 2809 1712; x_wconf 89' lang='lat' dir='ltr'><strong>ei</strong></span> <span class='ocrx_word' id='word_1_503' title='bbox 2837 1657 3048 1722; x_wconf 89' lang='lat' dir='ltr'><strong>dicitur,</strong></span> <span class='ocrx_word' id='word_1_504' title='bbox 3077 1659 3143 1713; x_wconf 91' lang='lat' dir='ltr'><strong>ad</strong></span> <span class='ocrx_word' id='word_1_505' title='bbox 3174 1675 3360 1714; x_wconf 91' lang='lat' dir='ltr'><strong>omnes</strong></span> <span class='ocrx_word' id='word_1_506' title='bbox 3389 1659 3604 1725; x_wconf 92' lang='lat' dir='ltr'><strong>dicitur,</strong></span> <span class='ocrx_word' id='word_1_507' title='bbox 3648 1660 3800 1714; x_wconf 71' lang='lat' dir='ltr'><strong>Amas</strong></span> 
     </span>
    </p>
   </div>
   <div class='ocr_carea' id='block_1_70' title="bbox 2221 1746 3801 1820">
    <p class='ocr_par' dir='ltr' id='par_1_70' title="bbox 2221 1746 3801 1820">
     <span class='ocr_line' id='line_1_70' title="bbox 2221 1746 3801 1820; baseline 0.003 -22"><span class='ocrx_word' id='word_1_508' title='bbox 2221 1747 2340 1799; x_wconf 76' lang='lat' dir='ltr'><strong>me?</strong></span> <span class='ocrx_word' id='word_1_509' title='bbox 2373 1746 2532 1800; x_wconf 78' lang='lat' dir='ltr'><strong>Pasce</strong></span> <span class='ocrx_word' id='word_1_510' title='bbox 2559 1763 2670 1802; x_wconf 75' lang='lat' dir='ltr'><strong>oves</strong></span> <span class='ocrx_word' id='word_1_511' title='bbox 2715 1765 2850 1803; x_wconf 64' lang='lat' dir='ltr'><strong>mea:</strong></span> <span class='ocrx_word' id='word_1_512' title='bbox 2896 1748 3088 1819; x_wconf 79' lang='lat' dir='ltr'><strong>(Joan.</strong></span> <span class='ocrx_word' id='word_1_513' title='bbox 3138 1765 3248 1815; x_wconf 73' lang='lat' dir='ltr'><strong>ut,</strong></span> <span class='ocrx_word' id='word_1_514' title='bbox 3292 1749 3416 1820; x_wconf 83' lang='lat' dir='ltr'><strong>l7).</strong></span> <span class='ocrx_word' id='word_1_515' title='bbox 3459 1750 3632 1805; x_wconf 87' lang='lat' dir='ltr'><strong>Debet</strong></span> <span class='ocrx_word' id='word_1_516' title='bbox 3676 1765 3801 1820; x_wconf 86' lang='lat' dir='ltr'><strong>ergo</strong></span> 
     </span>
    </p>
   </div>
   <div class='ocr_carea' id='block_1_71' title="bbox 2221 1836 3800 1908">
    <p class='ocr_par' dir='ltr' id='par_1_71' title="bbox 2221 1836 3800 1908">
     <span class='ocr_line' id='line_1_71' title="bbox 2221 1836 3800 1908; baseline 0.004 -19"><span class='ocrx_word' id='word_1_517' title='bbox 2221 1836 2457 1890; x_wconf 86' lang='lat' dir='ltr'><strong>Ecclesia</strong></span> <span class='ocrx_word' id='word_1_518' title='bbox 2500 1837 2757 1896; x_wconf 88' lang='lat' dir='ltr'><strong>catholica</strong></span> <span class='ocrx_word' id='word_1_519' title='bbox 2798 1841 3055 1894; x_wconf 90' lang='lat' dir='ltr'><strong>correctis</strong></span> <span class='ocrx_word' id='word_1_520' title='bbox 3103 1851 3156 1893; x_wconf 90' lang='lat' dir='ltr'><strong>et</strong></span> <span class='ocrx_word' id='word_1_521' title='bbox 3188 1841 3384 1908; x_wconf 89' lang='lat' dir='ltr'><strong>pietate</strong></span> <span class='ocrx_word' id='word_1_522' title='bbox 3426 1841 3654 1895; x_wconf 82' lang='lat' dir='ltr'><strong>ﬁrmatis</strong></span> <span class='ocrx_word' id='word_1_523' title='bbox 3683 1841 3800 1895; x_wconf 83' lang='lat' dir='ltr'><strong>ﬁliis</strong></span> 
     </span>
    </p>
   </div>
   <div class='ocr_carea' id='block_1_72' title="bbox 2220 1928 3800 2004">
    <p class='ocr_par' dir='ltr' id='par_1_72' title="bbox 2220 1928 3800 2004">
     <span class='ocr_line' id='line_1_72' title="bbox 2220 1928 3800 2004; baseline 0.004 -21"><span class='ocrx_word' id='word_1_524' title='bbox 2220 1928 2445 1983; x_wconf 87' lang='lat' dir='ltr'><strong>libenter</strong></span> <span class='ocrx_word' id='word_1_525' title='bbox 2492 1930 2803 1999; x_wconf 86' lang='lat' dir='ltr'><strong>ignoscere;</strong></span> <span class='ocrx_word' id='word_1_526' title='bbox 2847 1947 2967 1986; x_wconf 90' lang='lat' dir='ltr'><strong>cum</strong></span> <span class='ocrx_word' id='word_1_527' title='bbox 3011 1933 3110 2001; x_wconf 87' lang='lat' dir='ltr'><strong>ipsi</strong></span> <span class='ocrx_word' id='word_1_528' title='bbox 3153 1933 3312 1987; x_wconf 88' lang='lat' dir='ltr'><strong>Petro</strong></span> <span class='ocrx_word' id='word_1_529' title='bbox 3356 1948 3641 2004; x_wconf 88' lang='lat' dir='ltr'><strong>personam</strong></span> <span class='ocrx_word' id='word_1_530' title='bbox 3687 1933 3800 2002; x_wconf 89' lang='lat' dir='ltr'><strong>ejus</strong></span> 
     </span>
    </p>
   </div>
   <div class='ocr_carea' id='block_1_73' title="bbox 2219 2021 3796 2096">
    <p class='ocr_par' dir='ltr' id='par_1_73' title="bbox 2219 2021 3796 2096">
     <span class='ocr_line' id='line_1_73' title="bbox 2219 2021 3796 2096; baseline 0.005 -24"><span class='ocrx_word' id='word_1_531' title='bbox 2219 2021 2467 2088; x_wconf 83' lang='lat' dir='ltr'><strong>gestanti,</strong></span> <span class='ocrx_word' id='word_1_532' title='bbox 2498 2031 2551 2086; x_wconf 86' lang='lat' dir='ltr'><strong>et</strong></span> <span class='ocrx_word' id='word_1_533' title='bbox 2578 2036 2697 2076; x_wconf 91' lang='lat' dir='ltr'><strong>eum</strong></span> <span class='ocrx_word' id='word_1_534' title='bbox 2729 2023 2778 2076; x_wconf 91' lang='lat' dir='ltr'><strong>in</strong></span> <span class='ocrx_word' id='word_1_535' title='bbox 2812 2026 2942 2080; x_wconf 89' lang='lat' dir='ltr'><strong>mari</strong></span> <span class='ocrx_word' id='word_1_536' title='bbox 2974 2026 3248 2080; x_wconf 87' lang='lat' dir='ltr'><strong>titubassct</strong></span> <span class='ocrx_word' id='word_1_537' title='bbox 3279 2026 3491 2096; x_wconf 76' lang='lat' dir='ltr'><strong>(Matth.</strong></span> <span class='ocrx_word' id='word_1_538' title='bbox 3527 2041 3641 2096; x_wconf 75' lang='lat' dir='ltr'><strong>xiv,</strong></span> <span class='ocrx_word' id='word_1_539' title='bbox 3685 2025 3796 2096; x_wconf 85' lang='grc'><strong>50).</strong></span> 
     </span>
    </p>
   </div>
   <div class='ocr_carea' id='block_1_74' title="bbox 2219 2095 3801 2186">
    <p class='ocr_par' dir='ltr' id='par_1_74' title="bbox 2219 2095 3801 2186">
     <span class='ocr_line' id='line_1_74' title="bbox 2219 2095 3801 2186; baseline 0.006 -21"><span class='ocrx_word' id='word_1_540' title='bbox 2219 2120 2272 2166; x_wconf 89' lang='lat' dir='ltr'><strong>et</strong></span> <span class='ocrx_word' id='word_1_541' title='bbox 2319 2128 2437 2165; x_wconf 85' lang='lat' dir='ltr'><strong>cum</strong></span> <span class='ocrx_word' id='word_1_542' title='bbox 2471 2113 2752 2172; x_wconf 87' lang='lat' dir='ltr'><strong>Dominum</strong></span> <span class='ocrx_word' id='word_1_543' title='bbox 2796 2118 3080 2171; x_wconf 88' lang='lat' dir='ltr'><strong>carnaliter</strong></span> <span class='ocrx_word' id='word_1_544' title='bbox 3131 2133 3162 2178; x_wconf 87' lang='lat' dir='ltr'><strong>a</strong></span> <span class='ocrx_word' id='word_1_545' title='bbox 3217 2119 3460 2186; x_wconf 89' lang='lat' dir='ltr'><strong>passione</strong></span> <span class='ocrx_word' id='word_1_546' title='bbox 3499 2095 3801 2174; x_wconf 77' lang='lat' dir='ltr'><strong>revocasset</strong></span> 
     </span>
    </p>
   </div>
   <div class='ocr_carea' id='block_1_75' title="bbox 2221 2201 3798 2281">
    <p class='ocr_par' dir='ltr' id='par_1_75' title="bbox 2221 2201 3798 2281">
     <span class='ocr_line' id='line_1_75' title="bbox 2221 2201 3798 2281; baseline 0.008 -27"><span class='ocrx_word' id='word_1_547' title='bbox 2221 2201 2329 2272; x_wconf 82' lang='lat' dir='ltr'><strong>(Id.</strong></span> <span class='ocrx_word' id='word_1_548' title='bbox 2361 2219 2467 2267; x_wconf 72' lang='lat' dir='ltr'><strong>xvi,</strong></span> <span class='ocrx_word' id='word_1_549' title='bbox 2499 2203 2617 2275; x_wconf 71' lang='lat'><strong>92),</strong></span> <span class='ocrx_word' id='word_1_550' title='bbox 2642 2216 2695 2261; x_wconf 88' lang='lat' dir='ltr'><strong>et</strong></span> <span class='ocrx_word' id='word_1_551' title='bbox 2715 2221 2832 2265; x_wconf 88' lang='lat' dir='ltr'><strong>eum</strong></span> <span class='ocrx_word' id='word_1_552' title='bbox 2861 2223 3043 2266; x_wconf 88' lang='lat' dir='ltr'><strong>aurem</strong></span> <span class='ocrx_word' id='word_1_553' title='bbox 3075 2211 3213 2270; x_wconf 86' lang='lat' dir='ltr'><strong>servi</strong></span> <span class='ocrx_word' id='word_1_554' title='bbox 3244 2210 3420 2280; x_wconf 83' lang='lat' dir='ltr'><strong>gladio</strong></span> <span class='ocrx_word' id='word_1_555' title='bbox 3451 2212 3798 2281; x_wconf 73' lang='lat' dir='ltr'><strong>prmcidisset,</strong></span> 
     </span>
    </p>
   </div>
   <div class='ocr_carea' id='block_1_76' title="bbox 2218 2297 3794 2374">
    <p class='ocr_par' dir='ltr' id='par_1_76' title="bbox 2218 2297 3794 2374">
     <span class='ocr_line' id='line_1_76' title="bbox 2218 2297 3794 2374; baseline 0.008 -29"><span class='ocrx_word' id='word_1_556' title='bbox 2218 2302 2414 2353; x_wconf 88' lang='lat' dir='ltr'><strong>etcum</strong></span> <span class='ocrx_word' id='word_1_557' title='bbox 2449 2310 2617 2363; x_wconf 79' lang='lat' dir='ltr'><strong>ipsum</strong></span> <span class='ocrx_word' id='word_1_558' title='bbox 2668 2297 2944 2352; x_wconf 89' lang='lat' dir='ltr'><strong>Dominum</strong></span> <span class='ocrx_word' id='word_1_559' title='bbox 2975 2309 3053 2353; x_wconf 92' lang='lat' dir='ltr'><strong>ter</strong></span> <span class='ocrx_word' id='word_1_560' title='bbox 3084 2311 3330 2370; x_wconf 80' lang='lat' dir='ltr'><strong>negasset</strong></span> <span class='ocrx_word' id='word_1_561' title='bbox 3369 2300 3477 2374; x_wconf 88' lang='lat' dir='ltr'><strong>(Id.</strong></span> <span class='ocrx_word' id='word_1_562' title='bbox 3509 2318 3660 2363; x_wconf 77' lang='lat' dir='ltr'><strong>xxvr.</strong></span> <span class='ocrx_word' id='word_1_563' title='bbox 3693 2303 3752 2357; x_wconf 81' lang='grc'><strong>51</strong></span> <span class='ocrx_word' id='word_1_564' title='bbox 3780 2345 3794 2367; x_wconf 88' lang='grc'><strong><em>,</em></strong></span> 
     </span>
    </p>
   </div>
   <div class='ocr_carea' id='block_1_77' title="bbox 2220 2384 3800 2463">
    <p class='ocr_par' dir='ltr' id='par_1_77' title="bbox 2220 2384 3800 2463">
     <span class='ocr_line' id='line_1_77' title="bbox 2220 2384 3800 2463; baseline 0.006 -24"><span class='ocrx_word' id='word_1_565' title='bbox 2220 2384 2433 2458; x_wconf 73' lang='lat'><strong>70-74),</strong></span> <span class='ocrx_word' id='word_1_566' title='bbox 2462 2394 2516 2440; x_wconf 86' lang='lat' dir='ltr'><strong>et</strong></span> <span class='ocrx_word' id='word_1_567' title='bbox 2535 2403 2652 2441; x_wconf 92' lang='lat' dir='ltr'><strong>cum</strong></span> <span class='ocrx_word' id='word_1_568' title='bbox 2679 2389 2730 2442; x_wconf 92' lang='lat' dir='ltr'><strong>in</strong></span> <span class='ocrx_word' id='word_1_569' title='bbox 2757 2390 3146 2455; x_wconf 78' lang='lat' dir='ltr'><strong>simulationem</strong></span> <span class='ocrx_word' id='word_1_570' title='bbox 3169 2403 3352 2463; x_wconf 81' lang='lat' dir='ltr'><strong>postea</strong></span> <span class='ocrx_word' id='word_1_571' title='bbox 3379 2394 3800 2463; x_wconf 87' lang='lat' dir='ltr'><strong>superstitiosam</strong></span> 
     </span>
    </p>
   </div>
   <div class='ocr_carea' id='block_1_78' title="bbox 2219 2478 3800 2555">
    <p class='ocr_par' dir='ltr' id='par_1_78' title="bbox 2219 2478 3800 2555">
     <span class='ocr_line' id='line_1_78' title="bbox 2219 2478 3800 2555; baseline 0.007 -24"><span class='ocrx_word' id='word_1_572' title='bbox 2219 2478 2400 2548; x_wconf 90' lang='lat' dir='ltr'><strong>lapsus</strong></span> <span class='ocrx_word' id='word_1_573' title='bbox 2443 2491 2585 2535; x_wconf 91' lang='lat' dir='ltr'><strong>esset</strong></span> <span class='ocrx_word' id='word_1_574' title='bbox 2637 2481 2829 2552; x_wconf 83' lang='lat' dir='ltr'><strong>(Galat.</strong></span> <span class='ocrx_word' id='word_1_575' title='bbox 2877 2500 2934 2551; x_wconf 90' lang='grc' dir='ltr'>ιι,</span> <span class='ocrx_word' id='word_1_576' title='bbox 2983 2485 3093 2555; x_wconf 61' lang='grc' dir='ltr'><strong>ιε),</strong></span> <span class='ocrx_word' id='word_1_577' title='bbox 3143 2488 3413 2542; x_wconf 90' lang='lat' dir='ltr'><strong>videamus</strong></span> <span class='ocrx_word' id='word_1_578' title='bbox 3442 2488 3652 2541; x_wconf 89' lang='lat' dir='ltr'><strong>veniam</strong></span> <span class='ocrx_word' id='word_1_579' title='bbox 3684 2503 3800 2542; x_wconf 88' lang='lat' dir='ltr'><strong>esse</strong></span> 
     </span>
    </p>
   </div>
   <div class='ocr_carea' id='block_1_79' title="bbox 2219 2579 3800 2648">
    <p class='ocr_par' dir='ltr' id='par_1_79' title="bbox 2219 2579 3800 2648">
     <span class='ocr_line' id='line_1_79' title="bbox 2219 2579 3800 2648; baseline 0.008 -25"><span class='ocrx_word' id='word_1_580' title='bbox 2219 2584 2546 2636; x_wconf 81' lang='lat' dir='ltr'><strong>conceSSam,</strong></span> <span class='ocrx_word' id='word_1_581' title='bbox 2567 2588 2795 2643; x_wconf 88' lang='lat' dir='ltr'><strong>eumque</strong></span> <span class='ocrx_word' id='word_1_582' title='bbox 2819 2587 3117 2634; x_wconf 88' lang='lat' dir='ltr'><strong>correctum</strong></span> <span class='ocrx_word' id='word_1_583' title='bbox 3158 2586 3315 2648; x_wconf 79' lang='lat' dir='ltr'><strong>atque</strong></span> <span class='ocrx_word' id='word_1_584' title='bbox 3347 2579 3612 2638; x_wconf 82' lang='lat' dir='ltr'><strong>ﬁrmatum</strong></span> <span class='ocrx_word' id='word_1_585' title='bbox 3636 2594 3800 2648; x_wconf 88' lang='lat' dir='ltr'><strong>usque</strong></span> 
     </span>
    </p>
   </div>
   <div class='ocr_carea' id='block_1_80' title="bbox 2219 2664 3799 2741">
    <p class='ocr_par' dir='ltr' id='par_1_80' title="bbox 2219 2664 3799 2741">
     <span class='ocr_line' id='line_1_80' title="bbox 2219 2664 3799 2741; baseline 0.006 -24"><span class='ocrx_word' id='word_1_586' title='bbox 2219 2664 2284 2718; x_wconf 89' lang='lat' dir='ltr'><strong>ad</strong></span> <span class='ocrx_word' id='word_1_587' title='bbox 2333 2664 2612 2725; x_wconf 78' lang='lat' dir='ltr'><strong>dominica:</strong></span> <span class='ocrx_word' id='word_1_588' title='bbox 2659 2669 2922 2736; x_wconf 85' lang='lat' dir='ltr'><strong>passionis</strong></span> <span class='ocrx_word' id='word_1_589' title='bbox 2967 2671 3192 2738; x_wconf 86' lang='lat' dir='ltr'><strong>gloriam</strong></span> <span class='ocrx_word' id='word_1_590' title='bbox 3242 2672 3568 2740; x_wconf 86' lang='lat' dir='ltr'><strong>pervenisse.</strong></span> <span class='ocrx_word' id='word_1_591' title='bbox 3623 2671 3799 2741; x_wconf 87' lang='lat' dir='ltr'><strong>itaque</strong></span> 
     </span>
    </p>
   </div>
   <div class='ocr_carea' id='block_1_81' title="bbox 2219 2759 3796 2830">
    <p class='ocr_par' dir='ltr' id='par_1_81' title="bbox 2219 2759 3796 2830">
     <span class='ocr_line' id='line_1_81' title="bbox 2219 2759 3796 2830; baseline 0.004 -20"><span class='ocrx_word' id='word_1_592' title='bbox 2219 2767 2338 2824; x_wconf 89' lang='lat' dir='ltr'><strong>post</strong></span> <span class='ocrx_word' id='word_1_593' title='bbox 2369 2759 2788 2827; x_wconf 86' lang='lat' dir='ltr'><strong>persecutionem</strong></span> <span class='ocrx_word' id='word_1_594' title='bbox 2818 2777 2937 2830; x_wconf 74' lang='lat' dir='ltr'><strong>qum</strong></span> <span class='ocrx_word' id='word_1_595' title='bbox 2966 2778 3060 2830; x_wconf 90' lang='lat' dir='ltr'><strong>per</strong></span> <span class='ocrx_word' id='word_1_596' title='bbox 3097 2763 3322 2816; x_wconf 84' lang='lat' dir='ltr'><strong>Arianos</strong></span> <span class='ocrx_word' id='word_1_597' title='bbox 3351 2763 3636 2818; x_wconf 70' lang='lat' dir='ltr'><strong>hmreticos</strong></span> <span class='ocrx_word' id='word_1_598' title='bbox 3667 2762 3796 2823; x_wconf 83' lang='lat' dir='ltr'><strong>facta</strong></span> 
     </span>
    </p>
   </div>
   <div class='ocr_carea' id='block_1_82' title="bbox 2219 2853 3799 2923">
    <p class='ocr_par' dir='ltr' id='par_1_82' title="bbox 2219 2853 3799 2923">
     <span class='ocr_line' id='line_1_82' title="bbox 2219 2853 3799 2923; baseline 0.006 -21"><span class='ocrx_word' id='word_1_599' title='bbox 2219 2857 2354 2915; x_wconf 91' lang='lat' dir='ltr'><strong>erat,</strong></span> <span class='ocrx_word' id='word_1_600' title='bbox 2385 2859 2725 2920; x_wconf 85' lang='lat' dir='ltr'><strong>posteaquam</strong></span> <span class='ocrx_word' id='word_1_601' title='bbox 2753 2866 2875 2920; x_wconf 85' lang='lat' dir='ltr'><strong>pax,</strong></span> <span class='ocrx_word' id='word_1_602' title='bbox 2907 2869 3063 2921; x_wconf 88' lang='lat' dir='ltr'><strong>quam</strong></span> <span class='ocrx_word' id='word_1_603' title='bbox 3091 2853 3304 2923; x_wconf 86' lang='lat' dir='ltr'><strong>quidem</strong></span> <span class='ocrx_word' id='word_1_604' title='bbox 3332 2853 3602 2908; x_wconf 89' lang='lat' dir='ltr'><strong>Catholica</strong></span> <span class='ocrx_word' id='word_1_605' title='bbox 3630 2855 3682 2908; x_wconf 93' lang='lat' dir='ltr'><strong>iu</strong></span> <span class='ocrx_word' id='word_1_606' title='bbox 3710 2855 3799 2913; x_wconf 72' lang='grc' dir='ltr'><strong>ι)οο</strong></span> 
     </span>
    </p>
   </div>
   <div class='ocr_carea' id='block_1_83' title="bbox 2219 2939 3796 3011">
    <p class='ocr_par' dir='ltr' id='par_1_83' title="bbox 2219 2939 3796 3011">
     <span class='ocr_line' id='line_1_83' title="bbox 2219 2939 3796 3011; baseline 0.004 -19"><span class='ocrx_word' id='word_1_607' title='bbox 2219 2939 2364 2993; x_wconf 92' lang='lat' dir='ltr'><strong>mino</strong></span> <span class='ocrx_word' id='word_1_608' title='bbox 2394 2948 2556 3000; x_wconf 88' lang='lat' dir='ltr'><strong>tenet.</strong></span> <span class='ocrx_word' id='word_1_609' title='bbox 2607 2942 2768 2998; x_wconf 84' lang='lat' dir='ltr'><strong>etiam</strong></span> <span class='ocrx_word' id='word_1_610' title='bbox 2799 2958 2827 2995; x_wconf 85' lang='lat' dir='ltr'><strong>a</strong></span> <span class='ocrx_word' id='word_1_611' title='bbox 2861 2944 3188 3010; x_wconf 87' lang='lat' dir='ltr'><strong>principibus</strong></span> <span class='ocrx_word' id='word_1_612' title='bbox 3228 2944 3408 3007; x_wconf 76' lang='lat' dir='ltr'><strong>szeculi</strong></span> <span class='ocrx_word' id='word_1_613' title='bbox 3441 2943 3650 2998; x_wconf 88' lang='lat' dir='ltr'><strong>reddita</strong></span> <span class='ocrx_word' id='word_1_614' title='bbox 3678 2953 3796 3011; x_wconf 88' lang='lat' dir='ltr'><strong>est,</strong></span> 
     </span>
    </p>
   </div>
   <div class='ocr_carea' id='block_1_84' title="bbox 2219 3032 3796 3104">
    <p class='ocr_par' dir='ltr' id='par_1_84' title="bbox 2219 3032 3796 3104">
     <span class='ocr_line' id='line_1_84' title="bbox 2219 3032 3796 3104; baseline 0.002 -16"><span class='ocrx_word' id='word_1_615' title='bbox 2219 3032 2453 3101; x_wconf 86' lang='lat' dir='ltr'><strong>episcopi</strong></span> <span class='ocrx_word' id='word_1_616' title='bbox 2476 3032 2562 3102; x_wconf 90' lang='lat' dir='ltr'><strong>qui</strong></span> <span class='ocrx_word' id='word_1_617' title='bbox 2588 3032 2820 3102; x_wconf 82' lang='lat' dir='ltr'><strong>perﬁdiae</strong></span> <span class='ocrx_word' id='word_1_618' title='bbox 2850 3035 3164 3097; x_wconf 70' lang='lat' dir='ltr'><strong>Arianorum</strong></span> <span class='ocrx_word' id='word_1_619' title='bbox 3195 3035 3244 3088; x_wconf 89' lang='lat' dir='ltr'><strong>iu</strong></span> <span class='ocrx_word' id='word_1_620' title='bbox 3265 3036 3348 3090; x_wconf 89' lang='lat' dir='ltr'><strong>illa</strong></span> <span class='ocrx_word' id='word_1_621' title='bbox 3382 3036 3754 3104; x_wconf 86' lang='lat' dir='ltr'><strong>persecutione</strong></span> <span class='ocrx_word' id='word_1_622' title='bbox 3775 3037 3796 3070; x_wconf 74' lang='grc'>⁸</span> 
     </span>
    </p>
   </div>
   <div class='ocr_carea' id='block_1_85' title="bbox 2217 3125 3796 3195">
    <p class='ocr_par' dir='ltr' id='par_1_85' title="bbox 2217 3125 3796 3195">
     <span class='ocr_line' id='line_1_85' title="bbox 2217 3125 3796 3195; baseline 0.004 -18"><span class='ocrx_word' id='word_1_623' title='bbox 2217 3133 2616 3187; x_wconf 77' lang='lat' dir='ltr'><strong>consenserant,</strong></span> <span class='ocrx_word' id='word_1_624' title='bbox 2664 3125 2814 3178; x_wconf 90' lang='lat' dir='ltr'><strong>multi</strong></span> <span class='ocrx_word' id='word_1_625' title='bbox 2867 3127 3089 3180; x_wconf 91' lang='lat' dir='ltr'><strong>correcti</strong></span> <span class='ocrx_word' id='word_1_626' title='bbox 3144 3127 3318 3194; x_wconf 81' lang='lat' dir='ltr'><strong>redire</strong></span> <span class='ocrx_word' id='word_1_627' title='bbox 3359 3128 3411 3182; x_wconf 92' lang='lat' dir='ltr'><strong>in</strong></span> <span class='ocrx_word' id='word_1_628' title='bbox 3464 3127 3796 3195; x_wconf 83' lang='lat' dir='ltr'><strong>Catholica</strong></span> 
     </span>
    </p>
   </div>
   <div class='ocr_carea' id='block_1_86' title="bbox 2218 3214 3800 3293">
    <p class='ocr_par' dir='ltr' id='par_1_86' title="bbox 2218 3214 3800 3293">
     <span class='ocr_line' id='line_1_86' title="bbox 2218 3214 3800 3293; baseline 0.006 -22"><span class='ocrx_word' id='word_1_629' title='bbox 2218 3214 2550 3286; x_wconf 85' lang='lat' dir='ltr'><strong>delegerunt,</strong></span> <span class='ocrx_word' id='word_1_630' title='bbox 2595 3217 2909 3273; x_wconf 89' lang='lat' dir='ltr'><strong>damnantes</strong></span> <span class='ocrx_word' id='word_1_631' title='bbox 2948 3221 3058 3273; x_wconf 89' lang='lat' dir='ltr'><strong>sive</strong></span> <span class='ocrx_word' id='word_1_632' title='bbox 3101 3219 3240 3293; x_wconf 86' lang='lat' dir='ltr'><strong>quod</strong></span> <span class='ocrx_word' id='word_1_633' title='bbox 3281 3220 3642 3290; x_wconf 82' lang='lat' dir='ltr'><strong>crediderant,</strong></span> <span class='ocrx_word' id='word_1_634' title='bbox 3689 3226 3800 3282; x_wconf 78' lang='lat' dir='ltr'><strong>sive</strong></span> 
     </span>
    </p>
   </div>
   <div class='ocr_carea' id='block_1_87' title="bbox 2218 3307 3797 3378">
    <p class='ocr_par' dir='ltr' id='par_1_87' title="bbox 2218 3307 3797 3378">
     <span class='ocr_line' id='line_1_87' title="bbox 2218 3307 3797 3378; baseline 0.004 -17"><span class='ocrx_word' id='word_1_635' title='bbox 2218 3307 2359 3378; x_wconf 86' lang='lat' dir='ltr'><strong>quod</strong></span> <span class='ocrx_word' id='word_1_636' title='bbox 2387 3323 2444 3367; x_wconf 80' lang='lat' dir='ltr'><strong>se</strong></span> <span class='ocrx_word' id='word_1_637' title='bbox 2472 3307 2763 3370; x_wconf 79' lang='lat' dir='ltr'><strong>credidisse</strong></span> <span class='ocrx_word' id='word_1_638' title='bbox 2788 3313 3182 3369; x_wconf 88' lang='lat' dir='ltr'><strong>simulaverant.</strong></span> <span class='ocrx_word' id='word_1_639' title='bbox 3211 3315 3318 3369; x_wconf 75' lang='lat' dir='ltr'><strong>llos</strong></span> <span class='ocrx_word' id='word_1_640' title='bbox 3344 3315 3582 3370; x_wconf 86' lang='lat' dir='ltr'><strong>Ecclesia</strong></span> <span class='ocrx_word' id='word_1_641' title='bbox 3609 3317 3797 3370; x_wconf 80' lang='lat' dir='ltr'><strong>catho-</strong></span> 
     </span>
    </p>
   </div>
   <div class='ocr_carea' id='block_1_88' title="bbox 2219 3404 3798 3478">
    <p class='ocr_par' dir='ltr' id='par_1_88' title="bbox 2219 3404 3798 3478">
     <span class='ocr_line' id='line_1_88' title="bbox 2219 3404 3798 3478; baseline 0.003 -17"><span class='ocrx_word' id='word_1_642' title='bbox 2219 3404 2318 3462; x_wconf 91' lang='lat' dir='ltr'><strong>lica</strong></span> <span class='ocrx_word' id='word_1_643' title='bbox 2348 3414 2588 3460; x_wconf 89' lang='lat' dir='ltr'><strong>materno</strong></span> <span class='ocrx_word' id='word_1_644' title='bbox 2618 3408 2817 3476; x_wconf 83' lang='lat' dir='ltr'><strong>recepit</strong></span> <span class='ocrx_word' id='word_1_645' title='bbox 2846 3408 2982 3471; x_wconf 89' lang='lat' dir='ltr'><strong>sinu,</strong></span> <span class='ocrx_word' id='word_1_646' title='bbox 3031 3417 3276 3477; x_wconf 89' lang='lat' dir='ltr'><strong>tanquam</strong></span> <span class='ocrx_word' id='word_1_647' title='bbox 3308 3409 3523 3463; x_wconf 83' lang='lat' dir='ltr'><strong>Petrum</strong></span> <span class='ocrx_word' id='word_1_648' title='bbox 3553 3420 3674 3478; x_wconf 85' lang='lat' dir='ltr'><strong>post</strong></span> <span class='ocrx_word' id='word_1_649' title='bbox 3703 3409 3798 3467; x_wconf 83' lang='lat' dir='ltr'><strong>ﬂe-</strong></span> 
     </span>
    </p>
   </div>
   <div class='ocr_carea' id='block_1_89' title="bbox 2219 3495 3798 3567">
    <p class='ocr_par' dir='ltr' id='par_1_89' title="bbox 2219 3495 3798 3567">
     <span class='ocr_line' id='line_1_89' title="bbox 2219 3495 3798 3567; baseline 0.004 -19"><span class='ocrx_word' id='word_1_650' title='bbox 2219 3502 2329 3548; x_wconf 90' lang='lat' dir='ltr'><strong>tum</strong></span> <span class='ocrx_word' id='word_1_651' title='bbox 2360 3495 2654 3565; x_wconf 86' lang='lat' dir='ltr'><strong>negationis</strong></span> <span class='ocrx_word' id='word_1_652' title='bbox 2680 3513 2775 3566; x_wconf 91' lang='lat' dir='ltr'><strong>per</strong></span> <span class='ocrx_word' id='word_1_653' title='bbox 2801 3499 2918 3567; x_wconf 81' lang='lat' dir='ltr'><strong>galli</strong></span> <span class='ocrx_word' id='word_1_654' title='bbox 2941 3507 3152 3552; x_wconf 89' lang='lat' dir='ltr'><strong>cantum</strong></span> <span class='ocrx_word' id='word_1_655' title='bbox 3184 3500 3536 3566; x_wconf 86' lang='lat' dir='ltr'><strong>admonitum,</strong></span> <span class='ocrx_word' id='word_1_656' title='bbox 3559 3510 3654 3556; x_wconf 89' lang='lat' dir='ltr'><strong>aut</strong></span> <span class='ocrx_word' id='word_1_657' title='bbox 3685 3513 3798 3554; x_wconf 82' lang='lat' dir='ltr'><strong>Ian-</strong></span> 
     </span>
    </p>
   </div>
   <div class='ocr_carea' id='block_1_90' title="bbox 2219 3586 3802 3657">
    <p class='ocr_par' dir='ltr' id='par_1_90' title="bbox 2219 3586 3802 3657">
     <span class='ocr_line' id='line_1_90' title="bbox 2219 3586 3802 3657; baseline 0.004 -19"><span class='ocrx_word' id='word_1_658' title='bbox 2219 3600 2377 3655; x_wconf 89' lang='lat' dir='ltr'><strong>quam</strong></span> <span class='ocrx_word' id='word_1_659' title='bbox 2403 3586 2648 3641; x_wconf 91' lang='lat' dir='ltr'><strong>eumdem</strong></span> <span class='ocrx_word' id='word_1_660' title='bbox 2676 3600 2795 3657; x_wconf 91' lang='lat' dir='ltr'><strong>post</strong></span> <span class='ocrx_word' id='word_1_661' title='bbox 2832 3603 3047 3657; x_wconf 86' lang='lat' dir='ltr'><strong>pravam</strong></span> <span class='ocrx_word' id='word_1_662' title='bbox 3075 3589 3463 3653; x_wconf 85' lang='lat' dir='ltr'><strong>simulationem</strong></span> <span class='ocrx_word' id='word_1_663' title='bbox 3495 3590 3647 3644; x_wconf 81' lang='lat' dir='ltr'><strong>l’atdi</strong></span> <span class='ocrx_word' id='word_1_664' title='bbox 3673 3607 3802 3645; x_wconf 88' lang='lat' dir='ltr'><strong>voce</strong></span> 
     </span>
    </p>
   </div>
   <div class='ocr_carea' id='block_1_91' title="bbox 2218 3677 3805 3751">
    <p class='ocr_par' dir='ltr' id='par_1_91' title="bbox 2218 3677 3805 3751">
     <span class='ocr_line' id='line_1_91' title="bbox 2218 3677 3805 3751; baseline 0.006 -21"><span class='ocrx_word' id='word_1_665' title='bbox 2218 3685 2538 3730; x_wconf 79' lang='lat' dir='ltr'><strong>correctura.</strong></span> <span class='ocrx_word' id='word_1_666' title='bbox 2575 3677 2722 3732; x_wconf 84' lang='lat' dir='ltr'><strong>lianc</strong></span> <span class='ocrx_word' id='word_1_667' title='bbox 2755 3679 2830 3732; x_wconf 92' lang='lat' dir='ltr'><strong>illi</strong></span> <span class='ocrx_word' id='word_1_668' title='bbox 2861 3681 3044 3734; x_wconf 89' lang='lat' dir='ltr'><strong>matris</strong></span> <span class='ocrx_word' id='word_1_669' title='bbox 3069 3679 3379 3741; x_wconf 86' lang='lat' dir='ltr'><strong>eharitatem</strong></span> <span class='ocrx_word' id='word_1_670' title='bbox 3407 3683 3637 3751; x_wconf 91' lang='lat' dir='ltr'><strong>superbe</strong></span> <span class='ocrx_word' id='word_1_671' title='bbox 3663 3684 3805 3741; x_wconf 86' lang='lat' dir='ltr'><strong>acci-</strong></span> 
     </span>
    </p>
   </div>
   <div class='ocr_carea' id='block_1_92' title="bbox 2219 3769 3802 3845">
    <p class='ocr_par' dir='ltr' id='par_1_92' title="bbox 2219 3769 3802 3845">
     <span class='ocr_line' id='line_1_92' title="bbox 2219 3769 3802 3845; baseline 0.005 -23"><span class='ocrx_word' id='word_1_672' title='bbox 2219 3769 2444 3838; x_wconf 89' lang='lat' dir='ltr'><strong>pientes,</strong></span> <span class='ocrx_word' id='word_1_673' title='bbox 2493 3779 2548 3824; x_wconf 92' lang='lat' dir='ltr'><strong>et</strong></span> <span class='ocrx_word' id='word_1_674' title='bbox 2587 3770 2747 3840; x_wconf 91' lang='lat' dir='ltr'><strong>impie</strong></span> <span class='ocrx_word' id='word_1_675' title='bbox 2793 3772 3260 3841; x_wconf 89' lang='lat' dir='ltr'><strong>reprehendentes,</strong></span> <span class='ocrx_word' id='word_1_676' title='bbox 3307 3773 3430 3843; x_wconf 81' lang='lat' dir='ltr'><strong>quia</strong></span> <span class='ocrx_word' id='word_1_677' title='bbox 3473 3773 3634 3830; x_wconf 76' lang='lat' dir='ltr'><strong>Petro</strong></span> <span class='ocrx_word' id='word_1_678' title='bbox 3682 3785 3802 3845; x_wconf 82' lang='lat' dir='ltr'><strong>post</strong></span> 
     </span>
    </p>
   </div>
   <div class='ocr_carea' id='block_1_93' title="bbox 2216 3860 3796 3937">
    <p class='ocr_par' dir='ltr' id='par_1_93' title="bbox 2216 3860 3796 3937">
     <span class='ocr_line' id='line_1_93' title="bbox 2216 3860 3796 3937; baseline 0.003 -23"><span class='ocrx_word' id='word_1_679' title='bbox 2216 3860 2340 3931; x_wconf 89' lang='lat' dir='ltr'><strong>galli</strong></span> <span class='ocrx_word' id='word_1_680' title='bbox 2369 3869 2580 3916; x_wconf 85' lang='lat' dir='ltr'><strong>cantum</strong></span> <span class='ocrx_word' id='word_1_681' title='bbox 2603 3863 2836 3931; x_wconf 85' lang='lat' dir='ltr'><strong>surgenti</strong></span> <span class='ocrx_word' id='word_1_682' title='bbox 2863 3879 2964 3918; x_wconf 93' lang='lat' dir='ltr'><strong>non</strong></span> <span class='ocrx_word' id='word_1_683' title='bbox 2990 3864 3236 3934; x_wconf 82' lang='lat' dir='ltr'><strong>gratulati</strong></span> <span class='ocrx_word' id='word_1_684' title='bbox 3263 3871 3387 3918; x_wconf 89' lang='lat' dir='ltr'><strong>sunt</strong></span> <span class='ocrx_word' id='word_1_685' title='bbox 3406 3863 3618 3937; x_wconf 81' lang='lat' dir='ltr'><strong>(Matth.</strong></span> <span class='ocrx_word' id='word_1_686' title='bbox 3647 3883 3796 3932; x_wconf 76' lang='lat' dir='ltr'><strong>xxvi,</strong></span> 
     </span>
    </p>
   </div>
   <div class='ocr_carea' id='block_1_94' title="bbox 2218 3953 3800 4025">
    <p class='ocr_par' dir='ltr' id='par_1_94' title="bbox 2218 3953 3800 4025">
     <span class='ocr_line' id='line_1_94' title="bbox 2218 3953 3800 4025; baseline 0.001 -17"><span class='ocrx_word' id='word_1_687' title='bbox 2218 3953 2330 4019; x_wconf 85' lang='lat'><strong>75),</strong></span> <span class='ocrx_word' id='word_1_688' title='bbox 2361 3968 2480 4008; x_wconf 92' lang='lat' dir='ltr'><strong>cum</strong></span> <span class='ocrx_word' id='word_1_689' title='bbox 2521 3953 2783 4021; x_wconf 78' lang='lat' dir='ltr'><strong>Lucifero,</strong></span> <span class='ocrx_word' id='word_1_690' title='bbox 2824 3957 2913 4025; x_wconf 91' lang='lat' dir='ltr'><strong>qui</strong></span> <span class='ocrx_word' id='word_1_691' title='bbox 2955 3971 3110 4012; x_wconf 90' lang='lat' dir='ltr'><strong>mane</strong></span> <span class='ocrx_word' id='word_1_692' title='bbox 3139 3957 3430 4023; x_wconf 89' lang='lat' dir='ltr'><strong>oriebatur,</strong></span> <span class='ocrx_word' id='word_1_693' title='bbox 3462 3958 3657 4014; x_wconf 87' lang='lat' dir='ltr'><strong>cadere</strong></span> <span class='ocrx_word' id='word_1_694' title='bbox 3685 3974 3800 4012; x_wconf 52' lang='lat' dir='ltr'><strong>me.</strong></span> 
     </span>
    </p>
   </div>
   <div class='ocr_carea' id='block_1_95' title="bbox 2218 4045 2912 4118">
    <p class='ocr_par' dir='ltr' id='par_1_95' title="bbox 2218 4045 2912 4118">
     <span class='ocr_line' id='line_1_95' title="bbox 2218 4045 2912 4118; baseline 0 -17"><span class='ocrx_word' id='word_1_695' title='bbox 2218 4055 2442 4102; x_wconf 90' lang='lat' dir='ltr'><strong>ruerunt</strong></span> <span class='ocrx_word' id='word_1_696' title='bbox 2479 4045 2628 4114; x_wconf 79' lang='lat' dir='ltr'><strong>(Isai.</strong></span> <span class='ocrx_word' id='word_1_697' title='bbox 2657 4063 2771 4113; x_wconf 82' lang='lat' dir='ltr'><strong>xtv,</strong></span> <span class='ocrx_word' id='word_1_698' title='bbox 2807 4046 2912 4118; x_wconf 73' lang='lat'><strong>1:2).</strong></span> 
     </span>
    </p>
   </div>
   <div class='ocr_carea' id='block_1_96' title="bbox 2289 4138 3797 4198">
    <p class='ocr_par' dir='ltr' id='par_1_96' title="bbox 2289 4138 3797 4198">
     <span class='ocr_line' id='line_1_96' title="bbox 2289 4138 3797 4198; baseline 0.003 -4"><span class='ocrx_word' id='word_1_699' title='bbox 2289 4138 2510 4195; x_wconf 86' lang='lat' dir='ltr'><strong>CAPUT</strong></span> <span class='ocrx_word' id='word_1_700' title='bbox 2549 4139 2740 4195; x_wconf 78' lang='lat' dir='ltr'><strong>XXXI.</strong></span> <span class='ocrx_word' id='word_1_701' title='bbox 2777 4171 2846 4180; x_wconf 92' lang='lat'><strong>-—-</strong></span> <span class='ocrx_word' id='word_1_702' title='bbox 2888 4142 2976 4197; x_wconf 76' lang='lat'><strong>55.</strong></span> <span class='ocrx_word' id='word_1_703' title='bbox 3019 4139 3128 4196; x_wconf 86' lang='lat' dir='ltr'><strong>Nec</strong></span> <span class='ocrx_word' id='word_1_704' title='bbox 3175 4143 3412 4197; x_wconf 82' lang='lat' dir='ltr'><strong>audiendi</strong></span> <span class='ocrx_word' id='word_1_705' title='bbox 3447 4141 3657 4198; x_wconf 75' lang='lat' dir='ltr'><strong>Cat/tari</strong></span> <span class='ocrx_word' id='word_1_706' title='bbox 3705 4161 3797 4198; x_wconf 79' lang='lat' dir='ltr'><strong>ne-</strong></span> 
     </span>
    </p>
   </div>
   <div class='ocr_carea' id='block_1_97' title="bbox 2217 4230 3805 4304">
    <p class='ocr_par' dir='ltr' id='par_1_97' title="bbox 2217 4230 3805 4304">
     <span class='ocr_line' id='line_1_97' title="bbox 2217 4230 3805 4304; baseline 0.004 -21"><span class='ocrx_word' id='word_1_707' title='bbox 2217 4241 2391 4300; x_wconf 74' lang='lat' dir='ltr'><strong>gantes</strong></span> <span class='ocrx_word' id='word_1_708' title='bbox 2417 4230 2697 4286; x_wconf 75' lang='lat' dir='ltr'><strong>Ecclesiam</strong></span> <span class='ocrx_word' id='word_1_709' title='bbox 2725 4248 2870 4300; x_wconf 74' lang='lat' dir='ltr'><strong>posse</strong></span> <span class='ocrx_word' id='word_1_710' title='bbox 2911 4233 3082 4287; x_wconf 82' lang='lat' dir='ltr'><strong>omnia</strong></span> <span class='ocrx_word' id='word_1_711' title='bbox 3111 4242 3314 4304; x_wconf 85' lang='lat' dir='ltr'><strong>peccata</strong></span> <span class='ocrx_word' id='word_1_712' title='bbox 3335 4234 3607 4304; x_wconf 79' lang='lat' dir='ltr'><strong>dimittere,</strong></span> <span class='ocrx_word' id='word_1_713' title='bbox 3636 4245 3681 4288; x_wconf 78' lang='lat' dir='ltr'><strong>et</strong></span> <span class='ocrx_word' id='word_1_714' title='bbox 3720 4251 3805 4289; x_wconf 71' lang='lat' dir='ltr'><strong>ve-</strong></span> 
     </span>
    </p>
   </div>
   <div class='ocr_carea' id='block_1_98' title="bbox 2218 4323 3805 4398">
    <p class='ocr_par' dir='ltr' id='par_1_98' title="bbox 2218 4323 3805 4398">
     <span class='ocr_line' id='line_1_98' title="bbox 2218 4323 3805 4398; baseline 0.003 -21"><span class='ocrx_word' id='word_1_715' title='bbox 2218 4333 2378 4378; x_wconf 76' lang='lat' dir='ltr'><strong>tantes</strong></span> <span class='ocrx_word' id='word_1_716' title='bbox 2419 4323 2595 4385; x_wconf 71' lang='lat' dir='ltr'><strong>uidua:</strong></span> <span class='ocrx_word' id='word_1_717' title='bbox 2637 4325 2840 4380; x_wconf 84' lang='lat' dir='ltr'><strong>nubere.</strong></span> <span class='ocrx_word' id='word_1_718' title='bbox 2879 4325 2990 4382; x_wconf 86' lang='lat' dir='ltr'><strong>Nec</strong></span> <span class='ocrx_word' id='word_1_719' title='bbox 3017 4341 3112 4381; x_wconf 87' lang='lat' dir='ltr'><strong>eos</strong></span> <span class='ocrx_word' id='word_1_720' title='bbox 3153 4325 3452 4393; x_wconf 87' lang='lat' dir='ltr'><strong>audiamus,</strong></span> <span class='ocrx_word' id='word_1_721' title='bbox 3482 4328 3571 4397; x_wconf 91' lang='lat' dir='ltr'><strong>qui</strong></span> <span class='ocrx_word' id='word_1_722' title='bbox 3604 4338 3805 4398; x_wconf 84' lang='lat' dir='ltr'><strong>negant.</strong></span> 
     </span>
    </p>
   </div>
   <div class='ocr_carea' id='block_1_99' title="bbox 2217 4414 3810 4489">
    <p class='ocr_par' dir='ltr' id='par_1_99' title="bbox 2217 4414 3810 4489">
     <span class='ocr_line' id='line_1_99' title="bbox 2217 4414 3810 4489; baseline 0.003 -20"><span class='ocrx_word' id='word_1_723' title='bbox 2217 4414 2509 4471; x_wconf 88' lang='lat' dir='ltr'><strong>Ecclesiam</strong></span> <span class='ocrx_word' id='word_1_724' title='bbox 2545 4415 2638 4469; x_wconf 90' lang='lat' dir='ltr'><strong>Dei</strong></span> <span class='ocrx_word' id='word_1_725' title='bbox 2664 4416 2840 4473; x_wconf 88' lang='lat' dir='ltr'><strong>omnia</strong></span> <span class='ocrx_word' id='word_1_726' title='bbox 2870 4425 3084 4485; x_wconf 87' lang='lat' dir='ltr'><strong>peccata</strong></span> <span class='ocrx_word' id='word_1_727' title='bbox 3114 4431 3270 4486; x_wconf 82' lang='lat' dir='ltr'><strong>posse</strong></span> <span class='ocrx_word' id='word_1_728' title='bbox 3299 4417 3583 4472; x_wconf 89' lang='lat' dir='ltr'><strong>dimittere.</strong></span> <span class='ocrx_word' id='word_1_729' title='bbox 3617 4418 3810 4489; x_wconf 83' lang='lat' dir='ltr'><strong>Itaque</strong></span> 
     </span>
    </p>
   </div>
   <div class='ocr_carea' id='block_1_100' title="bbox 2217 4507 3875 4577">
    <p class='ocr_par' dir='ltr' id='par_1_100' title="bbox 2217 4507 3875 4577">
     <span class='ocr_line' id='line_1_100' title="bbox 2217 4507 3875 4577; baseline -0.001 -15"><span class='ocrx_word' id='word_1_730' title='bbox 2217 4509 2429 4574; x_wconf 87' lang='lat' dir='ltr'><strong>miseri,</strong></span> <span class='ocrx_word' id='word_1_731' title='bbox 2474 4507 2600 4562; x_wconf 92' lang='lat' dir='ltr'><strong>dum</strong></span> <span class='ocrx_word' id='word_1_732' title='bbox 2648 4509 2701 4562; x_wconf 91' lang='lat' dir='ltr'><strong>in</strong></span> <span class='ocrx_word' id='word_1_733' title='bbox 2751 4508 2910 4563; x_wconf 87' lang='lat' dir='ltr'><strong>Petro</strong></span> <span class='ocrx_word' id='word_1_734' title='bbox 2953 4516 3156 4577; x_wconf 88' lang='lat' dir='ltr'><strong>petram</strong></span> <span class='ocrx_word' id='word_1_735' title='bbox 3205 4524 3309 4564; x_wconf 90' lang='lat' dir='ltr'><strong>non</strong></span> <span class='ocrx_word' id='word_1_736' title='bbox 3355 4509 3684 4576; x_wconf 83' lang='lat' dir='ltr'><strong>intelligunt,</strong></span> <span class='ocrx_word' id='word_1_737' title='bbox 3744 4521 3814 4566; x_wconf 70' lang='lat' dir='ltr'><strong>et</strong></span> <span class='ocrx_word' id='word_1_738' title='bbox 3851 4546 3875 4560; x_wconf 93' lang='lat'><strong>.</strong></span> 
     </span>
    </p>
   </div>
   <div class='ocr_carea' id='block_1_101' title="bbox 2217 4599 3812 4670">
    <p class='ocr_par' dir='ltr' id='par_1_101' title="bbox 2217 4599 3812 4670">
     <span class='ocr_line' id='line_1_101' title="bbox 2217 4599 3812 4670; baseline 0 -16"><span class='ocrx_word' id='word_1_739' title='bbox 2217 4601 2406 4658; x_wconf 87' lang='lat' dir='ltr'><strong>nolunt</strong></span> <span class='ocrx_word' id='word_1_740' title='bbox 2432 4601 2650 4655; x_wconf 88' lang='lat' dir='ltr'><strong>credere</strong></span> <span class='ocrx_word' id='word_1_741' title='bbox 2677 4599 2828 4658; x_wconf 84' lang='lat' dir='ltr'><strong>datas</strong></span> <span class='ocrx_word' id='word_1_742' title='bbox 2856 4599 3107 4658; x_wconf 70' lang='lat' dir='ltr'><strong>Ecclesia:</strong></span> <span class='ocrx_word' id='word_1_743' title='bbox 3132 4600 3310 4662; x_wconf 84' lang='lat' dir='ltr'><strong>claves</strong></span> <span class='ocrx_word' id='word_1_744' title='bbox 3335 4603 3480 4670; x_wconf 86' lang='lat' dir='ltr'><strong>regni</strong></span> <span class='ocrx_word' id='word_1_745' title='bbox 3509 4603 3812 4665; x_wconf 65' lang='lat' dir='ltr'><strong>caelorum,</strong></span> 
     </span>
    </p>
   </div>
   <div class='ocr_carea' id='block_1_102' title="bbox 2217 4693 3814 4766">
    <p class='ocr_par' dir='ltr' id='par_1_102' title="bbox 2217 4693 3814 4766">
     <span class='ocr_line' id='line_1_102' title="bbox 2217 4693 3814 4766; baseline -0.001 -17"><span class='ocrx_word' id='word_1_746' title='bbox 2217 4696 2315 4766; x_wconf 86' lang='lat' dir='ltr'><strong>ipsi</strong></span> <span class='ocrx_word' id='word_1_747' title='bbox 2361 4711 2452 4749; x_wconf 91' lang='lat' dir='ltr'><strong>eas</strong></span> <span class='ocrx_word' id='word_1_748' title='bbox 2477 4694 2544 4749; x_wconf 93' lang='lat' dir='ltr'><strong>de</strong></span> <span class='ocrx_word' id='word_1_749' title='bbox 2572 4693 2817 4748; x_wconf 89' lang='lat' dir='ltr'><strong>manibus</strong></span> <span class='ocrx_word' id='word_1_750' title='bbox 2841 4694 3153 4753; x_wconf 88' lang='lat' dir='ltr'><strong>amiserunt.</strong></span> <span class='ocrx_word' id='word_1_751' title='bbox 3187 4693 3275 4748; x_wconf 90' lang='lat' dir='ltr'><strong>lsti</strong></span> <span class='ocrx_word' id='word_1_752' title='bbox 3314 4703 3437 4747; x_wconf 89' lang='lat' dir='ltr'><strong>sunt</strong></span> <span class='ocrx_word' id='word_1_753' title='bbox 3463 4694 3550 4763; x_wconf 88' lang='lat' dir='ltr'><strong>qui</strong></span> <span class='ocrx_word' id='word_1_754' title='bbox 3583 4693 3814 4758; x_wconf 86' lang='lat' dir='ltr'><strong>viduas,</strong></span> 
     </span>
    </p>
   </div>
   <div class='ocr_carea' id='block_1_103' title="bbox 2215 4784 3824 4856">
    <p class='ocr_par' dir='ltr' id='par_1_103' title="bbox 2215 4784 3824 4856">
     <span class='ocr_line' id='line_1_103' title="bbox 2215 4784 3824 4856; baseline -0.002 -12"><span class='ocrx_word' id='word_1_755' title='bbox 2215 4788 2260 4844; x_wconf 89' lang='lat' dir='ltr'><strong>si</strong></span> <span class='ocrx_word' id='word_1_756' title='bbox 2292 4787 2589 4856; x_wconf 89' lang='lat' dir='ltr'><strong>nupserint,</strong></span> <span class='ocrx_word' id='word_1_757' title='bbox 2636 4795 2882 4855; x_wconf 90' lang='lat' dir='ltr'><strong>tanquam</strong></span> <span class='ocrx_word' id='word_1_758' title='bbox 2928 4784 3197 4842; x_wconf 85' lang='lat' dir='ltr'><strong>adulteras</strong></span> <span class='ocrx_word' id='word_1_759' title='bbox 3240 4785 3511 4848; x_wconf 86' lang='lat' dir='ltr'><strong>damnant,</strong></span> <span class='ocrx_word' id='word_1_760' title='bbox 3550 4793 3606 4842; x_wconf 86' lang='lat' dir='ltr'><strong>et</strong></span> <span class='ocrx_word' id='word_1_761' title='bbox 3633 4802 3824 4856; x_wconf 73' lang='lat' dir='ltr'><strong>super</strong></span> 
     </span>
    </p>
   </div>
   <div class='ocr_carea' id='block_1_104' title="bbox 2215 4877 3831 4948">
    <p class='ocr_par' dir='ltr' id='par_1_104' title="bbox 2215 4877 3831 4948">
     <span class='ocr_line' id='line_1_104' title="bbox 2215 4877 3831 4948; baseline 0 -14"><span class='ocrx_word' id='word_1_762' title='bbox 2215 4881 2511 4935; x_wconf 88' lang='lat' dir='ltr'><strong>doctrinam</strong></span> <span class='ocrx_word' id='word_1_763' title='bbox 2555 4879 2896 4948; x_wconf 89' lang='lat' dir='ltr'><strong>apostolicam</strong></span> <span class='ocrx_word' id='word_1_764' title='bbox 2928 4892 2986 4933; x_wconf 87' lang='lat' dir='ltr'><strong>se</strong></span> <span class='ocrx_word' id='word_1_765' title='bbox 3024 4877 3313 4945; x_wconf 73' lang='lat' dir='ltr'><strong>prtedicant</strong></span> <span class='ocrx_word' id='word_1_766' title='bbox 3341 4893 3460 4936; x_wconf 85' lang='lat' dir='ltr'><strong>esse</strong></span> <span class='ocrx_word' id='word_1_767' title='bbox 3490 4879 3831 4937; x_wconf 76' lang='lat' dir='ltr'><strong>mundiores</strong></span> 
     </span>
    </p>
   </div>
   <div class='ocr_carea' id='block_1_105' title="bbox 2217 4968 3832 5042">
    <p class='ocr_par' dir='ltr' id='par_1_105' title="bbox 2217 4968 3832 5042">
     <span class='ocr_line' id='line_1_105' title="bbox 2217 4968 3832 5042; baseline -0.003 -18"><span class='ocrx_word' id='word_1_768' title='bbox 2217 4970 2280 5041; x_wconf 86' lang='grc' dir='ltr'><strong>(Ι</strong></span> <span class='ocrx_word' id='word_1_769' title='bbox 2313 4971 2442 5024; x_wconf 85' lang='lat' dir='ltr'><strong>Tim.</strong></span> <span class='ocrx_word' id='word_1_770' title='bbox 2477 4986 2531 5032; x_wconf 87' lang='lat' dir='ltr'><strong>v,</strong></span> <span class='ocrx_word' id='word_1_771' title='bbox 2581 4968 2707 5039; x_wconf 75' lang='lat' dir='ltr'><strong>M).</strong></span> <span class='ocrx_word' id='word_1_772' title='bbox 2747 4968 2847 5035; x_wconf 86' lang='lat' dir='ltr'><strong>Qui</strong></span> <span class='ocrx_word' id='word_1_773' title='bbox 2901 4983 3092 5022; x_wconf 92' lang='lat' dir='ltr'><strong>nomen</strong></span> <span class='ocrx_word' id='word_1_774' title='bbox 3136 4983 3290 5022; x_wconf 90' lang='lat' dir='ltr'><strong>suum</strong></span> <span class='ocrx_word' id='word_1_775' title='bbox 3319 4969 3364 5023; x_wconf 88' lang='lat' dir='ltr'><strong>si</strong></span> <span class='ocrx_word' id='word_1_776' title='bbox 3403 4970 3598 5023; x_wconf 88' lang='lat' dir='ltr'><strong>vellent</strong></span> <span class='ocrx_word' id='word_1_777' title='bbox 3627 4987 3832 5042; x_wconf 80' lang='lat' dir='ltr'><strong>agno-</strong></span> 
     </span>
    </p>
   </div>
   <div class='ocr_carea' id='block_1_106' title="bbox 2216 5059 3828 5129">
    <p class='ocr_par' dir='ltr' id='par_1_106' title="bbox 2216 5059 3828 5129">
     <span class='ocr_line' id='line_1_106' title="bbox 2216 5059 3828 5129; baseline 0.001 -14"><span class='ocrx_word' id='word_1_778' title='bbox 2216 5077 2388 5124; x_wconf 71' lang='grc' dir='ltr'><strong>εει-τε,</strong></span> <span class='ocrx_word' id='word_1_779' title='bbox 2417 5060 2712 5115; x_wconf 86' lang='lat' dir='ltr'><strong>mundanos</strong></span> <span class='ocrx_word' id='word_1_780' title='bbox 2737 5075 2795 5115; x_wconf 91' lang='lat' dir='ltr'><strong>se</strong></span> <span class='ocrx_word' id='word_1_781' title='bbox 2825 5059 3022 5129; x_wconf 89' lang='lat' dir='ltr'><strong>potius,</strong></span> <span class='ocrx_word' id='word_1_782' title='bbox 3067 5075 3222 5129; x_wconf 90' lang='lat' dir='ltr'><strong>quam</strong></span> <span class='ocrx_word' id='word_1_783' title='bbox 3264 5061 3488 5116; x_wconf 91' lang='lat' dir='ltr'><strong>mundos</strong></span> <span class='ocrx_word' id='word_1_784' title='bbox 3520 5077 3828 5126; x_wconf 71' lang='lat' dir='ltr'><strong>vocarent.</strong></span> 
     </span>
    </p>
   </div>
   <div class='ocr_carea' id='block_1_107' title="bbox 524 5135 2104 5211">
    <p class='ocr_par' dir='ltr' id='par_1_107' title="bbox 524 5135 2104 5211">
     <span class='ocr_line' id='line_1_107' title="bbox 524 5135 2104 5211; baseline -0.002 -21"><span class='ocrx_word' id='word_1_785' title='bbox 524 5142 649 5200; x_wconf 71' lang='lat' dir='ltr'><strong>ciem</strong></span> <span class='ocrx_word' id='word_1_786' title='bbox 679 5141 897 5208; x_wconf 79' lang='lat' dir='ltr'><strong>pietatis,</strong></span> <span class='ocrx_word' id='word_1_787' title='bbox 925 5141 1156 5196; x_wconf 79' lang='lat' dir='ltr'><strong>virtutem</strong></span> <span class='ocrx_word' id='word_1_788' title='bbox 1194 5151 1359 5195; x_wconf 84' lang='lat' dir='ltr'><strong>autem</strong></span> <span class='ocrx_word' id='word_1_789' title='bbox 1385 5141 1496 5211; x_wconf 73' lang='lat' dir='ltr'><strong>ejus</strong></span> <span class='ocrx_word' id='word_1_790' title='bbox 1519 5137 1821 5208; x_wconf 78' lang='lat' dir='ltr'><strong>abnegantes</strong></span> <span class='ocrx_word' id='word_1_791' title='bbox 1856 5135 1935 5208; x_wconf 86' lang='lat' dir='ltr'><strong>(ll</strong></span> <span class='ocrx_word' id='word_1_792' title='bbox 1977 5135 2104 5188; x_wconf 87' lang='lat' dir='ltr'><strong>Tim.</strong></span> 
     </span>
    </p>
   </div>
   <div class='ocr_carea' id='block_1_108' title="bbox 528 5230 2108 5303">
    <p class='ocr_par' dir='ltr' id='par_1_108' title="bbox 528 5230 2108 5303">
     <span class='ocr_line' id='line_1_108' title="bbox 528 5230 2108 5303; baseline -0.004 -17"><span class='ocrx_word' id='word_1_793' title='bbox 528 5247 606 5296; x_wconf 88' lang='lat' dir='ltr'><strong>tu,</strong></span> <span class='ocrx_word' id='word_1_794' title='bbox 636 5231 715 5298; x_wconf 88' lang='lat'><strong>5).</strong></span> <span class='ocrx_word' id='word_1_795' title='bbox 757 5233 852 5287; x_wconf 88' lang='lat' dir='ltr'><strong>Est</strong></span> <span class='ocrx_word' id='word_1_796' title='bbox 880 5233 1018 5286; x_wconf 91' lang='lat' dir='ltr'><strong>enim</strong></span> <span class='ocrx_word' id='word_1_797' title='bbox 1043 5249 1228 5303; x_wconf 88' lang='lat' dir='ltr'><strong>magna</strong></span> <span class='ocrx_word' id='word_1_798' title='bbox 1248 5234 1416 5288; x_wconf 88' lang='lat' dir='ltr'><strong>virtus</strong></span> <span class='ocrx_word' id='word_1_799' title='bbox 1441 5232 1672 5302; x_wconf 89' lang='lat' dir='ltr'><strong>pietatis,</strong></span> <span class='ocrx_word' id='word_1_800' title='bbox 1704 5245 1802 5300; x_wconf 79' lang='lat' dir='ltr'><strong>pax</strong></span> <span class='ocrx_word' id='word_1_801' title='bbox 1826 5230 2108 5294; x_wconf 79' lang='lat' dir='ltr'><strong>et-unitas;</strong></span> 
     </span>
    </p>
   </div>
   <div class='ocr_carea' id='block_1_109' title="bbox 527 5320 2109 5391">
    <p class='ocr_par' dir='ltr' id='par_1_109' title="bbox 527 5320 2109 5391">
     <span class='ocr_line' id='line_1_109' title="bbox 527 5320 2109 5391; baseline -0.001 -19"><span class='ocrx_word' id='word_1_802' title='bbox 527 5323 648 5391; x_wconf 84' lang='lat' dir='ltr'><strong>quia</strong></span> <span class='ocrx_word' id='word_1_803' title='bbox 672 5337 805 5376; x_wconf 88' lang='lat' dir='ltr'><strong>unus</strong></span> <span class='ocrx_word' id='word_1_804' title='bbox 822 5333 903 5377; x_wconf 87' lang='lat' dir='ltr'><strong>est</strong></span> <span class='ocrx_word' id='word_1_805' title='bbox 926 5323 1083 5377; x_wconf 88' lang='lat' dir='ltr'><strong>Deus.</strong></span> <span class='ocrx_word' id='word_1_806' title='bbox 1117 5324 1263 5379; x_wconf 89' lang='lat' dir='ltr'><strong>llanc</strong></span> <span class='ocrx_word' id='word_1_807' title='bbox 1286 5325 1357 5378; x_wconf 92' lang='lat' dir='ltr'><strong>illi</strong></span> <span class='ocrx_word' id='word_1_808' title='bbox 1382 5339 1490 5386; x_wconf 27' lang='lat' dir='ltr'><strong>non,</strong></span> <span class='ocrx_word' id='word_1_809' title='bbox 1518 5323 1732 5384; x_wconf 88' lang='lat' dir='ltr'><strong>habent,</strong></span> <span class='ocrx_word' id='word_1_810' title='bbox 1757 5321 1877 5390; x_wconf 90' lang='lat' dir='ltr'><strong>quia</strong></span> <span class='ocrx_word' id='word_1_811' title='bbox 1903 5320 2109 5388; x_wconf 84' lang='lat' dir='ltr'><strong>pra-eisi</strong></span> 
     </span>
    </p>
   </div>
   <div class='ocr_carea' id='block_1_110' title="bbox 527 5411 2109 5485">
    <p class='ocr_par' dir='ltr' id='par_1_110' title="bbox 527 5411 2109 5485">
     <span class='ocr_line' id='line_1_110' title="bbox 527 5411 2109 5485; baseline -0.001 -19"><span class='ocrx_word' id='word_1_812' title='bbox 527 5415 594 5475; x_wconf 81' lang='lat' dir='ltr'><strong>ab</strong></span> <span class='ocrx_word' id='word_1_813' title='bbox 617 5412 816 5468; x_wconf 87' lang='lat' dir='ltr'><strong>unitate</strong></span> <span class='ocrx_word' id='word_1_814' title='bbox 836 5423 979 5468; x_wconf 89' lang='lat' dir='ltr'><strong>sunt.</strong></span> <span class='ocrx_word' id='word_1_815' title='bbox 1020 5412 1223 5485; x_wconf 82' lang='lat' dir='ltr'><strong>Itaque,</strong></span> <span class='ocrx_word' id='word_1_816' title='bbox 1251 5416 1294 5470; x_wconf 91' lang='lat' dir='ltr'><strong>si</strong></span> <span class='ocrx_word' id='word_1_817' title='bbox 1322 5416 1409 5485; x_wconf 89' lang='lat' dir='ltr'><strong>qui</strong></span> <span class='ocrx_word' id='word_1_818' title='bbox 1437 5431 1501 5469; x_wconf 84' lang='lat' dir='ltr'><strong>ex</strong></span> <span class='ocrx_word' id='word_1_819' title='bbox 1533 5414 1660 5484; x_wconf 79' lang='lat' dir='ltr'><strong>ipsis</strong></span> <span class='ocrx_word' id='word_1_820' title='bbox 1689 5413 1754 5466; x_wconf 90' lang='lat' dir='ltr'><strong>ad</strong></span> <span class='ocrx_word' id='word_1_821' title='bbox 1781 5411 2109 5477; x_wconf 82' lang='lat' dir='ltr'><strong>Catholicam</strong></span> 
     </span>
    </p>
   </div>
   <div class='ocr_carea' id='block_1_111' title="bbox 529 5499 2102 5573">
    <p class='ocr_par' dir='ltr' id='par_1_111' title="bbox 529 5499 2102 5573">
     <span class='ocr_line' id='line_1_111' title="bbox 529 5499 2102 5573; baseline -0.002 -17"><span class='ocrx_word' id='word_1_822' title='bbox 529 5502 880 5565; x_wconf 82' lang='lat' dir='ltr'><strong>vcniunt,non</strong></span> <span class='ocrx_word' id='word_1_823' title='bbox 905 5503 1099 5556; x_wconf 91' lang='lat' dir='ltr'><strong>iterant</strong></span> <span class='ocrx_word' id='word_1_824' title='bbox 1114 5505 1344 5572; x_wconf 80' lang='lat' dir='ltr'><strong>Speciem</strong></span> <span class='ocrx_word' id='word_1_825' title='bbox 1370 5504 1582 5573; x_wconf 90' lang='lat' dir='ltr'><strong>pietatis</strong></span> <span class='ocrx_word' id='word_1_826' title='bbox 1599 5519 1753 5573; x_wconf 90' lang='lat' dir='ltr'><strong>quam</strong></span> <span class='ocrx_word' id='word_1_827' title='bbox 1769 5501 1987 5562; x_wconf 87' lang='lat' dir='ltr'><strong>habent;</strong></span> <span class='ocrx_word' id='word_1_828' title='bbox 2009 5499 2102 5553; x_wconf 82' lang='lat' dir='ltr'><strong>sed</strong></span> 
     </span>
    </p>
   </div>
   <div class='ocr_carea' id='block_1_112' title="bbox 527 5593 2111 5668">
    <p class='ocr_par' dir='ltr' id='par_1_112' title="bbox 527 5593 2111 5668">
     <span class='ocr_line' id='line_1_112' title="bbox 527 5593 2111 5668; baseline -0.001 -21"><span class='ocrx_word' id='word_1_829' title='bbox 527 5595 796 5665; x_wconf 79' lang='lat' dir='ltr'><strong>accipiunt</strong></span> <span class='ocrx_word' id='word_1_830' title='bbox 822 5595 1069 5648; x_wconf 90' lang='lat' dir='ltr'><strong>virtutem</strong></span> <span class='ocrx_word' id='word_1_831' title='bbox 1098 5596 1310 5666; x_wconf 84' lang='lat' dir='ltr'><strong>pietatis</strong></span> <span class='ocrx_word' id='word_1_832' title='bbox 1332 5610 1488 5664; x_wconf 88' lang='lat' dir='ltr'><strong>quam</strong></span> <span class='ocrx_word' id='word_1_833' title='bbox 1519 5611 1619 5650; x_wconf 91' lang='lat' dir='ltr'><strong>non</strong></span> <span class='ocrx_word' id='word_1_834' title='bbox 1643 5596 1858 5668; x_wconf 86' lang='lat' dir='ltr'><strong>habent.</strong></span> <span class='ocrx_word' id='word_1_835' title='bbox 1894 5593 2026 5648; x_wconf 83' lang='lat' dir='ltr'><strong>Nam</strong></span> <span class='ocrx_word' id='word_1_836' title='bbox 2058 5603 2111 5646; x_wconf 91' lang='lat' dir='ltr'><strong>et</strong></span> 
     </span>
    </p>
   </div>
   <div class='ocr_carea' id='block_1_113' title="bbox 485 5672 2109 5763">
    <p class='ocr_par' dir='ltr' id='par_1_113' title="bbox 485 5672 2109 5763">
     <span class='ocr_line' id='line_1_113' title="bbox 485 5672 2109 5763; baseline 0.001 -23"><span class='ocrx_word' id='word_1_837' title='bbox 485 5672 487 5675; x_wconf 57' lang='grc'><em>’</em></span> <span class='ocrx_word' id='word_1_838' title='bbox 526 5699 554 5763; x_wconf 66' lang='grc' dir='ltr'>ξι</span> <span class='ocrx_word' id='word_1_839' title='bbox 582 5692 828 5755; x_wconf 84' lang='lat' dir='ltr'><strong>aputatos</strong></span> <span class='ocrx_word' id='word_1_840' title='bbox 865 5699 1042 5740; x_wconf 84' lang='lat' dir='ltr'><strong>ramos</strong></span> <span class='ocrx_word' id='word_1_841' title='bbox 1066 5686 1242 5742; x_wconf 88' lang='lat' dir='ltr'><strong>denuo</strong></span> <span class='ocrx_word' id='word_1_842' title='bbox 1270 5701 1431 5757; x_wconf 90' lang='lat' dir='ltr'><strong>posse</strong></span> <span class='ocrx_word' id='word_1_843' title='bbox 1459 5687 1636 5757; x_wconf 86' lang='lat' dir='ltr'><strong>inseri,</strong></span> <span class='ocrx_word' id='word_1_844' title='bbox 1659 5689 1702 5744; x_wconf 88' lang='lat' dir='ltr'><strong>si</strong></span> <span class='ocrx_word' id='word_1_845' title='bbox 1731 5704 1834 5745; x_wconf 91' lang='lat' dir='ltr'><strong>non</strong></span> <span class='ocrx_word' id='word_1_846' title='bbox 1864 5702 2109 5758; x_wconf 86' lang='lat' dir='ltr'><strong>perman-</strong></span> 
     </span>
    </p>
   </div>
   <div class='ocr_carea' id='block_1_114' title="bbox 2215 5151 3840 5222">
    <p class='ocr_par' dir='ltr' id='par_1_114' title="bbox 2215 5151 3840 5222">
     <span class='ocr_line' id='line_1_114' title="bbox 2215 5151 3840 5222; baseline 0.002 -13"><span class='ocrx_word' id='word_1_847' title='bbox 2215 5154 2468 5209; x_wconf 84' lang='lat' dir='ltr'><strong>Nolentes</strong></span> <span class='ocrx_word' id='word_1_848' title='bbox 2500 5153 2664 5216; x_wconf 91' lang='lat' dir='ltr'><strong>enim,</strong></span> <span class='ocrx_word' id='word_1_849' title='bbox 2711 5151 2756 5206; x_wconf 93' lang='lat' dir='ltr'><strong>si</strong></span> <span class='ocrx_word' id='word_1_850' title='bbox 2803 5151 3161 5220; x_wconf 89' lang='lat' dir='ltr'><strong>peccaverint,</strong></span> <span class='ocrx_word' id='word_1_851' title='bbox 3207 5152 3419 5222; x_wconf 87' lang='lat' dir='ltr'><strong>corrigi,</strong></span> <span class='ocrx_word' id='word_1_852' title='bbox 3472 5153 3604 5206; x_wconf 90' lang='lat' dir='ltr'><strong>nihil</strong></span> <span class='ocrx_word' id='word_1_853' title='bbox 3652 5154 3840 5214; x_wconf 63' lang='lat' dir='ltr'><strong>aliud</strong></span> 
     </span>
    </p>
   </div>
   <div class='ocr_carea' id='block_1_115' title="bbox 2216 5242 3836 5314">
    <p class='ocr_par' dir='ltr' id='par_1_115' title="bbox 2216 5242 3836 5314">
     <span class='ocr_line' id='line_1_115' title="bbox 2216 5242 3836 5314; baseline 0.001 -14"><span class='ocrx_word' id='word_1_854' title='bbox 2216 5247 2512 5314; x_wconf 87' lang='lat' dir='ltr'><strong>elegerunt,</strong></span> <span class='ocrx_word' id='word_1_855' title='bbox 2575 5243 2673 5297; x_wconf 92' lang='lat' dir='ltr'><strong>nisi</strong></span> <span class='ocrx_word' id='word_1_856' title='bbox 2723 5259 2843 5298; x_wconf 92' lang='lat' dir='ltr'><strong>cum</strong></span> <span class='ocrx_word' id='word_1_857' title='bbox 2909 5244 3012 5297; x_wconf 87' lang='lat' dir='ltr'><strong>hoc</strong></span> <span class='ocrx_word' id='word_1_858' title='bbox 3079 5242 3278 5297; x_wconf 89' lang='lat' dir='ltr'><strong>mundo</strong></span> <span class='ocrx_word' id='word_1_859' title='bbox 3338 5243 3597 5298; x_wconf 86' lang='lat' dir='ltr'><strong>damnari.</strong></span> <span class='ocrx_word' id='word_1_860' title='bbox 3655 5244 3836 5305; x_wconf 78' lang='lat' dir='ltr'><strong>Nam</strong></span> 
     </span>
    </p>
   </div>
   <div class='ocr_carea' id='block_1_116' title="bbox 2216 5335 3848 5410">
    <p class='ocr_par' dir='ltr' id='par_1_116' title="bbox 2216 5335 3848 5410">
     <span class='ocr_line' id='line_1_116' title="bbox 2216 5335 3848 5410; baseline -0.001 -17"><span class='ocrx_word' id='word_1_861' title='bbox 2216 5339 2407 5410; x_wconf 89' lang='lat' dir='ltr'><strong>quibus</strong></span> <span class='ocrx_word' id='word_1_862' title='bbox 2453 5337 2660 5398; x_wconf 86' lang='lat' dir='ltr'><strong>veniam</strong></span> <span class='ocrx_word' id='word_1_863' title='bbox 2704 5345 3038 5404; x_wconf 89' lang='lat' dir='ltr'><strong>peccatorum</strong></span> <span class='ocrx_word' id='word_1_864' title='bbox 3078 5344 3293 5405; x_wconf 89' lang='lat' dir='ltr'><strong>negant,</strong></span> <span class='ocrx_word' id='word_1_865' title='bbox 3341 5349 3444 5388; x_wconf 92' lang='lat' dir='ltr'><strong>non</strong></span> <span class='ocrx_word' id='word_1_866' title='bbox 3484 5350 3578 5389; x_wconf 89' lang='lat' dir='ltr'><strong>eos</strong></span> <span class='ocrx_word' id='word_1_867' title='bbox 3615 5335 3848 5406; x_wconf 76' lang='lat' dir='ltr'><strong>aliqua</strong></span> 
     </span>
    </p>
   </div>
   <div class='ocr_carea' id='block_1_117' title="bbox 2216 5425 3851 5496">
    <p class='ocr_par' dir='ltr' id='par_1_117' title="bbox 2216 5425 3851 5496">
     <span class='ocr_line' id='line_1_117' title="bbox 2216 5425 3851 5496; baseline -0.003 -11"><span class='ocrx_word' id='word_1_868' title='bbox 2216 5426 2827 5489; x_wconf 56' lang='lat' dir='ltr'><strong>sanitate’custodiunt,</strong></span> <span class='ocrx_word' id='word_1_869' title='bbox 2859 5426 2951 5481; x_wconf 90' lang='lat' dir='ltr'><strong>sed</strong></span> <span class='ocrx_word' id='word_1_870' title='bbox 2999 5427 3154 5496; x_wconf 62' lang='lat' dir='ltr'><strong>a‘gris</strong></span> <span class='ocrx_word' id='word_1_871' title='bbox 3202 5425 3522 5481; x_wconf 89' lang='lat' dir='ltr'><strong>subtrahunt</strong></span> <span class='ocrx_word' id='word_1_872' title='bbox 3571 5426 3851 5487; x_wconf 84' lang='lat' dir='ltr'><strong>medici-</strong></span> 
     </span>
    </p>
   </div>
   <div class='ocr_carea' id='block_1_118' title="bbox 2218 5518 3848 5590">
    <p class='ocr_par' dir='ltr' id='par_1_118' title="bbox 2218 5518 3848 5590">
     <span class='ocr_line' id='line_1_118' title="bbox 2218 5518 3848 5590; baseline 0.001 -14"><span class='ocrx_word' id='word_1_873' title='bbox 2218 5537 2379 5586; x_wconf 87' lang='lat' dir='ltr'><strong>nam;</strong></span> <span class='ocrx_word' id='word_1_874' title='bbox 2421 5529 2474 5575; x_wconf 91' lang='lat' dir='ltr'><strong>et</strong></span> <span class='ocrx_word' id='word_1_875' title='bbox 2500 5521 2684 5574; x_wconf 90' lang='lat' dir='ltr'><strong>viduas</strong></span> <span class='ocrx_word' id='word_1_876' title='bbox 2724 5534 2849 5574; x_wconf 91' lang='lat' dir='ltr'><strong>suas</strong></span> <span class='ocrx_word' id='word_1_877' title='bbox 2876 5518 2958 5573; x_wconf 92' lang='lat' dir='ltr'><strong>uri</strong></span> <span class='ocrx_word' id='word_1_878' title='bbox 3005 5528 3220 5590; x_wconf 85' lang='lat' dir='ltr'><strong>cogunt,</strong></span> <span class='ocrx_word' id='word_1_879' title='bbox 3267 5535 3398 5590; x_wconf 87' lang='lat' dir='ltr'><strong>quas</strong></span> <span class='ocrx_word' id='word_1_880' title='bbox 3440 5520 3646 5576; x_wconf 89' lang='lat' dir='ltr'><strong>nubere</strong></span> <span class='ocrx_word' id='word_1_881' title='bbox 3689 5539 3848 5584; x_wconf 71' lang='lat' dir='ltr'><strong>non</strong></span> 
     </span>
    </p>
   </div>
   <div class='ocr_carea' id='block_1_119' title="bbox 2219 5610 3853 5691">
    <p class='ocr_par' dir='ltr' id='par_1_119' title="bbox 2219 5610 3853 5691">
     <span class='ocr_line' id='line_1_119' title="bbox 2219 5610 3853 5691; baseline 0.004 -26"><span class='ocrx_word' id='word_1_882' title='bbox 2219 5614 2545 5685; x_wconf 76' lang='lat' dir='ltr'><strong>permittunt.</strong></span> <span class='ocrx_word' id='word_1_883' title='bbox 2591 5610 2704 5665; x_wconf 83' lang='lat' dir='ltr'><strong>Non</strong></span> <span class='ocrx_word' id='word_1_884' title='bbox 2753 5611 2892 5666; x_wconf 89' lang='lat' dir='ltr'><strong>enim</strong></span> <span class='ocrx_word' id='word_1_885' title='bbox 2939 5611 3307 5680; x_wconf 84' lang='lat' dir='ltr'><strong>prudentiores</strong></span> <span class='ocrx_word' id='word_1_886' title='bbox 3351 5611 3577 5668; x_wconf 81' lang='lat' dir='ltr'><strong>habendi</strong></span> <span class='ocrx_word' id='word_1_887' title='bbox 3633 5629 3795 5682; x_wconf 55' lang='lat' dir='ltr'><strong>suum</strong></span> <span class='ocrx_word' id='word_1_888' title='bbox 3829 5667 3853 5691; x_wconf 69' lang='grc'><em>,</em></span> 
     </span>
    </p>
   </div>
   <div class='ocr_carea' id='block_1_120' title="bbox 2281 5724 3186 5787">
    <p class='ocr_par' dir='ltr' id='par_1_120' title="bbox 2281 5724 3186 5787">
     <span class='ocr_line' id='line_1_120' title="bbox 2281 5724 3186 5787; baseline -0.003 -10"><span class='ocrx_word' id='word_1_889' title='bbox 2281 5733 2295 5762; x_wconf 77' lang='grc' dir='ltr'>ί</span> <span class='ocrx_word' id='word_1_890' title='bbox 2335 5725 2547 5777; x_wconf 68' lang='lat' dir='ltr'><strong>Nonnulli</strong></span> <span class='ocrx_word' id='word_1_891' title='bbox 2577 5726 2796 5785; x_wconf 81' lang='lat' dir='ltr'><strong>codices,</strong></span> <span class='ocrx_word' id='word_1_892' title='bbox 2820 5724 3186 5787; x_wconf 75' lang='lat' dir='ltr'><strong>perturbatione.</strong></span> 
     </span>
    </p>
   </div>
   <div class='ocr_carea' id='block_1_121' title="bbox 593 5788 2868 5874">
    <p class='ocr_par' dir='ltr' id='par_1_121' title="bbox 593 5788 2868 5874">
     <span class='ocr_line' id='line_1_121' title="bbox 593 5788 2868 5874; baseline -0 -28"><span class='ocrx_word' id='word_1_893' title='bbox 593 5802 607 5854; x_wconf 61' lang='grc' dir='ltr'><strong><em>ε</em></strong></span> <span class='ocrx_word' id='word_1_894' title='bbox 648 5806 776 5846; x_wconf 67' lang='lat' dir='ltr'><strong>tinus</strong></span> <span class='ocrx_word' id='word_1_895' title='bbox 796 5813 819 5836; x_wconf 75' lang='grc' dir='ltr'>ι·</span> <span class='ocrx_word' id='word_1_896' title='bbox 850 5799 1082 5874; x_wconf 74' lang='lat' dir='ltr'><strong>Vaticanis</strong></span> <span class='ocrx_word' id='word_1_897' title='bbox 1110 5808 1234 5866; x_wconf 57' lang='lat' dir='ltr'><strong>Mss,</strong></span> <span class='ocrx_word' id='word_1_898' title='bbox 1263 5811 1359 5866; x_wconf 74' lang='lat' dir='ltr'><strong>non</strong></span> <span class='ocrx_word' id='word_1_899' title='bbox 1384 5806 1548 5869; x_wconf 72' lang='lat' dir='ltr'><strong>cessat.</strong></span> <span class='ocrx_word' id='word_1_900' title='bbox 2284 5788 2302 5817; x_wconf 89' lang='grc'>²</span> <span class='ocrx_word' id='word_1_901' title='bbox 2339 5800 2434 5849; x_wconf 53' lang='lat' dir='ltr'><strong>tiu-’1</strong></span> <span class='ocrx_word' id='word_1_902' title='bbox 2461 5799 2585 5853; x_wconf 43' lang='lat'><strong>“515-.</strong></span> <span class='ocrx_word' id='word_1_903' title='bbox 2607 5788 2868 5857; x_wconf 69' lang='grc' dir='ltr'><strong>διιηῖζὶτίιτςσ</strong></span> 
     </span>
    </p>
   </div>
  </div>
