4024 6544
478 387 577 444 3H

482 508 640 573 pacto
681 494 960 554 commode
998 489 1346 546 intimandum
1377 488 1476 552 sit;
1520 480 1667 541 unde"
1703 482 2027 540 exordienda
2051 523 2066 548 ,

484 571 760 663 quousque
785 587 855 642 sit
881 581 1218 656 perducenda
1246 578 1513 643 narratio;
1538 571 1712 631 utrum
1739 575 2069 630 exhortatio-

484 697 606 737 nem
637 681 866 749 aliquam
914 674 1194 732 terminata
1238 670 1542 727 narratione
1585 666 1842 723 adhibere
1880 664 2072 720 debea-

484 793 603 832 mus
622 817 637 843 ,
687 791 754 828 an
787 779 1052 844 prmcepta
1080 770 1190 824 sola
1210 810 1224 833 ,
1274 766 1468 837 quibus
1497 762 1843 818 observandis
1868 759 1954 815 cui
1992 759 2066 813 lo«

484 870 698 938 quimur
738 865 950 922 noverit
987 863 1335 917 christianam
1379 859 1538 911 vitam
1579 854 2072 925 professionemque

484 959 703 1015 retineri
731 960 772 1013 ‘.
820 958 976 1027 Saepe
1003 963 1177 1008 autem
1206 952 1298 1005 tibi
1329 949 1586 1004 accidisse
1612 945 1887 1002 confessus
1916 952 2073 1012 atque

487 1059 813 1119 conquestus
835 1063 912 1111 es,
945 1055 1000 1101 ut
1031 1046 1081 1099 in
1111 1057 1358 1098 sermone
1379 1041 1535 1110 IOngo
1563 1047 1617 1092 et
1643 1037 1822 1108 tepido
1844 1035 1938 1093 tibi
1961 1035 2074 1104 ipse

486 1144 777 1197 vilescercs
829 1153 1083 1209 cssesque
1132 1135 1366 1199 fastidio,
1423 1132 1618 1187 nedum
1667 1129 1740 1183 illi
1789 1143 1948 1198 quem
1992 1125 2075 1180 lo-

488 1234 705 1305 quendo
734 1232 1036 1296 imbuebas,
1067 1238 1121 1284 et
1148 1228 1357 1283 eteteris
1383 1225 1470 1297 qui
1499 1223 1778 1278 audientes
1803 1221 2026 1275 aderant
2057 1235 2070 1274 :

491 1341 662 1396 caque
709 1334 760 1379 te
805 1323 1123 1378 necessitate
1165 1320 1326 1372 fuisse
1365 1317 1694 1386 compulsum
1721 1354 1736 1378 ,
1787 1323 1844 1367 ut
1885 1327 1945 1367 ea
1991 1324 2078 1366 me

489 1432 647 1488 quam
666 1416 754 1470 tibi
776 1415 947 1469 debeo
962 1413 1215 1468 charitate
1242 1409 1609 1479 compelleres,
1629 1422 1695 1461 ne
1720 1419 1967 1476 gravarer
1992 1402 2076 1458 in-

492 1518 576 1564 ter
605 1507 979 1576 occupationes
1007 1517 1151 1558 meas
1177 1501 1267 1556 tibi
1293 1500 1359 1555 de
1385 1501 1483 1553 hac
1509 1514 1566 1553 re
1595 1496 1792 1568 aliquid
1810 1495 2072 1550 scribere.

562 1599 619 1653 2.
657 1599 764 1667 Ego
793 1612 918 1652 vero
947 1611 1049 1650 non
1081 1610 1142 1649 ca
1173 1603 1376 1648 tantum
1408 1607 1563 1661 quam
1594 1589 1923 1643 fainiliariter
1952 1587 2076 1654 tibi,

493 1692 589 1747 sed
639 1694 798 1746 etiam
847 1705 1004 1760 quam
1058 1688 1214 1742 matri
1259 1687 1511 1742 Ecclesia:
1564 1684 1934 1740 universaliter
1983 1682 2079 1738 de-

493 1781 629 1848 beo,
679 1784 939 1838 charitale
974 1797 1036 1836 ae
1072 1782 1326 1837 servitute
1368 1780 1694 1850 compellor,
1736 1779 1780 1834 si
1820 1777 1946 1849 quid
1987 1793 2084 1848 per

498 1889 718 1942 operam
759 1889 930 1929 meam
962 1889 1120 1944 quam
1143 1873 1355 1928 Domini
1384 1873 1548 1926 nostri
1590 1872 1834 1942 largitate
1866 1885 2082 1940 possum

498 1967 754 2020 exhibere
774 2008 788 2032 ,
823 1965 962 2020 idem
991 1981 1084 2021 eos
1114 1966 1371 2020 Dominus
1397 1981 1530 2036 quos
1561 1964 1692 2018 mihi
1721 1961 1912 2019 fratres
1937 1965 2081 2031 fecit,

499 2058 738 2127 adjuvari
783 2057 965 2126 jubet,
1019 2059 1164 2112 nullo
1212 2058 1371 2111 modo
1418 2073 1705 2121 recusare,
1764 2057 1855 2112 sed
1913 2061 2086 2127 potius

498 2158 745 2220 prompta
777 2159 829 2202 et
857 2147 1053 2202 devota
1080 2149 1349 2202 voluntate
1379 2149 1667 2218 suscipere.
1702 2147 1911 2215 Quanto
1941 2149 2082 2202 enim

501 2238 661 2306 cupio
710 2239 866 2293 latius
910 2238 1163 2309 erogari’
1211 2238 1491 2309 pecuniam
1534 2239 1893 2306 dominicam,
1941 2249 2086 2294 tanto

501 2330 672 2399 magis
707 2345 793 2385 me
821 2338 1072 2398 oportet,
1115 2331 1158 2384 si
1191 2346 1350 2400 quam
1378 2329 1771 2400 dispensatores
1796 2345 2086 2384 conservos

502 2436 652 2474 meos
696 2420 1068 2475 difﬁcultatem
1119 2421 1170 2475 in
1216 2421 1484 2492 erogando
1531 2422 1733 2476 sentire
1777 2436 2083 2491 cognosco,

507 2527 664 2581 agere
706 2521 958 2582 quantum
993 2514 1043 2567 in
1076 2529 1162 2569 me
1193 2522 1304 2580 est,
1353 2523 1409 2567 ut
1448 2514 1602 2569 facile
1641 2525 1799 2584 atque
1840 2514 2088 2585 expedite

514 2604 743 2687 possint,
775 2605 916 2675 quod
947 2607 1169 2676 impigre
1198 2621 1260 2661 ac
1292 2605 1530 2660 studiose
1559 2607 1766 2660 volunt.

574 2693 798 2751 CAPUT
839 2697 903 2752 ll.
937 2728 1004 2738 -
1029 2699 1082 2753 5.
1115 2697 1296 2752 Sermo
1327 2714 1461 2768 saepe
1497 2699 1584 2769 qui
1622 2698 1852 2753 audienti
1890 2699 2086 2768 placet,

504 2787 734 2858 displicet
766 2789 950 2844 dicenti
977 2807 995 2846 :
1022 2790 1154 2843 unde
1180 2789 1232 2842 id
1257 2791 1532 2859 contingat.
1568 2790 1667 2858 Qui
1692 2807 1972 2844 sermonem
1993 2791 2089 2844 Ita—

505 2881 585 2933 bet
607 2921 622 2948 ,
653 2890 788 2933 curet
828 2889 879 2932 ttt
904 2881 1012 2934 sine
1051 2880 1259 2949 fastidio
1290 2890 1335 2933 et
1361 2881 1590 2933 hilariter
1614 2880 1768 2934 dicat.
1810 2879 1917 2934 Sed
1946 2881 2089 2950 quod

504 2975 573 3028 ad
599 2983 741 3028 tuam
786 2975 1002 3045 proprie
1028 2974 1509 3029 considerationem
1539 2977 1805 3045 pertinet,
1849 2977 2013 3032 nolim
2040 2985 2093 3033 te

505 3067 708 3121 moveri
739 3081 806 3120 ex
836 3081 900 3120 co
929 3066 1070 3135 quod
1097 3081 1239 3136 saepe
1265 3067 1359 3121 tibi
1380 3067 1645 3136 abjectum
1676 3085 1978 3126 sermonem
2011 3073 2090 3126 fa-

506 3158 893 3229 stidiosumque
920 3158 1116 3214 habere
1144 3158 1287 3214 visus
1311 3175 1388 3215 es.
1421 3160 1559 3215 Fieri
1585 3163 1726 3216 enim
1756 3173 1934 3233 potest
1958 3171 2018 3218 ut
2042 3165 2091 3220 ei

506 3265 667 3318 quem
700 3250 1002 3304 instruebas
1029 3265 1133 3304 non
1177 3253 1247 3305 ita
1284 3253 1352 3306 sit
1380 3253 1554 3307 visum
1579 3295 1593 3317 ,
1625 3254 1718 3308 sed
1762 3255 1882 3324 quia
1916 3265 1970 3309 tu
1995 3257 2094 3311 ali-

507 3342 634 3413 quid
663 3342 855 3398 melius
882 3343 1052 3397 audiri
1082 3343 1424 3399 desiderabas
1443 3387 1457 3411 ,
1494 3361 1558 3400 eo
1585 3347 1676 3400 tibi
1704 3347 1844 3418 quod
1875 3348 2092 3404 dicebas

507 3435 781 3491 videretur
819 3436 1091 3506 indignum
1130 3438 1346 3492 auribus
1390 3439 1638 3492 aliorum.
1688 3440 1820 3494 Nam
1861 3450 1914 3496 et
1961 3442 2092 3496 mihi

511 3544 678 3599 prope
711 3545 926 3600 semper
966 3546 1145 3586 sermo
1186 3547 1336 3586 meus
1369 3532 1630 3602 displicet.
1678 3533 1909 3588 Melioris
1949 3535 2090 3590 enim

507 3622 696 3679 avidus
724 3637 865 3690 sum,
894 3639 1001 3694 quo
1031 3640 1172 3694 smpe
1199 3624 1348 3678 fruor
1373 3626 1595 3680 interius
1614 3668 1628 3691 ,
1656 3637 1943 3697 antequam
1967 3644 2090 3684 eum

507 3715 775 3786 explicare
804 3715 984 3770 verbis
1011 3717 1324 3771 sonantibus
1351 3732 1566 3786 empero
1595 3736 1608 3772 :
1631 3718 1770 3788 quod
1797 3719 1886 3772 ubi
1917 3720 2092 3773 minus

506 3823 666 3876 quam
710 3807 841 3862 mihi
887 3816 1044 3863 notus
1071 3819 1155 3863 est
1199 3809 1487 3875 evaluero,
1529 3811 1816 3864 contristor
1858 3811 2090 3881 linguam

507 3915 682 3955 meam
703 3900 853 3955 cordi
875 3916 995 3956 meo
1017 3916 1122 3956 non
1145 3902 1380 3972 potuisse
1402 3902 1423 3933 ³
1444 3902 1710 3958 sufficere.
1736 3903 1925 3958 Totum
1947 3904 2091 3959 enim

505 3992 646 4060 quod
670 3993 928 4064 intelligo,
953 3994 1076 4048 volo
1099 4002 1160 4048 ut
1183 3994 1269 4064 qui
1293 4009 1378 4048 me
1403 3995 1550 4048 audit
1574 3994 1868 4065 intelligat;
1895 4005 1951 4050 et
1971 4010 2094 4050 sen-

508 4087 582 4141 tio
617 4101 703 4142 me
732 4103 837 4141 non
867 4087 940 4140 ita
970 4087 1113 4156 loqui
1138 4128 1152 4152 ,
1185 4095 1242 4140 ut
1273 4086 1374 4142 hoc
1403 4087 1634 4142 efficiam
1669 4106 1683 4143 :
1716 4089 1944 4142 maxime
1970 4087 2093 4158 quia

508 4179 599 4234 ille
642 4179 942 4234 intellectus
979 4181 1130 4250 quasi
1179 4181 1361 4250 rapida
1407 4182 1776 4238 coruscatione
1825 4182 2098 4253 perfundit

506 4271 778 4334 animum;
813 4272 899 4325 illa
926 4281 1102 4347 autem
1145 4272 1344 4328 locutio
1374 4274 1521 4328 tarda
1561 4285 1614 4329 et
1643 4276 1800 4347 longa
1831 4286 1912 4331 est
1932 4321 1946 4342 ,
1975 4277 2094 4331 lon-

505 4376 678 4432 geque
706 4363 980 4416 dissimilis
1013 4381 1024 4416 :
1057 4346 1111 4418 et
1137 4363 1259 4418 dum
1292 4365 1386 4418 ista
1417 4367 1683 4433 volvitur,
1708 4346 1818 4438 jam
1843 4385 1902 4425 se
1928 4369 2014 4425 ille
2041 4370 2094 4424 in

507 4466 714 4510 secreta
749 4471 842 4510 sua
884 4456 1164 4512 condidit:
1197 4466 1372 4513 tamen
1419 4460 1540 4530 quia
1581 4463 1802 4533 vestigia
1848 4465 2092 4534 quaedam

510 4546 646 4600 miro
677 4547 836 4602 modo
866 4548 1136 4617 impressit
1169 4551 1478 4619 memorim,
1521 4554 1810 4623 perdurant
1849 4557 1936 4610 illa
1972 4574 2092 4612 cum

503 4639 829 4711 syllabarum
864 4641 1110 4706 merulis;
1140 4652 1298 4713 atque
1323 4659 1386 4697 ex
1413 4645 1614 4700 eisdem
1640 4648 1873 4717 vestigiis
1899 4663 2094 4702 sonan-

508 4731 576 4785 tia
603 4733 750 4802 sigua
784 4733 1088 4802 peragimus
1111 4776 1125 4798 ,
1158 4751 1277 4806 quae
1317 4736 1493 4806 lingua
1541 4738 1736 4793 dicitur
1773 4742 1857 4796 vel
1899 4742 2055 4796 latina
2077 4787 2091 4810 ,

505 4823 588 4877 vel
617 4837 789 4893 grwca
812 4864 827 4889 ,
869 4824 955 4878 vel
982 4823 1190 4880 hebrara
1209 4869 1223 4893 ,
1251 4827 1334 4880 vel
1362 4827 1462 4882 alia
1494 4829 1741 4898 qntelibot
1764 4849 1778 4896 ;
1802 4832 1912 4887 sive
1940 4834 2090 4904 cogi-

507 4927 682 4973 tentur
707 4917 824 4974 haec
853 4919 1030 4989 signa,
1061 4921 1174 4975 sive
1200 4921 1360 4975 etiam
1391 4937 1521 4976 voce
1552 4924 1924 4992 proferantur;
1970 4944 2088 4982 cum

507 5009 594 5065 illa
644 5011 862 5082 vestigia
910 5027 1009 5068 nec
1055 5012 1252 5077 latina,
1294 5027 1394 5067 nec
1447 5029 1656 5083 grreca,
1711 5017 1793 5070 vel
1850 5018 2090 5085 hebrzca,

506 5117 603 5155 nec
652 5102 911 5172 cujusque
953 5103 1173 5158 alterius
1216 5104 1392 5175 gentis
1440 5106 1548 5158 sint
1594 5109 1831 5175 propria,
1880 5110 1973 5164 sed
2023 5111 2089 5165 ita

504 5194 800 5249 efficiantur
843 5195 895 5248 in
944 5197 1154 5259 animo,
1200 5206 1261 5249 ut
1299 5196 1478 5251 vultus
1527 5197 1578 5251 in
1624 5213 1870 5268 corpore.
1925 5202 2095 5257 Aliter

504 5287 648 5339 eiiim
680 5286 842 5340 latine
867 5286 942 5340 ira
973 5288 1196 5355 dicitur,
1229 5289 1386 5343 aliter
1404 5305 1595 5360 graece,
1626 5292 1780 5345 aliter
1805 5303 1964 5365 atque
1995 5299 2094 5351 alie

484 5391 586 5432 'tcr
631 5377 853 5431 aliarum
889 5378 1193 5434 diversitate
1227 5380 1526 5451 linguarum
1561 5402 1573 5436 :
1605 5399 1712 5438 non
1755 5397 1930 5441 autem
1978 5389 2096 5442 lati-

509 5485 607 5523 nus
650 5478 744 5522 aut
780 5483 988 5538 graecus
1025 5481 1107 5524 est
1133 5474 1305 5526 vultus
1345 5475 1484 5527 irati.
1527 5474 1641 5529 Non
1684 5477 1859 5547 itaque
1907 5497 2093 5534 onmos

511 5571 694 5630 gentes
717 5558 1038 5628 intelligunt,
1061 5575 1181 5614 cum
1203 5564 1426 5632 quisque
1455 5565 1602 5633 dicit,
1632 5567 1800 5622 Iratus
1833 5586 1970 5636 Stun,
2002 5573 2092 5626 sed

573 5717 588 5780 ξ
626 5713 702 5780 sic
717 5714 765 5780 in
787 5721 893 5764 Mss.
921 5723 975 5766 At
998 5714 1045 5764 in
1069 5717 1227 5780 editis,
1251 5720 1473 5771 retinere.

573 5779 594 5845 ξ
758 5809 772 5834 ,
795 5789 1010 5836 eroqare.
1039 5787 1092 5829 At
1115 5776 1241 5840 Mssf,
1265 5785 1474 5845 erogari.

578 5837 598 5871 ⁸
631 5837 767 5897 mut,
784 5849 875 5890 non
897 5851 1050 5902 posse.
1075 5849 1196 5908 Mss,
1217 5837 1310 5896 non
1329 5837 1548 5904 doluisse.

1362 373 1448 428 DE
1489 369 2023 428 CATECIIIZANDIS
2064 366 2380 435 liUDlBUS,
2420 369 2476 426 S.
2521 371 2885 428 AUGUSTINI

3660 382 3762 439 31$

2182 481 2353 538 Latini
2378 493 2576 539 tantum
2594 505 2606 538 :
2626 495 2678 539 at
2694 487 2736 541 si
2750 485 2968 540 allectus
2980 487 3417 545 excandescentia;
3433 492 3595 548 animi
3610 509 3762 551 exeat

2180 575 2230 629 in
2278 576 2486 641 faciem,
2523 575 2837 648 vultumque
2887 577 3043 633 faciat
3068 578 3166 651 (α),
3194 595 3380 636 omnes
3415 585 3756 657 sentiuntqui

2181 668 2451 723 intuentur
2471 669 2682 724 iratum.
2707 669 2812 724 Sed
2841 685 3022 745 neque
3041 671 3107 725 ita
3132 672 3254 726 licet
3275 675 3502 732 educere
3530 687 3584 732 et
3613 682 3757 748 quasi

2180 762 2520 830 exporrigcre
2557 761 2608 816 in
2638 776 2854 817 sensum
2893 763 3219 817 audientium
3254 780 3348 831 per
3385 780 3574 821 sonum
3619 768 3760 825 vocis

2181 851 2270 905 illa
2292 852 2535 922 vestigia,
2560 868 2676 924 quae
2701 853 2954 924 imprimit
2977 854 3278 910 intellectus
3304 855 3600 922 memoriae,
3624 861 3757 915 sicut

2181 955 2396 1015 apertus
2416 954 2469 1000 et
2495 945 2807 1000 manifestus
2826 955 2907 1000 est
2932 947 3110 1001 vultus
3141 965 3156 1003 :
3189 949 3276 1004 illa
3305 950 3448 1004 enim
3473 960 3600 1004 sunt
3625 952 3762 1008 intus

2184 1036 2236 1090 in
2263 1037 2462 1104 animo,
2493 1036 2592 1090 iste
2615 1037 2742 1090 foris
2765 1038 2815 1089 in
2839 1052 3080 1106 corpore.
3106 1039 3440 1109 Quapropter
3468 1042 3760 1110 conjicien.

2183 1127 2308 1182 dum
2339 1139 2419 1182 est
2445 1139 2700 1199 quantum
2726 1129 2886 1184 distet
2914 1146 3076 1185 sonus
3101 1133 3212 1186 oris
3233 1133 3402 1186 nostri
3439 1134 3509 1186 ab
3539 1136 3631 1188 illo
3663 1137 3760 1190 ictu

2185 1221 2562 1292 intelligentizn,
2593 1222 2805 1292 quando
2836 1239 2902 1278 ne
2926 1223 3023 1292 ipsi
3047 1224 3260 1294 quidem
3289 1227 3629 1295 imprchioni
3661 1246 3766 1280 tite-

2185 1314 2369 1369 moria)
2395 1315 2581 1369 similis
2610 1324 2707 1369 est.
2739 1314 2845 1370 Nos
2872 1328 3047 1370 autem
3093 1317 3403 1388 plerumque
3433 1320 3484 1372 in
3513 1319 3767 1374 auditoris

2187 1405 2467 1461 utilitatem
2507 1406 2849 1461 vehementer
2881 1407 3160 1472 ardentes,
3196 1410 3266 1462 ita
3307 1410 3451 1480 loqui
3483 1412 3762 1478 volumus,

2186 1497 2632 1568 quemadmodum
2663 1508 2784 1552 tunc
2819 1498 3179 1570 intelligimus,
3219 1517 3342 1556 cum
3371 1517 3466 1571 per
3494 1503 3666 1572 ipsam
3695 1503 3768 1557 in-

2187 1590 2478 1646 tentionem
2510 1589 2651 1658 loqui
2697 1605 2801 1644 non
2848 1605 3131 1658 possumus
3162 1609 3174 1646 :
3203 1603 3257 1646 et
3283 1594 3404 1663 quia
3436 1609 3543 1648 non
3586 1608 3770 1648 succe-

2187 1681 2296 1749 dit,
2327 1684 2573 1753 angimur
2597 1723 2612 1747 ,
2657 1692 2711 1738 et
2735 1683 2874 1737 velut
2913 1682 3107 1741 frustra
3147 1701 3364 1754 operam
3395 1685 3732 1742 insumamus
3752 1728 3766 1751 ,

2191 1774 2348 1828 taedio
2386 1773 2796 1834 marcescimus;
2839 1782 3002 1845 atque
3030 1789 3094 1830 ex
3131 1777 3246 1845 ipso
3277 1777 3433 1831 tmdio
3476 1777 3772 1848 languidior

2191 1867 2250 1921 fit
2275 1865 2414 1920 idem
2443 1881 2642 1933 sermo,
2675 1874 2729 1920 et
2757 1865 2997 1921 hebetior
3016 1883 3174 1935 quam
3202 1878 3338 1934 eral,
3363 1868 3503 1924 unde
3530 1869 3772 1939 perduxit

2189 1958 2256 2013 ad
2284 1957 2518 2012 taedium.

2260 2053 2313 2107 4.
2347 2053 2450 2108 Sed
2477 2051 2605 2106 mihi
2649 2067 2791 2122 saepe
2826 2052 3022 2108 indicat
3061 2067 3242 2107 eorum
3272 2053 3506 2109 studium
3527 2095 3541 2118 ,
3574 2054 3666 2124 qui
3694 2071 3774 2111 me

2191 2144 2374 2199 audire
2431 2145 2684 2215 cupiunt,
2749 2159 2854 2199 non
2909 2145 2978 2199 ita
3033 2159 3153 2200 esse
3213 2145 3458 2215 frigidum
3509 2147 3773 2215 eloquium

2193 2254 2406 2307 meum,
2454 2247 2513 2292 ut
2553 2237 2760 2293 videtur
2811 2237 2941 2292 mihi
2979 2255 2993 2291 :
3035 2247 3090 2293 et
3131 2252 3223 2293 eos
3253 2238 3376 2294 inde
3420 2239 3621 2309 aliquid
3654 2241 3776 2295 utile

2191 2346 2414 2400 capere,
2469 2346 2534 2386 ex
2575 2345 2760 2385 eorum
2803 2330 3154 2385 delectatione
3199 2346 3497 2400 cognosco;
3542 2348 3777 2388 mecum-

2191 2438 2296 2492 qne
2335 2436 2434 2494 ago
2478 2422 2696 2489 sedulo,
2744 2429 2801 2476 ut
2842 2421 2967 2478 huic
3004 2421 3304 2477 exhibendo
3342 2422 3641 2478 ministerio
3675 2439 3774 2479 non

2192 2516 2361 2570 desim
2389 2560 2402 2583 ,
2435 2517 2487 2572 in
2518 2532 2624 2587 quo
2653 2517 2772 2572 illos
2814 2513 2967 2571 video
3008 2516 3143 2572 bene
3170 2516 3414 2585 accipere
3450 2517 3596 2587 quod
3634 2517 3778 2572 exhiv

2192 2605 2368 2662 betur.
2401 2607 2490 2664 Sic
2523 2616 2577 2663 et
2620 2617 2709 2673 tu,
2746 2621 2812 2662 eo
2841 2606 2956 2677 ipso
2993 2607 3135 2676 quod
3173 2605 3240 2661 ad
3273 2617 3323 2663 te
3370 2609 3568 2677 saepius
3617 2608 3780 2664 addu-

2193 2707 2387 2752 cuntur
2415 2700 2502 2768 qui
2536 2699 2640 2753 fide
2670 2697 2939 2754 imbuendi
2965 2707 3119 2766 sunt,
3153 2699 3316 2754 debes
3344 2700 3640 2770 intelligere
3678 2717 3778 2756 non

2197 2792 2268 2846 ita
2293 2792 2578 2861 displicere
2617 2792 2735 2846 aliis
2773 2807 3074 2847 sermonem
3106 2802 3251 2846 tuum
3279 2802 3335 2847 ut
3359 2793 3606 2864 displicet
3635 2794 3724 2848 tibi
3763 2813 3776 2849 :

2195 2897 2297 2938 nec
2346 2883 2728 2938 infructuosum
2779 2893 2830 2940 te
2872 2884 3037 2940 debes
3081 2895 3304 2956 putare,
3361 2886 3502 2956 quod
3553 2902 3619 2942 ea
3667 2903 3780 2958 quae

2195 2975 2372 3030 cernis
2411 2990 2515 3029 non
2561 2976 2796 3046 ettplicas
2845 2977 2915 3031 ita
2966 2985 3024 3030 ut
3059 2978 3246 3047 cupis;
3291 2977 3504 3047 quando
3551 2978 3688 3034 forte
3727 2989 3781 3034 nt

2195 3068 2346 3138 cupis
2373 3083 2470 3123 nec
2509 3083 2730 3123 cernere
2759 3068 2958 3123 valeas.
2985 3068 3116 3136 Quis
3152 3069 3293 3124 enim
3324 3069 3378 3124 in
3424 3069 3522 3124 hac
3548 3071 3655 3124 vita
3683 3071 3778 3125 nisi

2196 3159 2249 3217 in
2281 3159 2560 3230 :cnigmate
2599 3168 2654 3215 et
2691 3174 2786 3230 per
2817 3160 3088 3231 speculum
3130 3160 3271 3215 videt
3298 3161 3340 3234 (l
3366 3160 3483 3216 Cor.
3513 3178 3629 3228 xm,
3656 3161 3782 3232 t2)?

2196 3251 2305 3308 Nec
2333 3253 2446 3321 ipse
2471 3269 2622 3306 amor
2646 3263 2822 3307 tantus
2847 3263 2930 3309 est
2953 3295 2968 3320 ,
2997 3263 3053 3307 ut
3079 3253 3254 3308 carnis
3281 3253 3517 3323 disrupta
3559 3254 3782 3325 caligine

2197 3355 2441 3415 penetret
2478 3347 2530 3400 in
2560 3354 2818 3400 aeternum
2845 3361 3124 3413 serenum,
3169 3345 3312 3402 unde
3350 3355 3643 3416 utcumque
3681 3347 3781 3400 ful-

2195 3445 2323 3506 gent
2353 3437 2516 3493 etiam
2546 3438 2644 3491 ista
2675 3453 2794 3507 qua:
2831 3446 3126 3492 transeunt.
3171 3437 3275 3493 Sed
3315 3437 3435 3508 quia
3487 3437 3612 3492 boni
3657 3453 3780 3508 pro-

2197 3527 2381 3584 ﬁciunt
2405 3529 2472 3584 de
2505 3529 2591 3584 die
2633 3530 2684 3583 in
2714 3530 2854 3584 diem
2879 3530 2945 3584 ad
2973 3530 3258 3586 videndum
3295 3531 3436 3586 diem
3471 3532 3590 3586 sine
3631 3532 3780 3586 volu-

2197 3638 2341 3678 mine
2368 3623 2489 3678 coeli
2515 3632 2569 3677 et
2593 3624 2708 3678 sine
2747 3625 2918 3679 noctis
2958 3624 3204 3691 incursu,
3245 3639 3402 3694 quem
3445 3624 3634 3679 oculus
3680 3639 3781 3678 non

2196 3715 2367 3783 vidit,
2405 3730 2505 3770 nec
2529 3715 2673 3770 auris
2697 3715 2932 3783 audivit,
2962 3731 3063 3770 nec
3092 3717 3142 3770 in
3171 3731 3265 3770 cor
3288 3715 3520 3770 hominis
3546 3715 3782 3770 ascendit

2199 3808 2311 3880 (Id.
2345 3826 2402 3873 ιι,
2427 3810 2507 3881 9);
2536 3809 2676 3864 nulla
2708 3808 2878 3878 major
2904 3824 3062 3864 causa
3083 3819 3275 3864 estcur
3292 3808 3443 3863 nobis
3465 3808 3517 3862 in
3546 3808 3784 3862 imbuen-

2198 3900 2280 3955 dis
2309 3900 2530 3957 rudibus
2553 3911 2738 3956 noster
2765 3915 2945 3966 sermo
2981 3901 3232 3967 vilescat,
3272 3901 3372 3954 nisi
3401 3900 3523 3970 quia
3554 3900 3682 3956 libet
3709 3901 3785 3955 in-

2199 3992 2392 4046 usitate
2417 4005 2638 4047 cernere
2658 4033 2672 4057 ,
2702 4000 2757 4048 et
2784 3991 2942 4046 tmdet
2971 3992 3164 4046 usitate
3195 3992 3457 4063 proloqui.
3491 3992 3558 4046 Et
3585 4007 3645 4047 re
3675 3993 3786 4062 qui-

2198 4082 2321 4138 dem
2346 4099 2470 4138 vera
2501 4084 2669 4137 multo
2693 4084 2894 4154 gratius
2919 4084 3166 4138 audimur
3185 4125 3202 4146 ,
3235 4099 3354 4139 cum
3384 4093 3439 4139 et
3465 4099 3564 4139 nos
3597 4084 3784 4139 eodem

2199 4190 2363 4246 opere
2409 4177 2736 4231 delectamur
2783 4195 2796 4231 :
2842 4176 3072 4232 afficitur
3116 4178 3258 4232 enim
3303 4176 3447 4231 filum
3504 4177 3787 4232 locutionis

2201 4277 2396 4322 nostra:
2425 4268 2540 4336 ipso
2585 4276 2768 4323 nostro
2792 4267 2987 4338 gaudio
3009 4309 3026 4335 ,
3056 4277 3111 4323 et
3138 4269 3246 4323 exit
3276 4268 3480 4324 facilius
3523 4277 3685 4339 atque
3710 4283 3790 4322 ac-

2199 4360 2424 4430 ceptius.
2455 4360 2790 4430 Quapropter
2821 4377 2926 4415 non
2969 4361 3192 4416 arduum
3236 4371 3319 4416 eSt
3362 4361 3635 4430 negotium
3661 4402 3677 4427 ,
3727 4373 3790 4415 ea

2200 4471 2319 4524 qua:
2348 4453 2611 4508 credenda
2643 4454 2976 4508 insinuantur
2997 4495 3011 4518 ,
3043 4454 3333 4524 prazcipere
3375 4453 3517 4508 unde
3561 4462 3621 4508 et
3667 4469 3790 4524 quo-

2201 4561 2369 4616 usque
2397 4545 2660 4599 narranda
2691 4546 2829 4610 sint;
2873 4561 2970 4600 nec
2995 4545 3263 4616 quomodo
3287 4546 3356 4599 sit
3390 4545 3646 4599 varianda
3678 4561 3791 4599 nar-

2201 4639 2356 4701 ratio,
2389 4646 2446 4690 ut
2474 4636 2756 4706 aliquando
2785 4637 2996 4692 brevior
3014 4677 3029 4702 ,
3054 4635 3338 4706 aliquando
3366 4636 3577 4706 longior
3597 4677 3612 4697 ,
3646 4650 3790 4690 scm-

2202 4745 2296 4798 per
2339 4737 2516 4784 tamen
2548 4730 2701 4798 plena
2729 4739 2886 4798 atque
2932 4730 3163 4798 perfecta
3202 4729 3308 4792 sit;
3339 4736 3394 4783 et
3433 4729 3651 4799 quando
3675 4730 3792 4781 bre-

2202 4822 2347 4876 viore
2368 4861 2385 4887 ,
2430 4829 2485 4875 et
2524 4821 2736 4891 quando
2764 4821 3004 4892 longiore
3037 4821 3108 4876 sit
3145 4820 3398 4876 utendum
3432 4821 3566 4875 :sed
3597 4821 3794 4888 quibus

2200 4914 2375 4969 modis
2415 4914 2709 4969 faciendum
2738 4915 2840 4980 sit,
2867 4924 2924 4969 ut
2965 4915 3202 4985 gaudens
3245 4915 3470 4984 quicque
3497 4913 3797 4968 catechizct

2204 5004 2374 5076 (tanto
2395 5007 2538 5062 enim
2559 5009 2772 5063 suavior
2794 5007 2915 5072 erit,
2939 5015 3136 5076 quanto
3158 5007 3325 5076 magis
3349 5006 3396 5060 id
3426 5005 3705 5075 potuerit),
3733 5022 3795 5060 ea

2199 5113 2325 5152 cura
2353 5099 2581 5152 maxima
2611 5111 2713 5154 εει.
2746 5097 2815 5152 Ει
2844 5106 3166 5167 przeceptum
3198 5097 3412 5166 quidem
3445 5098 3518 5151 rei
3552 5096 3713 5164 hujus
3744 5099 3794 5150 in

2202 5199 2447 5259 promptu
2488 5199 2588 5244 est.
2636 5190 2691 5246 Si
2731 5191 2871 5244 enim
2907 5189 2959 5243 in
2996 5190 3219 5259 pecunia
3267 5189 3566 5258 corporali,
3593 5198 3790 5259 quanto

2203 5283 2368 5352 magis
2396 5283 2446 5335 in
2478 5281 2740 5350 Spirituali
2783 5281 3004 5335 hilarem
3050 5281 3290 5336 datorem
3327 5281 3496 5350 diligit
3540 5281 3681 5334 Dens
3728 5279 3791 5350 (ll

2202 5374 2319 5428 Cor.
2353 5391 2401 5429 tx
2422 5417 2436 5440 ,
2470 5376 2564 5444 7)?
2590 5376 2694 5430 Sed
2718 5376 2832 5430 haec
2856 5376 3092 5430 hilaritas
3111 5378 3177 5430 ad
3202 5376 3385 5430 horam
3415 5386 3470 5428 ut
3491 5375 3651 5436 adsit,
3675 5379 3793 5444 ejus

2201 5477 2283 5519 est
2330 5467 2708 5521 misericordia:
2748 5468 2836 5537 qui
2881 5468 2977 5522 ista
3013 5467 3280 5538 praiccpit.
3319 5467 3502 5536 itaque
3534 5467 3682 5536 prius
3727 5467 3796 5520 de

2203 5559 2361 5612 niodo
2391 5561 2706 5614 narrationis
2735 5559 2874 5630 quod
2903 5570 2954 5615 te
2985 5561 3123 5616 velle
3147 5566 3389 5631 Cognovi,
3423 5571 3533 5613 tum
3556 5559 3626 5613 de
3655 5575 3790 5628 prm-

2202 5651 2446 5717 cipiendo
2475 5660 2632 5721 atque
2675 5652 3005 5707 cohortando
3026 5694 3038 5718 ,
3083 5660 3264 5722 postea
3294 5652 3360 5706 de
3391 5652 3490 5706 hac
3525 5652 3789 5708 hilaritate

2203 5743 2575 5810 comparanda,
2601 5760 2717 5813 quin
2747 5745 2882 5800 Deus
2914 5745 3254 5816 suggesserit,
3280 5745 3628 5800 disseremus.

2265 5867 2336 5926 (α)
2360 5873 2513 5925 Forte,
2541 5866 2738 5929 ofﬁciat.
