4072 6516
241 362 349 418 313

313 471 538 530 CAPUT
581 467 668 524 Ill.
703 499 774 509 --
911 468 1154 525 Narratio
1198 468 1345 538 plena
1371 479 1482 535 qua:
1521 461 1630 531 ﬁeri
1668 458 1842 512 debeat

244 565 624 624 catecltizando.
665 562 746 617 Ad
789 563 1052 616 clurritatis
1092 563 1242 631 finem
1288 557 1554 628 dirigenda
1596 554 1840 607 narratio.

246 663 532 729 εει-ἔρωτα
568 667 754 713 veteres
799 666 1005 728 propter
1041 652 1500 708 commendandum
1537 647 1724 703 Christi
1752 645 1848 699 ad-

247 766 483 820 ventum,
507 754 654 822 cujus
680 751 798 820 ﬁnis
830 750 1068 803 charitas.
1111 747 1355 802 Narratio
1381 745 1532 814 plena
1565 751 1647 798 est
1667 784 1680 806 ,
1721 756 1844 796 cum

247 845 472 914 quisque
507 823 684 913 primo
719 842 1078 897 catechizatur
1097 841 1165 894 ab
1194 854 1260 894 eo
1283 837 1424 908 quod
1452 837 1706 905 scriptum
1737 844 1840 898 est,

251 937 316 990 In
361 937 614 1006 principio
653 936 770 1006 fecit
808 934 946 989 Deus
973 933 1158 988 cazlum
1183 943 1228 986 et
1260 942 1443 988 terram
1473 929 1627 1001 (Gen.
1669 945 1721 989 ι.
1755 929 1807 1000 1)
1829 967 1844 992 ,

252 1043 418 1096 usque
461 1026 528 1080 ad
580 1027 864 1097 praesentia
910 1033 1149 1095 tempora
1195 1023 1472 1078 Ecclesim.
1504 1022 1620 1077 Non
1669 1029 1845 1074 tamen

255 1129 536 1190 propterea
581 1119 841 1173 debemus
886 1126 1052 1172 totum
1103 1115 1558 1180 Pentatcuclmm,
1599 1123 1848 1184 totosque

251 1214 496 1268 Judicum
543 1221 599 1268 et
642 1212 946 1282 Regnorum
975 1219 1028 1265 et
1075 1209 1261 1265 Esdrze
1291 1210 1306 1241 ²
1338 1209 1520 1274 libros,
1574 1216 1848 1277 totumque

256 1304 606 1374 Evangelium
631 1313 685 1356 et
706 1305 872 1358 Actus
909 1302 1308 1373 Apostolorum,
1337 1301 1440 1364 vel,
1467 1300 1509 1354 si
1530 1299 1597 1354 ad
1623 1298 1845 1353 verbum

253 1396 571 1452 edidit-imus
595 1437 608 1458 .
645 1395 955 1450 memoriter
997 1394 1224 1450 reddere
1247 1436 1262 1459 ,
1296 1394 1381 1447 vel
1429 1393 1625 1447 nostris
1669 1390 1848 1446 verbis

254 1488 434 1541 enmia
483 1503 606 1556 qum
657 1486 741 1540 his
789 1488 1132 1540 continentur
1174 1485 1532 1540 voluminibus
1580 1483 1848 1538 narrando

253 1581 501 1634 evolvere
543 1587 598 1633 et
635 1579 938 1649 explicare;
986 1579 1124 1649 quod
1155 1593 1252 1633 nec
1279 1587 1488 1646 tempus
1527 1578 1702 1647 capit,
1750 1591 1850 1631 nec

254 1672 354 1723 ulla
385 1671 680 1726 necessitas
709 1672 944 1740 postulat
973 1689 987 1728 :
1020 1671 1112 1726 sed
1141 1679 1330 1726 cuncta
1358 1671 1662 1725 summatim
1686 1685 1848 1740 gene-

255 1763 518 1831 ratimque
553 1763 864 1831 complecti,
895 1764 961 1816 ita
993 1773 1047 1817 ut
1078 1764 1340 1833 eligantur
1367 1763 1611 1833 quaulam
1641 1761 1848 1815 mirabi-

255 1853 380 1907 liora
408 1870 531 1922 (ιιιιε
558 1855 776 1910 suavius
804 1855 1090 1909 audiuntur
1110 1897 1124 1918 ,
1167 1863 1326 1926 atque
1357 1855 1408 1909 in
1438 1855 1567 1924 ipsis
1609 1853 1848 1908 articulis

252 1947 539 1999 constituta
571 1956 694 1999 sunt
718 1944 792 2018 (τι)
813 1988 826 2010 ,
858 1955 913 2000 ut
937 1962 999 2002 ea
1029 1949 1049 1979 ’
1075 1956 1326 2016 tanquam
1351 1947 1400 1999 in
1437 1946 1726 2000 involucris
1761 1961 1847 1998 os-

253 2038 502 2104 tendere,
543 2039 832 2108 statimque
871 2054 903 2093 a
944 2050 1232 2108 conspectu
1260 2039 1502 2107 abripere
1542 2052 1648 2091 non
1689 2051 1849 2106 opor-

254 2140 376 2194 teat.
400 2132 494 2188 sed
521 2133 848 2203 aliquantum
869 2131 1202 2186 immorando
1218 2132 1371 2201 quasi
1398 2131 1667 2185 resolvere
1687 2139 1849 2198 atque

253 2223 555 2292 expandere
579 2267 595 2289 ,
629 2235 683 2280 et
705 2223 1036 2294 inspicienda
1063 2219 1222 2292 alque
1244 2223 1481 2277 miranda
1512 2222 1706 2276 olierre
1740 2221 1848 2276 ani-

254 2317 352 2368 mis
375 2315 678 2370 auditorum
701 2325 940 2381 ;.c:etera
973 2331 1102 2371 vero
1128 2315 1291 2371 celeri
1325 2315 1667 2384 percursione
1706 2313 1848 2368 iuse-

255 2407 415 2462 rendo
443 2419 756 2464 contexere.
789 2408 861 2462 lta
889 2417 946 2463 et
971 2408 1058 2462 illa
1087 2424 1205 2477 qua:
1229 2406 1460 2462 maxime
1482 2404 1845 2458 commendari

251 2501 496 2554 volumus
518 2543 534 2566 ,
567 2501 796 2555 aliorum
829 2500 1186 2555 submissioue
1217 2499 1386 2569 magis
1423 2498 1699 2560 eminent;
1747 2512 1846 2551 nec

251 2593 314 2646 ad
343 2609 406 2648 ea
432 2595 683 2664 fatigatus
709 2595 972 2662 pervenit,
1006 2609 1166 2664 quem
1197 2593 1463 2648 narrando
1495 2594 1736 2647 volumus
1762 2584 1860 2652 ex!

251 2687 448 2750 citare;
490 2702 592 2742 nec
636 2687 777 2740 illius
817 2688 1074 2742 memoria
1115 2685 1494 2752 confunditur,
1545 2700 1702 2755 quem
1748 2683 1863 2738 ilo—-

251 2777 422 2832 cendo
450 2777 709 2832 debemus
741 2779 1023 2834 instruere.

323 2872 377 2926 6.
405 2871 460 2925 lu
491 2871 740 2926 omnibus
769 2885 899 2927 sane
924 2887 1030 2927 non
1059 2879 1262 2925 tantum
1293 2885 1392 2925 nos
1412 2877 1624 2940 oportet
1651 2869 1844 2924 intueri

251 2965 495 3034 przccepti
540 2964 700 3018 tinem
725 3005 740 3028 ,
786 2963 927 3033 quod
954 2972 1036 3018 est
1065 2962 1300 3017 cbaritas
1328 2961 1394 3016 de
1422 2961 1586 3016 corde
1631 2976 1764 3029 puro
1791 2971 1844 3014 et

247 3058 568 3112 conscientia
594 3058 728 3112 bona
760 3072 815 3112 et
842 3056 946 3112 fide
974 3072 1079 3112 non
1104 3057 1224 3112 licta
1255 3055 1297 3126 (Ι
1322 3055 1450 3108 Tim.
1478 3070 1518 3120 ι,
1542 3053 1622 3124 5),
1651 3068 1757 3123 quo
1781 3067 1842 3106 ea

247 3165 362 3220 qua:
407 3150 678 3220 loquimur
729 3158 919 3204 cuncta
972 3147 1307 3214 referamus;
1353 3147 1449 3201 sed
1496 3147 1658 3202 etiam
1700 3145 1846 3201 illius

246 3260 400 3314 quem
437 3243 709 3312 loquendo
748 3243 1060 3298 instruimus
1083 3282 1099 3308 ,
1130 3241 1197 3296 ad
1229 3241 1282 3294 id
1312 3239 1607 3294 movendus
1637 3238 1658 3270 ³
1683 3248 1846 3308 atque

248 3337 370 3392 illuc
403 3337 720 3408 dirigendus
747 3348 996 3407 aspectus
1035 3343 1137 3390 est.
1169 3333 1354 3404 Neque
1398 3333 1542 3388 enim
1582 3339 1651 3387 ob
1698 3330 1843 3384 aliud

245 3438 366 3484 ante
407 3429 704 3484 adventum
755 3427 964 3482 Domini
994 3427 1190 3496 scripta
1230 3433 1356 3478 sunt
1397 3424 1577 3478 omnia
1623 3437 1742 3493 qum
1788 3421 1842 3475 in

245 3521 437 3575 sanctis
476 3519 773 3588 Scripturis
802 3517 1060 3590 legimus,
1096 3518 1196 3572 nisi
1223 3525 1283 3571 ut
1310 3515 1455 3570 illius
1497 3512 1846 3570 commenda-

244 3622 386 3667 retur
413 3613 682 3668 adventus
701 3655 716 3676 ,
746 3620 801 3666 et
819 3611 995 3666 futura
1031 3610 1445 3681 prtesiguaretur
1469 3608 1708 3663 Ecclesia
1733 3649 1748 3672 ,
1792 3608 1844 3664 id

245 3716 322 3762 est
343 3748 356 3766 .
384 3707 626 3778 populus
653 3706 748 3760 Dei
779 3720 875 3775 per
903 3721 1090 3759 omnes
1119 3711 1308 3774 gentes
1327 3745 1342 3770 ,
1373 3701 1515 3773 quod
1543 3710 1628 3756 est
1649 3715 1845 3770 corpus

244 3797 390 3866 ejus;
419 3798 696 3866 adjunctis
725 3805 884 3867 atque
923 3796 1286 3850 annumeratis
1329 3793 1578 3850 omnibus
1603 3793 1803 3848 sanctis
1827 3833 1842 3859 ,

205 3934 207 3937 -
243 3897 510 3966 quietiam
533 3904 666 3949 ante
695 3893 981 3949 adventum
1003 3893 1120 3962 ejus
1149 3892 1200 3945 in
1232 3890 1336 3946 hoc
1354 3891 1550 3944 saeculo
1574 3889 1841 3954 vixerunt,

244 3988 309 4041 ita
343 4005 465 4043 eum
496 3987 788 4043 credentes
815 3995 1093 4042 venturum
1123 3999 1276 4049 esse,
1309 3984 1447 4038 sicut
1482 3997 1582 4038 nos
1608 3981 1842 4036 venisse.

243 4079 388 4135 Sicut
433 4081 587 4134 enim
631 4078 801 4134 Jacob
844 4093 1059 4132 manum
1105 4077 1289 4147 prius,
1329 4075 1455 4130 dum
1496 4082 1840 4142 nasceretur,

241 4173 410 4226 emisit
433 4188 502 4228 ex
541 4179 722 4236 utero,
740 4185 844 4241 qua
865 4171 1025 4224 etiam
1050 4169 1236 4239 pedem
1260 4166 1642 4238 praenascentis
1669 4166 1846 4222 fratris

243 4264 491 4330 tenebat,
540 4262 744 4317 deinde
793 4264 975 4332 utique
1011 4269 1256 4317 secutum
1285 4269 1369 4315 est
1394 4270 1584 4330 caput,
1616 4267 1726 4313 tum
1753 4257 1846 4313 de-

244 4370 382 4410 mum
414 4355 733 4412 necessario
757 4355 993 4409 membra
1019 4365 1213 4408 caetera
1242 4352 1394 4424 (Gen.
1421 4368 1524 4407 xxv
1542 4393 1559 4419 ,
1590 4351 1721 4421 25);
1750 4351 1844 4408 sed

245 4456 418 4502 tamen
440 4455 610 4516 caput
639 4460 746 4498 non
774 4453 976 4499 tantum
998 4460 1060 4499 ea
1089 4445 1324 4498 membra
1348 4460 1466 4514 qua:
1493 4452 1672 4497 secuta
1699 4451 1843 4505 sunt,

244 4539 330 4593 sed
360 4540 527 4595 etiam
561 4539 736 4608 ipsam
772 4551 987 4592 manum
1017 4551 1135 4606 qua:
1163 4536 1214 4590 in
1246 4535 1514 4589 nascendo
1537 4534 1843 4604 praecessit,

243 4632 495 4703 dignitate
521 4648 590 4687 ac
616 4639 886 4703 potestate
909 4628 1180 4700 prmeedit;
1209 4637 1262 4682 ct
1299 4628 1542 4698 quamvis
1572 4641 1676 4680 non
1709 4635 1847 4680 tem-

246 4741 368 4794 pere
393 4725 698 4797 apparendi
724 4766 738 4789 ,
778 4735 954 4779 tamen
997 4731 1201 4777 naturae
1227 4721 1414 4775 ordine
1443 4721 1588 4790 prius
1613 4729 1695 4773 est
1726 4735 1742 4773 :
1775 4718 1846 4772 ita

242 4830 293 4874 et
333 4821 600 4876 Dominus
633 4820 789 4874 Jesns
818 4818 1062 4873 Christus
1105 4815 1207 4872 etsi
1237 4823 1521 4884 antequam
1564 4821 1849 4883 appareret

245 4915 291 4968 in
321 4932 484 4970 came
510 4958 524 4981 ,
567 4923 625 4969 et
653 4913 880 4984 quodam
933 4910 1092 4965 modo
1119 4925 1186 4964 ex
1235 4916 1388 4962 utero
1417 4907 1609 4961 secreti
1653 4905 1735 4960 sui
1778 4905 1846 4960 ad

245 5008 520 5064 hemiuum
551 5008 738 5061 oculos
762 5005 1017 5058 Mcdiator
1036 5003 1125 5056 Dei
1148 5010 1202 5057 et
1233 5000 1504 5054 hominum
1537 4999 1694 5052 homo
1721 5014 1846 5068 pro-

241 5109 454 5161 crderet
474 5146 488 5164 ,
525 5101 617 5171 qui
647 5109 731 5154 est
757 5114 920 5166 super
945 5109 1134 5149 omnes
1158 5095 1295 5148 Deus
1325 5092 1635 5146 benedictus
1662 5089 1712 5143 in
1743 5105 1847 5142 s:e-

241 5199 354 5252 cuia
389 5197 576 5268 (Rom.
604 5209 659 5248 Ix
685 5235 698 5255 ,
731 5190 786 5262 5)
807 5233 821 5256 ,
855 5189 1109 5259 ριίιειιιίδὶι
1139 5188 1189 5240 in
1220 5187 1419 5241 sanctis
1448 5182 1770 5237 Palriarchis
1795 5191 1846 5236 ct

249 5293 528 5364 l’ruphetis
557 5287 842 5360 quamdam
877 5295 1080 5356 partem
1110 5283 1349 5351 corporis
1392 5282 1510 5346 sui,
1557 5297 1658 5349 qua
1703 5279 1848 5332 velut

302 5475 317 5506 ί
358 5479 404 5520 In
432 5475 755 5525 tiss.,Ezra!.
1224 5527 1227 5528 ν
1345 5526 1370 5528 __
1439 5518 1448 5528 .
1565 5517 1594 5528 ..

300 5538 320 5568 ¹
355 5542 432 5582 Er.
483 5523 720 5587 et_l.ov.,
742 5532 788 5578 et
825 5539 883 5576 et!
937 5531 992 5574 At
1018 5533 1137 5580 Am,
1180 5527 1315 5571 utea.
1343 5526 1392 5567 Et
1413 5523 1836 5587 siepptioresﬂuss.

243 5611 298 5645 ex
327 5577 719 5660 quibusliostea'
741 5577 1055 5652 corrigimus,
1079 5577 1172 5635 non
1195 5588 1439 5648 oporteat;
1466 5579 1547 5627 ubi
1573 5579 1688 5626 editi
1717 5577 1846 5626 l'ere-

239 5659 371 5713 ltuit,
400 5670 499 5707 non
524 5659 729 5717 oportet.

301 5723 323 5752 ³
356 5709 425 5770 ιω
449 5709 586 5774 λιεεῖ,
606 5716 724 5764 Editi
751 5725 889 5772 vero,
911 5709 1195 5760 monendus.

301 5806 374 5860 (τι)
412 5797 618 5854 articuli
661 5807 932 5861 temporum
970 5798 1188 5859 qututh
1225 5797 1451 5841 notantur
1494 5786 1631 5845 inira,
1655 5801 1683 5833 u
1733 5783 1762 5831 Ο
1797 5791 1848 5832 et

242 5870 394 5918 ιω.

1694 339 1896 398 LIBER
1938 339 2133 397 UNUS.

3405 219 3432 241 ρ

3439 354 3544 410 ειη

1956 473 2114 512 manu
2143 474 2200 515 se
2227 462 2552 516 nasciturum
2591 479 2709 518 esse
2737 466 3099 534 pra‘nuutiaus
3118 507 3134 534 ,
3177 467 3335 524 etiam
3375 485 3546 541 popu-

1955 548 2062 602 lum
2089 552 2476 630 prmcedentem
2506 556 2753 621 superbe.
2773 557 2992 613 vinculis
3015 559 3171 630 Legis
3190 569 3441 632 tanquam
3460 563 3546 618 di-

1953 642 2076 712 gitis
2095 642 2327 714 quinque
2356 645 2714 714 supplantavit
2735 649 2750 680 ¹
2775 649 2920 719 (quia
2943 660 2997 705 et
3029 667 3122 721 per
3149 655 3384 724 quinque
3412 666 3546 710 tem-

1957 749 2142 803 porum
2173 737 2425 795 articulos
2455 740 2797 806 prtcnuntiari
2838 751 3095 797 venturus
3129 745 3544 817 prophetarique

1955 841 2060 878 non
2088 826 2309 896 destitit;
2333 836 2385 882 et
2407 827 2527 882 huic
2558 828 2634 884 rei
2664 845 2965 887 consonans
2984 849 3080 904 per
3099 850 3255 904 quem
3287 835 3398 890 Lex
3424 837 3546 893 data

1955 927 2065 984 est,
2097 919 2332 990 quinque
2361 919 2523 975 libros
2549 922 2866 991 conscripsit
2898 941 2910 976 :
2937 934 2992 979 et
3016 927 3230 994 superbi
3259 929 3548 984 carnaliter

1955 1011 2279 1077 si-nticntcs,
2325 1022 2380 1067 et
2425 1029 2573 1067 suam
2614 1014 2873 1084 justitiam
2924 1017 3166 1072 volentes
3219 1022 3550 1076 constituere

1958 1100 2131 1174 [Ιῖοηι.
2162 1121 2216 1169 x,
2246 1102 2322 1178 5],
2343 1121 2446 1160 non
2470 1116 2651 1175 aperta
2676 1124 2830 1161 manu
2861 1109 3059 1164 Christi
3086 1113 3271 1181 repleti
3302 1125 3423 1167 sunt
3451 1115 3544 1170 bc—

1955 1198 2295 1265 nedictione,
2350 1199 2444 1254 sed
2502 1201 2790 1256 constricta
2845 1211 3005 1273 atque
3052 1205 3304 1260 conclusa
3353 1207 3548 1263 retenti

1954 1302 2079 1346 sunt
2108 1310 2121 1346 :
2150 1292 2328 1363 itaque
2349 1293 2451 1368 illis
2478 1295 2693 1365 obligati
2719 1305 2843 1352 sunt
2870 1296 3032 1368 pedes
3054 1339 3070 1362 ,
3112 1307 3167 1353 et
3200 1300 3546 1367 ceciderunt;

1957 1399 2052 1439 nos
2073 1396 2248 1442 autem
2275 1389 2604 1443 surreximus
2628 1399 2680 1444 et
2701 1391 2864 1445 erecti
2887 1406 3073 1446 sumus
3096 1389 3264 1465 [PsaL
3291 1410 3380 1448 xix
3401 1437 3415 1460 ,
3440 1394 3545 1467 9]):

1954 1480 2198 1548 quamvis
2228 1496 2384 1550 ergo,
2411 1488 2470 1534 ut
2493 1481 2636 1547 dixi,
2668 1483 2985 1552 prmmiserit
3014 1483 3274 1540 Dominus
3304 1485 3550 1542 Christus

1953 1572 2237 1641 quamdam
2283 1587 2487 1643 partem
2535 1576 2778 1644 corporis
2805 1577 2888 1632 sui
2931 1578 2984 1632 in
3027 1579 3260 1645 sanctis,
3307 1581 3396 1651 qui
3423 1596 3548 1636 eum

1955 1666 2207 1720 nascendi
2251 1675 2488 1735 tempore
2535 1670 2854 1736 prmierunt;
2907 1679 3082 1726 tamen
3126 1672 3240 1741 ipse
3269 1682 3349 1727 est
3391 1685 3551 1744 caput

1953 1758 2193 1827 corporis
2223 1758 2474 1814 Ecclesia:
2505 1758 2722 1833 (Coloss.
2749 1779 2784 1827 ι,
2811 1763 2924 1827 18);
2954 1765 3137 1833 illique
3157 1780 3345 1820 omnes
3374 1767 3548 1822 eidem

1954 1850 2165 1916 corpori
2194 1850 2346 1921 cujus
2376 1852 2465 1906 ille
2489 1862 2648 1921 caput
2672 1863 2757 1908 est
2785 1857 3162 1924 cohaeserunt,
3192 1857 3462 1912 credendo
3496 1859 3548 1912 iu

1953 1956 2074 1999 eum
2121 1958 2279 2012 quem
2326 1946 2769 2014 praenuntiabant.
2815 1946 2934 2002 Non
2977 1948 3122 2004 enim
3173 1951 3550 2018 prmcurrendo

1953 2035 2145 2090 divulsi
2178 2046 2335 2105 sunt,
2377 2039 2472 2093 sed
2516 2039 2751 2109 adiuncti
2794 2041 2970 2110 petius
3015 2041 3381 2113 obsequendo.
3413 2043 3548 2100 Nam

1953 2130 2052 2185 etsi
2084 2146 2272 2185 manus
2305 2146 2334 2184 a
2365 2131 2537 2200 capite
2561 2134 2808 2201 prmmitti
2836 2143 3042 2204 potest,
3075 2137 3337 2190 connexio
3367 2145 3546 2192 tamen

1953 2224 2069 2291 ejus
2111 2224 2210 2277 sub
2257 2225 2432 2293 capite
2483 2235 2585 2280 cst.
2637 2226 2977 2296 Quapropter
3023 2229 3200 2282 omnia
3251 2245 3370 2299 quae
3421 2239 3548 2285 ante

1951 2315 2145 2396 scripta
2176 2323 2337 2380 sunt,
2369 2324 2429 2370 ut
2467 2331 2566 2370 nos
2612 2316 2932 2373 doceremur
2975 2319 3171 2388 scripta
3213 2330 3338 2374 sunt
3369 2319 3546 2393 (Rom.

1954 2422 2047 2470 xv,
2069 2406 2128 2476 4)
2150 2449 2164 2472 ,
2188 2419 2242 2461 et
2273 2408 2453 2478 figura:
2485 2417 2683 2463 nostra:
2708 2409 2961 2477 fuerunt,
2993 2421 3048 2466 et
3073 2412 3126 2465 in
3156 2414 3325 2483 ﬁgura
3352 2415 3550 2467 contin-

1950 2498 2132 2569 gebant
2153 2499 2205 2551 in
2231 2500 2302 2552 eis
2327 2501 2382 2565 ²;
2413 2501 2600 2570 scripta
2625 2511 2743 2554 sunt
2769 2511 2938 2555 autem
2965 2512 3169 2572 propter
3193 2521 3316 2571 nos,
3343 2505 3397 2557 in
3423 2521 3550 2573 quos

1951 2591 2069 2660 ﬁnis
2094 2593 2396 2646 sterulorum
2422 2594 2618 2647 obvenit
2654 2593 2696 2664 (1
2723 2593 2842 2650 Cor.
2875 2611 2932 2660 χ,
2967 2595 3082 2666 ll).

2022 2685 2248 2740 CAPUT
2283 2684 2366 2739 IV.
2385 2716 2456 2726 —-
2482 2687 2534 2738 7.
2569 2685 2842 2754 Praecipua
2870 2704 3024 2740 causa
3048 2687 3291 2742 adventus
3321 2687 3544 2756 Christi,

1951 2775 2214 2829 clraritatis
2252 2777 2639 2831 conuuendatio.
2673 2777 2753 2831 Ad
2781 2778 3099 2833 dilectionem
3137 2782 3400 2851 referenda
3442 2797 3552 2836 esse

1950 2886 2063 2937 qua:
2089 2869 2152 2922 de
2179 2867 2380 2924 Christo
2417 2887 2480 2924 ea:
2508 2869 2789 2940 Scripturis
2815 2882 3093 2925 narrantur
3130 2873 3184 2926 in
3222 2874 3546 2928 catechisnto.

1949 2958 2079 3029 Qua-
2101 2971 2277 3015 autem
2307 2961 2477 3031 major
2495 2977 2654 3017 causa
2681 2970 2764 3017 est
2792 2961 3055 3018 adventus
3084 2964 3329 3030 Domini,
3363 2966 3462 3020 nisi
3492 2975 3550 3021 ut

1950 3053 2258 3108 ostenderet
2280 3054 2420 3108 Deus
2449 3054 2788 3110 dilectionem
2815 3068 2964 3108 suam
2994 3055 3044 3108 in
3073 3056 3246 3119 nobis,
3274 3071 3549 3111 commen-

1950 3147 2083 3202 dans
2111 3163 2230 3202 eam
2257 3147 2640 3204 vehementer?
2668 3151 2790 3219 quia
2820 3164 2942 3205 cum
2969 3149 3142 3205 adhuc
3169 3150 3366 3205 inimici
3405 3155 3552 3206 esse-

1950 3254 2070 3293 mus
2092 3281 2105 3304 ,
2133 3239 2374 3294 Christus
2404 3255 2502 3310 pro
2541 3241 2696 3296 nobis
2735 3251 2978 3297 mortuus
3007 3250 3089 3297 est
3111 3241 3289 3313 (Rom.
3322 3258 3373 3306 v,
3406 3242 3548 3314 6-9).

1951 3333 2065 3388 Hoc
2090 3343 2266 3388 autem
2294 3333 2414 3387 ideo
2436 3375 2450 3397 ,
2497 3334 2620 3403 quia
2647 3333 2766 3387 ﬁnis
2799 3335 3052 3404 praecepti
3082 3343 3138 3390 et
3167 3334 3441 3405 plenitudo
3467 3335 3550 3390 leo

1950 3427 2054 3497 gis,
2081 3425 2316 3480 Charitas
2342 3435 2426 3481 est
2455 3425 2498 3496 (l
2533 3425 2666 3480 Tim.
2698 3442 2736 3491 ι,
2766 3427 2820 3492 5,
2849 3435 2897 3480 et
2925 3427 3076 3480 Itoni.
3109 3442 3225 3490 xm,
3253 3426 3344 3499 10)
3376 3444 3389 3480 :
3419 3435 3553 3480 utet

1951 3535 2050 3574 nos
2093 3519 2319 3574 invicem
2349 3519 2667 3589 diligamus,
2717 3529 2774 3574 et
2816 3518 3270 3590 quemadmodum
3323 3520 3412 3575 ille
3454 3536 3552 3589 pro

1951 3614 2108 3668 nobis
2142 3615 2372 3668 animam
2416 3627 2564 3667 suam
2597 3613 2812 3683 posuit,
2842 3614 2920 3667 sic
2944 3623 2999 3669 et
3035 3628 3135 3667 nos
3164 3629 3258 3683 pro
3297 3612 3552 3668 fratribus

1949 3709 2183 3762 animam
2211 3723 2470 3776 ponamus
2497 3705 2540 3776 (l
2571 3707 2728 3761 Joan.
2761 3722 2816 3761 ιιι
2836 3749 2852 3772 ,
2885 3705 2974 3779 16)
2999 3723 3013 3772 ;
3038 3716 3092 3761 et
3121 3709 3291 3778 ipsum
3339 3709 3501 3761 Deum
3528 3747 3544 3772 ,

1952 3801 2202 3870 quoniam
2233 3800 2378 3870 prior
2403 3801 2590 3854 dilexit
2628 3815 2722 3855 nos
2752 3798 2864 3872 (Id.
2898 3817 2982 3865 iv,
3015 3801 3143 3871 l0).
3186 3811 3241 3855 ct
3279 3801 3413 3854 Filio
3455 3813 3554 3855 suo

1952 3893 2108 3947 unico
2149 3907 2255 3946 non
2298 3892 2562 3962 pepercit,
2610 3890 2704 3945 sed
2742 3906 2840 3962 pro
2872 3892 3026 3946 nobis
3052 3892 3303 3945 omnibus
3337 3891 3556 3946 tradidit

1951 4000 2074 4039 eum
2109 3983 2284 4056 (Rom.
2317 4000 2443 4050 vm,
2476 3983 2566 4054 5'2)
2587 4025 2602 4047 ,
2631 3982 2676 4036 si
2702 3998 2885 4037 amare
2917 3983 3158 4052 pigebat,
3193 3982 3380 4036 saltem
3413 3997 3554 4037 nunc

1951 4077 2230 4132 redamare
2258 4091 2362 4130 non
2396 4077 2569 4146 pigeat
2589 4074 2628 4127 ³.
2659 4073 2815 4128 Nulla
2843 4083 2922 4129 est
2945 4074 3089 4128 enim
3121 4073 3292 4142 major
3314 4072 3380 4125 ad
3405 4088 3556 4126 amo.

1953 4183 2064 4224 rem
2091 4169 2361 4233 invitatio,
2390 4183 2548 4238 quam
2576 4167 2872 4237 przrvenire
2897 4164 3161 4229 amando;
3193 4174 3244 4219 et
3269 4163 3429 4218 nimis
3451 4163 3554 4219 du-

1953 4278 2044 4317 rus
2063 4271 2146 4318 est
2181 4262 2394 4316 animus
2424 4261 2513 4332 qui
2541 4261 2879 4316 dilectionem
2905 4259 2950 4312 si
2975 4257 3188 4312 nolebat
3216 4256 3551 4327 impemlere,

1955 4355 2086 4408 nolit
2115 4353 2429 4426 rependere.
2453 4353 2605 4420 Quod
2634 4353 2677 4406 si
2708 4353 2763 4406 in
2791 4351 2919 4422 ipsis
2950 4349 3226 4420 ﬂagitiosis
3246 4357 3301 4404 et
3325 4348 3558 4403 sordidis

1953 4447 2224 4501 amoribus
2244 4447 2508 4506 videmus.
2539 4445 2669 4499 nihil
2696 4445 2836 4499 aliud
2865 4459 2961 4499 eos
2981 4459 3140 4515 agere
3159 4441 3250 4513 qui
3281 4441 3446 4495 amari
3479 4441 3558 4494 vi-

1953 4540 2134 4595 cissim
2169 4540 2388 4605 volunt,
2420 4542 2520 4594 nisi
2558 4549 2613 4594 ut
2640 4539 2973 4593 documentis
3001 4538 3194 4608 quibus
3219 4537 3398 4592 valent
3425 4551 3556 4604 ape-

1954 4632 2096 4686 riant
2123 4641 2176 4686 et
2201 4631 2760 4700 ostendantquautum
2785 4639 2984 4690 ament;
3010 4643 3241 4699 eamque
3271 4627 3556 4698 imaginem

1949 4725 2169 4797 iustitiae
2197 4725 2528 4795 prmtendere
2556 4724 2824 4787 allectant,
2853 4732 2910 4777 ut
2934 4724 3099 4777 vicem
3119 4722 3219 4776 sibi
3244 4721 3391 4775 reddi
3424 4734 3558 4788 quo-

1955 4819 2076 4872 dam
2122 4818 2284 4872 modo
2331 4818 2568 4888 ﬂagitent
2619 4818 2688 4870 ab
2713 4818 2789 4871 eis
2829 4816 3024 4870 animis
3059 4829 3196 4885 quos
3245 4812 3558 4866 illecebraie

1957 4910 2280 4976 moliuntur;
2309 4910 2516 4980 ipsique
2542 4909 2818 4964 ardentius
2845 4915 3108 4988 aestuant,
3146 4921 3266 4960 cum
3293 4905 3401 4972 jam
3438 4919 3526 4955 nm

1957 5008 2066 5060 veri
2099 5005 2290 5062 eodem
2340 5006 2460 5075 igne
2507 5006 2666 5061 etiam
2714 5003 2830 5056 illas
2872 5009 3078 5054 mentes
3119 5013 3254 5067 quas
3302 5005 3553 5066 appetunt

1956 5098 2194 5151 sentiunt
2226 5113 2238 5149 :
2269 5097 2312 5150 si
2354 5111 2482 5166 ergo
2522 5104 2578 5150 et
2620 5094 2830 5147 animus
2870 5091 2958 5159 qui
3009 5088 3290 5157 torpebat,
3326 5101 3457 5140 cum
3503 5101 3545 5136 ει

1957 5193 2124 5248 amari
2153 5191 2382 5246 senserit
2410 5190 2689 5251 excitatur,
2716 5195 2770 5238 et
2795 5185 2882 5253 qui
2908 5185 3016 5250 jam
3048 5181 3278 5236 fervebat
3307 5220 3322 5244 ,
3347 5195 3467 5232 cum
3502 5194 3548 5230 si

1957 5287 2220 5342 rcdamari
2246 5282 2493 5338 didicerit
2522 5281 2691 5350 magis
2729 5277 3071 5339 accenditur;
3107 5275 3447 5330 manifestum
3479 5283 3560 5325 est
3623 5334 3626 5336 τ

1959 5379 2155 5432 mdlam
2189 5389 2308 5430 esse
2349 5373 2606 5443 majorem
2638 5385 2852 5424 causam
2885 5384 2984 5438 qua
3030 5366 3113 5420 vel
3157 5366 3438 5419 inclinetur
3479 5363 3557 5416 vel

1960 5477 2220 5538 augeatur
2249 5482 2434 5527 amor,
2480 5478 2638 5533 quam
2684 5477 2804 5515 cum
2849 5459 3013 5513 amari
3050 5472 3110 5512 se
3153 5457 3422 5527 (‘0gtht'it
3470 5457 3557 5523 qui

2025 5587 2039 5615 ι
2083 5581 2269 5644 ΑΙιιυοι
2295 5577 2800 5644 \Zss.,srq;plautm'rt.
2846 5640 2856 5644 _
3054 5643 3059 5644 ν
3152 5634 3164 5644 _
3245 5631 3256 5642 ο

2025 5651 2044 5680 ²
2085 5634 2201 5696 Ειιὶἰὶ
2219 5681 2232 5702 ,
2257 5634 2589 5705 contingebant
2621 5642 2691 5692 eis
2721 5640 2940 5707 :Aomissa
2962 5634 3212 5699 particula,
3237 5634 3306 5692 in,
3331 5644 3442 5707 qua:
3486 5638 3558 5680 ta-

1960 5730 2072 5766 men
2109 5714 2183 5760 hic
2203 5709 2449 5770 reperitur
2474 5707 2520 5755 in
2546 5713 2652 5770 ll‘rss.
2681 5713 2732 5756 ct
2756 5705 2810 5770 in
2829 5715 2990 5763 grteco
3013 5708 3150 5749 textu
3177 5705 3402 5770 Hosto".
3441 5758 3451 5767 .

2027 5781 2045 5808 ³
2073 5786 2171 5826 am.
2191 5769 2334 5824 lituict
2361 5781 2486 5832 1235.,
2513 5769 2680 5822 saltent
2722 5769 2980 5818 redeuutrc
3019 5777 3109 5814 non
3145 5769 3336 5828 pigeat;
3359 5770 3560 5817 omissa,

1962 5854 2106 5891 ηιλιιιτ.
