4024 6516
534 351 641 408 315

535 466 769 523 nondum
795 473 968 528 amat,
1000 470 1091 516 aut
1119 459 1378 516 redamari
1420 475 1478 514 se
1500 458 1581 512 vel
1611 471 1767 528 posse
1790 465 1999 526 sperat,
2027 454 2115 510 vel

531 560 637 631 jam
671 557 858 628 probat
882 554 971 625 qui
1000 553 1140 622 prior
1165 559 1326 606 amat.
1359 550 1425 605 Et
1449 551 1493 604 si
1538 549 1640 603 hoc
1676 546 1834 603 etiam
1866 547 1916 601 in
1947 547 2113 616 turpi-

532 633 632 704 bus
661 645 930 702 amori—bus
950 685 965 710 ,
992 651 1189 713 quanto
1215 641 1330 710 plus
1362 642 1377 672 ¹
1408 641 1458 694 in
1504 639 1772 693 amicitia?
1797 636 1933 703 Quid
1971 637 2111 690 enim

532 741 676 800 aliud
702 753 950 794 cavemus
977 737 1028 790 in
1055 736 1348 790 offensione
1371 733 1620 788 amicitiae
1639 773 1655 799 ,
1684 730 1788 786 nisi
1816 745 1882 785 ne
1914 729 2114 783 amicus

532 833 815 888 arbitretur
839 829 980 900 quod
1003 845 1122 882 eum
1152 828 1233 882 vel
1266 840 1369 880 non
1395 824 1682 894 diligimus,
1705 823 1785 877 vel
1818 821 1993 876 minus
2029 820 2113 874 di-

533 927 742 995 ligimus
782 940 940 995 quam
984 924 1099 993 ipse
1135 936 1232 976 nos
1269 920 1474 991 diligit?
1512 919 1664 987 Quod
1701 919 1746 972 si
1789 917 2110 979 crediderit,

531 1017 769 1087 frigidior
804 1016 903 1070 erit
931 1015 985 1068 in
1014 1030 1077 1068 eo
1104 1027 1284 1067 amore
1320 1027 1426 1082 quo
1455 1010 1678 1065 invicem
1707 1009 1951 1064 homines
1995 1026 2112 1061 tmt-

533 1119 620 1172 tua
647 1107 1002 1162 familiaritate
1034 1104 1410 1174 pet-fruuntur:
1447 1111 1502 1157 et
1531 1102 1574 1156 si
1614 1117 1719 1155 non
1760 1101 1828 1154 ita
1859 1108 1940 1154 est
1965 1099 2113 1153 infir-

532 1214 652 1254 mus
677 1239 692 1265 ,
721 1208 779 1252 ut
809 1197 925 1254 haec
952 1197 1098 1250 illunt
1127 1194 1350 1250 offensio
1375 1193 1534 1248 faciat
1562 1193 1628 1247 ab
1658 1192 1800 1246 eunti
1829 1190 2114 1245 dilectione

534 1291 853 1360 frigescere;
882 1289 934 1343 itt
958 1304 1020 1342 ea
1043 1302 1101 1342 se
1123 1297 1298 1354 tenet,
1327 1300 1430 1356 qua
1457 1300 1561 1340 non
1587 1292 1643 1338 ut
1670 1283 1874 1337 fruatur
1893 1323 1906 1346 ,
1939 1281 2032 1336 sed
2061 1289 2117 1335 ut

533 1381 775 1434 consulat
800 1379 988 1449 diligit.
1019 1377 1207 1448 Opera:
1251 1377 1478 1446 pretium
1521 1384 1604 1430 est
1650 1383 1827 1428 autem
1871 1371 2114 1427 animad-

535 1479 743 1526 vertere
767 1511 780 1534 ,
810 1469 1074 1537 quomodo
1096 1511 1110 1532 ,
1139 1482 1437 1538 quanquam
1466 1474 1519 1521 et
1549 1466 1855 1536 superiores
1875 1464 2035 1520 velint
2057 1478 2115 1518 sc

533 1562 601 1617 ab
627 1561 962 1616 inferioribus
985 1559 1166 1630 diligi,
1197 1574 1488 1629 eorumque
1513 1558 1567 1612 in
1605 1573 1663 1612 se
1693 1556 1931 1611 studioso
1960 1558 1980 1588 ³
2021 1555 2115 1611 de-

533 1651 795 1706 lectentur
831 1651 1120 1720 obsequio,
1162 1661 1215 1704 et
1255 1661 1453 1720 quanto
1497 1651 1665 1719 magis
1714 1649 1766 1703 id
1813 1647 2112 1712 senserint,

533 1753 681 1798 tanto
707 1743 872 1813 magis
897 1760 988 1798 eos
1019 1743 1270 1812 diligant,
1297 1751 1471 1797 tamen
1500 1750 1696 1812 quanto
1739 1756 1920 1796 amore
1963 1756 2116 1794 exar-

533 1835 716 1890 descat
737 1834 980 1898 inferior,
1007 1851 1128 1888 cum
1159 1853 1189 1888 a
1213 1835 1486 1903 superiore
1508 1847 1566 1887 se
1586 1832 1728 1902 diligi
1759 1832 2002 1886 senserit.
2038 1830 2114 1884 lbi

537 1929 674 1983 enim
702 1927 900 1997 gratior
918 1942 1068 1979 amor
1095 1936 1196 1990 est,
1230 1926 1316 1979 ubi
1345 1942 1447 1979 non
1471 1933 1656 1979 aestuat
1679 1923 1978 1993 indigenum
2007 1922 2114 1977 sic-

533 2018 725 2083 citate,
758 2017 853 2071 scd
883 2016 1122 2071 ubertate
1146 2017 1508 2070 beneficentia:
1532 2016 1558 2048 ³»
1581 2015 1808 2086 profluit.
1845 2016 1936 2069 llle
1963 2030 2114 2068 nam-

535 2125 640 2180 que
681 2124 831 2163 antor
854 2125 919 2164 ex
945 2109 1158 2162 miseria
1186 2118 1266 2163 est
1289 2150 1304 2174 ,
1340 2109 1437 2161 iste
1466 2123 1529 2162 ex
1572 2107 1954 2163 misericordia.
1996 2105 2112 2160 .lam

535 2215 665 2255 vero
692 2201 737 2254 si
764 2200 922 2254 etiam
947 2215 1005 2253 se
1047 2199 1212 2253 amari
1240 2214 1396 2268 posse
1429 2214 1459 2253 a
1499 2200 1771 2268 superiore
1801 2197 2117 2268 desperabat

535 2289 774 2356 inferior,
803 2291 1140 2346 incll'abiliter
1157 2291 1576 2346 commovebitur
1598 2292 1650 2344 in
1681 2307 1938 2358 amorem,
1962 2291 2004 2344 si
2037 2291 2116 2344 ul-

536 2391 623 2437 tro
650 2383 736 2438 ille
767 2383 922 2438 fuerit
944 2384 1185 2454 dignatus
1211 2384 1491 2439 ostendere
1519 2392 1772 2454 quantum
1794 2383 1974 2454 diligat
1994 2399 2114 2438 eum

533 2473 623 2541 qtti
652 2489 979 2543 nequaquam
1009 2474 1107 2528 sibi
1141 2483 1338 2528 tantum
1367 2473 1560 2528 bonum
1606 2475 1913 2544 promittere
1954 2474 2119 2528 audc-

533 2571 637 2617 ret.
663 2562 797 2628 Quid
828 2573 1004 2617 autem
1035 2564 1276 2633 superius
1303 2563 1734 2632 Deojudicante,
1774 2573 1827 2618 et
1855 2564 1980 2633 qttid
2023 2564 2118 2619 de-

533 2654 796 2723 speratius
830 2655 1044 2709 homine
1068 2655 1358 2724 peccante?
1383 2654 1471 2724 qui
1499 2671 1555 2710 se
1595 2664 1740 2709 tanto
1767 2657 1930 2726 magis
1963 2665 2115 2710 tuen-

533 2745 660 2801 dum
687 2755 740 2800 et
766 2747 1150 2817 subjugandnm
1181 2746 1428 2816 superbis
1448 2747 1793 2816 potestatibus
1819 2749 2115 2814 addixerat,

533 2856 652 2909 quze
678 2838 979 2894 bcatificare
1011 2855 1114 2892 non
1157 2847 1410 2906 possunt,
1436 2849 1633 2906 quanto
1660 2839 1828 2908 magis
1862 2839 2117 2907 despera—

532 2937 683 2984 verat
721 2944 878 2999 posse
902 2929 981 2982 sui
1007 2944 1188 2982 curam
1232 2929 1344 2997 geri
1373 2927 1440 2980 ab
1466 2942 1527 2982 ea
1573 2937 1830 2997 potestate
1855 2946 1972 2998 qua:
2012 2945 2115 2989 non

533 3021 734 3076 malitia
773 3019 1010 3074 sublimis
1041 3034 1161 3073 esse
1193 3018 1336 3085 vult,
1364 3018 1458 3072 sed
1486 3018 1718 3074 bonitate
1746 3019 1986 3074 sublimis
2013 3029 2114 3074 est.

607 3109 661 3164 8.
693 3109 746 3164 Si
777 3124 904 3176 ergo
942 3109 1171 3162 maxime
1199 3119 1473 3177 propterea
1517 3107 1760 3165 Christus
1789 3109 2027 3175 advenit,
2060 3119 2119 3165 ut

535 3210 881 3272 cognosceret
907 3200 1067 3256 homo
1088 3209 1338 3270 quantum
1371 3215 1491 3256 eum
1518 3201 1699 3272 diligat
1724 3202 1890 3268 Deus;
1925 3212 1978 3258 et
1999 3203 2117 3258 ideo

535 3301 913 3361 cognosceret,
951 3301 1005 3346 ttt
1032 3291 1087 3346 in
1112 3291 1226 3362 ejus
1254 3292 1589 3348 dilectionem
1630 3309 1656 3345 a
1683 3309 1788 3363 quo
1815 3295 1960 3364 prior
1986 3295 2118 3349 dile-

535 3392 654 3438 ctus
690 3391 792 3446 est,
827 3382 1213 3448 inardesceret,
1250 3383 1651 3452 proximumque
1691 3384 1782 3438 illo
1804 3384 2026 3454 jubcntc
2064 3401 2119 3441 et

534 3475 931 3530 demonstrante
952 3475 1212 3544 diligeret,
1240 3476 1328 3545 qui
1351 3491 1454 3530 non
1483 3478 1779 3546 proximum
1803 3519 1821 3546 ,
1849 3478 1942 3534 sed
1964 3479 2118 3550 longe

535 3568 961 3637 peregrinantem
984 3567 1250 3637 diligendo
1272 3566 1442 3622 factus
1471 3577 1554 3623 est
1581 3569 1885 3638 proximus;
1917 3573 2120 3629 omnis-

535 3674 640 3728 que
659 3658 926 3727 Scriptura
951 3659 1126 3716 divina
1147 3676 1264 3729 quae
1288 3669 1412 3715 ante
1431 3661 1628 3731 scripta
1649 3672 1750 3730 est,
1774 3663 1837 3717 ad
1866 3679 2116 3732 praenun-

533 3751 771 3806 tiandum
812 3751 1092 3807 adventum
1139 3753 1344 3808 Domini
1387 3754 1578 3823 scripta
1621 3764 1730 3822 est;
1771 3765 1824 3811 et
1861 3758 2117 3828 quidquid

536 3853 717 3914 postea
748 3843 1049 3898 mandatum
1079 3854 1161 3899 est
1181 3845 1371 3901 litteris
1403 3855 1455 3900 et
1486 3847 1660 3901 divina
1684 3850 1998 3905 auctoritate
2028 3851 2117 3905 lir-

531 3942 755 4001 matum,
778 3933 1043 3989 Christum
1071 3945 1278 3999 narrat,
1306 3946 1356 3991 et
1384 3936 1721 3994 dilectionem
1750 3949 1930 3994 monet
1959 3959 1972 3995 :
2001 3957 2118 3996 ma-

533 4026 784 4082 nifestum
832 4035 915 4080 est
959 4043 1063 4080 non
1108 4036 1308 4083 tantum
1351 4037 1511 4082 totatn
1551 4029 1744 4100 Legem
1787 4040 1842 4085 et
1883 4031 2118 4101 Prophe-

534 4125 618 4171 tas
654 4117 705 4170 itt
729 4117 834 4170 illis
855 4115 1060 4172 duobus
1100 4117 1332 4186 pendere
1378 4121 1654 4189 pratceptis
1707 4120 2006 4178 dilectionis
2024 4123 2117 4179 Dei

534 4215 590 4262 et
611 4206 1060 4278 proxittti(MattIt.
1088 4223 1224 4276 χιιι,
1252 4206 1364 4281 40),
1382 4227 1500 4279 qua:
1514 4211 1685 4268 adhuc
1710 4213 1822 4268 sola
1842 4214 2113 4286 Scriptura

534 4308 716 4354 sancta
747 4309 860 4353 erat
884 4315 1002 4353 cum
1025 4299 1127 4355 hoc
1149 4301 1401 4356 Dominus
1424 4301 1643 4368 diceret,
1667 4305 1759 4360 sed
1790 4307 1947 4362 etiam
1974 4324 2119 4378 quato

537 4405 766 4460 cumquc
795 4392 1055 4460 posterius
1083 4391 1364 4447 salubriter
1391 4395 1687 4464 conscripta
1713 4395 1735 4428 ⁸
1764 4408 1886 4450 sunt
1911 4413 2116 4454 memo-

534 4484 734 4554 rimque
793 4483 1037 4539 mandata
1094 4485 1387 4540 divinarum
1449 4487 1715 4542 volumina
1779 4489 2112 4546 Litterarum.

535 4574 868 4644 Quapropter
889 4573 942 4629 in
970 4575 1143 4630 Veteri
1175 4576 1516 4633 Testamento
1541 4586 1624 4634 est
1648 4580 1931 4636 occultatio
1959 4582 2112 4650 Novi,

532 4667 588 4722 itt
625 4665 775 4722 Novo
801 4666 1139 4722 Testamento
1165 4675 1246 4722 est
1275 4669 1630 4725 manifestatio
1659 4671 1882 4726 Veteris.
1912 4674 2116 4729 Secun-

531 4758 658 4814 dunt
685 4758 828 4812 illam
869 4759 1274 4814 occultationem
1302 4763 1588 4816 carnaliter
1612 4763 1966 4833 intelligentes
1993 4783 2114 4822 car-

529 4851 710 4918 nales,
741 4859 796 4906 et
832 4857 956 4905 tunc
994 4860 1047 4906 ct
1074 4868 1212 4908 nunc
1244 4853 1439 4922 pmnali
1471 4854 1660 4909 timore
1682 4857 1945 4927 subjugati
1969 4870 2111 4916 sunt.

528 4942 829 4999 Secundum
853 4943 989 4998 hanc
1006 4953 1179 4998 autem
1208 4944 1692 5000 manifestationem
1715 4947 2036 5021 spirituales,
2061 4962 2116 5010 et

529 5046 655 5091 tunc
679 5036 870 5107 quibus
901 5037 986 5108 pie
1013 5037 1344 5107 pulsantibus
1369 5039 1528 5092 etiam
1563 5040 1768 5094 occulta
1798 5052 2111 5113 patuerunt,

528 5137 582 5182 et
623 5144 763 5182 nunc
792 5129 880 5198 qui
911 5144 1015 5183 non
1046 5131 1273 5200 superbe
1311 5139 1557 5200 qumruttt
1580 5171 1595 5195 ,
1641 5147 1708 5187 ne
1744 5135 1902 5190 etiam
1932 5154 2112 5209 aperta

528 5219 860 5286 claudantur,
888 5221 1234 5289 spiritualiter
1261 5224 1622 5294 intelligentes
1641 5225 1832 5283 donata
1855 5231 2114 5289 cltaritate

527 5306 737 5362 liberati
758 5319 898 5363 sunt.
921 5310 1052 5376 Quia
1075 5328 1200 5382 ergo
1221 5313 1466 5369 charitati
1497 5315 1631 5371 nihil
1659 5318 1933 5376 adversius
1953 5340 2112 5394 quam

529 5396 855 5465 invidentia;
887 5411 1056 5455 mater
1103 5412 1280 5458 autem
1330 5405 1632 5464 invidentia:
1683 5413 1929 5481 superbia
1972 5424 2054 5470 est
2096 5434 2109 5471 :

590 5561 854 5644 talemque
876 5565 1348 5644 spuriusz'ltm.
1366 5576 1416 5620 et
1439 5578 1545 5624 Mss.
1571 5579 1800 5639 Vaticani,
1824 5577 2012 5644 plurius
2027 5580 2054 5632 ?

593 5624 614 5687 ξ
645 5624 719 5672 sic
739 5632 845 5676 Mss.
870 5634 927 5676 At
950 5624 1094 5687 editi,
1117 5630 1342 5681 studiose.

594 5684 616 5755 ξ
647 5692 850 5737 Veteres
874 5687 1005 5755 libri,
1029 5684 1367 5755 beneﬁcentiae.

528 5744 751 5862 “:u‘lltzm.
778 5755 836 5798 t-;r
879 5757 931 5799 et
956 5748 1121 5809 [-Iurcs
1143 5744 1273 5819 ittss.,
1295 5758 1588 5810 (morata.
1626 5764 1709 5817 alii
1731 5766 1826 5818 duo
1841 5773 1971 5827 Mss,
1999 5779 2112 5818 con-

1405 343 1491 398 DE
1527 337 2069 397 CATECHIZANDIS
2106 338 2415 401 RUDlBDS,
2453 338 2514 394 S.
2553 343 2918 401 AUGUSTINI

3705 354 3803 411 3‘38

2225 452 2365 508 idem
2391 454 2646 512 Dominus
2674 457 2830 512 Jcsus
2859 458 3117 523 Christus,
3146 461 3284 516 Deus
3310 461 3505 532 homo,
3535 472 3594 521 et
3618 466 3792 522 divina

2222 543 2276 596 in
2304 559 2400 600 nos
2423 543 2719 601 dilectionis
2747 548 2995 603 indieiunt
3035 559 3120 605 est
3138 593 3152 617 ,
3181 560 3232 606 et
3272 552 3521 608 humana:
3546 557 3687 624 apud
3715 573 3803 612 no,

2223 634 2529 692 humilitatis
2557 640 2853 711 exemplum
2879 682 2894 707 ,
2923 651 2979 696 ut
3008 660 3228 712 magnus
3252 654 3426 699 tumor
3456 657 3644 702 noster
3689 666 3786 703 mm

2216 727 2335 797 jore
2377 732 2640 786 contraria
2677 734 2938 788 medicina
2983 745 3278 792 sanaretur.
3321 739 3507 809 Magna
3547 751 3630 795 est
3668 744 3799 797 enim

2220 820 2452 884 miseria,
2484 824 2745 892 superbus
2771 824 2950 890 homo;
2980 827 3075 881 sed
3105 828 3274 897 major
3298 830 3687 896 misericordia,
3710 833 3802 886 hu-

2221 910 2362 964 milis
2407 913 2563 967 Deus.
2617 913 2726 968 llac
2771 929 2900 983 ergo
2943 915 3228 972 dilectione
3265 919 3357 973 tibi
3406 929 3658 991 tanquam
3705 924 3802 978 fine

2222 1004 2520 1070 proposito,
2563 1019 2670 1074 quo
2711 1003 2914 1060 referas
2951 1008 3126 1061 omnia
3171 1025 3289 1078 qua:
3336 1009 3508 1075 dicis,
3551 1011 3801 1081 quidquid

2223 1109 2405 1149 narras
2436 1097 2504 1149 ita
2542 1112 2730 1162 narra,
2764 1105 2823 1152 ut
2851 1097 2940 1152 ille
2982 1101 3067 1155 cui
3098 1102 3330 1172 loqueris
3370 1103 3640 1160 audiendo
3686 1122 3800 1161 cre-

2222 1183 2305 1237 tiat
2325 1227 2338 1248 ,
2369 1187 2636 1242 ercdemlo
2664 1198 2862 1256 speret.
2892 1193 3156 1262 sperando
3177 1204 3339 1247 amet.

2290 1273 2513 1332 CAPUT
2548 1278 2606 1332 γ.
2633 1310 2703 1319 -
2730 1280 2784 1335 9.
2807 1282 3062 1337 Accedens
3085 1283 3154 1336 ad
3178 1285 3532 1339 catecht'smum
3561 1299 3792 1341 scrutan-
3846 1287 3850 1292 ’

2221 1368 2314 1420 dus
2338 1385 2435 1437 quo
2462 1371 2562 1437 [ine
2589 1371 2702 1424 velit
2728 1373 2839 1439 fieri
2864 1374 3184 1428 Christianus.
3219 1375 3292 1430 De
3323 1377 3434 1444 ipsa
3465 1376 3628 1431 etiam
3655 1393 3801 1433 seve-

2219 1459 2377 1515 ritate
2410 1461 2524 1527 Dei,
2553 1478 2653 1531 qua
2683 1465 2842 1517 corda
2871 1467 3170 1519 mortalium
3212 1466 3568 1521 saluberrimo
3600 1476 3801 1523 terrore

2221 1550 2560 1619 quatiuntur,
2592 1552 2825 1608 charitas
2856 1554 3162 1610 mdiﬁcattda
3192 1565 3311 1620 cst;
3365 1565 3421 1610 ut
3448 1558 3514 1610 ab
3550 1574 3616 1613 eo
3645 1575 3799 1627 quem

2223 1641 2392 1706 timet,
2423 1645 2586 1697 amari
2612 1660 2669 1699 se
2697 1646 2955 1714 gaudens,
2976 1663 3098 1701 eum
3123 1647 3398 1704 redamare
3427 1648 3642 1716 audeat,
3672 1650 3802 1719 ejus-

2221 1749 2323 1802 que
2355 1734 2406 1788 in
2454 1751 2513 1790 se
2550 1736 2844 1802 dilectioni,
2891 1739 3101 1794 etiamsi
3149 1741 3362 1809 impune
3389 1750 3591 1811 posset,
3627 1749 3800 1796 tamen

2221 1823 2504 1894 displicere
2534 1838 2801 1882 vereatur.
2853 1829 3142 1885 llarissime
3190 1831 3386 1900 quippe
3433 1832 3666 1898 accidit,
3699 1833 3802 1886 itno

2221 1930 2349 1970 vero
2376 1932 2664 1987 nunquam,
2699 1929 2754 1972 ut
2781 1919 3062 1990 quisquam
3094 1922 3271 1976 veniat
3299 1923 3484 1977 volens
3517 1923 3629 1976 ﬁeri
3659 1923 3800 1976 chri-

2220 2011 2444 2075 stianus,
2477 2012 2564 2080 qui
2593 2027 2698 2066 non
2740 2013 2806 2066 sit
2845 2014 3022 2083 aliquo
3053 2013 3146 2068 Dei
3176 2015 3367 2070 timore
3407 2015 3704 2083 perculsus.
3748 2015 3801 2070 Si

2221 2102 2361 2157 enim
2391 2103 2603 2172 aliquod
2625 2105 2962 2160 commodunt
2989 2105 3350 2176 exspectando
3380 2107 3446 2162 ab
3475 2107 3800 2176 hominibus,

2221 2194 2413 2263 quibus
2452 2208 2510 2248 se
2555 2196 2711 2250 aliter
2749 2197 3066 2264 placiturum
3107 2212 3211 2252 non
3260 2206 3424 2268 putat,
3457 2205 3550 2252 aut
3590 2199 3803 2268 aliquod

2221 2283 2288 2337 ab
2313 2284 2618 2339 hominibus
2649 2271 3036 2340 incommodum
3061 2287 3366 2350 devitando,
3391 2305 3614 2357 quorum
3642 2289 3804 2343 ofl'en-

2221 2375 2428 2430 sioaem
2455 2387 2546 2430 aut
2583 2377 2883 2434 inimicitias
2911 2378 3238 2444 reformidat,
3273 2380 3385 2434 vult
3413 2380 3533 2434 ﬁeri
3560 2381 3803 2435 christia-

2221 2480 2355 2532 nus;
2388 2481 2494 2521 non
2529 2468 2642 2522 fieri
2669 2470 2782 2523 vult
2822 2472 2997 2540 potius
3031 2486 3190 2540 quam
3222 2471 3441 2542 fingere.
3473 2471 3638 2528 Fides
3663 2473 3800 2526 enim

2219 2573 2326 2614 non
2355 2574 2444 2614 res
2469 2569 2552 2614 est
2575 2561 2852 2615 salutantis
2879 2563 3168 2632 ‘corporis,
3193 2565 3299 2619 sed
3318 2563 3593 2620 credentis
3619 2567 3800 2621 animi.

2220 2650 2324 2706 Sed
2356 2653 2512 2722 plane
2547 2668 2688 2722 saipe
2718 2655 2868 2709 adest
2909 2657 3272 2712 misericordia
3302 2657 3394 2712 Dei
3427 2673 3522 2726 per
3559 2658 3802 2714 ministe-

2222 2743 2358 2797 rium
2401 2746 2799 2812 eatecltizantis,
2835 2758 2891 2800 ut
2917 2764 3164 2805 sermone
3205 2760 3505 2805 connnotus
3540 2751 3658 2822 jam
3694 2751 3801 2808 fieri

2224 2834 2352 2888 velit
2379 2835 2519 2904 quod
2550 2836 2861 2893 decreverat
2887 2838 3085 2908 fingere
3114 2859 3127 2894 :
3156 2841 3296 2911 quod
3323 2857 3441 2896 cum
3467 2844 3603 2898 velle
3632 2859 3806 2915 caepe-

2222 2924 2310 2987 rit,
2347 2935 2471 2979 tunc
2501 2943 2623 2980 eum
2657 2929 2864 2984 venisse
2893 2931 3230 2999 deputemus.
3281 2934 3348 2988 Et
3375 2934 3643 2988 occultum
3686 2936 3803 3005 qui-

2222 3013 2341 3068 dem
2387 3014 2538 3070 nobis
2588 3025 2671 3072 est
2714 3019 2970 3087 quattdo’
3009 3023 3182 3076 veniat
3227 3022 3426 3090 animo,
3472 3041 3635 3094 quem
3674 3025 3780 3096 jam

2227 3120 2453 3176 corpore
2488 3121 2804 3177 praesentem
2831 3113 3071 3167 videmus
3102 3133 3114 3168 :
3145 3114 3238 3169 sed
3270 3127 3446 3170 tamen
3485 3119 3562 3171 sic
3591 3134 3712 3172 cum
3739 3134 3806 3174 eo

2221 3195 2476 3252 debemus
2503 3214 2683 3268 agere,
2716 3211 2771 3254 ttt
2801 3201 2890 3256 fiat
2918 3204 2980 3256 in.
3016 3204 3106 3258 illo
3135 3204 3251 3258 lta-e
3288 3206 3532 3262 voluntas
3551 3249 3565 3274 ,
3599 3210 3804 3263 etiamsi

2223 3302 2329 3342 non
2355 3299 2454 3343 est.
2495 3289 2636 3344 Nihil
2677 3293 2816 3346 enim
2851 3295 3088 3364 deperit,
3132 3297 3344 3366 quando
3381 3299 3426 3353 si
3464 3305 3578 3364 εει,
3624 3303 3806 3372 utique

2227 3379 2316 3433 tali
2347 3388 2528 3434 nostra
2575 3384 2788 3439 actione
2835 3385 3091 3454 ﬁrmatur,
3123 3391 3364 3457 quamvis
3391 3406 3499 3461 quo
3544 3399 3804 3462 tempore,

2223 3470 2307 3525 vel
2336 3487 2440 3541 qua
2471 3472 2600 3528 hora
2635 3477 2885 3546 coeperit,
2921 3479 3242 3549 ignoremus.
3289 3482 3428 3537 Utile
3457 3493 3540 3538 est
3580 3499 3713 3540 sane
3752 3495 3809 3540 ut

2222 3576 2649 3631 prasmoncamur
2689 3576 2841 3621 antea
2864 3609 2879 3635 ,
2920 3569 2963 3622 si
2995 3569 3110 3624 ﬁeri
3141 3579 3348 3640 potest,
3378 3573 3444 3627 ab
3472 3573 3535 3628 iis
3564 3576 3656 3644 qui
3683 3591 3806 3630 eum

2223 3663 2453 3724 norunt,
2503 3657 2554 3711 in
2601 3673 2706 3728 quo
2756 3668 2892 3714 statu
2931 3662 3091 3716 animi
3134 3664 3237 3728 sit,
3267 3665 3348 3720 vel
3395 3665 3588 3735 quibus
3634 3667 3812 3722 causis

2222 3755 2524 3802 commotus
2547 3747 2612 3802 ad
2641 3749 3032 3820 suscipiendam
3057 3753 3368 3823 religionem
3394 3757 3624 3811 venerit.
3654 3758 3808 3826 Quod

2222 3840 2266 3894 si
2295 3839 2520 3896 defuerit
2547 3842 2683 3897 alius
2727 3859 2755 3896 a
2785 3860 2889 3914 quo
2921 3844 2972 3900 id
3015 3849 3340 3914 noverimus,
3373 3849 3531 3903 etiam
3564 3849 3682 3918 ipse
3726 3852 3806 3904 in-

2223 3934 2570 4002 terrogandus
2596 3944 2712 4002 est,
2744 3944 2800 3991 ut
2825 3953 2887 3992 ex
2919 3953 2985 3992 eo
3016 3939 3155 4008 quod
3187 3941 3524 4011 responderit
3551 3942 3810 3999 ducamus

2221 4028 2482 4082 sermonis
2525 4029 2821 4083 exordium.
2880 4030 2986 4086 Sed
3034 4032 3079 4086 si
3128 4032 3248 4088 ficto
3294 4043 3510 4104 pectore
3559 4037 3806 4103 accessit,

2223 4118 2451 4174 humana
2478 4121 2755 4177 commoda
2796 4125 3016 4194 cupiens
3039 4166 3054 4188 ,
3083 4127 3164 4180 vel
3209 4127 3545 4184 incommoda
3575 4127 3804 4200 fugiens,

2223 4213 2405 4283 utique
2435 4215 2753 4270 mentiturus
2779 4226 2861 4272 est
2894 4236 2908 4272 :
2940 4228 3116 4275 tamen
3145 4237 3209 4275 cx
3240 4237 3305 4276 eo
3335 4221 3450 4292 ipso
3478 4223 3625 4293 quod
3655 4241 3807 4280 men-

2224 4304 2387 4370 titur,
2420 4306 2732 4373 capiendum
2772 4316 2855 4363 est
2898 4309 3254 4380 principium;
3300 4327 3404 4366 non
3438 4321 3496 4368 ut
3534 4314 3809 4370 refellatur

2223 4394 2338 4462 ejus
2386 4396 2758 4465 mendacium,
2807 4400 2958 4469 quasi
3005 4401 3096 4455 tibi
3135 4411 3340 4456 certum
3385 4403 3473 4467 sit,
3521 4405 3618 4460 sed
3665 4415 3723 4460 ut
3762 4406 3806 4460 si

2222 4483 2416 4539 dixerit
2441 4501 2506 4540 eo
2535 4487 2810 4557 proposito
2848 4504 2907 4545 se
2937 4491 3146 4548 venisse
3174 4492 3315 4562 quod
3344 4509 3470 4550 vere
3499 4497 3801 4566 approban-

2221 4574 2347 4630 dutn
2388 4586 2491 4643 est,
2540 4579 2652 4634 sive
2694 4580 2784 4636 ille
2810 4597 2992 4637 verum
3025 4583 3137 4638 sive
3180 4584 3370 4640 falsum
3398 4585 3558 4652 dicat,
3594 4590 3704 4644 tale
3732 4599 3808 4644 ta-

2222 4682 2344 4722 men
2375 4671 2704 4739 propositum
2750 4672 2892 4741 quali
2931 4688 2988 4728 se
3030 4675 3239 4730 venisse
3280 4679 3588 4747 respondit,
3619 4694 3810 4750 appro-

2221 4757 2412 4812 bantes
2448 4768 2608 4829 atque
2652 4761 2947 4829 laudantes,
2978 4763 3231 4820 faciamus
3260 4783 3380 4821 eum
3406 4767 3663 4823 delectari
3690 4785 3807 4824 esse

2223 4861 2282 4902 se
2308 4848 2487 4916 talem,
2511 4852 2719 4920 qualem
2748 4853 2914 4908 videri
2943 4856 3105 4925 cultit.
3133 4856 3188 4912 Si
3215 4867 3390 4913 autent
3417 4860 3560 4914 aliud
3591 4862 3804 4927 dixerit,

2223 4953 2382 5008 quam
2423 4951 2633 5010 Oportet
2658 4957 2779 4998 esse
2811 4943 3070 5000 inanimo
3099 4947 3215 5016 ejus
3243 4949 3332 5017 qui
3374 4947 3667 5006 christiana
3710 4953 3808 5007 fide

2223 5033 2543 5089 imbuendus
2591 5045 2706 5102 est;
2759 5037 3002 5093 blandius
3049 5048 3103 5094 et
3147 5041 3322 5096 lenius
3365 5043 3808 5112 reprehendendo

2224 5131 2472 5192 tanquam
2501 5124 2689 5179 rudem
2720 5135 2775 5180 et
2813 5126 3050 5197 ignarum
3071 5169 3088 5196 ,
3121 5140 3174 5185 et
3215 5131 3520 5187 cltriStianm
3547 5135 3808 5190 doctrinm.

2223 5213 2385 5268 finem
2439 5214 2782 5270 verissimum
2847 5217 3263 5282 demonstrando
3319 5231 3477 5292 atque
3541 5224 3812 5280 laudando

2224 5303 2457 5359 breviter
2485 5314 2539 5360 et
2566 5310 2817 5376 graviter,
2843 5325 2911 5364 ne
2938 5321 3030 5364 aut
3057 5321 3298 5382 tempera
3324 5312 3518 5370 futura:
3546 5318 3816 5373 narratio.

2222 5396 2304 5450 nis
2351 5411 2614 5465 occupes,
2665 5406 2756 5452 aut
2801 5415 2921 5454 eam
2969 5417 3074 5457 non
3125 5404 3272 5474 prius
3320 5405 3584 5463 collocato
3629 5410 3818 5464 animo

2220 5487 2418 5542 audeas
2463 5487 2757 5556 imponere,
2807 5489 2974 5546 facias
3021 5508 3141 5548 eum
3191 5495 3329 5550 Velle
3381 5497 3522 5566 quod
3569 5509 3662 5551 aut
3720 5513 3825 5568 per

2285 5585 2454 5658 {.Editi
2478 5593 2550 5658 Er.
2587 5594 2645 5658 et.
2668 5593 2799 5658 Lov.2
2839 5588 3073 5658 attinendi.
3122 5592 3340 5658 Nonnulli
3383 5593 3596 5658 codices,
3621 5595 3830 5655 saliuis.»

2221 5647 2431 5714 Quidam,
2449 5647 2691 5714 saltantis.
2709 5651 2798 5697 sed
2824 5651 3045 5714 plerique
3067 5665 3124 5702 ac
3147 5655 3361 5705 melioris
3394 5651 3523 5706 noue
3562 5647 3672 5707 Liss.
3697 5647 3815 5709 cuti

2223 5710 2436 5778 editione
2462 5717 2580 5778 Am_.,
2619 5710 2868 5778 salutamus
2910 5727 2926 5763 :
2961 5710 3006 5764 id
3057 5724 3151 5775 est,
3176 5716 3391 5770 salutem
3421 5719 3527 5769 sive
3550 5731 3828 5778 assensum)

2222 5780 2367 5833 gestu
2393 5771 2720 5833 significantis.

2285 5837 2305 5865 ²
2338 5835 2409 5882 sic
2434 5846 2536 5883 Arn.
2565 5839 2636 5882 Er.
2666 5844 2713 5884 et
2875 5844 2926 5888 at
2948 5844 3077 5898 μοι,
3103 5852 3210 5899 quo.
