4072 6514
230 397 337 452 ΞΠ

225 523 475 564 errorem
503 517 596 570 ant
625 519 722 575 per
746 499 1142 556 simulationem
1172 494 1404 551 nomium
1437 491 1664 545 volebat.

302 596 537 653 CAPUT
571 595 654 651 Vl.
677 623 748 634 —
767 593 854 647 i0.
878 589 1162 645 Exordium
1189 583 1498 648 catechismi,
1526 592 1570 637 et
1601 582 1830 636 narratio

227 689 292 742 ab
327 689 542 742 historia
569 685 837 742 crcationis
877 681 1053 734 mundi
1097 693 1253 749 usque
1281 675 1348 730 ad
1383 690 1604 747 prwsens
1635 681 1830 744 tempus

231 779 502 848 Ειτζεδὶιε.
532 779 685 850 Quod
727 779 770 833 si
810 778 949 832 forte
989 788 1049 828 se
1091 771 1346 826 divinitus
1383 767 1713 822 admonitum
1744 765 1827 820 vel

235 876 482 928 territum
501 853 629 928 desse
655 869 1011 941 responderit.
1037 873 1093 921 ut
1117 865 1267 918 fieret
1293 860 1637 926 Christianus,
1664 858 1830 912 laetis-

234 969 439 1022 simum
470 965 622 1019 nobis
653 959 964 1020 exordiendi
992 958 1193 1012 aditum
1222 954 1457 1025 prtebet,
1498 962 1693 1022 quanta
1720 951 1831 1006 Deo

235 1062 309 1114 sit
341 1076 466 1113 cura
498 1074 594 1129 pro
625 1057 800 1111 nobis.
839 1055 981 1112 Sane
1007 1052 1074 1106 ab
1115 1047 1418 1120 hujusmodi
1450 1046 1826 1101 miraculorum

237 1151 357 1206 sive
402 1149 755 1213 somniorum,
799 1145 867 1200 ad
911 1145 1304 1214 Scripturarum
1356 1139 1661 1194 solidiorem
1690 1138 1827 1191 viam

233 1252 289 1295 ct
319 1240 538 1294 oracula
566 1239 796 1297 certiora
831 1233 1199 1295 transferenda
1226 1240 1309 1286 est
1335 1229 1450 1306 ejus
1481 1229 1738 1294 intentio;
1772 1236 1831 1282 ut

233 1344 291 1388 et
342 1334 429 1386 illa
473 1329 763 1385 admonitio
807 1343 964 1398 quam
997 1322 1416 1381 misericorditer
1444 1322 1493 1376 ei
1533 1329 1828 1390 prmrogata

235 1426 331 1484 sit.
368 1422 574 1478 noverit
619 1405 906 1492 antequam
948 1417 1235 1494 Scripturis
1278 1415 1477 1470 sanctis
1519 1415 1825 1467 inhaereret.

240 1518 310 1570 lit
345 1517 525 1585 utique
554 1510 1029 1569 demonstrandum
1069 1517 1151 1564 est
1190 1511 1237 1562 ei
1267 1506 1406 1578 quod
1435 1506 1546 1575 ipse
1574 1503 1830 1559 Dominus

235 1625 347 1661 non
375 1623 496 1661 eum
519 1605 829 1659 admoneret
851 1612 936 1655 aut
960 1600 1304 1669 compelleret
1332 1596 1446 1651 ﬁeri
1476 1595 1824 1649 christianum

233 1711 292 1755 et
325 1677 655 1768 incorporari
684 1696 962 1758 Ecclesia),
1005 1709 1096 1746 seu
1139 1691 1331 1756 talibus
1367 1690 1533 1758 signis
1562 1696 1652 1741 aut
1677 1702 1829 1742 reve-

235 1791 530 1846 lationibus
580 1788 854 1852 erudiret,
907 1785 1006 1840 nisi
1057 1784 1167 1854 jam
1218 1790 1572 1863 prteparatum
1622 1782 1723 1834 iter
1772 1777 1824 1832 in

234 1881 534 1950 Scripturis
564 1880 784 1944 sanetis,
831 1877 918 1931 ubi
959 1891 1063 1930 non
1107 1883 1372 1944 quzercrct
1399 1872 1632 1944 lvisibilia
1663 1870 1827 1924 mira-

234 1974 382 2040 cula,
435 1972 528 2026 sed
586 1969 868 2024 invisibilia
923 1981 1141 2038 sperare
1194 1971 1606 2027 consuesceret,
1657 1977 1828 2030 neque

235 2065 517 2116 dormiens
538 2103 550 2124 ,
588 2061 682 2114 sed
718 2059 943 2128 vigilans
975 2065 1313 2121 moneretur,
1346 2071 1467 2109 cum
1511 2053 1748 2107 securius
1774 2060 1829 2105 et

238 2156 409 2208 tutius
439 2167 662 2222 carpere
692 2151 961 2204 voluisset.
992 2145 1118 2201 lude
1155 2146 1264 2216 jam
1294 2143 1614 2198 exordiendo
1645 2157 1829 2196 narra-

244 2247 321 2302 tio
366 2254 473 2306 cst,
521 2244 588 2297 ab
634 2257 700 2297 co
744 2239 885 2311 quod
934 2238 1060 2294 fecit
1104 2238 1247 2291 Deus
1292 2237 1468 2290 omnia
1511 2236 1646 2289 bona
1677 2234 1828 2288 valde

239 2335 398 2400 (Gen.
431 2337 506 2404 ι),
537 2341 592 2387 et
621 2330 982 2402 perducenda,
1017 2337 1075 2382 ut
1102 2327 1330 2382 diximus
1353 2369 1367 2393 ,
1402 2342 1566 2395 usque
1593 2326 1657 2378 ad
1689 2341 1827 2394 prac-

240 2429 413 2483 sentia
458 2437 696 2497 tempora
728 2424 1021 2480 Ecclesiae:
1065 2423 1138 2476 ita
1184 2429 1242 2476 ut
1279 2421 1603 2490 singularum
1649 2435 1826 2472 rerum

240 2532 401 2590 atque
443 2528 714 2588 gestorum
750 2532 868 2588 qum
912 2529 1228 2580 narramus,
1274 2527 1448 2566 causa!
1491 2511 1830 2578 rationesque

240 2615 534 2670 reddantur
553 2655 566 2676 ,
594 2613 790 2693 quibus
820 2625 882 2666 ea
915 2607 1209 2663 referamus
1235 2605 1299 2659 ad
1332 2605 1478 2658 illum
1511 2605 1669 2658 linem
1697 2602 1830 2657 dile-

241 2705 462 2772 ctionis,
497 2704 632 2758 unde
676 2717 850 2776 neque
878 2700 1080 2770 agentis
1110 2697 1308 2768 aliquid
1353 2711 1525 2766 neque
1566 2693 1829 2764 loquentis

243 2795 439 2848 oculos
465 2786 782 2852 avertendus
809 2801 909 2847 est.
943 2790 999 2843 Si
1030 2790 1171 2843 enim
1202 2789 1349 2840 ﬁctas
1379 2795 1653 2855 poetarum
1683 2783 1832 2838 fabu-

240 2891 348 2950 las,
399 2895 452 2938 ct
496 2885 558 2938 ad
591 2886 914 2957 voluntatem
945 2883 960 2914 ¹
993 2879 1314 2955 excogitatas
1355 2879 1653 2932 animorum
1695 2891 1828 2946 quo-

241 2996 364 3034 rum
412 2978 560 3033 cibus
610 2993 764 3047 nugae
811 2984 970 3040 sunt,
1023 2986 1197 3027 tamen
1251 2971 1373 3025 boni
1427 2971 1516 3041 qui
1569 2969 1828 3038 habentur

235 3081 406 3140 atque
436 3068 772 3139 appellantur
798 3065 1168 3136 grammatici,
1197 3061 1262 3116 ad
1291 3062 1518 3132 aliquam
1551 3061 1830 3116 utilitatem

235 3161 449 3220 referre
500 3169 804 3225 conantur,
851 3172 1150 3228 quanquam
1201 3163 1257 3216 et
1310 3155 1477 3223 ipsam
1542 3168 1728 3207 vanam
1779 3159 1834 3207 et

235 3254 453 3308 avidam
504 3253 701 3322 sagina:
751 3250 1062 3316 saecularis;
1110 3255 1309 3316 quanto
1362 3260 1458 3310 nos
1507 3244 1662 3298 decet
1711 3258 1832 3297 esse

233 3349 512 3404 cautiores
535 3389 549 3413 ,
584 3361 651 3401 ne
683 3347 767 3399 illa
808 3360 925 3418 qua:
954 3357 1080 3401 vera
1111 3340 1388 3395 narramus
1408 3379 1422 3404 ,
1456 3338 1572 3392 sine
1615 3351 1830 3391 suarum

242 3455 532 3494 causarum
583 3436 882 3492 redditione
929 3433 1168 3502 digesta,
1217 3439 1310 3484 aut
1358 3429 1500 3482 inani
1550 3428 1830 3494 suavitate,

237 3541 337 3586 aut
390 3530 551 3584 etiam
617 3527 914 3598 perniciosa
971 3522 1260 3594 cupiditate
1323 3520 1660 3575 credantur?
1715 3519 1831 3574 Non

241 3631 427 3676 tamen
456 3621 534 3674 sic
562 3633 870 3674 asseramus
899 3615 997 3670 has
1025 3627 1233 3676 causas,
1271 3619 1328 3664 ut
1355 3611 1541 3665 relicto
1571 3609 1836 3664 narratio-

240 3716 332 3770 nis
365 3723 558 3778 tractu,
591 3727 686 3766 cor
730 3721 968 3765 nostrum
999 3716 1054 3763 et
1100 3707 1275 3777 lingua
1329 3705 1382 3759 in
1428 3704 1598 3759 nodos
1637 3703 1834 3758 difﬁci-

243 3805 402 3860 lioris
441 3802 817 3874 disputationis
859 3806 1147 3862 excurrat;
1194 3795 1288 3852 sed
1321 3795 1434 3865 ipsa
1459 3795 1658 3849 veritas
1683 3793 1837 3848 adhi-

239 3896 373 3951 bita:
403 3894 624 3959 rationis
651 3895 698 3960 ’,
731 3890 879 3962 quasi
912 3903 1100 3943 aurum
1127 3887 1198 3942 sit
1229 3899 1558 3956 gemmarum
1589 3883 1834 3937 ordinem

244 3989 443 4059 ligans,
474 4003 578 4040 non
611 3994 786 4039 tamen
818 3980 1115 4037 ornamenti
1146 3979 1339 4034 seriem
1372 3976 1478 4031 ulla
1507 3974 1834 4030 immodera—

237 4084 394 4136 tione
442 4078 779 4150 perturbans.

314 4171 543 4227 CAPUT
585 4169 696 4223 Vll.
727 4197 798 4220 —.-
839 4167 926 4221 ll.
958 4163 1311 4228 Resurrectio,
1351 4160 1606 4233 judicium
1646 4169 1694 4214 et
1733 4160 1839 4223 alia

249 4264 489 4335 quedam
534 4271 646 4332 post
673 4259 1015 4314 uenationem
1039 4255 1339 4310 intimanda.
1371 4252 1687 4308 Narratiooe
1719 4247 1840 4306 lini-

241 4343 319 4433 ta,
350 4368 476 4424 spes
501 4350 906 4408 resurrectionis
939 4345 1232 4404 intimanda
1265 4345 1346 4401 est
1369 4386 1384 4411 ,
1411 4352 1467 4399 et
1497 4357 1594 4414 pro
1620 4342 1837 4413 capaci-

241 4455 356 4504 tate
409 4461 474 4500 ac
513 4444 718 4499 viribus
767 4439 1068 4502 audientis.
1103 4451 1307 4509 proque
1358 4435 1525 4506 ipsius
1576 4434 1839 4504 temporis

242 4537 508 4601 modulo,
556 4535 815 4590 adversus
859 4545 1024 4586 vanas
1084 4529 1362 4584 irrisiones
1422 4525 1717 4582 infidelium
1769 4525 1840 4581 de

242 4628 492 4697 corporis
534 4624 936 4680 resurrectione
965 4619 1300 4676 tractandum
1322 4661 1337 4686 ,
1369 4627 1424 4675 et
1465 4617 1625 4673 futuri
1666 4618 1839 4674 ultimi

240 4719 432 4790 jndicii
465 4718 697 4772 bonitate
725 4716 777 4768 in
817 4714 1008 4778 bonos,
1041 4711 1326 4767 severitate
1365 4710 1416 4764 in
1459 4709 1664 4776 malos,
1694 4709 1838 4764 veri-

246 4820 360 4864 tate
400 4810 452 4863 in
495 4823 722 4871 omnes;
763 4802 1302 4871 commemoratisque
1329 4816 1450 4855 cum
1480 4800 1840 4856 detestatione

246 4911 304 4957 et
334 4900 559 4955 horrore
591 4898 762 4968 ιιωιιίε
795 4897 1099 4966 impiorum,
1133 4909 1357 4964 regnum
1382 4893 1649 4962 justornm
1679 4902 1842 4963 atque

247 4993 489 5047 ﬁdelium
538 4998 593 5044 et
643 5003 874 5058 superna
925 4987 1010 5040 illa
1066 4985 1256 5040 civitas
1305 4984 1529 5053 ejusque
1587 4983 1840 5052 gaudium

251 5099 378 5138 cum
399 5081 670 5138 desiderio
697 5077 1093 5150 praedicandum
1115 5084 1214 5131 est.
1235 5074 1376 5128 Tum
1405 5090 1536 5130 vero
1565 5073 1840 5129 instruen-

246 5176 314 5229 da
363 5184 416 5228 et
484 5171 773 5228 animanda
830 5164 914 5224 eSt
961 5168 1246 5223 inﬁrmitas
1307 5167 1540 5222 hominis
1585 5166 1842 5221 adversus
1909 5189 1913 5194 σ

245 5265 574 5322 teutationes
603 5272 660 5319 et
684 5261 940 5318 scandala
959 5303 976 5328 ,
1007 5261 1120 5315 sive
1150 5258 1280 5320 foris
1306 5259 1418 5312 sive
1447 5259 1500 5312 in
1543 5258 1655 5328 ipsa
1702 5259 1842 5312 intus

251 5358 493 5414 Ecclesia
534 5372 550 5409 :
602 5353 733 5410 foris
778 5352 1035 5408 adversus
1082 5351 1323 5407 Gentiles
1372 5349 1456 5404 vel
1503 5349 1717 5404 Judmos
1758 5349 1842 5404 vel

247 5450 582 5513 hereticos;
629 5447 777 5502 intus
825 5454 1004 5499 autem
1054 5441 1314 5498 adversus
1369 5456 1511 5496 area:
1559 5441 1844 5496 dominica:

315 5633 333 5666 ι
371 5639 474 5680 Am.
501 5634 556 5679 et
572 5625 798 5690 plerique
820 5631 951 5687 Itss.,
975 5621 1279 5690 coluntatem.

313 5698 334 5729 ε
369 5679 610 5741 {siem-uis
629 5679 783 5738 cod'ex
831 5679 1156 5736 Ceriieiensis.
1183 5692 1239 5733 At.
1280 5684 1568 5740 Victorinus,
1617 5679 1847 5733 mllubitte

245 5752 565 5806 narrationis.
593 5750 832 5800 Editiones
856 5758 953 5798 Am.
974 5756 1027 5800 et
1050 5755 1144 5809 tua,
1171 5746 1391 5798 adhibita
1414 5745 1603 5797 rationi.
1626 5745 1847 5808 Denique

246 5825 384 5878 ιον..
403 5815 627 5880 adtubtta
648 5810 866 5864 ratiom's.

1658 374 1859 432 LIBER
1898 371 2095 432 UNUS.

3420 381 3524 454 sta

1943 491 2166 558 paleam.
2211 491 2326 547 Non
2366 504 2631 554 utcontra
2673 497 2877 568 singula
2921 513 3294 568 perversurum
3321 515 3518 572 genera

1936 583 2253 652 disputetur,
2287 601 2580 656 omnesque
2609 587 2820 644 illorum
2864 605 3039 658 prava:
3069 591 3348 659 opiniones
3389 608 3516 662 pro—

1938 679 2122 747 positis
2161 679 2541 748 quaestionibus
2590 680 2939 748 refellantur;
2993 683 3088 738 sed
3132 701 3228 754 pro
3276 694 3518 756 tempore

1937 768 2083 822 brevi
2135 769 2608 825 demonstrandum
2657 780 2742 827 est
2790 772 2861 827 ita
2909 787 3031 828 esse
3080 775 3414 844 praedictum,
3463 786 3518 831 et

1936 873 2055 927 qua:
2083 859 2150 913 sit
2189 861 2388 915 utilitas
2417 863 2767 917 tentationttm
2805 865 3111 919 erudiendis
3151 865 3426 933 ﬁdelibus,
3463 877 3517 922 et

1935 965 2056 1023 qua:
2087 952 2344 1011 medicina
2375 955 2427 1008 in
2467 955 2713 1024 exemplo
2755 957 3022 1025 patientia:
3057 957 3187 1024 Dei,
3216 960 3304 1029 qui
3333 961 3517 1015 statuit

1937 1060 2103 1115 usque
2147 1045 2201 1100 in
2247 1046 2404 1100 ﬁnem
2442 1047 2539 1101 ista
2587 1049 2915 1116 permittere.
2947 1047 3081 1103 Cum
3107 1064 3234 1104 vero
3261 1051 3518 1105 adversus

1936 1149 2030 1188 eos
2062 1136 2368 1200 instruitur,
2402 1153 2624 1205 quorum
2667 1153 2935 1206 perversa:
2974 1138 3143 1193 turba:
3170 1140 3517 1208 corporaliter

1935 1229 2159 1300 implent
2189 1231 2463 1294 ecclesias,
2507 1232 2662 1286 simul
2709 1233 2870 1288 etiam
2902 1242 3166 1303 praecepta
3206 1233 3439 1288 breviter
3462 1244 3518 1289 et

1935 1322 2188 1378 decenter
2226 1332 2712 1379 commemorentur
2740 1323 3048 1379 christiana:
3081 1334 3241 1395 atque
3278 1324 3518 1380 honesta:

1934 1417 2376 1483 conversationis,
2415 1432 2482 1471 ne
2507 1417 2574 1472 ab
2601 1417 2848 1484 cbriosis,
2881 1417 3088 1483 avaris,
3123 1416 3518 1472 fraudatoribus

1935 1509 2277 1575 aleatoribus,
2304 1509 2560 1563 adulteris
2579 1549 2594 1576 ,
2625 1507 3054 1574 fornicatoribus,
3085 1509 3514 1578 spectaculorum

1934 1601 2258 1655 amatoribus
2278 1643 2292 1664 ,
2323 1601 2678 1656 remediorum
2715 1601 3095 1670 sacrilegorum
3127 1600 3514 1670 alligatoribus,

1935 1693 2444 1760 prfecantatoribus,
2473 1691 2861 1746 mathematicis
2881 1735 2898 1757 ,
2932 1693 3015 1746 vel
3044 1692 3397 1762 quarumlibet
3426 1707 3517 1745 ar-

1937 1785 2064 1842 tium
2086 1801 2340 1839 vanarum
2362 1795 2414 1839 et
2439 1786 2696 1840 malarum
2719 1785 3126 1850 divinatoribus,
3153 1795 3312 1856 atque
3337 1785 3520 1856 hujus-

1934 1875 2077 1937 modi
2107 1877 2315 1938 caeteris
2355 1878 2425 1930 ita
2459 1877 2610 1932 facile
2638 1877 2946 1942 seducatur,
2977 1886 3030 1930 ct
3061 1877 3374 1946 impunitum
3415 1876 3516 1930 sibi

1935 1970 2047 2023 fore
2100 1967 2416 2032 arbitretur,
2471 1969 2592 2038 quia
2641 1969 2783 2022 videt
2834 1969 3030 2023 multos
3087 1969 3179 2038 qui
3232 1969 3513 2023 christiani

1933 2061 2270 2130 appellantur
2289 2103 2302 2125 ,
2335 2060 2449 2114 hrce
2477 2075 2688 2123 amare,
2721 2068 2776 2113 ct
2804 2075 2961 2130 agere
2983 2100 2998 2125 ,
3028 2068 3082 2112 ct
3115 2059 3399 2114 defendere
3424 2101 3437 2124 ,
3466 2066 3520 2112 et

1934 2153 2190 2217 Suadere,
2219 2161 2273 2207 et
2303 2151 2645 2224 persuadere.
2679 2151 2808 2223 Quis
2848 2153 2988 2205 enim
3031 2151 3150 2204 ﬁnis
3191 2151 3520 2220 praestitutus

1933 2245 2002 2300 sit
2028 2247 2076 2298 in
2111 2246 2198 2298 tali
2230 2245 2332 2298 vita
2377 2245 2863 2314 perseverantibus,
2896 2253 2951 2299 et
2990 2260 3146 2314 quam
3178 2245 3284 2297 sint
3325 2245 3374 2297 in
3405 2245 3515 2313 ipsa

1936 2339 2169 2392 Ecclesia
2217 2339 2495 2404 tolerandi,
2544 2354 2609 2394 ex
2640 2354 2743 2408 qua
2789 2339 2842 2392 in
2887 2337 2992 2392 ﬁne
3039 2337 3321 2406 separandi
3368 2347 3514 2401 sunt,

1933 2429 2236 2484 divinorum
2290 2430 2569 2486 Librorum
2637 2431 2953 2485 testimoniis
3019 2431 3347 2485 edocendum
3412 2440 3512 2484 est.

1937 2520 2403 2577 Prmmmtiandum
2434 2531 2517 2575 est
2542 2523 2701 2576 etiam
2733 2521 3073 2575 inventurum
3103 2537 3224 2575 cum
3254 2521 3303 2576 in
3332 2522 3518 2576 Eccle-

1935 2611 2012 2665 sia
2042 2612 2234 2670 multos
2260 2611 2580 2669 christianos
2607 2612 2775 2668 bonos
2799 2653 2814 2678 ,
2845 2613 3149 2667 verissimos
3178 2611 3322 2666 cives
3349 2612 3518 2667 cccle-

1935 2705 2031 2758 stis
2057 2704 2374 2770 Jerusalem,
2419 2704 2464 2758 si
2508 2719 2627 2758 esse
2657 2704 2770 2774 ipse
2811 2704 3053 2773 coeperit.
3103 2703 3183 2757 Ad
3219 2714 3518 2758 extremum

1936 2812 2004 2850 ne
2046 2811 2169 2865 spes
2213 2797 2327 2866 ejus
2375 2798 2428 2850 in
2475 2797 2688 2853 homine
2720 2808 2964 2866 ponatur,
3011 2797 3195 2851 scdulo
3225 2797 3520 2850 monendus

1937 2896 2063 2941 est:
2112 2889 2232 2957 quia
2278 2903 2450 2957 neque
2495 2887 2651 2942 facile
2696 2888 2764 2941 ab
2812 2888 3028 2942 homine
3072 2888 3299 2956 judicari
3346 2896 3522 2956 potest

1937 2978 2054 3047 quis
2085 2978 2245 3032 homo
2290 2979 2359 3032 sit
2399 2977 2615 3048 justus;
2663 2987 2716 3033 et
2755 2979 2798 3033 si
2846 2976 3003 3033 facile
3034 2987 3234 3048 posset,
3266 2994 3371 3032 non
3401 2977 3522 3032 idco

1937 3073 2092 3126 nobis
2122 3072 2348 3142 proponi
2375 3071 2617 3142 exempla
2645 3071 2933 3141 justorum,
2968 3080 3024 3125 ut
3048 3069 3115 3124 ab
3144 3071 3221 3125 eis
3256 3069 3521 3140 justilicc-

1939 3179 2080 3229 mur,
2109 3163 2202 3217 sed
2233 3171 2289 3216 ut
2311 3176 2405 3216 eos
2433 3162 2702 3216 imitantes
2728 3162 2796 3216 ab
2829 3175 3013 3216 eorum
3045 3159 3398 3230 justiﬁcatore
3427 3173 3524 3214 nos

1938 3273 2147 3327 quoque
2168 3255 2452 3326 justiﬁeari
2484 3255 2731 3310 sciamus.
2763 3255 2898 3309 llinc
2936 3253 3078 3308 enim
3107 3253 3215 3319 ﬁet,
3237 3253 3378 3323 quod
3405 3268 3522 3307 ma~

1942 3350 2080 3403 xime
2108 3349 2590 3406 commendandum
2621 3355 2722 3414 est,
2767 3356 2826 3402 ut
2851 3364 2970 3402 cum
3001 3347 3088 3402 ille
3113 3347 3202 3417 qui
3232 3361 3331 3401 nos
3357 3345 3519 3410 audit,

1940 3439 2048 3495 imo
2077 3457 2174 3510 per
2201 3456 2298 3496 nos
2337 3441 2485 3497 audit
2523 3442 2710 3505 Deum,
2745 3441 2983 3494 moribus
3007 3448 3061 3495 et
3099 3440 3320 3494 scientia
3359 3439 3522 3510 proﬁ-

1941 3547 2062 3586 ccre
2100 3535 2342 3602 coeperit,
2389 3542 2442 3587 et
2469 3533 2606 3586 viam
2630 3532 2830 3588 Christi
2868 3533 3117 3587 alacriter
3155 3532 3380 3604 ingredi,
3425 3548 3525 3588 nec

1943 3625 2094 3678 nobis
2123 3626 2172 3678 id
2200 3625 2396 3680 audeat
2420 3626 2712 3695 assignare,
2744 3640 2840 3680 nec
2867 3626 2966 3680 sibi
2991 3641 3006 3690 ;
3036 3625 3130 3680 sed
3156 3633 3210 3680 et
3242 3641 3301 3681 se
3328 3626 3522 3694 ipsum,

1941 3723 1993 3768 et
2023 3731 2139 3782 nos,
2171 3726 2224 3770 et
2262 3731 2626 3788 quoscumque
2651 3717 2783 3771 alios
2813 3716 2984 3786 diligit
3009 3717 3209 3771 amicos
3230 3758 3244 3781 ,
3273 3717 3325 3770 in
3354 3717 3442 3770 illo
3473 3725 3528 3769 et

1943 3816 2158 3878 propter
2200 3808 2347 3863 ἱΙΙιηιι
2390 3808 2592 3878 diligat,
2625 3808 2713 3876 qui
2741 3823 2862 3862 eum
2903 3807 3089 3862 dilexit
3131 3807 3426 3872 inimicum,
3471 3819 3529 3860 ut

1936 3901 2238 3971 justiﬁcans
2264 3901 2463 3956 faceret
2486 3902 2734 3956 amicum.
2766 3900 2862 3954 llic
2886 3899 2994 3968 jam
3025 3915 3129 3952 non
3156 3907 3209 3954 te
3237 3906 3364 3968 puto
3391 3915 3531 3968 pra:-

1941 4001 2157 4063 ceptore
2185 3993 2441 4064 indigere,
2475 4001 2530 4048 ut
2569 4008 2688 4048 cum
2719 4001 2972 4062 occupata
2999 4002 3126 4048 sunt
3153 3999 3414 4060 tempora,
3446 3991 3530 4046 vel

1943 4094 2053 4152 tua,
2100 4086 2183 4144 vel
2211 4100 2396 4141 eorum
2427 4084 2517 4154 qui
2563 4093 2614 4138 te
2654 4083 2894 4147 audiunt,
2923 4083 3158 4138 breviter
3196 4097 3360 4153 agas;
3405 4097 3526 4137 cum

1944 4186 2122 4231 autem
2169 4175 2416 4246 largiora,
2469 4174 2648 4246 argins
2693 4174 3004 4244 eloquaris:
3048 4173 3150 4228 hoc
3191 4172 3334 4228 enim
3384 4173 3531 4228 nullo

1943 4267 2263 4324 admonente
2291 4268 2401 4338 ipsa
2432 4266 2725 4321 necessitas
2750 4265 3011 4337 prtecipit.

2014 4359 2240 4416 CAPUT
2280 4358 2411 4415 Vlll.
2437 4389 2510 4399 —
2536 4358 2624 4414 12.
2655 4356 2858 4411 Eruditi
2887 4355 3138 4427 quomodo
3163 4354 3532 4410 catechizandi.

1942 4453 2049 4517 Sed
2074 4453 2202 4508 illud
2228 4453 2387 4524 plane
2429 4466 2537 4506 non
2580 4448 3009 4521 praetereundum
3051 4455 3155 4515 est,
3195 4456 3254 4502 ut
3294 4447 3340 4501 si
3383 4446 3451 4502 ad
3483 4456 3534 4503 te

1943 4546 2225 4618 quisquam
2254 4542 2664 4600 catechizandus
2691 4540 2902 4598 venerit
2940 4539 3250 4595 liberalibus
3275 4538 3533 4594 doctrinis

1945 4638 2207 4704 excultus,
2236 4635 2324 4706 qui
2350 4635 2460 4706 jam
2489 4633 2790 4689 decreverit
2813 4647 2935 4688 esse
2959 4632 3301 4699 christianos,
3333 4640 3390 4686 et
3413 4631 3534 4685 ideo

1947 4731 2154 4786 venerit
2181 4739 2238 4784 ut
2264 4729 2374 4795 ﬁat,
2404 4727 2772 4784 difﬁcillimum
2801 4728 3020 4782 omnino
3044 4735 3128 4782 est
3151 4734 3208 4781 ut
3234 4741 3336 4779 non
3367 4726 3532 4778 multa

1945 4833 2249 4881 nostrarum
2309 4821 2692 4891 scripturarum
2747 4820 3149 4889 litterarumque
3201 4817 3532 4887 cognoverit,

1946 4915 2139 4987 quibus
2176 4915 2286 4986 jam
2332 4915 2624 4970 instructus
2652 4913 2717 4968 ad
2745 4911 3213 4968 Sacramentorum
3246 4909 3520 4978 participa-

1950 5009 2148 5064 tionem
2182 5005 2550 5064 tantummodo
2578 5004 2803 5059 venerit.
2847 5003 3002 5058 Tales
3029 5001 3170 5056 enim
3209 5014 3313 5052 non
3343 4997 3532 5052 eadem

1949 5101 2078 5157 hora
2107 5115 2210 5171 qua
2241 5097 2514 5156 christiani
2542 5095 2694 5163 ﬁunt,
2726 5093 2821 5149 sed
2847 5101 2969 5146 ante
2999 5091 3173 5146 solent
3211 5088 3386 5142 omnia
3418 5089 3538 5142 dili-

1947 5205 2135 5266 genter
2182 5193 2476 5264 inquirere,
2521 5199 2576 5244 et
2618 5197 2794 5243 motus
2820 5185 2983 5240 animi
3031 5183 3134 5249 sui,
3180 5197 3300 5238 cum
3346 5182 3540 5252 quibus

1951 5293 2194 5358 possunt,
2224 5281 2622 5340 communicare
2659 5288 2818 5348 atque
2846 5276 3135 5332 discutere.
3161 5272 3297 5329 Cum
3325 5269 3406 5327 his
3436 5274 3532 5328 ita-

1949 5400 2052 5455 que
2077 5382 2308 5439 breviter
2332 5379 2592 5451 agendum
2619 5385 2720 5443 est,
2747 5383 2800 5430 et
2829 5390 2933 5429 non
2961 5372 3146 5428 odiose
3177 5372 3193 5404 ³
3222 5367 3540 5426 inculcando

1950 5491 2070 5547 qua:
2098 5486 2314 5534 norunt,
2343 5471 2436 5527 sed
2468 5469 2708 5524 modeste
2737 5463 3178 5537 perstringendo;
3211 5466 3280 5518 ita
3311 5473 3369 5518 ut
3397 5462 3541 5518 dica-

1952 5584 2073 5624 mus
2121 5581 2220 5622 nos
2263 5564 2485 5620 credere
2531 5561 2672 5634 quod
2718 5561 2828 5633 jam
2878 5559 3126 5616 noverint
3171 5556 3332 5623 illud,
3380 5564 3540 5626 atque

1954 5664 2080 5720 illud
2108 5682 2121 5730 ;
2151 5673 2308 5732 atque
2337 5661 2439 5716 hoc
2464 5659 2623 5715 modo
2648 5657 2843 5716 cursim
2871 5669 3186 5713 enumerare
3213 5651 3390 5708 omnia
3422 5665 3540 5722 qua:

2019 5807 2035 5850 ι
2062 5801 2131 5856 Αἷί
2148 5809 2250 5878 ptol.
2272 5809 2400 5855 Mss,
2425 5800 2585 5856 oL'ose.
