4072 6502
555 433 661 488 5ἱ9

551 543 772 600 rudibus
815 537 1142 605 indoctisque
1175 530 1482 588 inculcanda
1527 538 1652 585 sunt
1689 545 1700 580 :
1755 535 1813 580 ut
1859 524 1958 580 etsi
2005 520 2132 592 quid

551 636 697 688 novit
723 631 960 688 eruditus
999 629 1119 692 iste,
1154 641 1260 679 non
1305 634 1552 692 tanquam
1581 637 1612 675 a
1649 621 1868 675 doctore
1914 615 2133 681 audiat;

550 733 604 777 et
632 722 677 777 si
718 721 840 790 quid
884 719 1057 772 adhuc
1100 717 1308 788 ignorat
1333 716 1374 780 ⁸,
1404 714 1530 768 dum
1563 728 1624 766 ea
1653 719 2135 765 commemoramus

553 831 670 882 qua:
699 815 842 867 illum
871 826 1030 865 nosse
1051 810 1162 880 jam
1190 807 1478 870 credimus,
1509 804 1700 858 discat.
1731 801 1840 855 Nec
1866 801 1978 869 ipse
2007 813 2138 851 sane

553 908 811 961 inutiliter
859 907 1250 974 interrogatur,
1300 901 1492 969 quibus
1539 897 1699 951 rebus
1749 903 1927 948 motus
1971 891 2040 945 sit
2083 897 2140 942 ut

553 999 679 1051 \‘i-lit
701 1013 818 1051 esse
839 996 1161 1049 Christianus
1185 1011 1199 1046 :
1229 1001 1284 1045 nt
1309 992 1352 1044 si
1384 991 1531 1044 libris
1559 989 1604 1042 ei
1634 999 1944 1058 persuasum
1972 983 1993 1013 ¹
2021 995 2140 1036 esse

556 1089 776 1151 videris,
826 1089 938 1139 sive
989 1082 1277 1138 canonicis.
1307 1081 1418 1136 sive
1447 1078 1651 1132 utilium
1680 1084 2042 1138 traetatorum,
2073 1070 2141 1126 de

557 1177 642 1232 his
682 1176 879 1246 aliquid
911 1175 962 1229 in
1006 1172 1267 1242 principio
1306 1169 1558 1239 loquaris,
1592 1165 1898 1221 collaudans
1924 1178 2018 1217 eos
2046 1175 2141 1231 pro

556 1269 865 1323 diversitate
893 1267 1204 1321 meritorum
1237 1262 1505 1316 canonica:
1542 1257 1869 1312 auctoritatis
1895 1263 1948 1308 et
1977 1269 2142 1324 expo-

559 1361 801 1413 nentium
831 1358 850 1389 ⁸
878 1355 1240 1412 solertissinuc
1265 1352 1548 1420 diligentia:
1573 1366 1586 1414 ;
1626 1348 1961 1415 maximeque
1989 1360 2139 1397 eom-

561 1450 822 1505 mendans
853 1449 903 1502 in
933 1446 1220 1517 Scripturis
1261 1444 1532 1499 canonicis
1559 1439 1882 1494 admiranda:
1908 1436 2140 1490 altitudi-

557 1541 642 1596 nis
692 1539 1099 1595 saluberrimam
1147 1537 1520 1599 humilitatem,
1569 1533 1619 1586 in
1670 1532 1774 1585 illis
1819 1540 1996 1584 autem
2049 1542 2143 1597 pro

557 1649 652 1688 sua
695 1633 952 1703 cujusque
999 1630 1249 1686 facultate
1295 1635 1474 1697 aptum
1503 1623 1920 1696 superbioribus,
1953 1629 2004 1675 et
2048 1635 2142 1688 per

557 1728 660 1782 hoc
699 1726 1079 1781 infirmioribus
1105 1724 1294 1778 animis
1315 1763 1328 1786 ,
1357 1722 1535 1776 stilum
1565 1717 1885 1773 sonantioris
1912 1721 1966 1768 et
1991 1712 2140 1783 quasi

555 1819 864 1878 tornatioris
908 1817 1103 1887 eloquii
1147 1815 1190 1868 ⁸.
1241 1815 1379 1870 Sane
1421 1813 1578 1866 etiam
1623 1807 2026 1879 exprimendum
2075 1803 2142 1857 dc

558 1913 654 1966 illo
680 1921 764 1967 est
805 1919 862 1966 ut
903 1911 1101 1964 iudicet
1143 1923 1300 1978 quem
1341 1905 1571 1959 maxime
1614 1903 1822 1971 legerit,
1855 1908 1908 1954 ct
1950 1897 2143 1968 quibus

556 2002 710 2058 libris
738 2000 1052 2055 familiarius
1095 1998 1384 2059 inha:serit,
1419 1995 1558 2050 unde
1596 1994 1669 2048 illi
1712 2006 2021 2063 persuasum
2061 1996 2144 2043 est

559 2103 618 2146 ut
647 2093 839 2147 sociari
867 2093 1023 2147 vellet
1052 2089 1324 2144 Ecclesim.
1355 2087 1505 2154 Quod
1537 2102 1657 2140 eum
1692 2083 1906 2148 dixerit,
1946 2091 2056 2135 tum
2097 2080 2143 2134 si

555 2185 708 2238 nobis
740 2183 848 2236 noti
875 2190 996 2235 sunt
1024 2181 1093 2234 illi
1129 2180 1268 2243 libri,
1293 2188 1382 2232 aut
1401 2175 1760 2232 ecclesiastica
1792 2173 1928 2227 fama
1954 2175 2142 2225 saltem

558 2275 860 2343 accepimus
905 2289 932 2326 a
973 2272 1236 2326 catholico
1277 2271 1453 2339 aliquo
1497 2265 1827 2322 memorabili
1869 2265 1982 2318 viro
2024 2277 2143 2317 esse

557 2367 912 2436 conscriptos,
944 2365 1049 2418 laeti
1094 2362 1471 2432 approbemus.
1518 2358 1572 2415 Si
1601 2367 1778 2412 autem
1824 2357 1876 2411 in
1917 2355 2142 2424 alicujus

559 2455 795 2512 haeretici
839 2455 1101 2509 volumina
1149 2452 1404 2517 incurrit,
1438 2461 1490 2504 et
1533 2449 1778 2503 nesciens
1821 2445 1957 2500 forte
2001 2442 2142 2514 quod

551 2561 676 2602 vera
723 2546 855 2601 fides
904 2545 1188 2615 improbat,
1240 2542 1409 2597 tenuit
1458 2541 1676 2604 animo,
1722 2546 1776 2593 et
1817 2535 2141 2591 catholicum

551 2654 672 2693 esse
698 2639 1018 2698 arbitratur;
1045 2635 1232 2690 sedulo
1258 2633 1563 2688 edocendus
1588 2639 1689 2693 est,
1722 2629 1936 2699 praelata
1959 2636 2142 2681 aucto—

551 2732 709 2786 ritate
735 2731 1050 2784 universalis
1076 2728 1328 2782 Ecclesia:
1354 2727 1686 2794 aliorumque
1710 2723 2143 2776 doctissimorum

561 2823 836 2876 hominum
863 2831 916 2875 et
958 2819 1404 2891 disputationibus
1443 2827 1496 2872 et
1537 2815 1918 2884 scriptionibus
1947 2814 1997 2866 in
2029 2813 2142 2883 ejus

561 2915 785 2970 veritate
827 2914 1152 2968 florentium.
1199 2914 1510 2979 Quanquam
1552 2917 1605 2963 et
1649 2908 1723 2962 illi
1768 2907 1855 2977 qui
1899 2905 2142 2959 catholici

554 3021 625 3060 ex
655 3004 753 3058 hac
777 3003 881 3057 vita
910 3005 1225 3072 migrarunt,
1254 3013 1306 3054 et
1333 2999 1532 3068 aliquid
1574 2999 1871 3052 litterarum
1898 2997 2145 3051 christia-

554 3110 743 3149 narum
774 3093 1002 3163 posteris
1042 3093 1403 3162 reliquerunt,
1435 3090 1487 3144 in
1516 3089 1828 3159 quibusdam
1856 3088 1988 3142 locis
2013 3103 2144 3157 opu-

557 3185 824 3238 scuiorum
873 3200 1112 3249 smirum,
1145 3183 1228 3236 vel
1270 3198 1374 3236 non
1422 3180 1696 3244 intellecti,
1739 3180 1821 3234 vel
1863 3180 2016 3234 sicuti
2062 3188 2146 3234 est

558 3275 788 3330 humana
821 3275 1120 3338 infirmitas,
1167 3275 1340 3327 minus
1365 3273 1602 3326 valentes
1629 3272 1742 3325 acie
1771 3271 1965 3325 mentis
1993 3271 2144 3325 abdi-

561 3367 696 3420 tiora
742 3375 1060 3434 penetrare,
1110 3373 1163 3417 et
1211 3363 1320 3416 veri
1373 3362 1716 3416 similitudine
1762 3363 2073 3416 aberrantes
2113 3377 2143 3416 a

557 3457 802 3519 veritate,
835 3455 1307 3526 prmsumptoribus
1339 3463 1390 3507 et
1414 3453 1704 3507 audacibus
1731 3451 1948 3506 fuerunt
1985 3467 2138 3505 occa-

557 3549 694 3605 sioni
727 3549 791 3602 ad
821 3549 1049 3618 aliquam
1097 3546 1339 3599 lucresim
1369 3544 1690 3598 moliendam
1725 3552 1884 3614 atque
1919 3545 2144 3614 gignen-

557 3639 702 3693 dam.
730 3639 880 3706 Quod
914 3639 1104 3692 mirum
1153 3653 1255 3690 non
1297 3645 1399 3703 est,
1429 3651 1550 3689 cum
1593 3635 1659 3689 de
1703 3635 1832 3706 ipvis
1875 3635 2146 3689 canonicis

557 3730 796 3797 Litteris,
828 3730 914 3783 tibi
944 3729 1120 3783 omnia
1147 3728 1428 3782 sanissimc
1459 3726 1598 3782 dicta
1625 3738 1764 3794 sunt,
1801 3743 1905 3781 non
1932 3729 2144 3799 quidem

556 3823 712 3876 aliter
756 3821 1065 3890 accipiendo
1092 3820 1357 3890 quiedam,
1383 3834 1542 3889 quam
1570 3819 1652 3873 vel
1683 3820 1914 3889 scriptor
1955 3821 2142 3885 sensit,

555 3915 640 3968 vel
667 3929 724 3968 se
757 3914 866 3982 ipsa
899 3913 1096 3966 veritas
1129 3910 1327 3975 habet;
1359 3909 1505 3980 (nam
1547 3910 1590 3963 si
1633 3909 1731 3964 hoc
1771 3911 1943 3964 solum
1981 3921 2146 3976 esset,

555 4006 675 4075 quis
703 4020 808 4058 non
835 4002 1080 4056 humanae
1121 4001 1414 4055 infirmitati
1442 4000 1508 4054 ad
1542 4001 1916 4072 corrigendum
1948 4010 2147 4071 parata:

555 4097 785 4151 libenter
813 4091 1184 4163 ignosceret?)
1216 4091 1310 4146 sed
1338 4089 1389 4144 id
1415 4090 1555 4160 quod
1592 4105 1840 4160 perverse
1882 4106 1946 4144 ac
1987 4106 2149 4160 prave

558 4187 760 4257 Opinati
787 4194 930 4251 sunt,
959 4183 1296 4237 animositate
1335 4181 1593 4236 acerrima
1623 4191 1677 4236 et
1703 4182 1964 4250 pervicaci
1994 4197 2145 4236 arro-

559 4277 734 4348 gantia
756 4273 1160 4337 defensitantcs,
1185 4271 1335 4325 multi
1361 4271 1524 4325 multa
1550 4271 1847 4341 perniciosa
1875 4272 2144 4342 dogmata,

560 4366 775 4421 concisa
799 4363 1190 4418 communionis
1217 4361 1419 4416 unitate
1447 4373 1785 4431 pepererunt.
1815 4362 1940 4419 llmc
1968 4365 2146 4419 omnia

560 4473 682 4511 cum
729 4456 820 4509 illo
865 4455 952 4524 qui
998 4453 1063 4507 ad
1104 4453 1421 4527 societatem
1472 4453 1648 4521 populi
1694 4453 1990 4520 christiani,
2041 4472 2146 4511 non

559 4551 744 4613 idiota,
776 4557 830 4600 ut
867 4547 1033 4607 aiunt.
1057 4545 1150 4599 sed
1182 4545 1458 4598 doctorum
1499 4545 1585 4596 libi
1603 4543 1648 4597 is
1684 4545 1953 4614 expolitus
1990 4556 2148 4618 atque

557 4642 803 4699 excultus
833 4638 1054 4700 accedit,
1102 4637 1341 4690 modesta
1377 4637 1662 4691 collatione
1692 4637 1962 4694 tractanda
1988 4649 2142 4694 sunt:

559 4743 763 4789 tantum
795 4739 1066 4798 assumpta
1112 4727 1450 4796 przecipiendi
1497 4729 1831 4793 auctoritate,
1861 4741 1919 4783 ut
1963 4743 2149 4786 caveat

556 4823 988 4899 prmsumplitmis
1015 4835 1227 4876 errores
1252 4835 1266 4882 ;
1312 4829 1566 4889 quantum
1593 4820 1708 4888 ejus
1735 4820 2002 4876 humilitas
2029 4839 2147 4892 qua:

556 4921 708 4974 illum
751 4917 991 4978 adduxit,
1023 4914 1130 4984 jam
1177 4913 1406 4966 sentitur
1437 4910 1741 4966 admittere.
1784 4912 1990 4967 Caetera
2020 4930 2146 4968 vero

554 5010 844 5065 secundum
891 5008 1103 5077 regulas
1148 5003 1408 5058 doctrina:
1455 5003 1725 5070 salutaris,
1769 5005 1881 5058 sive
1909 5005 1977 5059 de
2021 5005 2142 5070 fide,

555 5114 904 5168 quaecumque
949 5095 1214 5152 narranda
1248 5094 1332 5148 vel
1382 5093 1694 5147 disserenda
1740 5103 1882 5160 sunt,
1923 5096 2035 5149 sive
2079 5096 2147 5152 de

556 5192 815 5255 moribus,
845 5191 956 5244 sive
981 5189 1047 5243 de
1080 5187 1481 5249 tcntationibus,
1507 5201 1572 5240 eo
1601 5185 1760 5239 modo
1787 5188 2146 5256 percurrendo

559 5296 663 5366 quo
710 5279 840 5345 dixi,
885 5280 950 5332 ad
998 5281 1141 5334 illam
1187 5277 1758 5348 supereminentiorem
1789 5278 1928 5332 viam
1965 5280 2143 5333 omnia

560 5370 837 5425 referenda
877 5379 1018 5422 sunt.

653 5458 1011 5514 CAPUT-IX.
1045 5489 1116 5499 -
1155 5460 1240 5513 15.
1284 5458 1614 5514 Grammatici
1650 5471 1698 5514 et
1755 5471 1978 5516 oratores
2014 5479 2144 5532 quo-

621 5595 637 5626 ί
665 5592 782 5640 Fditi
800 5625 815 5651 ,
853 5595 900 5640 et
944 5590 987 5641 si
1033 5589 1150 5654 quid
1184 5591 1306 5653 forte
1337 5591 1497 5642 adhuc
1540 5593 1748 5658 ignora:.
1797 5598 1968 5659 Abest,
2002 5599 2142 5662 forte,

558 5667 585 5705 ³
796 5748 811 5772 ,
834 5723 886 5764 ut
907 5711 952 5764 si
975 5710 1113 5762 libris
1132 5725 1240 5775 eum
1262 5725 1558 5775 persuasum.

622 5783 642 5812 ³
677 5782 843 5826 Plures
861 5776 1074 5837 codices,
1097 5781 1147 5837 et
1165 5774 1228 5820 ad
1250 5774 1615 5837 exponendum.

619 5841 640 5874 δ
674 5847 802 5900 bow,
829 5834 1085 5888 orruztiort's
1105 5833 1293 5895 eloquii.

1413 419 1501 473 DE
1539 409 2080 472 CATEClllZ.\Nl)lS
2123 407 2440 473 RUDIBUS,
2482 406 2541 460 S.
2583 405 2954 463 AUGUSTINI

3729 417 3842 475 320

2245 521 2393 574 modo
2421 522 2688 574 tractandi.
2724 520 2833 576 Vox
2852 522 2921 576 ad
2945 540 3091 578 aures
3111 523 3226 591 Dei,
3249 527 3408 582 animi
3433 527 3669 596 σθαι-ιω.
3700 532 3839 589 Sunt

2245 610 2370 664 item
2400 609 2612 681 quidam
2638 611 2705 665 de
2742 613 2940 668 scholis
2965 613 3325 672 usitatissimis
3359 623 3836 689 grammaticorum

2244 713 2620 773 oratorumque
2655 706 2966 774 venientes,
2995 724 3127 778 quos
3155 726 3329 780 nequc
3359 713 3497 768 inter
3522 715 3718 772 idiotas
3739 734 3839 772 nu-

2244 810 2451 850 merare
2467 796 2685 862 audeas,
2707 813 2878 867 neque
2909 800 3045 854 inter
3071 802 3192 857 illos
3213 804 3574 874 doctissimos,
3607 824 3836 877 quorum

2246 901 2396 940 mens
2429 903 2737 957 magnarum
2770 904 2949 944 rerum
2975 901 3056 946 est
3095 895 3381 950 exercitata
3424 899 3834 967 qutestionibus.

2245 977 2339 1033 His
2365 995 2491 1048 ergo
2535 980 2622 1049 qui
2652 980 2899 1051 loquendi
2929 990 3044 1038 arte
3082 987 3290 1040 cancris
3319 987 3631 1044 hominibus
3657 994 3830 1047 excel-

2247 1069 2356 1124 lere
2397 1070 2664 1135 videutur,
2705 1087 2827 1126 cum
2865 1075 3085 1129 veniunt
3124 1085 3180 1130 ut
3216 1077 3496 1134 christiani
3538 1080 3690 1144 fiant,
3732 1084 3835 1139 hoc

2246 1162 2472 1230 amplius
2487 1164 2764 1232 quantillis
2788 1165 3073 1221 illitteratis
3098 1168 3370 1238 impertire
3390 1171 3672 1239 debemus,
3692 1175 3837 1245 quod

2246 1251 2433 1306 sedulo
2463 1253 2714 1308 monendi
2743 1265 2866 1310 sunt
2897 1267 2952 1310 ut
2980 1258 3276 1316 humilitate
3306 1261 3474 1317 induti
3505 1265 3794 1320 christiana
3816 1307 3835 1332 ,

2245 1345 2452 1398 discant
2482 1361 2586 1399 non
2616 1347 2960 1404 contem'uere
2989 1367 3123 1421 quos
3153 1357 3502 1424 cognoverint
3523 1374 3736 1412 morum
3756 1360 3838 1413 vi-

2249 1437 2316 1489 tia
2345 1452 2503 1506 quam
2532 1439 2812 1493 verborum
2843 1443 3068 1512 amplius
3094 1444 3371 1513 devitarc;
3411 1459 3469 1504 et
3511 1451 3664 1506 cordi
3687 1463 3839 1509 casto

2247 1527 2477 1598 linguam
2516 1531 2856 1586 exercitatam
2897 1549 2996 1588 nec
3033 1535 3278 1591 conferre
3323 1540 3339 1569 ¹
3366 1541 3637 1610 audeant,
3675 1560 3836 1614 quam

2247 1620 2405 1673 etiam
2439 1620 2689 1689 prmferre
2716 1635 3122 1680 consueverant.
3154 1627 3380 1686 Maxime
3407 1642 3584 1688 autem
3624 1637 3710 1688 isti
3737 1637 3840 1692 do-

2247 1710 2400 1766 cendi
2430 1723 2552 1767 sunt
2581 1713 2882 1784 Scripturas
2908 1717 3092 1773 audire
3133 1721 3360 1787 divinas,
3394 1741 3460 1779 ne
3504 1727 3722 1783 sordeat
3757 1733 3844 1785 eis

2248 1803 2474 1858 solidum
2514 1806 2800 1875 eloquium,
2833 1809 2957 1878 quia
2985 1826 3090 1864 non
3119 1822 3199 1866 est
3231 1813 3504 1881 inflatum;
3539 1834 3715 1888 neque
3751 1837 3842 1873 ar-

2248 1896 2513 1952 bitrentur
2567 1900 2871 1955 carnalibus
2933 1902 3312 1974 integumentis
3377 1909 3611 1964 involuta
3678 1923 3842 1982 atque

2248 2000 2430 2058 operta
2460 1991 2599 2046 dicta
2629 1993 2712 2047 vel
2741 1991 2882 2048 facta
2913 1994 3206 2064 hominum,
3227 2015 3345 2069 qure
3370 2000 3424 2055 in
3454 2003 3557 2056 illis
3583 2003 3734 2058 libris
3763 2006 3843 2059 ie-

2247 2092 2462 2152 guntur,
2494 2099 2598 2138 non
2631 2086 2923 2142 evolvenda
2953 2098 3111 2158 atque
3139 2091 3423 2159 aperienda
3451 2103 3507 2147 ut
3535 2095 3842 2164 intelligan-

2249 2181 2356 2238 tur,
2388 2172 2480 2226 sed
2513 2174 2589 2226 sic
2616 2175 2918 2244 accipienda
2952 2189 3008 2232 ut
3039 2180 3229 2234 littera:
3265 2193 3488 2244 sonant;
3521 2185 3697 2254 deque
3727 2187 3839 2255 ipsa

2249 2263 2476 2318 utilitate
2503 2265 2716 2330 secreti,
2760 2267 2900 2322 unde
2929 2270 3088 2322 etiam
3128 2273 3379 2341 mysteria
3407 2285 3685 2341 vocantur,
3714 2275 3842 2345 quid

2248 2354 2458 2408 valeant
2505 2356 2841 2426 aenigmatum
2909 2359 3126 2415 latebrre
3190 2362 3254 2415 ad
3316 2378 3551 2418 amorem
3599 2367 3842 2420 veritatis

2249 2445 2545 2499 acucudum
2565 2488 2578 2511 ,
2610 2447 3092 2520 deculiendumque
3119 2452 3140 2483 ¹
3171 2450 3365 2507 fastidii
3398 2463 3696 2524 torporem,
3728 2457 3846 2526 ipsa

2249 2539 2579 2606 experientia
2624 2540 2954 2608 probandum
2983 2553 3066 2598 est
3111 2544 3320 2612 talibus,
3369 2563 3490 2603 cum
3531 2548 3732 2618 aliquid
3761 2549 3850 2603 eis

2248 2628 2387 2696 quod
2421 2629 2470 2681 in
2505 2642 2748 2700 promptu
2779 2633 3010 2702 positum
3047 2651 3150 2690 non
3196 2637 3264 2690 ita
3307 2639 3596 2705 movebat,
3642 2641 3843 2696 enoda-

2251 2721 2395 2775 tione
2440 2722 2706 2792 allegoria:
2748 2725 2972 2795 alicujus
3014 2727 3236 2782 eruitur.
3290 2729 3382 2783 llis
3423 2730 3568 2785 enim
3611 2733 3843 2788 maxime

2251 2812 2380 2864 utile
2406 2821 2485 2865 est
2518 2829 2695 2878 nosse,
2737 2815 2806 2868 ita
2834 2831 2953 2870 esse
2981 2819 3365 2886 pra:poncndas
3393 2823 3574 2876 verbis
3619 2833 3842 2878 sentcn-

2251 2902 2369 2969 tias,
2402 2913 2457 2958 ut
2482 2908 2808 2978 prmponitnr
2833 2911 3041 2964 animus
3067 2913 3296 2982 corpori.
3343 2915 3416 2968 Ex
3447 2932 3552 2986 quo
3585 2917 3644 2970 fit
3679 2927 3736 2971 ut
3768 2919 3840 2972 ita

2247 2997 2406 3052 malle
2432 2997 2662 3054 debeant
2695 3003 2933 3058 veriores
2973 3020 3130 3074 quam
3173 3007 3486 3063 disertiores
3514 3010 3703 3065 audire
3730 3026 3844 3065 ser-

2248 3105 2457 3157 mones,
2506 3090 2644 3145 sicut
2683 3094 2841 3149 malle
2880 3094 3074 3150 debent
3118 3097 3508 3166 prudentiores,
3542 3116 3704 3170 quam
3737 3102 3845 3156 for-

2248 3184 2510 3240 mosiores
2538 3185 2736 3241 habere
2761 3187 2980 3242 amicos.
3008 3187 3261 3243 Noveriot
3285 3191 3444 3245 etiam
3474 3207 3582 3246 non
3609 3209 3729 3248 esse
3757 3211 3846 3250 vo-

2248 3292 2364 3332 cem
2392 3278 2456 3332 ad
2485 3295 2641 3333 aures
2670 3279 2782 3345 Dei,
2823 3280 2924 3334 nisi
2955 3281 3116 3336 animi
3146 3282 3393 3337 affectum
3421 3301 3432 3337 :
3464 3284 3534 3338 ita
3561 3286 3708 3340 enim
3738 3302 3843 3341 non

2251 3369 2563 3434 irridehunt,
2595 3372 2638 3425 si
2666 3372 2871 3442 aliquos
2897 3373 3164 3429 antistites
3190 3384 3244 3430 et
3273 3377 3548 3432 ministros
3589 3380 3844 3434 Ecclesia:

2252 3462 2385 3517 forte
2409 3463 2904 3532 animadverterint,
2940 3467 3018 3521 vel
3051 3483 3172 3521 cum
3214 3467 3559 3524 barbarismis
3589 3481 3643 3525 et
3686 3473 3848 3528 solm-

2249 3555 2429 3608 eismis
2459 3555 2622 3626 Deum
2653 3555 2921 3622 invocare,
2949 3557 3032 3612 vel
3064 3558 3250 3613 eadem
3281 3562 3439 3614 verba
3459 3577 3582 3631 qua:
3611 3578 3848 3632 pronqu

2252 3647 2384 3701 tiant
2412 3662 2516 3702 non
2546 3649 2862 3720 intelligere,
2893 3652 3303 3722 perturbathue
3334 3653 3688 3726 distinguere.
3729 3657 3844 3711 Non

2250 3739 2372 3810 quia
2402 3739 2502 3793 ista
2534 3741 2753 3795 minime
2790 3743 3101 3812 corrigenda
3147 3755 3291 3809 sunt,
3325 3754 3382 3801 ut
3415 3749 3648 3818 populus
3681 3750 3746 3802 ad
3795 3749 3847 3804 id

2250 3829 2390 3898 quod
2423 3830 2578 3898 plane
2618 3830 2885 3902 intelligit,
2911 3833 3052 3887 dicat
3076 3835 3275 3902 Amen;
3307 3836 3401 3891 sed
3435 3848 3614 3894 tamen
3651 3841 3737 3909 pie
3766 3851 3846 3895 to-

2252 3920 2468 3976 leranda
2495 3933 2618 3976 sunt
2643 3923 2710 3977 ab
2736 3925 2813 3978 eis
2837 3925 2924 3994 qui
2952 3925 3255 3993 didicerint,
3285 3937 3342 3982 ut
3366 3943 3501 3984 sono
3528 3930 3582 3984 in
3614 3931 3750 3997 foro,
3769 3934 3848 3989 sic

2253 4023 2376 4066 voto
2399 4013 2450 4066 in
2477 4014 2708 4068 Ecclesia
2738 4015 2999 4070 benedici.
3027 4017 3206 4088 Itaque
3232 4018 3458 4075 forensis
3486 4022 3572 4076 illa
3603 4041 3844 4080 nonnun-

2253 4121 2410 4174 quam
2449 4104 2586 4161 forte
2625 4107 2761 4161 bona
2811 4108 2994 4173 dictio,
3023 4126 3291 4181 nunquam
3328 4121 3506 4168 tamen
3545 4116 3850 4172 benedictio

2252 4197 2353 4252 dici
2397 4206 2590 4269 potest.
2638 4199 2713 4253 De
2766 4199 3112 4257 Sacramento
3161 4214 3337 4260 autem
3381 4206 3524 4276 quod
3575 4210 3848 4279 accepturi

2253 4300 2395 4355 sunt,
2427 4290 2624 4345 sufficit
2659 4291 3090 4361 prudentioribus
3135 4295 3323 4350 audire
3351 4297 3476 4366 quid
3520 4314 3611 4354 res
3660 4301 3745 4354 illa
3775 4302 3850 4354 si-

2253 4381 2504 4451 gniticet:
2537 4397 2658 4436 cum
2698 4382 3018 4438 tardioribus
3061 4397 3238 4440 autem
3283 4388 3558 4457 aliquanto
3608 4391 3850 4460 pluribus

2254 4475 2430 4529 verbis
2453 4484 2506 4529 ct
2530 4475 2966 4532 similitudinibus
2987 4478 3248 4550 agendum
3272 4490 3372 4548 est,
3402 4496 3470 4535 nc
3501 4492 3850 4538 contemnant

2253 4566 2394 4636 quod
2425 4567 2623 4622 vident.

2323 4678 2550 4734 CAPUT
2574 4679 2641 4734 X.
2669 4711 2740 4720 ——
2768 4681 2856 4736 M.
2895 4680 3020 4736 Jam
3065 4682 3128 4737 de
3175 4684 3431 4738 hilaritate
3473 4689 3846 4758 comparanda.

2254 4772 2432 4828 Causa:
2459 4790 2548 4827 sex
2589 4775 2795 4828 (radium
2844 4764 3111 4842 afferentes
3154 4779 3506 4833 cateclu'zanti.
3550 4782 3848 4836 Remedium

2253 4875 2428 4917 contra
2467 4865 2683 4933 primam
2711 4882 2914 4920 causam
2946 4868 3102 4921 tradit".
3146 4869 3242 4924 llic
3289 4878 3343 4923 tu
3384 4870 3616 4927 fortasse
3663 4890 3847 4928 exem-

2255 4958 2648 5027 plumaliquod
2692 4961 2957 5014 sermonis
3000 4961 3295 5027 desideras,
3330 4973 3388 5018 ut
3415 4965 3534 5035 ipso
3566 4969 3659 5021 tibi
3690 4984 3850 5038 opere

2253 5051 2529 5104 ostendam
2575 5052 2844 5120 quomodo
2885 5053 3125 5108 facienda
3177 5056 3286 5110 sint
3329 5058 3426 5112 ista
3470 5075 3594 5129 qua:
3642 5063 3847 5114 monui.

2252 5141 2403 5209 Quod
2431 5142 2645 5212 quidem
2675 5143 2885 5207 faciam,
2911 5156 3166 5213 quantum
3194 5147 3420 5202 Domino
3441 5151 3730 5221 adjuvanle
3754 5169 3852 5223 po-

2254 5243 2406 5287 tuero
2432 5253 2443 5287 :
2476 5233 2570 5289 sed
2598 5237 2742 5303 prius
2768 5235 2836 5290 de
2864 5237 2947 5289 illa
2981 5237 3250 5295 hilaritate
3279 5245 3660 5311 comparanda,
3708 5247 3847 5315 quod

2254 5329 2520 5398 pollicitus
2545 5348 2684 5394 sum,
2707 5331 2887 5386 dicere
2917 5332 3106 5388 debeo.
3133 5334 3251 5388 Jam
3279 5338 3422 5390 enim
3452 5338 3519 5392 de
3549 5339 3682 5408 ipsis
3713 5357 3847 5410 pra:-

2251 5421 2419 5487 ceptis
2464 5422 2758 5490 explicandi
2790 5426 3075 5490 sermonis,
3116 5427 3170 5479 in
3215 5429 3603 5484 catechizando
3647 5447 3714 5486 eo
3756 5449 3843 5500 qui

2252 5513 2329 5566 sic
2363 5523 2507 5571 venit
2534 5528 2583 5568 ut
2618 5516 2940 5572 christianos
2963 5519 3072 5582 fiat,
3099 5531 3352 5588 quantum
3385 5525 3516 5578 satis
3544 5527 3716 5581 visum
3741 5537 3846 5594 est,

2251 5605 2391 5676 quod
2425 5606 2770 5675 promiseram
2800 5609 3024 5663 exsolvi.
3063 5609 3361 5666 lndebitum
3407 5616 3607 5685 quippe
3635 5628 3737 5684 est,
3788 5629 3843 5671 ut

2316 5782 2329 5856 ς
2371 5784 2595 5856 rrmi-ipui
2635 5790 2738 5856 Mss.
2760 5817 2773 5841 ,
2812 5782 3032 5856 linguam
3058 5794 3335 5856 excreatum
3365 5802 3454 5838 nec
3493 5793 3734 5856 conferre.

2312 5843 2328 5868 ²
2367 5847 2438 5894 sic
2468 5843 2635 5907 till-'05
2659 5855 2762 5895 uss.
2800 5854 2852 5896 At
2873 5843 3009 5907 editi,
3035 5849 3499 5914 discutiettdumque.
