4072 6530
237 460 336 516 52!

234 578 407 634 etiam
426 573 541 645 ipse
561 573 756 630 faciam
783 573 835 629 in
859 570 960 630 hoc
979 572 1274 638 volumine,
1293 573 1432 642 quod
1456 573 1569 628 ﬁeri
1591 582 1841 644 oportere

236 667 520 738 praecipio.
550 666 604 722 Si
636 681 768 736 ergo
797 665 996 730 fecero,
1027 666 1094 720 ad
1137 668 1410 720 cumulum
1443 666 1642 722 valebit
1684 683 1698 719 :
1747 681 1842 721 cu-

238 767 423 812 mulus
452 767 629 813 autem
660 773 769 828 quo
798 769 954 828 pacto
980 772 1012 812 a
1039 773 1126 812 me
1167 757 1479 828 superfundi
1517 767 1711 829 potest.
1747 774 1845 814 au-

243 860 466 921 tequam
494 865 804 905 mensuram
835 849 1001 906 debili
1029 850 1360 918 explevere?
1385 850 1565 921 Neque
1608 851 1748 905 enim
1794 859 1846 926 te

243 943 484 1000 maxime
511 943 769 1014 conqueri
797 942 998 1012 audivi,
1047 943 1153 1000 nisi
1194 943 1336 1016 quod
1367 943 1460 998 tibi
1504 958 1683 998 sermo
1727 953 1848 998 tuus

245 1035 374 1090 vilis
413 1035 759 1104 abjectusque
785 1034 1074 1101 videretur,
1115 1049 1236 1089 cum
1278 1035 1508 1106 aliquem
1552 1021 1846 1090 christiano

245 1127 472 1183 nomine
500 1126 788 1182 itnbuercs.
820 1125 934 1181 [loc
959 1134 1135 1180 autem
1167 1126 1312 1192 scio,
1361 1140 1468 1180 non
1512 1135 1620 1180 tam
1665 1141 1844 1181 rerum

245 1235 374 1288 qua:
418 1218 659 1274 dicenda:
702 1229 850 1280 sunt,
891 1217 1085 1288 quibus
1119 1227 1171 1273 te
1205 1219 1334 1274 satis
1361 1218 1484 1273 novi
1517 1225 1759 1288 paratum
1793 1227 1850 1273 et

245 1311 594 1373 instructum,
619 1295 800 1379 neque
829 1310 996 1379 ipsius
1019 1295 1302 1364 locutionis
1331 1309 1531 1380 inepia,
1560 1309 1655 1364 sed
1682 1308 1844 1364 animi

248 1402 416 1456 twdio
460 1401 609 1465 ﬁeri;
640 1402 724 1455 vel
748 1400 838 1454 illa
867 1415 1026 1454 causa
1053 1415 1214 1470 quam
1241 1399 1370 1466 dixi,
1400 1400 1523 1470 quia
1553 1401 1723 1471 magis
1749 1414 1847 1455 nos

246 1493 484 1548 delectat
511 1503 565 1548 ct
593 1501 756 1558 tenet,
796 1492 938 1563 quod
987 1492 1039 1546 in
1084 1492 1298 1547 silentio
1342 1499 1522 1548 mente
1550 1493 1840 1558 cernimus,

247 1600 356 1640 nec
381 1585 504 1640 inde
527 1584 771 1640 volumus
799 1584 1012 1639 avocari
1042 1582 1110 1638 ad
1145 1583 1431 1640 verborum
1470 1585 1629 1656 longe
1667 1584 1846 1654 dispa-

246 1691 369 1730 rem
397 1675 712 1745 strepitum;
746 1674 830 1729 vel
853 1675 976 1745 quia
1007 1659 1166 1729 etiam
1193 1689 1316 1729 cum
1360 1689 1540 1730 sermo
1577 1673 1846 1744 jucundus

246 1779 358 1833 est,
387 1770 558 1837 magis
584 1782 682 1822 nos
710 1767 841 1822 libet
865 1767 1050 1823 audire
1076 1776 1169 1822 aut
1191 1767 1369 1838 legere
1398 1783 1516 1838 qua:
1542 1769 1734 1824 melius
1760 1768 1846 1822 di-

246 1873 335 1915 cta
361 1871 507 1926 sunt,
536 1869 591 1914 et
614 1875 733 1930 qua:
758 1860 876 1916 sine
901 1869 1083 1915 nostra
1108 1875 1233 1916 cura
1258 1869 1314 1915 et
1339 1861 1698 1916 sollicitudine
1724 1876 1848 1930 pro-

247 1961 490 2021 muntur,
535 1967 694 2021 quam
736 1951 806 2007 ad
840 1953 1071 2008 alienum
1114 1969 1331 2008 sensum
1371 1957 1645 2024 repentina
1685 1955 1846 2010 verba

247 2054 506 2114 coaptare
525 2045 730 2099 incerto
757 2045 924 2109 exitu,
953 2045 1064 2099 sive
1091 2055 1579 2101 utrum‘occurrant
1607 2061 1703 2116 pro
1732 2062 1848 2101 sen-

248 2139 441 2203 tentia,
475 2138 589 2193 sive
619 2147 798 2192 utrum
834 2138 1163 2208 accipiantur
1185 2139 1418 2205 utiliter;
1461 2139 1546 2194 vel
1592 2141 1713 2209 quia
1755 2139 1845 2194 illa

248 2248 372 2300 qua:
412 2230 636 2304 rudibus
677 2232 1038 2308 insinuantur,
1078 2247 1144 2287 eo
1181 2233 1323 2303 quod
1369 2233 1522 2289 nobis
1569 2235 1844 2289 notissima

249 2331 398 2388 sunt,
446 2330 500 2377 et
530 2322 807 2392 provectui
838 2333 1022 2378 nostro
1045 2323 1156 2393 jam
1188 2339 1292 2378 non
1323 2325 1620 2380 necessaria
1641 2366 1657 2392 ,
1703 2312 1848 2397 piget

249 2413 317 2468 ad
344 2429 410 2470 ea
436 2414 731 2483 saepissime
758 2413 957 2482 redire,
975 2431 1076 2470 nec
1103 2415 1156 2473 in
1184 2415 1260 2471 eis
1289 2424 1395 2470 lant
1423 2416 1630 2472 usitatis
1654 2427 1707 2472 ct
1733 2427 1846 2484 tan-

248 2523 410 2578 quam
454 2507 785 2562 infantilibus
838 2522 962 2562 cum
1011 2508 1186 2580 aliqua
1221 2509 1494 2579 voluptate
1532 2511 1642 2580 jam
1686 2525 1848 2580 gran-

249 2598 525 2653 diuscultts
553 2598 766 2652 animus
803 2600 1062 2669 graditur.
1095 2599 1245 2656 Facit
1273 2602 1432 2656 etiam
1466 2602 1702 2672 loquenti
1747 2611 1842 2658 tte-

248 2692 396 2746 dium
438 2692 647 2746 auditor
685 2691 997 2765 [immobilis
1040 2694 1122 2749 vel
1153 2695 1274 2766 quia
1305 2711 1410 2750 non
1442 2703 1687 2751 movetur
1711 2697 1844 2752 all‘e-

248 2796 363 2850 ctu,
380 2786 464 2840 vel
489 2787 604 2855 quia
626 2787 774 2840 nullo
801 2799 947 2842 motu
974 2789 1214 2858 corporis
1236 2788 1435 2844 indicat
1462 2804 1519 2846 se
1542 2790 1844 2861 intelligere

248 2878 335 2931 vel
375 2877 476 2931 sibi
517 2877 723 2947 placere
763 2893 882 2947 qua:
913 2878 1238 2956 dicuntur‘]
1270 2899 1283 2935 :
1315 2897 1419 2937 non
1448 2882 1572 2953 quia
1598 2882 1844 2938 humana:

249 2969 426 3022 laudis
450 2984 545 3024 nos
569 2985 691 3025 esse
718 2971 905 3025 avidos
946 2972 1122 3041 det-et,
1152 2975 1246 3030 sed
1284 2975 1406 3046 quia
1434 2991 1496 3033 ea
1527 2992 1646 3048 qua:
1685 2977 1843 3032 mini-

244 3074 482 3116 stramns
509 3064 602 3117 Dei
623 3052 755 3119 'suut
777 3082 790 3130 ;
813 3075 868 3120 et
897 3077 1094 3135 quanto
1121 3068 1290 3138 magis
1311 3069 1578 3140 diligimus
1603 3085 1693 3125 eos
1719 3070 1840 3141 qui-

245 3154 346 3208 bus
376 3154 666 3225 loquimur,
715 3165 864 3212 tanlo
894 3159 1061 3227 ntagis
1105 3159 1184 3213 cis
1211 3160 1459 3229 cupimus
1501 3169 1559 3217 ut
1597 3164 1842 3232 placeant

237 3263 362 3317 quze
389 3247 455 3301 ad
478 3263 662 3303 eorum
695 3250 1039 3320 porriguntur
1060 3251 1287 3306 salutent
1313 3271 1326 3306 :
1349 3253 1488 3323 quod
1519 3255 1562 3308 si
1589 3271 1695 3310 non
1721 3271 1843 3311 suc-

236 3342 408 3405 cedit,
440 3341 845 3406 contristamur,
873 3352 926 3397 et
964 3343 1016 3397 itt
1059 3343 1173 3413 ipso
1212 3359 1369 3398 cursu
1409 3345 1751 3402 debilitantur
1787 3356 1842 3404 ct

239 3434 560 3504 frangimur,
601 3435 753 3505 quasi
798 3435 993 3490 frustra
1031 3450 1248 3505 cperam
1296 3448 1658 3497 contcramus.
1688 3439 1838 3494 Non-

237 3545 515 3600 nunquam
555 3531 716 3585 etiam
769 3545 888 3584 cunt
929 3531 1223 3586 avertitnur
1259 3531 1328 3586 ab
1365 3532 1540 3604 aliqua
1583 3550 1641 3589 re
1677 3549 1836 3606 quam

237 3622 616 3678 desideramus
642 3637 827 3692 agerc,
851 3631 908 3677 et
932 3623 1087 3694 cujus
1111 3624 1251 3679 actio
1275 3633 1366 3679 aut
1391 3625 1685 3681 delectabat
1714 3643 1834 3696 nos,

234 3726 332 3771 aut
370 3716 542 3787 magis
569 3717 723 3770 nobis
751 3717 1053 3772 necessaria
1081 3717 1378 3785 videbatur,
1405 3730 1461 3774 et
1486 3722 1725 3790 cogimur
1746 3733 1839 3777 aut

230 3811 389 3880 jussu
421 3809 536 3878 cjus
566 3825 724 3880 quem
769 3808 1040 3865 offendere
1087 3810 1335 3866 nolumus
1357 3851 1374 3879 ,
1414 3822 1507 3867 aut
1535 3814 1835 3884 aliquorum

234 3902 537 3957 incvitabili
565 3902 816 3970 instantia
845 3901 1177 3958 catccltizare
1203 3904 1464 3974 aliquem;
1483 3904 1594 3974 jam
1621 3917 1838 3962 contur-

234 3995 351 4050 bati
384 3994 689 4049 accedimus
715 3992 782 4047 ad
814 3985 1215 4063 negotiunt,‘cui
1241 4010 1428 4066 magna
1458 3998 1837 4067 tranquillitate

233 4101 379 4155 opus
404 4094 506 4149 est,
533 4085 784 4140 dolentes
808 4085 949 4156 quod
977 4100 1153 4156 neque
1180 4086 1422 4141 ordinem
1445 4088 1712 4142 actionum
1740 4084 1838 4143 n01

232 4183 321 4238 bis
360 4179 675 4235 conceditur
715 4189 898 4234 tenere
937 4195 1096 4250 quem
1139 4179 1406 4248 volumus,
1451 4196 1550 4236 nec
1591 4182 1836 4238 sufficere

232 4275 492 4331 omnibus
521 4287 806 4345 possumus
835 4291 848 4327 :
880 4281 1039 4344 atque
1064 4273 1134 4327 ita
1162 4288 1227 4328 ex
1267 4272 1378 4343 ipsa
1416 4274 1628 4330 tristitia
1655 4291 1837 4331 sermo

235 4365 543 4437 procedens
570 4365 746 4420 minus
769 4375 952 4434 Gratus
977 4372 1080 4427 est,
1109 4363 1231 4435 quia
1263 4363 1330 4420 de
1357 4365 1603 4421 ariditate
1632 4369 1836 4424 Intesti-

238 4461 328 4514 tiae
369 4458 548 4512 minus
579 4457 855 4512 exuberat.
893 4456 1193 4527 Aliquando
1223 4457 1348 4511 item
1388 4473 1450 4512 ex
1481 4459 1661 4530 aliquo
1689 4475 1838 4514 scan-

235 4550 365 4606 dalo
405 4564 606 4604 ntmror
630 4557 818 4618 pectus
843 4547 1056 4603 obsedit
1075 4550 1118 4615 ³,
1165 4557 1219 4603 et
1259 4557 1385 4603 tunc
1415 4549 1568 4604 nobis
1613 4551 1830 4617 dicitur,

237 4642 398 4704 Veni,
444 4642 663 4710 loquere
695 4639 846 4706 huic;
889 4639 1212 4694 christianos
1243 4641 1355 4695 vult
1400 4640 1534 4696 ﬁeri.
1580 4641 1782 4698 Dicitur
1809 4643 1830 4674 ³

234 4735 386 4792 enim
413 4733 484 4787 ab
511 4731 878 4803 ignorantibus
897 4729 1022 4802 quid
1049 4745 1147 4785 nos
1176 4730 1412 4784 clausum
1439 4732 1580 4786 intus
1607 4741 1828 4787 exurat:

234 4828 436 4896 quibus
498 4827 546 4881 si
592 4823 840 4880 allectum
890 4835 1129 4879 nostrum
1176 4825 1387 4894 aperire
1429 4841 1535 4880 tton
1583 4837 1829 4896 Oportet,

234 4921 562 4990 suscipimus
594 4918 851 4990 ingratius
877 4917 1017 4990 quod
1044 4918 1229 4973 volunt
1253 4917 1308 4984 ‘;
1352 4928 1408 4973 et
1451 4917 1686 4988 profecto
1717 4920 1832 4978 lan-

235 5013 432 5085 guidus
458 5019 512 5066 et
541 5010 777 5066 insuavis
805 5009 911 5065 ille.
925 5025 1103 5078 sermo
1131 5009 1236 5064 erit
1282 5025 1376 5078 per
1416 5025 1605 5066 venam
1653 5011 1831 5066 cordis

233 5113 553 5160 aestuantem
582 5101 983 5173 fumantemque
1011 5100 1282 5171 trajectus.
1307 5101 1410 5156 Tot
1434 5102 1593 5172 igitur
1618 5119 1682 5158 ex
1707 5119 1834 5159 cau-

231 5197 328 5261 sis,
359 5194 611 5266 quatlibet
637 5207 820 5248 earum
845 5193 1187 5262 serenitatem
1216 5203 1412 5248 nostra:
1443 5195 1635 5249 mentis
1661 5196 1833 5249 obnu-

231 5289 386 5354 bilet,
432 5284 730 5342 secundum
763 5286 927 5340 Deum
958 5294 1084 5340 sunt
1110 5285 1394 5356 quaerenda
1423 5287 1679 5352 remedia,
1714 5287 1833 5358 qui-

230 5382 333 5436 bus
362 5381 638 5434 relaxetur
665 5377 757 5432 illa
787 5379 1104 5444 contractio,
1137 5387 1190 5432 et
1232 5376 1443 5432 fervore
1482 5378 1702 5448 spiritus
1730 5393 1832 5434 ex-

227 5473 497 5529 sultemus
520 5481 575 5527 et
599 5467 957 5540 jucundemur
979 5468 1030 5523 itt
1063 5469 1446 5540 tranquillitate
1472 5469 1597 5524 boni
1627 5455 1826 5538 operis.

288 5679 306 5710 ι
345 5673 507 5726 verba
526 5674 609 5725 hic
627 5671 766 5722 uncis
789 5668 974 5720 inclusa
994 5669 1170 5720 absunt
1194 5681 1222 5720 a
1250 5667 1496 5734 plerisque
1540 5674 1648 5718 uss.
1685 5676 1735 5719 et
1770 5647 1833 5720 ab

224 5749 326 5836 ,υἷ’
343 5745 463 5866 aliti
483 5836 500 5861 ,
519 5796 728 5866 obsidet.
753 5802 809 5845 At
829 5802 960 5866 Mss...
985 5793 1185 5846 obsedit.

283 5867 305 5899 ³
337 5863 445 5913 Sola
471 5862 628 5912 editi'o
645 5866 786 5915 hom,
803 5862 1030 5908 nescitur.

280 5933 300 5960 δ
338 5929 510 5976 tiores
535 5931 670 5981 διεδ..
688 5919 971 5983 suscipiunt;
989 5917 1168 5984 ingrati
1185 5919 1315 5983 quod
1341 5921 1512 5971 rolrtzt.

1635 459 1836 516 LIBER
1877 460 2075 518 UNUS.

3441 481 3549 538 322

1957 573 2189 629 [litarent
2221 578 2350 632 enim
2380 580 2606 635 datorem
2637 584 2799 656 diligit
2830 586 2967 642 Deus
2997 591 3015 658 (
3033 589 3073 644 ll
3107 590 3229 645 Cor.
3263 608 3340 659 lx,
3374 594 3471 664 7).

2027 668 2114 722 15.
2156 669 2209 723 Si
2240 671 2380 724 enim
2411 687 2566 727 causa
2597 675 2682 727 illa
2715 679 3014 748 contristat,
3040 683 3180 752 quod
3211 685 3542 744 intellectura

1951 769 2192 812 nostrum
2217 761 2426 816 auditor
2446 780 2549 818 non
2575 767 2734 834 capit,
2766 784 2796 823 a
2833 771 2984 840 cujus
3011 777 3284 830 cacumine
3305 769 3534 847 quodam

1950 850 2111 904 modo
2138 851 2526 909 descendentes
2553 859 2792 926 cogimur
2819 859 2870 914 itt
2903 864 3223 933 syllabarum
3260 869 3414 938 longe
3461 872 3543 924 in-

1951 941 2028 995 fra
2061 942 2370 998 distantium
2401 947 2647 1003 tarditate
2673 950 2958 1018 demorari,
2995 965 3048 1008 et
3085 971 3266 1010 curam
3308 963 3539 1029 gerimus

1949 1035 2401 1104 quemadmodum
2431 1038 2600 1109 longis
2626 1051 2679 1094 et
2709 1044 2975 1112 perplexis
3001 1046 3326 1102 anfractibus
3359 1067 3544 1118 proce-

1952 1125 2045 1180 dat
2071 1143 2136 1180 ex
2167 1143 2261 1184 ore
2289 1130 2487 1197 carnis,
2515 1133 2654 1201 quod
2686 1134 2967 1190 celerrimo
2997 1137 3186 1192 haustu
3213 1143 3407 1196 mentis
3441 1144 3541 1196 iut-

1950 1218 2166 1284 bibitur,
2191 1229 2246 1275 et
2272 1221 2394 1290 quia
2415 1222 2636 1277 multum
2663 1224 2997 1283 dissimiliter
3027 1231 3156 1294 exit,
3181 1233 3344 1288 uedet
3374 1235 3539 1304 loqui,

1952 1317 2006 1364 et
2031 1309 2161 1365 libet
2192 1321 2400 1378 tacere;
2433 1315 2729 1385 cogitemus
2750 1318 2876 1388 quid
2901 1320 3058 1376 nobis
3088 1336 3443 1394 prmrogatum
3475 1330 3545 1382 sit

1948 1400 2017 1455 ab
2044 1401 2137 1454 illo
2168 1404 2256 1468 qui
2298 1402 2686 1460 demonstravit
2723 1409 2881 1464 nobis
2909 1414 3236 1482 exemplum,
3267 1427 3323 1470 ut
3350 1433 3543 1487 sequa-

1949 1507 2073 1545 mur
2099 1491 2319 1562 vcstigia
2349 1494 2464 1564 ejus
2488 1495 2546 1566 (Ι
2576 1495 2719 1552 Petr.
2749 1514 2808 1566 ιι,
2842 1499 2968 1575 21).
3011 1503 3366 1572 Quantumvis
3401 1511 3544 1563 enim

1949 1581 2159 1638 differat
2197 1586 2476 1642 articulata
2506 1604 2610 1644 vox
2647 1602 2833 1648 nostra
2858 1594 2926 1650 ab
2954 1595 3319 1668 intelligentia:
3348 1613 3544 1656 nostra:

1953 1673 2252 1740 vivacitate,
2280 1676 2436 1749 longe
2460 1678 2794 1738 differenlior
2814 1693 2898 1740 est
2936 1689 3233 1743 mortalitas
3269 1693 3446 1746 carnis
3476 1697 3546 1748 ab

1951 1765 2253 1834 aequalitate
2280 1767 2395 1823 Dei.
2427 1769 2493 1824 Et
2524 1780 2704 1828 tamen
2733 1791 2852 1830 cum
2885 1777 2938 1831 in
2967 1779 3154 1834 eadem
3193 1781 3358 1851 [arma
3396 1796 3542 1852 esset,

1949 1857 2269 1926 semetipsum
2297 1861 2568 1916 exiuanivit
2597 1867 2816 1936 formam
2840 1871 2971 1923 servi
2999 1873 3271 1942 accipiens,
3298 1885 3426 1943 etc.,
3453 1894 3540 1932 us-

1949 1962 2052 2016 que
2075 1948 2142 2001 atl
2171 1948 2244 2021 (α)
2271 1962 2478 2006 mortem
2503 1957 2668 2010 crucis
2694 1957 2966 2030 (Philipp.
2999 1977 3065 2028 ιι,
3098 1963 3248 2036 6-8).
3274 1966 3441 2031 Quam
3474 1969 3545 2023 ob

1949 2053 2189 2108 causam,
2239 2045 2338 2098 nisi
2369 2046 2491 2116 quia
2523 2049 2693 2105 factus
2719 2063 2802 2106 est
2836 2055 3064 2110 inﬁrmis
3094 2057 3354 2126 inlirmus,
3385 2071 3439 2115 ut
3464 2063 3545 2116 in-

1950 2131 2135 2187 ﬁrmos
2165 2135 2482 2194 lucriﬁcare!
2518 2139 2577 2212 (l
2611 2143 2729 2197 Cor.
2765 2161 2839 2212 Ix,
2870 2146 2941 2199 22
2963 2149 3024 2218 )?
3053 2151 3189 2204 Audi
3221 2153 3334 2221 ejus
3365 2155 3544 2209 imila-
3584 2177 3586 2180 ·

1949 2232 2120 2278 torem
2147 2226 2268 2282 alibi
2295 2230 2456 2284 etiant
2488 2231 2752 2288 dicentem
2781 2254 2791 2288 ς
2827 2237 2949 2292 Sive
2978 2240 3108 2292 enim
3134 2253 3298 2296 mente
3325 2246 3543 2299 excessi—

1949 2333 2078 2384 mus,
2110 2317 2253 2384 Deo;
2277 2322 2380 2376 sive
2407 2333 2737 2395 temperantes
2755 2346 2948 2397 sumus,
2973 2334 3126 2386 vobis.
3152 2335 3383 2391 Charitas
3409 2341 3542 2392 enim

1948 2404 2138 2462 Christi
2160 2411 2415 2480 compellit
2436 2432 2545 2480 nos,
2561 2418 2854 2486 jadicantes
2880 2422 2994 2487 hor,
3012 2426 3129 2494 quia
3156 2443 3286 2480 unus
3316 2446 3408 2498 pro
3433 2447 3543 2484 om-

1949 2499 2097 2574 nibus
2120 2512 2346 2557 mortuus
2373 2515 2444 2558 est
2472 2511 2490 2573 (
2505 2505 2547 2562 ll
2577 2509 2692 2563 Cor.
2712 2526 2764 2578 ν,
2792 2514 2858 2568 15
2881 2523 2927 2567 et
2954 2516 3066 2583 14).
3097 2516 3376 2582 Quomodo
3398 2522 3540 2576 enim

1949 2600 2165 2670 paratus
2193 2605 2337 2648 esset
2367 2595 2602 2666 impendi
2631 2615 2727 2670 pro
2759 2604 3039 2660 animabus
3067 2623 3252 2663 eorum
3283 2608 3408 2682 (Id.
3442 2628 3539 2680 xu,

1951 2683 2017 2737 15
2038 2681 2078 2754 ),
2111 2683 2155 2737 si
2199 2699 2320 2740 eum
2365 2689 2572 2758 pigeret
2599 2691 2842 2767 inclinari
2869 2696 2937 2749 ad
2965 2713 3122 2751 aures
3151 2681 3375 2756 eorum?
3408 2704 3542 2758 llinc

1951 2790 2080 2846 ergo
2109 2776 2279 2834 factus
2305 2788 2388 2834 est
2414 2784 2667 2850 parvulus
2697 2786 2748 2839 in
2779 2787 2956 2841 tnedio
2984 2803 3252 2856 nostrunt,
3289 2801 3538 2866 tanquam

1947 2867 2126 2922 nutrix
2155 2870 2340 2924 fovens
2371 2872 2508 2928 ﬁlios
2537 2890 2661 2929 suos
2690 2877 2708 2947 (
2734 2877 2753 2930 Ι
2798 2877 2972 2933 Thess.
3009 2897 3074 2948 ll,
3109 2883 3198 2953 7).
3232 2884 3364 2938 Nunt
3396 2887 3538 2942 enim

1947 2961 2203 3030 delectat,
2233 2965 2337 3020 nisi
2363 2981 2515 3022 amor
2537 2971 2745 3037 invitet,
2775 2972 3048 3030 decurtata
3081 2987 3134 3032 et
3159 2979 3399 3034 mutil.:ta
3423 2997 3542 3036 ver-

1946 3056 2012 3111 ba
2040 3057 2493 3118 immurmurare?
2522 3062 2589 3118 Et
2619 3073 2794 3120 tamen
2835 3078 3020 3137 optant
3059 3069 3302 3127 homines
3343 3074 3540 3129 habere

1947 3148 2204 3217 infantes,
2245 3151 2440 3221 quibus
2478 3153 2531 3207 id
2569 3155 2858 3214 exhibeant
2890 3177 2901 3211 :
2935 3168 2989 3214 et
3017 3163 3230 3217 suavius
3260 3174 3340 3218 est
3382 3167 3539 3220 matri

1944 3241 2150 3296 ntinuta
2203 3258 2391 3298 mansa
2432 3245 2680 3314 inspuere
2720 3249 2944 3316 parvulo
2984 3252 3120 3317 ﬁlio,
3163 3270 3319 3322 quam
3369 3255 3538 3323 ipsam

1945 3333 2201 3387 mandere
2229 3349 2293 3388 ac
2322 3334 2580 3390 devorare
2605 3339 2909 3408 grandiora.
2935 3341 3050 3396 Non
3079 3359 3205 3413 ergo
3231 3346 3446 3399 recedat
3471 3347 3540 3401 de

1946 3435 2164 3496 pectore
2203 3428 2362 3481 etiam
2393 3428 2648 3498 cogitatio
2673 3431 2882 3500 gallina:
2913 3433 3076 3499 illius,
3109 3452 3228 3505 qua:
3258 3438 3538 3506 languidu-

1943 3517 2007 3570 lis
2040 3517 2236 3588 plumis
2276 3528 2492 3575 teneros
2533 3519 2674 3576 fetus
2696 3524 2887 3592 operit,
2916 3535 2968 3580 et
2994 3538 3334 3582 susurrantes
3365 3531 3535 3598 pullos

1942 3607 2214 3664 confracta
2242 3625 2375 3664 voce
2397 3611 2656 3678 advocat;
2684 3613 2839 3682 cujus
2876 3615 3097 3671 blandas
3124 3618 3237 3670 alas
3267 3619 3537 3689 refugien-

1947 3709 2030 3754 tes
2058 3701 2296 3770 superbi,
2326 3703 2506 3772 praeda
2536 3702 2668 3758 ﬁunt
2693 3704 2910 3759 alitibus
2939 3705 3167 3775 (Matth.
3219 3725 3378 3772 χλιιι,
3409 3710 3476 3764 57
3496 3710 3536 3779 ).

1943 3791 2000 3846 Si
2028 3793 2172 3845 enim
2203 3792 2511 3849 intellectus
2539 3795 2770 3850 delectat
2803 3797 2854 3851 in
2894 3798 3260 3867 penetralibus
3289 3801 3540 3856 sinceris-

1942 3886 2113 3952 simis,
2145 3884 2248 3940 hoc
2272 3886 2433 3959 etiam
2467 3887 2766 3956 intelligere
2789 3888 3040 3955 delectat,
3068 3891 3338 3958 quomodo
3363 3892 3540 3950 chari-

1944 3986 2046 4044 tas,
2079 3986 2280 4048 quanto
2318 3979 2612 4035 ofﬁciosius
2637 3979 2915 4035 descendit
2943 3981 2995 4035 in
3035 3981 3245 4048 inﬁma,
3279 3992 3423 4037 tanto
3450 3999 3540 4040 ro-

1943 4070 2151 4126 bustius
2180 4073 2411 4126 recurrit
2448 4071 2501 4126 in
2542 4072 2726 4126 intima
2777 4088 2873 4141 per
2915 4073 3108 4128 bonam
3151 4075 3536 4132 conscientiam

1942 4162 2074 4220 nihil
2097 4162 2373 4232 quan'emli
2400 4164 2415 4194 ¹
2441 4163 2510 4218 ab
2535 4164 2615 4218 eis
2641 4163 2709 4218 ad
2735 4179 2870 4233 quos
2895 4164 3194 4232 descendit,
3225 4175 3421 4236 praeter
3443 4183 3539 4224 eo-

1941 4269 2058 4309 rum
2091 4254 2467 4322 sempiternam
2503 4255 2747 4308 salutem.

2013 4344 2239 4400 CAPUT
2269 4344 2534 4400 Xl.—l6.
2562 4345 2859 4402 Reinedium
2891 4356 3066 4402 contra
3093 4350 3367 4408 secundm
3397 4349 3539 4405 (tedii

1942 4451 2171 4490 causam.
2191 4435 2245 4490 Si
2268 4443 2447 4489 autem
2465 4435 2633 4505 magis
2657 4437 2978 4505 appetimus,
2997 4453 3059 4492 ea
3082 4454 3201 4508 qum
3223 4438 3334 4508 jam
3353 4448 3537 4508 parata

1941 4537 2068 4585 sunt
2097 4536 2152 4584 et
2184 4529 2382 4587 ntelius
2409 4529 2551 4584 dicta
2580 4529 2757 4599 legere
2789 4531 2866 4584 vel
2897 4530 3102 4597 audire,
3144 4539 3198 4586 et
3241 4531 3364 4586 ideo
3393 4533 3539 4604 piget

1941 4621 2150 4678 incerto
2169 4623 2316 4678 exitu
2341 4621 2410 4678 ad
2448 4633 2656 4692 tempus
2679 4632 2930 4692 coaptare
2951 4640 3070 4694 qua:
3091 4624 3358 4696 loquimur
3384 4645 3396 4678 :
3422 4635 3539 4680 tan-

1944 4723 2055 4774 tum
2093 4729 2123 4768 a
2153 4715 2380 4770 veritate
2406 4731 2586 4770 rerum
2611 4731 2714 4770 non
2743 4715 2955 4770 aberret
2992 4717 3225 4782 animus,
3253 4716 3407 4778 facile
3455 4725 3540 4774 est

1941 4807 2063 4863 utsi
2095 4807 2148 4863 in
2168 4807 2348 4862 verbis
2373 4807 2673 4864 auditorem
2719 4808 2918 4879 aliquid
2945 4808 3226 4864 offenderit
3254 4851 3270 4876 ,
3321 4825 3387 4865 ex
3419 4811 3532 4879 ipsa

1939 4899 2224 4955 occasione
2249 4899 2422 4954 discat
2445 4911 2603 4968 qttant
2645 4900 2716 4953 sit
2763 4915 2822 4954 re
2874 4899 3142 4955 intellecta
3173 4909 3529 4955 contemnen-

1939 4991 2086 5052 dum,
2119 4991 2164 5044 si
2191 4991 2366 5046 minus
2393 4989 2620 5061 integre,
2651 4998 2743 5046 aut
2764 4991 2807 5044 si
2847 4991 3025 5045 minus
3084 4991 3298 5059 proprie
3342 5005 3536 5046 sonare

1939 5084 2131 5152 potuit,
2161 5082 2302 5152 quod
2334 5081 2456 5137 ideo
2485 5082 2711 5136 sonabat
2739 5089 2796 5136 ut
2825 5095 2912 5137 res
2942 5081 3331 5151 intelligeretur
3381 5083 3536 5148 Quod

1941 5174 1984 5228 si
2015 5172 2264 5227 humana:
2292 5171 2620 5227 inﬁrmitatis
2650 5171 2874 5226 intentio
2905 5170 3065 5224 etiam
3101 5171 3168 5225 ab
3191 5171 3301 5240 ipsa
3357 5187 3534 5226 rerum

1941 5264 2166 5320 veritate
2193 5263 2560 5326 aberraverit;
2592 5277 2895 5331 quanquam
2929 5261 2980 5314 in
3003 5262 3402 5316 cateehizandis
3443 5280 3533 5318 ru-

1938 5356 2115 5416 dibus,
2139 5355 2230 5410 ubi
2258 5356 2339 5408 via
2368 5353 2642 5408 tritissima
2673 5353 2896 5408 tenenda
2941 5362 3025 5408 est
3048 5394 3063 5418 ,
3113 5353 3331 5410 difﬁcile
3361 5362 3536 5422 potest

1938 5447 2185 5503 accidetc
2209 5466 2220 5499 :
2245 5455 2418 5501 tantcn
2448 5455 2513 5499 ne
2545 5444 2686 5499 forte
2709 5445 2914 5500 accidat
2949 5455 3005 5500 ttt
3027 5447 3186 5500 etiam
3210 5447 3335 5500 hinc
3375 5445 3537 5500 oll‘en-

1939 5543 2096 5598 datur
2125 5541 2354 5603 auditor,
2391 5556 2498 5594 non
2542 5538 2758 5594 aliunde
2785 5539 2940 5594 nobis
2969 5539 3130 5595 debet
3179 5540 3353 5594 videri
3397 5540 3530 5592 acci-

1954 5634 2120 5696 (lisse,
2153 5631 2389 5701 ιιὶμὶψιὶιι
2423 5631 2564 5686 Deus
2581 5631 2811 5699 experiri
2843 5646 2938 5685 nos
2968 5632 3161 5697 voluit,
3188 5642 3366 5686 utrum
3413 5645 3535 5684 cum

2006 5792 2021 5822 ι
2058 5791 2129 5837 sic
2151 5795 2257 5836 Mss.
2283 5788 2403 5837 Editi
2429 5800 2566 5845 vero,
2591 5785 2713 5836 nihil
2738 5789 3016 5850 quatrcndo.

2003 5853 2076 5910 (τε)
2111 5858 2215 5899 lstzc
2243 5862 2402 5914 voces,
2431 5859 2548 5907 etc.,
2571 5864 2715 5914 mque
2733 5847 3022 5914 ad,_librarii
3036 5854 3149 5900 sunt
3169 5847 3534 5914 mitteremus,

1941 5924 1993 5964 ut
2018 5913 2161 5970 sciet,
2181 5913 2330 5962 verba
2356 5910 2647 5962 iutermedia'
2667 5913 2797 5961 citati
2823 5910 2930 5958 loci.
