4072 6510
546 486 653 557 52$

546 609 739 670 mentis
764 591 1067 678 placiditate
1092 600 1443 670 corrigantur,
1466 611 1531 650 ne
1559 595 1610 648 in
1639 591 2006 647 defensionem
2033 601 2129 641 no-

544 701 639 756 stri
666 698 864 755 erroris
887 695 1087 766 majore
1107 691 1505 764 prmcipitemur
1526 699 1732 740 errore.
1759 680 1912 746 Quod
1949 679 1994 733 si
2039 693 2133 733 nc-

543 806 631 846 mo
662 789 815 843 nobis
836 786 1053 852 dixerit,
1071 799 1275 852 nosque
1305 778 1496 834 etillos
1523 775 1613 846 qui
1639 774 1922 828 audierunt
1959 768 2132 824 omni-

545 899 613 936 no
644 879 877 943 latuerit,
907 878 1086 932 nullus
1106 875 1261 930 dolor
1288 881 1389 935 est,
1406 871 1448 924 si
1483 884 1587 922 non
1630 867 1722 921 fiat
1749 867 1965 920 iterum.
2013 861 2134 915 Ple-

547 989 777 1043 rumque
835 979 1015 1025 autem
1067 983 1164 1022 nos
1227 965 1325 1035 ipsi
1388 961 1684 1016 recolentes
1757 972 1876 1027 qua:
1936 952 2134 1019 dixeri-

547 1083 700 1130 mus,
757 1061 1201 1132 reprehendimus
1249 1055 1483 1125 aliquid,
1531 1062 1584 1107 et
1633 1052 1940 1120 ignoramus
1998 1059 2132 1115 quo-

550 1156 709 1210 modo
765 1163 885 1208 eum
934 1153 1203 1206 diceretur
1251 1154 1526 1214 acceptum
1575 1142 1682 1205 sit;
1714 1140 1984 1209 magisque
2033 1135 2134 1190 do-

557 1248 771 1313 lemus,
825 1244 1036 1314 quando
1074 1243 1124 1296 in
1181 1239 1337 1294 nobis
1391 1237 1561 1291 fervet
1609 1234 1881 1296 Charitas,
1922 1230 1967 1284 si
2013 1243 2134 1282 eum

555 1338 746 1392 falsum
793 1343 974 1398 esset,
1008 1333 1234 1387 libenter
1267 1338 1542 1397 acceptum
1592 1334 1694 1379 est.
1749 1322 1981 1391 lde‘oqde
2035 1331 2136 1389 op-

553 1427 882 1498 portunitate
936 1431 1146 1493 reperta
1173 1462 1186 1487 ,
1217 1421 1356 1475 sicut
1403 1432 1500 1473 nos
1525 1416 1670 1486 ipsos
1699 1415 1752 1468 in
1777 1412 1994 1469 silentio
2047 1425 2137 1465 re-

552 1516 952 1588 prehendimus,
986 1515 1056 1568 ita
1084 1511 1376 1567 curandum
1407 1518 1488 1564 eSt
1518 1507 1754 1562 utetiam
1814 1505 1887 1559 illi
1936 1503 2137 1558 sensim

551 1611 906 1680 corrigantur,
932 1608 1021 1676 qui
1043 1621 1148 1660 non
1181 1606 1272 1660 Dei
1293 1602 1504 1667 verbis,
1543 1599 1637 1656 Sed
1665 1600 1820 1668 plane
1862 1595 2058 1651 nostris
2084 1595 2136 1648 in

552 1704 779 1774 aliquam
804 1702 934 1772 lapsi
964 1711 1090 1755 sunt
1123 1699 1424 1752 falsitatem.
1442 1695 1498 1751 Si
1516 1709 1645 1749 vero
1671 1691 1835 1762 aliqui
1859 1691 2027 1745 livore
2048 1689 2140 1743 've-

553 1810 687 1850 sano
706 1795 832 1848 caeci
862 1807 1073 1847 errasse
1093 1805 1190 1844 nos
1211 1787 1461 1858 gaudent,
1491 1788 1812 1839 susurrones
1831 1823 1845 1848 ,
1874 1781 2140 1834 detracto-

556 1901 664 1952 res,
683 1886 792 1940 Deo
823 1883 1047 1940 odihiles
1079 1880 1270 1952 (Rom.
1296 1893 1335 1944 ι,
1366 1877 1489 1946 50);
1537 1875 1810 1945 przcbeant
1837 1870 1990 1925 nobis
2026 1883 2140 1923 ma-

559 1980 745 2034 teriam
765 1974 1082 2032 exercendae
1123 1971 1391 2043 patientize
1435 1984 1556 2022 cum
1605 1963 1988 2027 misericordia,
2017 1963 2139 2032 quia

559 2083 613 2127 et
641 2069 893 2140 patientia
924 2067 1017 2121 Dei
1063 2065 1127 2119 ad
1186 2061 1554 2134 pmnitentiam
1602 2073 1699 2114 eos
1737 2056 1972 2112 adducit.
2005 2053 2141 2122 Quid

561 2161 705 2222 enim
761 2170 841 2217 est
875 2157 1269 2221 detestabilius,
1303 2164 1357 2208 et
1408 2151 1551 2224 quod
1606 2149 1776 2220 magis
1819 2147 2146 2202 thesaurizet

563 2257 696 2310 iram
742 2253 794 2307 iu
842 2252 929 2305 die
984 2250 1076 2303 ira:
1125 2255 1182 2302 et
1223 2243 1565 2300 revelationis
1614 2240 1744 2312 justi
1820 2237 2005 2308 judicii
2055 2236 2149 2291 Dei

564 2346 583 2417 (
605 2343 690 2397 Id.
716 2359 774 2407 ιι,
794 2344 824 2396 4
852 2351 896 2395 et
925 2338 1002 2412 5),
1026 2353 1182 2409 quam
1203 2336 1268 2391 de
1288 2335 1425 2389 malo
1447 2333 1662 2387 alterius
1678 2330 1812 2384 mala
1833 2330 1848 2360 ί
1868 2327 2062 2383 diaboli
2079 2326 2153 2380 si-

567 2433 866 2490 militudine
921 2440 1079 2500 atque
1123 2427 1417 2482 imitatione
1481 2421 1689 2477 imtari?
1763 2419 2149 2488 Nonnunquam

564 2527 746 2589 etiam,
776 2538 895 2576 cum
922 2529 1066 2576 recte
1087 2519 1264 2573 omnia
1323 2529 1553 2584 vereque
1595 2513 1858 2575 dicantur,
1914 2515 2007 2563 aut
2043 2514 2150 2562 non

566 2617 893 2672 intellectum
913 2612 1132 2682 aliquid,
1160 2617 1455 2664 autcontra
1490 2606 1794 2676 opinionem
1825 2611 1880 2658 et
1927 2617 2156 2657 consue-

571 2685 806 2762 tudinem
834 2704 1028 2758 veteris
1057 2701 1256 2756 erroris
1309 2699 1421 2767 ipsa
1464 2697 1700 2750 novitate
1749 2708 2028 2764 asperum,
2065 2688 2153 2746 of-

569 2797 734 2853 fendit
753 2803 804 2850 et
825 2792 1103 2864 perturbat
1156 2789 1485 2844 audientem.
1535 2783 1692 2853 Quod
1730 2785 1776 2838 si
1815 2780 2154 2852 apparuerit,

569 2886 970 2953 sanabilemque
998 2897 1054 2936 se
1081 2881 1314 2950 prmbet,
1368 2877 1746 2932 auctoritatum
1783 2875 2158 2944 rationumque

569 2979 723 3047 copia
752 2977 866 3030 sine
890 2974 993 3026 ulla
1019 2972 1276 3026 dilatione
1303 2968 1575 3022 sanandus
1594 2975 1694 3021 est.
1719 2965 1777 3020 Si
1801 2974 1977 3020 autem
1999 2965 2157 3019 tacita

573 3076 628 3123 et
651 3065 858 3121 occulta
891 3063 1113 3115 offensio
1135 3069 1236 3124 est,
1268 3059 1360 3113 Dei
1384 3056 1647 3112 medicina
1673 3054 1922 3124 opitulari
1961 3063 2154 3124 potest.

575 3159 646 3213 At
683 3157 727 3210 si
756 3153 1083 3214 resiluerit’,
1133 3159 1185 3205 et
1210 3151 1386 3204 curari
1438 3148 1816 3211 recusaverit,
1853 3146 2160 3202 consoletur

577 3263 677 3303 nos
702 3246 1023 3302 daminicum
1053 3242 1181 3297 illud
1209 3241 1513 3310 exemplum
1537 3279 1554 3305 ,
1607 3240 1694 3309 qui
1737 3238 1955 3294 offensis
1984 3239 2159 3294 homi-

576 3339 731 3393 nibus
751 3352 815 3391 ex
845 3335 1009 3389 verbo
1031 3349 1149 3397 suo,
1170 3342 1224 3387 et
1255 3341 1508 3400 tanquam
1537 3329 1726 3384 durum
1752 3328 2158 3399 refugientibus,

576 3431 740 3485 etiam
772 3428 836 3481 iis
862 3427 950 3496 qui
975 3433 1348 3480 remanserant
1373 3423 1466 3488 ait,
1501 3420 1764 3490 Numquid
1792 3430 1838 3474 et
1877 3437 1962 3475 vos
2013 3421 2162 3476 vultis

575 3522 650 3574 ire
675 3518 860 3591 (loan.
891 3535 970 3583 vt,
1001 3516 1140 3587 68)?
1192 3515 1335 3570 Satis
1391 3514 1535 3569 enim
1569 3513 1734 3568 fixum
1780 3520 1938 3582 atque
1966 3514 2162 3567 immo-

578 3612 686 3668 bile
704 3612 864 3666 debet
899 3609 1063 3664 curde
1091 3607 1330 3670 retineri,
1365 3605 1664 3660 Jerusalem
1690 3605 1952 3673 captivam
1978 3608 2045 3658 ab
2065 3603 2165 3658 hu-

573 3704 665 3774 jus
694 3702 874 3758 steculi
919 3701 1208 3771 Babylonia
1257 3699 1498 3753 decursis
1540 3695 1866 3780 temporibus
1915 3695 2160 3762 liberari,

577 3793 888 3862 nullumque
907 3807 971 3847 ex
994 3791 1082 3844 illa
1105 3805 1226 3844 esse
1253 3790 1583 3860 periturum;
1626 3787 1750 3857 quia
1783 3786 1873 3856 qui
1907 3787 2161 3857 perierit,

579 3897 686 3938 non
703 3897 772 3938 ex
798 3882 884 3936 illa
911 3889 1043 3935 erat.
1075 3879 1310 3934 Firmum
1333 3879 1475 3933 enim
1504 3877 1891 3948 fundamentum
1921 3875 2017 3930 Dei
2042 3886 2162 3944 stat,

579 3973 766 4027 habens
792 3972 1110 4043 signaculum
1137 3971 1231 4024 hoc
1260 3987 1280 4026 :
1303 3971 1438 4024 novit
1467 3969 1716 4022 Dominus
1741 3969 1826 4038 qui
1865 3977 1984 4021 sunt
2011 3968 2164 4037 ejus;

579 4075 626 4120 et
654 4065 852 4120 recedat
880 4063 942 4118 ab
969 4064 1250 4134 iniquitate,
1280 4063 1443 4116 omnis
1468 4062 1554 4131 qui
1597 4061 1826 4114 nominat
1851 4075 2033 4114 nomen
2059 4058 2166 4113 Do-

580 4154 807 4224 mini(ll
837 4153 972 4206 Tim.
1003 4169 1064 4219 ιι,
1107 4151 1218 4223 i9).
1253 4152 1356 4205 ista
1376 4151 1672 4221 cogitantes
1701 4191 1717 4218 ,
1763 4159 1820 4205 et
1857 4149 2169 4204 invocantes

584 4243 870 4298 Dominum
901 4244 951 4294 in
980 4257 1074 4296 cor
1103 4252 1367 4305 nostrum,
1399 4241 1576 4295 minus
1602 4240 1908 4294 timebimus
1931 4240 2166 4294 incertos

589 4335 769 4390 exitus
799 4333 1062 4388 sermonis
1083 4333 1248 4386 nostri
1272 4339 1487 4400 propter
1514 4331 1747 4386 incertos
1772 4339 1948 4384 motus
1968 4329 2170 4384 audito-

587 4439 744 4489 rum;
788 4424 1176 4492 delectabitque
1200 4438 1298 4477 nos
1326 4423 1486 4477 etiam
1523 4421 1634 4491 ipsa
1689 4422 1967 4491 perpessio
2003 4421 2170 4476 mole-

591 4515 810 4570 stiarum
839 4529 934 4582 pro
963 4512 1294 4567 misericordi
1317 4527 1502 4582 opere,
1535 4513 1580 4566 si
1606 4527 1712 4566 non
1741 4512 1794 4566 in
1846 4526 1913 4567 eo
1932 4521 2170 4567 nostram

590 4606 816 4677 gloriam
854 4603 1208 4674 requiramus.
1239 4602 1388 4657 Tunc
1421 4601 1563 4657 enim
1613 4610 1695 4656 est
1745 4616 1872 4656 vere
1907 4616 2041 4672 opus
2069 4602 2170 4657 bo-

587 4714 738 4764 num,
760 4712 880 4752 cum
901 4695 1212 4750 acharitate
1247 4695 1516 4765 jaculatur
1558 4695 1766 4764 agentis
1812 4696 2070 4763 intentio,
2117 4706 2174 4752 et

590 4800 839 4860 tanquam
861 4788 928 4844 ad
956 4789 1131 4842 locum
1155 4803 1308 4841 suum
1354 4787 1588 4852 rediens,
1621 4801 1805 4842 rursus
1834 4787 1886 4840 in
1911 4787 2172 4844 eharitate

590 4880 896 4952 requiescit.
929 4879 1112 4934 Lectio
1140 4893 1269 4933 vero
1306 4893 1426 4949 quae
1453 4892 1554 4934 nos
1576 4877 1841 4945 delectat,
1872 4888 1964 4933 aut
1995 4880 2171 4950 aliqua

589 4974 788 5029 auditio
801 4972 1039 5028 melioris
1061 4969 1280 5040 eloquii,
1310 4978 1370 5024 ut
1411 4985 1530 5025 eam
1579 4970 1908 5039 promendo,
1936 4973 2172 5028 sermoni

586 5074 772 5121 nostro
793 5078 1108 5136 prmponere
1128 5063 1393 5127 volentes,
1421 5076 1541 5116 eum
1564 5062 1774 5132 pigritia
1795 5063 1880 5116 vel
1907 5063 2065 5118 taedio
2089 5064 2173 5120 lo-

590 5171 833 5224 quamur,
864 5156 1155 5210 alacriores
1183 5168 1282 5209 nos
1310 5152 1583 5221 suscipiet,
1613 5151 2006 5222 jucundiorque
2033 5168 2172 5222 prae-

589 5244 814 5298 stabitur
832 5254 948 5313 post
967 5245 1226 5310 laborem;
1245 5253 1298 5298 et
1322 5244 1526 5314 majore
1552 5243 1741 5298 fiducia
1771 5242 2176 5312 deprecabimur

594 5340 650 5388 ut
673 5335 917 5402 loquatur
945 5337 1098 5391 nobis
1121 5338 1260 5392 Deus
1289 5336 1557 5406 quomodo
1585 5336 1830 5390 volumus
1855 5377 1870 5403 ,
1913 5337 1959 5390 si
1999 5337 2172 5391 susci-

594 5427 803 5496 piamus
827 5427 1061 5482 hilariter
1082 5438 1138 5482 ut
1159 5429 1408 5497 loquatur
1432 5444 1528 5500 per
1555 5445 1652 5484 nos
1673 5430 1941 5498 quomodo
1982 5443 2174 5497 possu-

598 5530 718 5569 mus
750 5533 764 5568 :
793 5515 863 5568 ita
886 5517 944 5570 fit
973 5525 1030 5570 ut
1057 5517 1397 5586 diligentibus
1423 5521 1589 5575 Deum
1631 5521 1812 5575 omnia
1855 5532 2178 5578 concurrant

595 5603 649 5659 in
676 5603 873 5659 bonum
901 5605 1074 5676 (Rom.
1107 5622 1220 5669 vnt,
1248 5607 1373 5676 28).

669 5695 895 5752 CAPUT
922 5695 1206 5750 Xll.—i7.
1228 5696 1525 5752 Remedium
1554 5713 1728 5756 contra
1753 5705 1950 5758 tertiam
1971 5721 2176 5760 causam

660 5851 678 5883 ί
712 5856 779 5901 Ita
796 5851 844 5899 in
867 5859 976 5900 Mss.
1000 5856 1054 5900 At
1076 5852 1125 5898 in
1150 5850 1310 5909 editis,
1335 5863 1486 5900 mera.

661 5913 684 5945 ¹
716 5911 835 5962 Editi
849 5947 863 5972 ,
879 5909 1124 5962 resiiierit.
1145 5913 1507 5963 Prtestantiores
1524 5920 1612 5962 Mss
1637 5949 1652 5966 .
1673 5916 1928 5969 resiluerit.

1419 471 1510 536 os
1549 452 2090 536 CATECIIIZANDiS
2127 449 2442 537 anulatis,
2484 469 2541 526 s.
2583 449 2950 526 AUGUSTth

3725 451 3832 526 an

2243 585 2400 639 (redii.
2456 585 2573 641 Jam
2618 599 2744 640 vero
2773 586 2818 640 si
2845 585 3038 640 usitata
3089 592 3144 640 et
3195 586 3427 655 parvulis
3475 590 3831 657 congruentia

2239 693 2382 747 sarpe
2407 688 2650 748 repetere
2695 677 3024 745 fastidimus;
3083 693 3442 748 congruamus
3473 680 3553 733 eis
3583 695 3682 748 per
3706 679 3825 733 fra-

2243 779 2474 836 ternum,
2497 781 2806 841 paternum,
2837 781 3243 841 maternumque
3286 786 3546 835 amorem,
3581 777 3638 826 et
3663 787 3828 839 σωρη-

2241 865 2357 917 latis
2378 864 2524 918 cordi
2551 879 2735 918 eorum
2763 865 2924 918 etiam
2949 865 3103 919 nobis
3133 879 3267 918 nova
3307 857 3649 918 videbuntur.
3678 865 3826 918 Tan-

2241 965 2351 1011 tum
2383 957 2524 1011 enim
2551 958 2690 1012 valet
2713 957 2876 1011 animi
2903 957 3275 1025 compatientis
3296 957 3517 1011 affectus
3541 998 3556 1022 ,
3606 965 3665 1010 ut
3705 971 3827 1009 cum

2242 1050 2316 1104 illi
2346 1050 2652 1105 afﬁciuntur
2678 1050 2832 1106 nobis
2867 1050 3222 1120 loquentibus,
3243 1059 3295 1104 et
3318 1064 3413 1104 nos
3444 1049 3549 1103 illis
3576 1049 3833 1103 discenti-

2242 1141 2363 1208 bus,
2386 1141 2683 1196 habitemus
2708 1141 2759 1195 in
2793 1140 3049 1205 invicem;
3082 1149 3239 1210 atque
3265 1141 3333 1193 ita
3363 1149 3417 1194 et
3447 1140 3521 1193 illi
3570 1155 3690 1209 qua:
3725 1154 3829 1191 au-

2242 1233 2390 1288 diunt
2420 1234 2570 1303 quasi
2597 1235 2882 1303 loquantur
2912 1233 2966 1286 in
2992 1233 3164 1297 nobis,
3187 1239 3242 1286 et
3270 1247 3367 1285 nos
3421 1232 3475 1285 in
3518 1231 3622 1285 illis
3652 1231 3832 1284 disca.

2243 1339 2362 1379 mus
2379 1323 2607 1393 quodam
2631 1324 2790 1378 modo
2814 1340 2933 1394 qua:
2951 1323 3221 1379 docemus.
3240 1322 3430 1377 Nonne
3459 1321 3699 1376 accidere
3721 1321 3826 1375 hoe

2244 1415 2400 1480 solet,
2424 1429 2543 1469 cum
2567 1414 2684 1470 loca
2701 1414 2942 1484 quzedam
2960 1416 3130 1484 ampla
3158 1422 3211 1467 et
3235 1412 3476 1482 pulchra.
3503 1412 3586 1467 vel
3616 1413 3833 1467 urbium

2246 1504 2330 1558 vel
2345 1518 2614 1574 agrorum,
2629 1519 2746 1574 qua:
2763 1505 2871 1574 jam
2891 1519 2988 1559 nos
3000 1520 3142 1574 saepe
3157 1504 3386 1558 videndo
3416 1501 3529 1558 sine
3545 1505 3721 1574 aliqua
3734 1521 3834 1558 vo-

2249 1595 2447 1665 luptate
2474 1597 2897 1665 prmteribamus,
2927 1596 3256 1650 oStendimus
3283 1596 3361 1649 eis
3389 1595 3477 1664 qui
3502 1603 3662 1648 antea
3698 1610 3838 1648 nun-

2247 1703 2407 1758 quam
2435 1689 2700 1754 viderant,
2729 1698 2785 1742 ut
2815 1690 2995 1743 nostra
3017 1687 3301 1742 delectatio
3324 1687 3374 1740 in
3403 1701 3593 1741 eorum
3625 1687 3840 1740 novitas

2249 1783 2371 1836 tatis
2397 1781 2751 1836 delectatione
2780 1780 3102 1835 renovetur?
3143 1774 3214 1834 Et
3239 1789 3384 1834 tanto
3412 1779 3601 1849 magis,
3634 1785 3840 1849 quanto

2249 1882 2377 1928 sum
2403 1874 2719 1938 amiciores;
2749 1873 2870 1942 quia
2898 1887 2994 1943 per
3030 1871 3229 1926 amoris
3284 1871 3555 1924 vinculum
3582 1870 3635 1924 in
3667 1881 3842 1940 quan-

2251 1975 2362 2020 tum
2383 1966 2433 2021 in
2454 1965 2557 2020 illis
2579 1981 2783 2031 sumus,
2813 1966 2865 2020 in
2890 1974 3092 2021 tantum
3125 1974 3179 2018 et
3207 1963 3360 2018 nobis
3392 1979 3524 2016 nova
3563 1963 3696 2016 fiunt
3721 1979 3842 2032 qua:

2252 2067 2434 2114 vetera
2465 2060 2692 2113 fuerunt.
2718 2058 2822 2113 Sed
2855 2057 2899 2112 si
2948 2057 3000 2111 in
3047 2057 3208 2111 rebus
3264 2053 3699 2123 contemplandis
3739 2053 3842 2106 ali-

2253 2161 2506 2223 quantum
2526 2152 2872 2222 profecimus,
2907 2166 3011 2205 non
3035 2150 3280 2203 volumus
3301 2163 3394 2201 eos
3411 2161 3545 2216 quos
3567 2145 3843 2214 diligimus

2253 2245 2422 2298 lauari
2451 2251 2505 2297 et
2529 2250 2762 2312 stupere,
2791 2250 2912 2296 cdm
2949 2241 3219 2294 intuentur
3247 2253 3410 2308 opera
3457 2249 3711 2290 manuum
3740 2235 3840 2288 ho-

2256 2340 2492 2405 minum;
2520 2339 2613 2393 sed
2639 2339 2882 2394 volumus
2908 2353 3000 2393 eos
3017 2338 3069 2392 in
3090 2339 3259 2409 ipsam
3282 2346 3451 2391 artem
3476 2337 3492 2367 ¹
3524 2335 3845 2390 consilium-

2256 2445 2323 2486 ve
2349 2431 2668 2484 institutoris
2707 2429 2972 2495 attollere,
3004 2439 3163 2499 atque
3189 2428 3312 2482 inde
3348 2441 3638 2495 exsurgere
3668 2427 3718 2478 in
3748 2425 3847 2477 ad-

2257 2523 2593 2577 mirationem
2632 2523 2950 2592 laudemque
2980 2521 3356 2578 omnicreantis
3388 2521 3500 2585 Dei,
3530 2520 3621 2574 ubi
3651 2521 3849 2573 amoris

2259 2613 2712 2669 fructuosissimus
2741 2615 2859 2670 finis
2879 2623 2988 2669 est:
3012 2624 3210 2684 quanto
3239 2628 3368 2683 ergo
3398 2612 3567 2681 magis
3587 2610 3844 2665 delectari

2260 2721 2359 2760 nos
2384 2715 2613 2775 oportet,
2641 2722 2761 2761 cum
2786 2707 2959 2776 ipsqu
2990 2706 3155 2759 Deum
3189 2705 3299 2774 jam
3341 2703 3552 2757 discere
3607 2702 3849 2756 homines

2261 2800 2542 2868 accedunt,
2576 2809 2793 2870 propter
2849 2813 3005 2869 quem
3034 2797 3284 2852 discenda
3335 2804 3459 2850 sunt
3497 2807 3850 2864 quaecumque

2260 2891 2512 2947 discenda
2544 2901 2694 2955 sunt;
2728 2899 2782 2946 et
2810 2891 2864 2944 in
2893 2905 3078 2945 eorum
3119 2889 3352 2943 novitate
3397 2886 3668 2952 innovari,
3702 2898 3756 2939 ut
3805 2886 3847 2939 si

2262 2983 2504 3055 frigidior
2531 2993 2614 3038 est
2639 2984 2793 3038 solita
2823 2985 2844 3014 '
2873 2993 3055 3037 nostra
3120 2980 3450 3050 praedicatio,
3482 2979 3701 3033 insolita
3756 2993 3850 3033 eo-

2263 3091 2380 3132 rum
2404 3076 2676 3131 auditione
2706 3075 3002 3130 fervescat?
3033 3073 3144 3128 lluc
3171 3072 3377 3127 accedit
3424 3071 3491 3128 ad
3530 3087 3850 3140 comparan-

2265 3169 2386 3224 dam
2419 3171 2680 3233 lretitiam,
2706 3170 2845 3240 quod
2897 3171 3190 3239 cogitamus
3220 3176 3272 3222 et
3296 3167 3706 3222 consideramus
3727 3208 3744 3233 ,
3785 3167 3852 3222 de

2264 3276 2364 3330 qua
2391 3263 2590 3316 erroris
2617 3269 2787 3315 morte
2817 3261 2867 3314 in
2899 3261 3060 3314 vitam
3085 3259 3205 3312 fidei
3234 3268 3469 3312 transeat
3491 3257 3678 3314 homo.
3714 3259 3780 3311 Et
3807 3259 3850 3313 si

2265 3351 2408 3405 vicos
2432 3352 2802 3405 usitatissimos
2822 3367 2943 3406 cum
2972 3350 3207 3405 benefica
3238 3349 3503 3403 hilaritate
3522 3350 3812 3402 transimus
3835 3391 3850 3415 ,

2267 3442 2480 3511 quando
2507 3442 2664 3496 alicui
2698 3442 2836 3497 forte
2867 3442 2954 3512 qui
2981 3441 3209 3496 errando
3237 3441 3594 3504 laboraverat,
3627 3438 3854 3495 demon-

2267 3543 2496 3588 stramus
2526 3535 2663 3586 viam
2695 3551 2706 3586 :
2737 3542 2934 3603 quanto
2959 3531 3185 3587 alacrius
3212 3542 3267 3586 et
3293 3545 3411 3585 cum
3441 3531 3638 3600 gaudio
3690 3531 3856 3600 majo-

2267 3639 2328 3679 re
2358 3625 2408 3678 in
2429 3625 2667 3678 doctrina
2686 3624 2923 3691 salutari,
2955 3623 3114 3678 etiam
3148 3623 3237 3676 illa
3267 3637 3385 3692 quae
3406 3631 3630 3691 propter
3655 3636 3751 3676 nos
3775 3636 3860 3676 re-
3889 3605 3894 3610 ⁷

2270 3723 2450 3770 texere
2485 3732 2590 3771 non
2640 3730 2774 3784 opus
2824 3726 2927 3782 est,
2962 3714 3334 3785 perambulare
3389 3714 3686 3776 debemus;
3737 3729 3858 3768 cum

2271 3808 2506 3861 animam
2552 3807 2914 3864 miserandam
2939 3817 2994 3862 et
3039 3807 3313 3861 erroribus
3363 3807 3545 3860 sa‘culi
3592 3806 3860 3874 fatigatam

2273 3913 2369 3968 per
2397 3898 2584 3953 itinera
2615 3900 2780 3968 pacis,
2808 3899 2923 3968 ipso
2949 3898 3037 3968 qui
3069 3897 3222 3952 nobis
3274 3913 3391 3951 cam
3421 3897 3443 3927 ⁸
3475 3898 3722 3967 ρτωειίιὶι
3771 3897 3860 3967 ju~

2269 3991 2430 4046 bente
2445 3991 2486 4056 ³,
2506 3991 2852 4046 deducimus?

2255 4061 2271 4077 .
2341 4081 2567 4136 CAPUT
2585 4081 2799 4136 Xlll.—-
2813 4081 2897 4136 i8.
2914 4078 3212 4135 Remedium
3221 4090 3396 4134 contra
3407 4088 3646 4153 quartam
3659 4092 3863 4133 causam

2272 4173 2486 4245 fastidii.
2519 4174 2737 4226 Auditor
2761 4176 2836 4227 vel
2859 4174 3110 4227 audiendo
3137 4173 3212 4226 vel
3241 4173 3421 4227 stando
3443 4173 3712 4243 fatigatus,
3740 4188 3866 4240 quo-

2275 4267 2423 4321 modo
2451 4267 2772 4322 recreandus.
2808 4267 2943 4322 Usus
2970 4266 3213 4320 audiendi
3241 4267 3444 4319 verbum
3480 4266 3576 4319 Dei
3619 4265 3863 4332 sedendo,

2273 4363 2325 4415 in
2346 4361 2646 4431 quibusdam
2699 4361 2942 4414 Ecclesiis
2971 4369 3218 4431 receptus.
3263 4359 3368 4416 Sed
3414 4375 3604 4414 revera
3637 4360 3862 4414 multum

2274 4461 2358 4508 est
2384 4453 2677 4524 perdurare
2703 4454 2753 4507 in
2775 4452 3041 4523 loquendo
3099 4467 3267 4522 usque
3294 4452 3359 4506 ad
3389 4453 3679 4506 terminum
3729 4470 3868 4522 prm-

2275 4546 2541 4612 stitutum,
2570 4559 2690 4599 cum
2714 4544 2916 4599 moveri
2947 4560 3049 4597 non
3091 4543 3334 4597 videmus
3360 4543 3694 4608 audientem;
3721 4543 3862 4613 quod

2277 4637 2390 4691 sive
2418 4652 2524 4691 non
2555 4636 2782 4700 audeat,
2805 4635 3082 4705 religionis
3113 4636 3302 4690 timore
3340 4635 3664 4688 constrictus
3689 4675 3702 4699 ,
3733 4650 3864 4689 voce

2277 4739 2368 4782 aut
2393 4729 2572 4799 aliquo
2603 4739 2750 4782 motu
2777 4727 3022 4798 corporis
3072 4727 3377 4796 significare
3422 4727 3866 4796 approbationem

2277 4835 2448 4884 suam,
2481 4820 2592 4875 sive
2621 4819 2852 4874 humana
2889 4819 3208 4874 verecundia
3235 4819 3597 4888 reprimatnr;
3625 4824 3739 4874 sive
3785 4818 3868 4873 di-

2277 4921 2361 4966 cta
2391 4927 2497 4966 nou
2545 4910 2982 4982 intelligat,sive
3039 4920 3382 4967 contemnat:
3433 4911 3868 4981 quandoquidem

2279 5005 2434 5060 nobis
2487 5022 2591 5060 non
2622 5006 2965 5061 cernentibus
3011 5005 3252 5059 animum
3301 5003 3416 5073 ejus
3446 5004 3713 5059 incertum
3750 5015 3870 5070 est,

2279 5098 2456 5153 omnia
2485 5112 2735 5153 sermone
2765 5097 3012 5152 tentanda
3055 5106 3200 5162 sunt,
3234 5111 3354 5165 qua:
3383 5096 3450 5150 ad
3478 5111 3603 5151 eum
3632 5097 3871 5150 excitan-

2279 5190 2404 5243 dum
2429 5198 2482 5243 et
2511 5199 2757 5260 tanquam
2780 5188 2846 5242 de
2866 5189 3084 5244 latebris
3108 5187 3403 5242 eruendum
3431 5189 3641 5256 possint
3668 5189 3868 5243 valere.

2280 5280 2410 5335 Nam
2441 5291 2493 5336 et
2517 5282 2676 5336 timor
2708 5282 2902 5336 nimius
2925 5289 3086 5350 atque
3117 5279 3418 5349 impediens
3447 5280 3869 5336 declarationem

2277 5370 2460 5440 judicii
2487 5373 2622 5441 ejus,
2655 5371 2847 5426 blanda
2892 5371 3267 5426 exhortatione
3323 5371 3610 5440 pellendus
3657 5380 3775 5436 est,
3821 5382 3873 5425 et

2284 5463 2600 5518 insinuando
2629 5463 2916 5517 fraternam
2946 5464 3253 5518 societatem
3283 5462 3609 5528 verecundia
3669 5474 3874 5531 tempe-

2283 5553 2470 5619 randa,
2499 5563 2554 5608 et
2575 5555 2989 5623 interrogatione
3014 5553 3358 5624 qnzerendum
3383 5563 3560 5607 utrum
3587 5554 3870 5623 intelligat,

2285 5655 2340 5701 et
2381 5646 2554 5701 danda
2587 5647 2793 5710 fiducia,
2825 5655 2885 5700 ut
2911 5647 2954 5701 si
2981 5647 3106 5716 quid
3135 5648 3182 5702 ei
3209 5647 3690 5702 contradiceudum
3720 5647 3870 5702 vide-

2349 5804 2367 5874 ξ
2401 5801 2539 5874 editi,
2557 5813 2736 5874 arcem:
2763 5803 3084 5874 Aptius‘ttss,
3107 5807 3279 5874 artem.

2348 5866 2369 5896 ²
2401 5866 2473 5911 sic
2497 5872 2595 5911 Am.
2624 5871 2674 5910 et
2691 5863 2912 5925 plerique
2932 5870 3040 5911 Mss.
3069 5871 3123 5914 At
3143 5870 3216 5912 Er.
3245 5870 3295 5914 et
3315 5869 3445 5921 Lov.,
3471 5863 3626 5914 solita.

2353 5927 2372 5956 ³
2405 5925 2562 5972 Codex
2586 5926 2910 5979 Corlieicnsis.
2934 5939 2991 5974 ea
3021 5955 3034 5973 1
