  <div class='ocr_page' id='page_1' title='image "/cluster/home/n/w/nwhite01/storage/ocr_20150623/40-41/uc1.31175026811482/170.png"; bbox 0 0 4072 6502; ppageno 0'>
   <div class='ocr_carea' id='block_1_1' title="bbox 217 451 330 509">
    <p class='ocr_par' dir='ltr' id='par_1_1' title="bbox 217 451 330 509">
     <span class='ocr_line' id='line_1_1' title="bbox 217 451 330 509; baseline 0 -1"><span class='ocrx_word' id='word_1_1' title='bbox 217 451 330 509; x_wconf 77' lang='lat'><strong>525</strong></span> 
     </span>
    </p>
   </div>
   <div class='ocr_carea' id='block_1_2' title="bbox 217 555 1802 634">
    <p class='ocr_par' dir='ltr' id='par_1_2' title="bbox 217 555 1802 634">
     <span class='ocr_line' id='line_1_2' title="bbox 217 555 1802 634; baseline 0.001 -17"><span class='ocrx_word' id='word_1_2' title='bbox 217 572 331 626; x_wconf 75' lang='lat' dir='ltr'><strong>tur.</strong></span> <span class='ocrx_word' id='word_1_3' title='bbox 363 561 531 618; x_wconf 87' lang='lat' dir='ltr'><strong>libere</strong></span> <span class='ocrx_word' id='word_1_4' title='bbox 556 563 817 634; x_wconf 86' lang='lat' dir='ltr'><strong>proferat.</strong></span> <span class='ocrx_word' id='word_1_5' title='bbox 843 563 1195 634; x_wconf 69' lang='lat' dir='ltr'><strong>Qttznrettdutn</strong></span> <span class='ocrx_word' id='word_1_6' title='bbox 1225 566 1382 619; x_wconf 72' lang='lat' dir='ltr'><strong>etiam</strong></span> <span class='ocrx_word' id='word_1_7' title='bbox 1408 555 1474 618; x_wconf 83' lang='lat' dir='ltr'><strong>de</strong></span> <span class='ocrx_word' id='word_1_8' title='bbox 1511 565 1598 618; x_wconf 75' lang='lat' dir='ltr'><strong>illo</strong></span> <span class='ocrx_word' id='word_1_9' title='bbox 1627 576 1802 619; x_wconf 84' lang='lat' dir='ltr'><strong>utrum</strong></span> 
     </span>
    </p>
   </div>
   <div class='ocr_carea' id='block_1_3' title="bbox 218 653 1806 725">
    <p class='ocr_par' dir='ltr' id='par_1_3' title="bbox 218 653 1806 725">
     <span class='ocr_line' id='line_1_3' title="bbox 218 653 1806 725; baseline 0.003 -21"><span class='ocrx_word' id='word_1_10' title='bbox 218 653 340 707; x_wconf 70' lang='lat' dir='ltr'><strong>hxec</strong></span> <span class='ocrx_word' id='word_1_11' title='bbox 367 653 782 724; x_wconf 89' lang='lat' dir='ltr'><strong>aliquandojam</strong></span> <span class='ocrx_word' id='word_1_12' title='bbox 799 655 1046 720; x_wconf 87' lang='lat' dir='ltr'><strong>audierit,</strong></span> <span class='ocrx_word' id='word_1_13' title='bbox 1065 664 1120 710; x_wconf 92' lang='lat' dir='ltr'><strong>et</strong></span> <span class='ocrx_word' id='word_1_14' title='bbox 1148 655 1388 708; x_wconf 75' lang='lat' dir='ltr'><strong>fortassis</strong></span> <span class='ocrx_word' id='word_1_15' title='bbox 1412 670 1533 708; x_wconf 89' lang='lat' dir='ltr'><strong>eum</strong></span> <span class='ocrx_word' id='word_1_16' title='bbox 1559 665 1806 725; x_wconf 78' lang='lat' dir='ltr'><strong>tanquam</strong></span> 
     </span>
    </p>
   </div>
   <div class='ocr_carea' id='block_1_4' title="bbox 215 746 1812 818">
    <p class='ocr_par' dir='ltr' id='par_1_4' title="bbox 215 746 1812 818">
     <span class='ocr_line' id='line_1_4' title="bbox 215 746 1812 818; baseline 0.004 -23"><span class='ocrx_word' id='word_1_17' title='bbox 215 752 348 797; x_wconf 90' lang='lat' dir='ltr'><strong>nota</strong></span> <span class='ocrx_word' id='word_1_18' title='bbox 377 754 430 797; x_wconf 90' lang='lat' dir='ltr'><strong>et</strong></span> <span class='ocrx_word' id='word_1_19' title='bbox 448 746 751 816; x_wconf 87' lang='lat' dir='ltr'><strong>pervulgata</strong></span> <span class='ocrx_word' id='word_1_20' title='bbox 783 762 888 801; x_wconf 91' lang='lat' dir='ltr'><strong>non</strong></span> <span class='ocrx_word' id='word_1_21' title='bbox 920 756 1188 812; x_wconf 90' lang='lat' dir='ltr'><strong>moveant;</strong></span> <span class='ocrx_word' id='word_1_22' title='bbox 1208 755 1262 800; x_wconf 92' lang='lat' dir='ltr'><strong>et</strong></span> <span class='ocrx_word' id='word_1_23' title='bbox 1285 747 1548 816; x_wconf 91' lang='lat' dir='ltr'><strong>agendum</strong></span> <span class='ocrx_word' id='word_1_24' title='bbox 1579 764 1674 818; x_wconf 91' lang='lat' dir='ltr'><strong>pro</strong></span> <span class='ocrx_word' id='word_1_25' title='bbox 1695 749 1812 817; x_wconf 82' lang='lat' dir='ltr'><strong>ejus</strong></span> 
     </span>
    </p>
   </div>
   <div class='ocr_carea' id='block_1_5' title="bbox 216 838 1806 909">
    <p class='ocr_par' dir='ltr' id='par_1_5' title="bbox 216 838 1806 909">
     <span class='ocr_line' id='line_1_5' title="bbox 216 838 1806 909; baseline 0.003 -22"><span class='ocrx_word' id='word_1_26' title='bbox 216 840 588 904; x_wconf 73' lang='lat' dir='ltr'><strong>responsione,</strong></span> <span class='ocrx_word' id='word_1_27' title='bbox 611 847 667 891; x_wconf 90' lang='lat' dir='ltr'><strong>ut</strong></span> <span class='ocrx_word' id='word_1_28' title='bbox 718 847 811 892; x_wconf 91' lang='lat' dir='ltr'><strong>aut</strong></span> <span class='ocrx_word' id='word_1_29' title='bbox 839 838 1043 908; x_wconf 90' lang='lat' dir='ltr'><strong>planius</strong></span> <span class='ocrx_word' id='word_1_30' title='bbox 1089 846 1144 893; x_wconf 90' lang='lat' dir='ltr'><strong>et</strong></span> <span class='ocrx_word' id='word_1_31' title='bbox 1191 840 1475 894; x_wconf 77' lang='lat' dir='ltr'><strong>enodatius</strong></span> <span class='ocrx_word' id='word_1_32' title='bbox 1503 840 1806 909; x_wconf 87' lang='lat' dir='ltr'><strong>loquamur,</strong></span> 
     </span>
    </p>
   </div>
   <div class='ocr_carea' id='block_1_6' title="bbox 215 927 1805 1001">
    <p class='ocr_par' dir='ltr' id='par_1_6' title="bbox 215 927 1805 1001">
     <span class='ocr_line' id='line_1_6' title="bbox 215 927 1805 1001; baseline 0.004 -24"><span class='ocrx_word' id='word_1_33' title='bbox 215 937 312 978; x_wconf 84' lang='lat' dir='ltr'><strong>aut</strong></span> <span class='ocrx_word' id='word_1_34' title='bbox 342 928 645 995; x_wconf 91' lang='lat' dir='ltr'><strong>opinionem</strong></span> <span class='ocrx_word' id='word_1_35' title='bbox 673 927 994 984; x_wconf 78' lang='lat' dir='ltr'><strong>contrariam</strong></span> <span class='ocrx_word' id='word_1_36' title='bbox 1020 928 1347 990; x_wconf 86' lang='lat' dir='ltr'><strong>refellamus,</strong></span> <span class='ocrx_word' id='word_1_37' title='bbox 1375 941 1468 985; x_wconf 92' lang='lat' dir='ltr'><strong>aut</strong></span> <span class='ocrx_word' id='word_1_38' title='bbox 1493 947 1555 985; x_wconf 84' lang='lat' dir='ltr'><strong>ea</strong></span> <span class='ocrx_word' id='word_1_39' title='bbox 1583 947 1700 1001; x_wconf 82' lang='lat' dir='ltr'><strong>quze</strong></span> <span class='ocrx_word' id='word_1_40' title='bbox 1724 931 1805 984; x_wconf 88' lang='lat' dir='ltr'><strong>illi</strong></span> 
     </span>
    </p>
   </div>
   <div class='ocr_carea' id='block_1_7' title="bbox 218 1020 1808 1089">
    <p class='ocr_par' dir='ltr' id='par_1_7' title="bbox 218 1020 1808 1089">
     <span class='ocr_line' id='line_1_7' title="bbox 218 1020 1808 1089; baseline 0.006 -23"><span class='ocrx_word' id='word_1_41' title='bbox 218 1025 347 1068; x_wconf 88' lang='lat' dir='ltr'><strong>nota</strong></span> <span class='ocrx_word' id='word_1_42' title='bbox 374 1027 495 1070; x_wconf 89' lang='lat' dir='ltr'><strong>sunt</strong></span> <span class='ocrx_word' id='word_1_43' title='bbox 529 1034 632 1071; x_wconf 89' lang='lat' dir='ltr'><strong>non</strong></span> <span class='ocrx_word' id='word_1_44' title='bbox 661 1020 991 1089; x_wconf 79' lang='lat' dir='ltr'><strong>explicemus</strong></span> <span class='ocrx_word' id='word_1_45' title='bbox 1018 1020 1191 1082; x_wconf 86' lang='lat' dir='ltr'><strong>latius,</strong></span> <span class='ocrx_word' id='word_1_46' title='bbox 1233 1020 1327 1074; x_wconf 90' lang='lat' dir='ltr'><strong>sed</strong></span> <span class='ocrx_word' id='word_1_47' title='bbox 1374 1021 1608 1076; x_wconf 89' lang='lat' dir='ltr'><strong>breviter</strong></span> <span class='ocrx_word' id='word_1_48' title='bbox 1655 1036 1808 1075; x_wconf 89' lang='lat' dir='ltr'><strong>com-</strong></span> 
     </span>
    </p>
   </div>
   <div class='ocr_carea' id='block_1_8' title="bbox 219 1107 1808 1184">
    <p class='ocr_par' dir='ltr' id='par_1_8' title="bbox 219 1107 1808 1184">
     <span class='ocr_line' id='line_1_8' title="bbox 219 1107 1808 1184; baseline 0.008 -29"><span class='ocrx_word' id='word_1_49' title='bbox 219 1107 501 1172; x_wconf 79' lang='lat' dir='ltr'><strong>plicemus,</strong></span> <span class='ocrx_word' id='word_1_50' title='bbox 542 1109 907 1179; x_wconf 90' lang='lat' dir='ltr'><strong>eligamusque</strong></span> <span class='ocrx_word' id='word_1_51' title='bbox 932 1110 1107 1180; x_wconf 88' lang='lat' dir='ltr'><strong>aliqua</strong></span> <span class='ocrx_word' id='word_1_52' title='bbox 1152 1127 1222 1164; x_wconf 81' lang='lat' dir='ltr'><strong>ex</strong></span> <span class='ocrx_word' id='word_1_53' title='bbox 1278 1110 1361 1164; x_wconf 90' lang='lat' dir='ltr'><strong>his</strong></span> <span class='ocrx_word' id='word_1_54' title='bbox 1414 1128 1532 1181; x_wconf 73' lang='lat' dir='ltr'><strong>qua:</strong></span> <span class='ocrx_word' id='word_1_55' title='bbox 1585 1114 1808 1184; x_wconf 87' lang='lat' dir='ltr'><strong>mystice</strong></span> 
     </span>
    </p>
   </div>
   <div class='ocr_carea' id='block_1_9' title="bbox 214 1195 1811 1273">
    <p class='ocr_par' dir='ltr' id='par_1_9' title="bbox 214 1195 1811 1273">
     <span class='ocr_line' id='line_1_9' title="bbox 214 1195 1811 1273; baseline 0.007 -25"><span class='ocrx_word' id='word_1_56' title='bbox 214 1195 358 1249; x_wconf 79' lang='lat' dir='ltr'><strong>dicta</strong></span> <span class='ocrx_word' id='word_1_57' title='bbox 392 1199 592 1250; x_wconf 92' lang='lat' dir='ltr'><strong>suntin</strong></span> <span class='ocrx_word' id='word_1_58' title='bbox 621 1199 820 1252; x_wconf 77' lang='lat' dir='ltr'><strong>sanctis</strong></span> <span class='ocrx_word' id='word_1_59' title='bbox 867 1200 1055 1265; x_wconf 86' lang='lat' dir='ltr'><strong>Libris,</strong></span> <span class='ocrx_word' id='word_1_60' title='bbox 1105 1210 1160 1256; x_wconf 89' lang='lat' dir='ltr'><strong>et</strong></span> <span class='ocrx_word' id='word_1_61' title='bbox 1203 1203 1431 1256; x_wconf 83' lang='lat' dir='ltr'><strong>maxime</strong></span> <span class='ocrx_word' id='word_1_62' title='bbox 1462 1203 1514 1256; x_wconf 93' lang='lat' dir='ltr'><strong>in</strong></span> <span class='ocrx_word' id='word_1_63' title='bbox 1541 1204 1650 1273; x_wconf 86' lang='lat' dir='ltr'><strong>ipsa</strong></span> <span class='ocrx_word' id='word_1_64' title='bbox 1685 1221 1811 1259; x_wconf 88' lang='lat' dir='ltr'><strong>uar-</strong></span> 
     </span>
    </p>
   </div>
   <div class='ocr_carea' id='block_1_10' title="bbox 215 1287 1807 1357">
    <p class='ocr_par' dir='ltr' id='par_1_10' title="bbox 215 1287 1807 1357">
     <span class='ocr_line' id='line_1_10' title="bbox 215 1287 1807 1357; baseline 0.008 -20"><span class='ocrx_word' id='word_1_65' title='bbox 215 1287 452 1348; x_wconf 88' lang='lat' dir='ltr'><strong>ratione,</strong></span> <span class='ocrx_word' id='word_1_66' title='bbox 474 1303 593 1356; x_wconf 68' lang='lat' dir='ltr'><strong>qua:</strong></span> <span class='ocrx_word' id='word_1_67' title='bbox 612 1289 903 1357; x_wconf 88' lang='lat' dir='ltr'><strong>aperiendo</strong></span> <span class='ocrx_word' id='word_1_68' title='bbox 949 1299 1001 1344; x_wconf 90' lang='lat' dir='ltr'><strong>et</strong></span> <span class='ocrx_word' id='word_1_69' title='bbox 1059 1291 1346 1346; x_wconf 91' lang='lat' dir='ltr'><strong>revelando</strong></span> <span class='ocrx_word' id='word_1_70' title='bbox 1392 1301 1578 1348; x_wconf 91' lang='lat' dir='ltr'><strong>noster</strong></span> <span class='ocrx_word' id='word_1_71' title='bbox 1629 1311 1807 1350; x_wconf 89' lang='lat' dir='ltr'><strong>sermo</strong></span> 
     </span>
    </p>
   </div>
   <div class='ocr_carea' id='block_1_11' title="bbox 210 1373 1805 1445">
    <p class='ocr_par' dir='ltr' id='par_1_11' title="bbox 210 1373 1805 1445">
     <span class='ocr_line' id='line_1_11' title="bbox 210 1373 1805 1445; baseline 0.009 -20"><span class='ocrx_word' id='word_1_72' title='bbox 210 1373 513 1428; x_wconf 82' lang='lat' dir='ltr'><strong>dulcescat.</strong></span> <span class='ocrx_word' id='word_1_73' title='bbox 542 1375 694 1442; x_wconf 85' lang='lat' dir='ltr'><strong>Quod</strong></span> <span class='ocrx_word' id='word_1_74' title='bbox 723 1379 767 1430; x_wconf 88' lang='lat' dir='ltr'><strong>si</strong></span> <span class='ocrx_word' id='word_1_75' title='bbox 800 1379 954 1433; x_wconf 90' lang='lat' dir='ltr'><strong>nimis</strong></span> <span class='ocrx_word' id='word_1_76' title='bbox 983 1379 1163 1433; x_wconf 89' lang='lat' dir='ltr'><strong>tardus</strong></span> <span class='ocrx_word' id='word_1_77' title='bbox 1199 1389 1301 1445; x_wconf 91' lang='lat' dir='ltr'><strong>cst,</strong></span> <span class='ocrx_word' id='word_1_78' title='bbox 1351 1392 1405 1436; x_wconf 88' lang='lat' dir='ltr'><strong>et</strong></span> <span class='ocrx_word' id='word_1_79' title='bbox 1442 1382 1510 1436; x_wconf 93' lang='lat' dir='ltr'><strong>ab</strong></span> <span class='ocrx_word' id='word_1_80' title='bbox 1535 1385 1680 1438; x_wconf 91' lang='lat' dir='ltr'><strong>omni</strong></span> <span class='ocrx_word' id='word_1_81' title='bbox 1714 1386 1805 1439; x_wconf 86' lang='lat' dir='ltr'><strong>tali</strong></span> 
     </span>
    </p>
   </div>
   <div class='ocr_carea' id='block_1_12' title="bbox 225 1464 1806 1532">
    <p class='ocr_par' dir='ltr' id='par_1_12' title="bbox 225 1464 1806 1532">
     <span class='ocr_line' id='line_1_12' title="bbox 225 1464 1806 1532; baseline 0.008 -17"><span class='ocrx_word' id='word_1_82' title='bbox 225 1464 497 1518; x_wconf 89' lang='lat' dir='ltr'><strong>suavitate</strong></span> <span class='ocrx_word' id='word_1_83' title='bbox 548 1466 812 1520; x_wconf 86' lang='lat' dir='ltr'><strong>absurdus</strong></span> <span class='ocrx_word' id='word_1_84' title='bbox 849 1477 903 1521; x_wconf 89' lang='lat' dir='ltr'><strong>et</strong></span> <span class='ocrx_word' id='word_1_85' title='bbox 947 1483 1186 1532; x_wconf 90' lang='lat' dir='ltr'><strong>aversus,</strong></span> <span class='ocrx_word' id='word_1_86' title='bbox 1218 1471 1634 1527; x_wconf 88' lang='lat' dir='ltr'><strong>misericorditer</strong></span> <span class='ocrx_word' id='word_1_87' title='bbox 1655 1474 1806 1528; x_wconf 85' lang='lat' dir='ltr'><strong>sufl&#39;e-</strong></span> 
     </span>
    </p>
   </div>
   <div class='ocr_carea' id='block_1_13' title="bbox 213 1553 1808 1633">
    <p class='ocr_par' dir='ltr' id='par_1_13' title="bbox 213 1553 1808 1633">
     <span class='ocr_line' id='line_1_13' title="bbox 213 1553 1808 1633; baseline 0.007 -27"><span class='ocrx_word' id='word_1_88' title='bbox 213 1553 418 1608; x_wconf 85' lang='lat' dir='ltr'><strong>rendus</strong></span> <span class='ocrx_word' id='word_1_89' title='bbox 445 1564 546 1620; x_wconf 88' lang='lat' dir='ltr'><strong>est,</strong></span> <span class='ocrx_word' id='word_1_90' title='bbox 579 1556 918 1627; x_wconf 78' lang='lat' dir='ltr'><strong>breviterque</strong></span> <span class='ocrx_word' id='word_1_91' title='bbox 938 1558 1178 1614; x_wconf 88' lang='lat' dir='ltr'><strong>decursis</strong></span> <span class='ocrx_word' id='word_1_92' title='bbox 1207 1562 1442 1629; x_wconf 63' lang='lat' dir='ltr'><strong>cieteris,</strong></span> <span class='ocrx_word' id='word_1_93' title='bbox 1472 1579 1532 1618; x_wconf 89' lang='lat' dir='ltr'><strong>ea</strong></span> <span class='ocrx_word' id='word_1_94' title='bbox 1555 1580 1674 1633; x_wconf 81' lang='lat' dir='ltr'><strong>qua:</strong></span> <span class='ocrx_word' id='word_1_95' title='bbox 1694 1581 1808 1618; x_wconf 88' lang='lat' dir='ltr'><strong>ma-</strong></span> 
     </span>
    </p>
   </div>
   <div class='ocr_carea' id='block_1_14' title="bbox 211 1644 1807 1721">
    <p class='ocr_par' dir='ltr' id='par_1_14' title="bbox 211 1644 1807 1721">
     <span class='ocr_line' id='line_1_14' title="bbox 211 1644 1807 1721; baseline 0.01 -26"><span class='ocrx_word' id='word_1_96' title='bbox 211 1644 363 1698; x_wconf 90' lang='lat' dir='ltr'><strong>xime</strong></span> <span class='ocrx_word' id='word_1_97' title='bbox 393 1647 694 1700; x_wconf 90' lang='lat' dir='ltr'><strong>necessaria</strong></span> <span class='ocrx_word' id='word_1_98' title='bbox 725 1658 870 1716; x_wconf 90' lang='lat' dir='ltr'><strong>sunt,</strong></span> <span class='ocrx_word' id='word_1_99' title='bbox 899 1647 965 1704; x_wconf 89' lang='lat' dir='ltr'><strong>de</strong></span> <span class='ocrx_word' id='word_1_100' title='bbox 992 1650 1195 1706; x_wconf 90' lang='lat' dir='ltr'><strong>unitate</strong></span> <span class='ocrx_word' id='word_1_101' title='bbox 1215 1650 1503 1708; x_wconf 77' lang='lat' dir='ltr'><strong>Catholica:</strong></span> <span class='ocrx_word' id='word_1_102' title='bbox 1528 1655 1568 1721; x_wconf 73' lang='grc' dir='ltr'><strong>ί,</strong></span> <span class='ocrx_word' id='word_1_103' title='bbox 1588 1655 1654 1710; x_wconf 91' lang='lat' dir='ltr'><strong>de</strong></span> <span class='ocrx_word' id='word_1_104' title='bbox 1694 1666 1807 1710; x_wconf 86' lang='lat' dir='ltr'><strong>ten-</strong></span> 
     </span>
    </p>
   </div>
   <div class='ocr_carea' id='block_1_15' title="bbox 211 1738 1803 1818">
    <p class='ocr_par' dir='ltr' id='par_1_15' title="bbox 211 1738 1803 1818">
     <span class='ocr_line' id='line_1_15' title="bbox 211 1738 1803 1818; baseline 0.008 -28"><span class='ocrx_word' id='word_1_105' title='bbox 211 1739 530 1804; x_wconf 88' lang='lat' dir='ltr'><strong>tationibus,</strong></span> <span class='ocrx_word' id='word_1_106' title='bbox 563 1739 629 1794; x_wconf 92' lang='lat' dir='ltr'><strong>de</strong></span> <span class='ocrx_word' id='word_1_107' title='bbox 658 1738 948 1796; x_wconf 88' lang='lat' dir='ltr'><strong>christiana</strong></span> <span class='ocrx_word' id='word_1_108' title='bbox 975 1745 1380 1800; x_wconf 78' lang='lat' dir='ltr'><strong>conversatione</strong></span> <span class='ocrx_word' id='word_1_109' title='bbox 1417 1757 1634 1818; x_wconf 88' lang='lat' dir='ltr'><strong>propter</strong></span> <span class='ocrx_word' id='word_1_110' title='bbox 1663 1749 1803 1803; x_wconf 89' lang='lat' dir='ltr'><strong>futu-</strong></span> 
     </span>
    </p>
   </div>
   <div class='ocr_carea' id='block_1_16' title="bbox 207 1828 1805 1909">
    <p class='ocr_par' dir='ltr' id='par_1_16' title="bbox 207 1828 1805 1909">
     <span class='ocr_line' id='line_1_16' title="bbox 207 1828 1805 1909; baseline 0.009 -29"><span class='ocrx_word' id='word_1_111' title='bbox 207 1828 605 1909; x_wconf 79' lang='lat' dir='ltr'><strong>rur_njudicium</strong></span> <span class='ocrx_word' id='word_1_112' title='bbox 632 1830 942 1887; x_wconf 85' lang='lat' dir='ltr'><strong>terribiliter</strong></span> <span class='ocrx_word' id='word_1_113' title='bbox 981 1833 1291 1888; x_wconf 86' lang='lat' dir='ltr'><strong>inculcanda</strong></span> <span class='ocrx_word' id='word_1_114' title='bbox 1335 1845 1460 1890; x_wconf 90' lang='lat' dir='ltr'><strong>sunt</strong></span> <span class='ocrx_word' id='word_1_115' title='bbox 1487 1877 1502 1903; x_wconf 93' lang='lat'><strong>,</strong></span> <span class='ocrx_word' id='word_1_116' title='bbox 1533 1839 1805 1909; x_wconf 82' lang='lat' dir='ltr'><strong>magisque</strong></span> 
     </span>
    </p>
   </div>
   <div class='ocr_carea' id='block_1_17' title="bbox 209 1899 1750 1993">
    <p class='ocr_par' dir='ltr' id='par_1_17' title="bbox 209 1899 1750 1993">
     <span class='ocr_line' id='line_1_17' title="bbox 209 1899 1750 1993; baseline 0.007 -20"><span class='ocrx_word' id='word_1_117' title='bbox 209 1899 313 1987; x_wconf 63' lang='lat' dir='ltr'><strong>pro</strong></span> <span class='ocrx_word' id='word_1_118' title='bbox 347 1921 438 1974; x_wconf 89' lang='lat' dir='ltr'><strong>illo</strong></span> <span class='ocrx_word' id='word_1_119' title='bbox 467 1921 535 1975; x_wconf 92' lang='lat' dir='ltr'><strong>ad</strong></span> <span class='ocrx_word' id='word_1_120' title='bbox 564 1923 752 1990; x_wconf 91' lang='lat' dir='ltr'><strong>Deum,</strong></span> <span class='ocrx_word' id='word_1_121' title='bbox 784 1936 941 1993; x_wconf 87' lang='lat' dir='ltr'><strong>quam</strong></span> <span class='ocrx_word' id='word_1_122' title='bbox 970 1926 1042 1979; x_wconf 92' lang='lat' dir='ltr'><strong>illi</strong></span> <span class='ocrx_word' id='word_1_123' title='bbox 1071 1926 1137 1980; x_wconf 92' lang='lat' dir='ltr'><strong>de</strong></span> <span class='ocrx_word' id='word_1_124' title='bbox 1165 1928 1273 1982; x_wconf 89' lang='lat' dir='ltr'><strong>Deo</strong></span> <span class='ocrx_word' id='word_1_125' title='bbox 1307 1929 1474 1983; x_wconf 91' lang='lat' dir='ltr'><strong>multa</strong></span> <span class='ocrx_word' id='word_1_126' title='bbox 1504 1899 1750 1986; x_wconf 71' lang='lat' dir='ltr'><strong>dicenda.</strong></span> 
     </span>
    </p>
   </div>
   <div class='ocr_carea' id='block_1_18' title="bbox 285 2010 1798 2088">
    <p class='ocr_par' dir='ltr' id='par_1_18' title="bbox 285 2010 1798 2088">
     <span class='ocr_line' id='line_1_18' title="bbox 285 2010 1798 2088; baseline 0.007 -24"><span class='ocrx_word' id='word_1_127' title='bbox 285 2010 373 2065; x_wconf 80' lang='lat' dir='ltr'><strong>l9.</strong></span> <span class='ocrx_word' id='word_1_128' title='bbox 402 2011 556 2080; x_wconf 73' lang='lat' dir='ltr'><strong>Saepe</strong></span> <span class='ocrx_word' id='word_1_129' title='bbox 576 2013 734 2067; x_wconf 89' lang='lat' dir='ltr'><strong>etiam</strong></span> <span class='ocrx_word' id='word_1_130' title='bbox 760 2013 818 2067; x_wconf 81' lang='lat' dir='ltr'><strong>[lt</strong></span> <span class='ocrx_word' id='word_1_131' title='bbox 839 2023 894 2068; x_wconf 92' lang='lat' dir='ltr'><strong>ut</strong></span> <span class='ocrx_word' id='word_1_132' title='bbox 918 2015 1007 2084; x_wconf 88' lang='lat' dir='ltr'><strong>qui</strong></span> <span class='ocrx_word' id='word_1_133' title='bbox 1037 2017 1206 2085; x_wconf 87' lang='lat' dir='ltr'><strong>primo</strong></span> <span class='ocrx_word' id='word_1_134' title='bbox 1242 2018 1476 2075; x_wconf 90' lang='lat' dir='ltr'><strong>libenter</strong></span> <span class='ocrx_word' id='word_1_135' title='bbox 1529 2021 1798 2088; x_wconf 86' lang='lat' dir='ltr'><strong>audiebat,</strong></span> 
     </span>
    </p>
   </div>
   <div class='ocr_carea' id='block_1_19' title="bbox 207 2102 1798 2178">
    <p class='ocr_par' dir='ltr' id='par_1_19' title="bbox 207 2102 1798 2178">
     <span class='ocr_line' id='line_1_19' title="bbox 207 2102 1798 2178; baseline 0.01 -26"><span class='ocrx_word' id='word_1_136' title='bbox 207 2103 294 2154; x_wconf 96' lang='lat' dir='ltr'><strong>vel</strong></span> <span class='ocrx_word' id='word_1_137' title='bbox 311 2102 576 2156; x_wconf 87' lang='lat' dir='ltr'><strong>audiendo</strong></span> <span class='ocrx_word' id='word_1_138' title='bbox 601 2104 684 2158; x_wconf 89' lang='lat' dir='ltr'><strong>vel</strong></span> <span class='ocrx_word' id='word_1_139' title='bbox 707 2105 898 2159; x_wconf 91' lang='lat' dir='ltr'><strong>stando</strong></span> <span class='ocrx_word' id='word_1_140' title='bbox 917 2105 1181 2176; x_wconf 87' lang='lat' dir='ltr'><strong>fatigatus,</strong></span> <span class='ocrx_word' id='word_1_141' title='bbox 1198 2110 1426 2178; x_wconf 90' lang='lat' dir='ltr'><strong>nonjam</strong></span> <span class='ocrx_word' id='word_1_142' title='bbox 1450 2111 1690 2178; x_wconf 90' lang='lat' dir='ltr'><strong>laudans,</strong></span> <span class='ocrx_word' id='word_1_143' title='bbox 1706 2114 1798 2168; x_wconf 93' lang='lat' dir='ltr'><strong>sed</strong></span> 
     </span>
    </p>
   </div>
   <div class='ocr_carea' id='block_1_20' title="bbox 206 2191 1801 2259">
    <p class='ocr_par' dir='ltr' id='par_1_20' title="bbox 206 2191 1801 2259">
     <span class='ocr_line' id='line_1_20' title="bbox 206 2191 1801 2259; baseline 0.009 -16"><span class='ocrx_word' id='word_1_144' title='bbox 206 2191 447 2246; x_wconf 89' lang='lat' dir='ltr'><strong>oscitans</strong></span> <span class='ocrx_word' id='word_1_145' title='bbox 468 2193 604 2246; x_wconf 90' lang='lat' dir='ltr'><strong>labia</strong></span> <span class='ocrx_word' id='word_1_146' title='bbox 631 2193 866 2259; x_wconf 88' lang='lat' dir='ltr'><strong>diducat,</strong></span> <span class='ocrx_word' id='word_1_147' title='bbox 896 2205 950 2250; x_wconf 91' lang='lat' dir='ltr'><strong>et</strong></span> <span class='ocrx_word' id='word_1_148' title='bbox 975 2212 1034 2251; x_wconf 91' lang='lat' dir='ltr'><strong>se</strong></span> <span class='ocrx_word' id='word_1_149' title='bbox 1059 2199 1207 2254; x_wconf 89' lang='lat' dir='ltr'><strong>abire</strong></span> <span class='ocrx_word' id='word_1_150' title='bbox 1233 2201 1370 2255; x_wconf 90' lang='lat' dir='ltr'><strong>velle</strong></span> <span class='ocrx_word' id='word_1_151' title='bbox 1411 2202 1571 2256; x_wconf 89' lang='lat' dir='ltr'><strong>etiam</strong></span> <span class='ocrx_word' id='word_1_152' title='bbox 1604 2203 1801 2258; x_wconf 89' lang='lat' dir='ltr'><strong>invitus</strong></span> 
     </span>
    </p>
   </div>
   <div class='ocr_carea' id='block_1_21' title="bbox 206 2283 1799 2364">
    <p class='ocr_par' dir='ltr' id='par_1_21' title="bbox 206 2283 1799 2364">
     <span class='ocr_line' id='line_1_21' title="bbox 206 2283 1799 2364; baseline 0.008 -27"><span class='ocrx_word' id='word_1_153' title='bbox 206 2283 477 2337; x_wconf 84' lang='lat' dir='ltr'><strong>ostendat.</strong></span> <span class='ocrx_word' id='word_1_154' title='bbox 507 2284 658 2353; x_wconf 89' lang='lat' dir='ltr'><strong>Quod</strong></span> <span class='ocrx_word' id='word_1_155' title='bbox 686 2286 773 2340; x_wconf 91' lang='lat' dir='ltr'><strong>ubi</strong></span> <span class='ocrx_word' id='word_1_156' title='bbox 800 2289 1150 2355; x_wconf 79' lang='lat' dir='ltr'><strong>senserimus,</strong></span> <span class='ocrx_word' id='word_1_157' title='bbox 1179 2300 1268 2344; x_wconf 88' lang='lat' dir='ltr'><strong>aut</strong></span> <span class='ocrx_word' id='word_1_158' title='bbox 1299 2307 1558 2347; x_wconf 87' lang='lat' dir='ltr'><strong>renovare</strong></span> <span class='ocrx_word' id='word_1_159' title='bbox 1587 2305 1799 2364; x_wconf 87' lang='lat' dir='ltr'><strong>oportet</strong></span> 
     </span>
    </p>
   </div>
   <div class='ocr_carea' id='block_1_22' title="bbox 205 2373 1798 2449">
    <p class='ocr_par' dir='ltr' id='par_1_22' title="bbox 205 2373 1798 2449">
     <span class='ocr_line' id='line_1_22' title="bbox 205 2373 1798 2449; baseline 0.009 -25"><span class='ocrx_word' id='word_1_160' title='bbox 205 2373 328 2441; x_wconf 87' lang='lat' dir='ltr'><strong>ejus</strong></span> <span class='ocrx_word' id='word_1_161' title='bbox 351 2375 610 2440; x_wconf 89' lang='lat' dir='ltr'><strong>animum,</strong></span> <span class='ocrx_word' id='word_1_162' title='bbox 635 2375 866 2432; x_wconf 89' lang='lat' dir='ltr'><strong>dicendo</strong></span> <span class='ocrx_word' id='word_1_163' title='bbox 892 2378 1087 2449; x_wconf 91' lang='lat' dir='ltr'><strong>aliquid</strong></span> <span class='ocrx_word' id='word_1_164' title='bbox 1112 2381 1332 2436; x_wconf 84' lang='lat' dir='ltr'><strong>honesta</strong></span> <span class='ocrx_word' id='word_1_165' title='bbox 1374 2383 1642 2438; x_wconf 89' lang='lat' dir='ltr'><strong>hilaritate</strong></span> <span class='ocrx_word' id='word_1_166' title='bbox 1667 2402 1798 2440; x_wconf 88' lang='lat' dir='ltr'><strong>con-</strong></span> 
     </span>
    </p>
   </div>
   <div class='ocr_carea' id='block_1_23' title="bbox 205 2465 1800 2542">
    <p class='ocr_par' dir='ltr' id='par_1_23' title="bbox 205 2465 1800 2542">
     <span class='ocr_line' id='line_1_23' title="bbox 205 2465 1800 2542; baseline 0.009 -26"><span class='ocrx_word' id='word_1_167' title='bbox 205 2465 377 2516; x_wconf 87' lang='lat' dir='ltr'><strong>ditqu</strong></span> <span class='ocrx_word' id='word_1_168' title='bbox 400 2475 653 2535; x_wconf 89' lang='lat' dir='ltr'><strong>etaptnm</strong></span> <span class='ocrx_word' id='word_1_169' title='bbox 684 2468 757 2522; x_wconf 88' lang='lat' dir='ltr'><strong>rei</strong></span> <span class='ocrx_word' id='word_1_170' title='bbox 788 2484 906 2539; x_wconf 69' lang='lat' dir='ltr'><strong>qua:</strong></span> <span class='ocrx_word' id='word_1_171' title='bbox 933 2471 1121 2540; x_wconf 83' lang='lat' dir='ltr'><strong>agitur,</strong></span> <span class='ocrx_word' id='word_1_172' title='bbox 1156 2471 1240 2526; x_wconf 87' lang='lat' dir='ltr'><strong>vel</strong></span> <span class='ocrx_word' id='word_1_173' title='bbox 1279 2473 1482 2542; x_wconf 91' lang='lat' dir='ltr'><strong>aliquid</strong></span> <span class='ocrx_word' id='word_1_174' title='bbox 1525 2475 1675 2530; x_wconf 82' lang='lat' dir='ltr'><strong>valde</strong></span> <span class='ocrx_word' id='word_1_175' title='bbox 1710 2478 1800 2531; x_wconf 87' lang='lat' dir='ltr'><strong>mi-</strong></span> 
     </span>
    </p>
   </div>
   <div class='ocr_carea' id='block_1_24' title="bbox 204 2554 1798 2638">
    <p class='ocr_par' dir='ltr' id='par_1_24' title="bbox 204 2554 1798 2638">
     <span class='ocr_line' id='line_1_24' title="bbox 204 2554 1798 2638; baseline 0.01 -31"><span class='ocrx_word' id='word_1_176' title='bbox 204 2554 434 2608; x_wconf 88' lang='lat' dir='ltr'><strong>randum</strong></span> <span class='ocrx_word' id='word_1_177' title='bbox 463 2566 514 2609; x_wconf 90' lang='lat' dir='ltr'><strong>et</strong></span> <span class='ocrx_word' id='word_1_178' title='bbox 543 2559 899 2626; x_wconf 89' lang='lat' dir='ltr'><strong>stupendum,</strong></span> <span class='ocrx_word' id='word_1_179' title='bbox 954 2561 1037 2615; x_wconf 89' lang='lat' dir='ltr'><strong>vel</strong></span> <span class='ocrx_word' id='word_1_180' title='bbox 1085 2563 1242 2616; x_wconf 89' lang='lat' dir='ltr'><strong>ctiant</strong></span> <span class='ocrx_word' id='word_1_181' title='bbox 1283 2564 1576 2620; x_wconf 87' lang='lat' dir='ltr'><strong>dolendum</strong></span> <span class='ocrx_word' id='word_1_182' title='bbox 1637 2575 1798 2638; x_wconf 90' lang='lat' dir='ltr'><strong>atque</strong></span> 
     </span>
    </p>
   </div>
   <div class='ocr_carea' id='block_1_25' title="bbox 205 2646 1796 2728">
    <p class='ocr_par' dir='ltr' id='par_1_25' title="bbox 205 2646 1796 2728">
     <span class='ocr_line' id='line_1_25' title="bbox 205 2646 1796 2728; baseline 0.012 -34"><span class='ocrx_word' id='word_1_183' title='bbox 205 2646 598 2715; x_wconf 81' lang='lat' dir='ltr'><strong>plangendum;</strong></span> <span class='ocrx_word' id='word_1_184' title='bbox 631 2655 688 2702; x_wconf 90' lang='lat' dir='ltr'><strong>et</strong></span> <span class='ocrx_word' id='word_1_185' title='bbox 707 2650 876 2718; x_wconf 81' lang='lat' dir='ltr'><strong>magis</strong></span> <span class='ocrx_word' id='word_1_186' title='bbox 902 2650 968 2705; x_wconf 91' lang='lat' dir='ltr'><strong>de</strong></span> <span class='ocrx_word' id='word_1_187' title='bbox 991 2652 1104 2722; x_wconf 91' lang='lat' dir='ltr'><strong>ipso</strong></span> <span class='ocrx_word' id='word_1_188' title='bbox 1124 2694 1137 2718; x_wconf 94' lang='lat'><strong>,</strong></span> <span class='ocrx_word' id='word_1_189' title='bbox 1169 2663 1225 2707; x_wconf 91' lang='lat' dir='ltr'><strong>ut</strong></span> <span class='ocrx_word' id='word_1_190' title='bbox 1252 2656 1466 2725; x_wconf 85' lang='lat' dir='ltr'><strong>propria</strong></span> <span class='ocrx_word' id='word_1_191' title='bbox 1501 2673 1628 2712; x_wconf 89' lang='lat' dir='ltr'><strong>cura</strong></span> <span class='ocrx_word' id='word_1_192' title='bbox 1658 2674 1796 2728; x_wconf 82' lang='lat' dir='ltr'><strong>pun-</strong></span> 
     </span>
    </p>
   </div>
   <div class='ocr_carea' id='block_1_26' title="bbox 201 2737 1798 2814">
    <p class='ocr_par' dir='ltr' id='par_1_26' title="bbox 201 2737 1798 2814">
     <span class='ocr_line' id='line_1_26' title="bbox 201 2737 1798 2814; baseline 0.011 -26"><span class='ocrx_word' id='word_1_193' title='bbox 201 2745 328 2788; x_wconf 90' lang='lat' dir='ltr'><strong>ctus</strong></span> <span class='ocrx_word' id='word_1_194' title='bbox 353 2737 586 2806; x_wconf 86' lang='lat' dir='ltr'><strong>evigilet;</strong></span> <span class='ocrx_word' id='word_1_195' title='bbox 615 2739 757 2808; x_wconf 78' lang='lat' dir='ltr'><strong>quod</strong></span> <span class='ocrx_word' id='word_1_196' title='bbox 786 2749 963 2796; x_wconf 86' lang='lat' dir='ltr'><strong>tamen</strong></span> <span class='ocrx_word' id='word_1_197' title='bbox 993 2758 1098 2798; x_wconf 93' lang='lat' dir='ltr'><strong>non</strong></span> <span class='ocrx_word' id='word_1_198' title='bbox 1122 2744 1357 2799; x_wconf 73' lang='lat' dir='ltr'><strong>offendat</strong></span> <span class='ocrx_word' id='word_1_199' title='bbox 1385 2749 1502 2814; x_wconf 86' lang='lat' dir='ltr'><strong>ejus</strong></span> <span class='ocrx_word' id='word_1_200' title='bbox 1545 2764 1798 2804; x_wconf 87' lang='lat' dir='ltr'><strong>verecun-</strong></span> 
     </span>
    </p>
   </div>
   <div class='ocr_carea' id='block_1_27' title="bbox 201 2828 1796 2904">
    <p class='ocr_par' dir='ltr' id='par_1_27' title="bbox 201 2828 1796 2904">
     <span class='ocr_line' id='line_1_27' title="bbox 201 2828 1796 2904; baseline 0.012 -25"><span class='ocrx_word' id='word_1_201' title='bbox 201 2828 352 2880; x_wconf 86' lang='lat' dir='ltr'><strong>diam</strong></span> <span class='ocrx_word' id='word_1_202' title='bbox 379 2831 664 2898; x_wconf 85' lang='lat' dir='ltr'><strong>asperitate</strong></span> <span class='ocrx_word' id='word_1_203' title='bbox 693 2833 889 2903; x_wconf 82' lang='lat' dir='ltr'><strong>aliqua,</strong></span> <span class='ocrx_word' id='word_1_204' title='bbox 929 2835 1022 2888; x_wconf 91' lang='lat' dir='ltr'><strong>sed</strong></span> <span class='ocrx_word' id='word_1_205' title='bbox 1056 2839 1232 2904; x_wconf 86' lang='lat' dir='ltr'><strong>potius</strong></span> <span class='ocrx_word' id='word_1_206' title='bbox 1256 2835 1618 2896; x_wconf 83' lang='lat' dir='ltr'><strong>familiaritate</strong></span> <span class='ocrx_word' id='word_1_207' title='bbox 1667 2857 1796 2897; x_wconf 90' lang='lat' dir='ltr'><strong>cou-</strong></span> 
     </span>
    </p>
   </div>
   <div class='ocr_carea' id='block_1_28' title="bbox 198 2923 1794 3004">
    <p class='ocr_par' dir='ltr' id='par_1_28' title="bbox 198 2923 1794 3004">
     <span class='ocr_line' id='line_1_28' title="bbox 198 2923 1794 3004; baseline 0.01 -30"><span class='ocrx_word' id='word_1_208' title='bbox 198 2923 350 2977; x_wconf 88' lang='lat' dir='ltr'><strong>ciliet</strong></span> <span class='ocrx_word' id='word_1_209' title='bbox 384 2939 397 2985; x_wconf 92' lang='lat'><strong>;</strong></span> <span class='ocrx_word' id='word_1_210' title='bbox 426 2934 515 2977; x_wconf 89' lang='lat' dir='ltr'><strong>aut</strong></span> <span class='ocrx_word' id='word_1_211' title='bbox 560 2923 735 2978; x_wconf 89' lang='lat' dir='ltr'><strong>oblata</strong></span> <span class='ocrx_word' id='word_1_212' title='bbox 783 2927 1023 2982; x_wconf 81' lang='lat' dir='ltr'><strong>sessione</strong></span> <span class='ocrx_word' id='word_1_213' title='bbox 1047 2931 1067 2961; x_wconf 82' lang='lat'>&#39;</span> <span class='ocrx_word' id='word_1_214' title='bbox 1092 2944 1404 2986; x_wconf 90' lang='lat' dir='ltr'><strong>succurrere</strong></span> <span class='ocrx_word' id='word_1_215' title='bbox 1432 2949 1446 2997; x_wconf 93' lang='lat'><strong>;</strong></span> <span class='ocrx_word' id='word_1_216' title='bbox 1491 2949 1794 3004; x_wconf 83' lang='lat' dir='ltr'><strong>quanquam</strong></span> 
     </span>
    </p>
   </div>
   <div class='ocr_carea' id='block_1_29' title="bbox 197 3013 1790 3093">
    <p class='ocr_par' dir='ltr' id='par_1_29' title="bbox 197 3013 1790 3093">
     <span class='ocr_line' id='line_1_29' title="bbox 197 3013 1790 3093; baseline 0.009 -27"><span class='ocrx_word' id='word_1_217' title='bbox 197 3013 320 3066; x_wconf 89' lang='lat' dir='ltr'><strong>sine</strong></span> <span class='ocrx_word' id='word_1_218' title='bbox 338 3013 679 3069; x_wconf 87' lang='lat' dir='ltr'><strong>dubitatione</strong></span> <span class='ocrx_word' id='word_1_219' title='bbox 705 3016 896 3071; x_wconf 86' lang='lat' dir='ltr'><strong>melius</strong></span> <span class='ocrx_word' id='word_1_220' title='bbox 924 3017 1034 3082; x_wconf 87' lang='lat' dir='ltr'><strong>fiat,</strong></span> <span class='ocrx_word' id='word_1_221' title='bbox 1055 3019 1140 3072; x_wconf 92' lang='lat' dir='ltr'><strong>ubi</strong></span> <span class='ocrx_word' id='word_1_222' title='bbox 1172 3019 1428 3085; x_wconf 78' lang='lat' dir='ltr'><strong>decenter</strong></span> <span class='ocrx_word' id='word_1_223' title='bbox 1454 3021 1566 3077; x_wconf 84' lang='lat' dir='ltr'><strong>fieri</strong></span> <span class='ocrx_word' id='word_1_224' title='bbox 1591 3032 1790 3093; x_wconf 83' lang='lat' dir='ltr'><strong>potest,</strong></span> 
     </span>
    </p>
   </div>
   <div class='ocr_carea' id='block_1_30' title="bbox 197 3107 1790 3184">
    <p class='ocr_par' dir='ltr' id='par_1_30' title="bbox 197 3107 1790 3184">
     <span class='ocr_line' id='line_1_30' title="bbox 197 3107 1790 3184; baseline 0.011 -27"><span class='ocrx_word' id='word_1_225' title='bbox 197 3117 300 3158; x_wconf 91' lang='lat' dir='ltr'><strong>uta</strong></span> <span class='ocrx_word' id='word_1_226' title='bbox 328 3107 593 3176; x_wconf 90' lang='lat' dir='ltr'><strong>principio</strong></span> <span class='ocrx_word' id='word_1_227' title='bbox 620 3107 816 3164; x_wconf 88' lang='lat' dir='ltr'><strong>sedens</strong></span> <span class='ocrx_word' id='word_1_228' title='bbox 845 3111 1045 3176; x_wconf 91' lang='lat' dir='ltr'><strong>audiat;</strong></span> <span class='ocrx_word' id='word_1_229' title='bbox 1089 3112 1356 3184; x_wconf 86' lang='lat' dir='ltr'><strong>longeque</strong></span> <span class='ocrx_word' id='word_1_230' title='bbox 1399 3118 1693 3173; x_wconf 91' lang='lat' dir='ltr'><strong>consultius</strong></span> <span class='ocrx_word' id='word_1_231' title='bbox 1735 3119 1790 3174; x_wconf 90' lang='lat' dir='ltr'><strong>in</strong></span> 
     </span>
    </p>
   </div>
   <div class='ocr_carea' id='block_1_31' title="bbox 196 3197 1791 3266">
    <p class='ocr_par' dir='ltr' id='par_1_31' title="bbox 196 3197 1791 3266">
     <span class='ocr_line' id='line_1_31' title="bbox 196 3197 1791 3266; baseline 0.011 -18"><span class='ocrx_word' id='word_1_232' title='bbox 196 3197 525 3264; x_wconf 86' lang='lat' dir='ltr'><strong>quibusdam</strong></span> <span class='ocrx_word' id='word_1_233' title='bbox 554 3197 811 3254; x_wconf 86' lang='lat' dir='ltr'><strong>Ecclesiis</strong></span> <span class='ocrx_word' id='word_1_234' title='bbox 841 3204 1210 3258; x_wconf 84' lang='lat' dir='ltr'><strong>transmarinis</strong></span> <span class='ocrx_word' id='word_1_235' title='bbox 1240 3220 1345 3260; x_wconf 95' lang='lat' dir='ltr'><strong>non</strong></span> <span class='ocrx_word' id='word_1_236' title='bbox 1378 3207 1549 3262; x_wconf 91' lang='lat' dir='ltr'><strong>solum</strong></span> <span class='ocrx_word' id='word_1_237' title='bbox 1579 3212 1791 3266; x_wconf 89' lang='lat' dir='ltr'><strong>antisti-</strong></span> 
     </span>
    </p>
   </div>
   <div class='ocr_carea' id='block_1_32' title="bbox 196 3288 1789 3367">
    <p class='ocr_par' dir='ltr' id='par_1_32' title="bbox 196 3288 1789 3367">
     <span class='ocr_line' id='line_1_32' title="bbox 196 3288 1789 3367; baseline 0.01 -27"><span class='ocrx_word' id='word_1_238' title='bbox 196 3297 278 3340; x_wconf 90' lang='lat' dir='ltr'><strong>tes</strong></span> <span class='ocrx_word' id='word_1_239' title='bbox 301 3288 557 3342; x_wconf 86' lang='lat' dir='ltr'><strong>sedentes</strong></span> <span class='ocrx_word' id='word_1_240' title='bbox 585 3290 875 3357; x_wconf 90' lang='lat' dir='ltr'><strong>loquuntur</strong></span> <span class='ocrx_word' id='word_1_241' title='bbox 902 3291 968 3346; x_wconf 93' lang='lat' dir='ltr'><strong>ad</strong></span> <span class='ocrx_word' id='word_1_242' title='bbox 997 3293 1276 3362; x_wconf 85' lang='lat' dir='ltr'><strong>populum,</strong></span> <span class='ocrx_word' id='word_1_243' title='bbox 1325 3296 1419 3351; x_wconf 89' lang='lat' dir='ltr'><strong>sed</strong></span> <span class='ocrx_word' id='word_1_244' title='bbox 1475 3299 1574 3367; x_wconf 90' lang='lat' dir='ltr'><strong>ipsi</strong></span> <span class='ocrx_word' id='word_1_245' title='bbox 1629 3300 1789 3356; x_wconf 90' lang='lat' dir='ltr'><strong>etiam</strong></span> 
     </span>
    </p>
   </div>
   <div class='ocr_carea' id='block_1_33' title="bbox 192 3377 1791 3454">
    <p class='ocr_par' dir='ltr' id='par_1_33' title="bbox 192 3377 1791 3454">
     <span class='ocr_line' id='line_1_33' title="bbox 192 3377 1791 3454; baseline 0.01 -24"><span class='ocrx_word' id='word_1_246' title='bbox 192 3378 398 3448; x_wconf 88' lang='lat' dir='ltr'><strong>populo</strong></span> <span class='ocrx_word' id='word_1_247' title='bbox 429 3377 618 3432; x_wconf 88' lang='lat' dir='ltr'><strong>sedilia</strong></span> <span class='ocrx_word' id='word_1_248' title='bbox 650 3379 951 3450; x_wconf 75' lang='lat' dir='ltr'><strong>subiacent,</strong></span> <span class='ocrx_word' id='word_1_249' title='bbox 975 3400 1042 3437; x_wconf 91' lang='lat' dir='ltr'><strong>ne</strong></span> <span class='ocrx_word' id='word_1_250' title='bbox 1061 3385 1341 3454; x_wconf 88' lang='lat' dir='ltr'><strong>quisquam</strong></span> <span class='ocrx_word' id='word_1_251' title='bbox 1370 3387 1791 3446; x_wconf 90' lang='lat' dir='ltr'><strong>infirmiorstan-</strong></span> 
     </span>
    </p>
   </div>
   <div class='ocr_carea' id='block_1_34' title="bbox 193 3468 1791 3546">
    <p class='ocr_par' dir='ltr' id='par_1_34' title="bbox 193 3468 1791 3546">
     <span class='ocr_line' id='line_1_34' title="bbox 193 3468 1791 3546; baseline 0.011 -27"><span class='ocrx_word' id='word_1_252' title='bbox 193 3468 266 3520; x_wconf 89' lang='lat' dir='ltr'><strong>do</strong></span> <span class='ocrx_word' id='word_1_253' title='bbox 296 3469 528 3522; x_wconf 87' lang='lat' dir='ltr'><strong>lassatus</strong></span> <span class='ocrx_word' id='word_1_254' title='bbox 558 3483 586 3520; x_wconf 93' lang='lat' dir='ltr'><strong>a</strong></span> <span class='ocrx_word' id='word_1_255' title='bbox 615 3469 964 3525; x_wconf 89' lang='lat' dir='ltr'><strong>saluberrima</strong></span> <span class='ocrx_word' id='word_1_256' title='bbox 1014 3473 1312 3529; x_wconf 88' lang='lat' dir='ltr'><strong>intentione</strong></span> <span class='ocrx_word' id='word_1_257' title='bbox 1353 3487 1648 3546; x_wconf 88' lang='lat' dir='ltr'><strong>avertatur,</strong></span> <span class='ocrx_word' id='word_1_258' title='bbox 1699 3492 1791 3537; x_wconf 88' lang='lat' dir='ltr'><strong>aut</strong></span> 
     </span>
    </p>
   </div>
   <div class='ocr_carea' id='block_1_35' title="bbox 191 3559 1784 3638">
    <p class='ocr_par' dir='ltr' id='par_1_35' title="bbox 191 3559 1784 3638">
     <span class='ocr_line' id='line_1_35' title="bbox 191 3559 1784 3638; baseline 0.01 -26"><span class='ocrx_word' id='word_1_259' title='bbox 191 3559 361 3612; x_wconf 89' lang='lat' dir='ltr'><strong>etiam</strong></span> <span class='ocrx_word' id='word_1_260' title='bbox 386 3567 609 3629; x_wconf 73' lang='lat' dir='ltr'><strong>cogatur</strong></span> <span class='ocrx_word' id='word_1_261' title='bbox 624 3561 931 3617; x_wconf 91' lang='lat' dir='ltr'><strong>abscedere.</strong></span> <span class='ocrx_word' id='word_1_262' title='bbox 961 3563 1030 3617; x_wconf 88' lang='lat' dir='ltr'><strong>Et</strong></span> <span class='ocrx_word' id='word_1_263' title='bbox 1059 3571 1235 3619; x_wconf 89' lang='lat' dir='ltr'><strong>tamen</strong></span> <span class='ocrx_word' id='word_1_264' title='bbox 1267 3568 1490 3623; x_wconf 91' lang='lat' dir='ltr'><strong>multum</strong></span> <span class='ocrx_word' id='word_1_265' title='bbox 1543 3571 1784 3638; x_wconf 83' lang='lat' dir='ltr'><strong>interest,</strong></span> 
     </span>
    </p>
   </div>
   <div class='ocr_carea' id='block_1_36' title="bbox 193 3650 1785 3722">
    <p class='ocr_par' dir='ltr' id='par_1_36' title="bbox 193 3650 1785 3722">
     <span class='ocr_line' id='line_1_36' title="bbox 193 3650 1785 3722; baseline 0.011 -22"><span class='ocrx_word' id='word_1_266' title='bbox 193 3650 236 3700; x_wconf 90' lang='lat' dir='ltr'><strong>si</strong></span> <span class='ocrx_word' id='word_1_267' title='bbox 263 3664 324 3702; x_wconf 89' lang='lat' dir='ltr'><strong>se</strong></span> <span class='ocrx_word' id='word_1_268' title='bbox 353 3650 638 3718; x_wconf 85' lang='lat' dir='ltr'><strong>quisquam</strong></span> <span class='ocrx_word' id='word_1_269' title='bbox 687 3650 754 3705; x_wconf 93' lang='lat' dir='ltr'><strong>de</strong></span> <span class='ocrx_word' id='word_1_270' title='bbox 784 3667 971 3722; x_wconf 91' lang='lat' dir='ltr'><strong>magna</strong></span> <span class='ocrx_word' id='word_1_271' title='bbox 1009 3655 1343 3712; x_wconf 78' lang='lat' dir='ltr'><strong>multitudine</strong></span> <span class='ocrx_word' id='word_1_272' title='bbox 1396 3659 1674 3716; x_wconf 88' lang='lat' dir='ltr'><strong>subtrahat</strong></span> <span class='ocrx_word' id='word_1_273' title='bbox 1719 3664 1785 3718; x_wconf 89' lang='lat' dir='ltr'><strong>ad</strong></span> 
     </span>
    </p>
   </div>
   <div class='ocr_carea' id='block_1_37' title="bbox 197 3739 1788 3812">
    <p class='ocr_par' dir='ltr' id='par_1_37' title="bbox 197 3739 1788 3812">
     <span class='ocr_line' id='line_1_37' title="bbox 197 3739 1788 3812; baseline 0.01 -20"><span class='ocrx_word' id='word_1_274' title='bbox 197 3739 538 3810; x_wconf 87' lang='lat' dir='ltr'><strong>reparandas</strong></span> <span class='ocrx_word' id='word_1_275' title='bbox 569 3742 738 3808; x_wconf 91' lang='lat' dir='ltr'><strong>vires,</strong></span> <span class='ocrx_word' id='word_1_276' title='bbox 763 3742 852 3811; x_wconf 92' lang='lat' dir='ltr'><strong>qui</strong></span> <span class='ocrx_word' id='word_1_277' title='bbox 878 3741 987 3812; x_wconf 86' lang='lat' dir='ltr'><strong>jam</strong></span> <span class='ocrx_word' id='word_1_278' title='bbox 1044 3755 1496 3802; x_wconf 85' lang='lat' dir='ltr'><strong>sacramentorum</strong></span> <span class='ocrx_word' id='word_1_279' title='bbox 1533 3751 1788 3810; x_wconf 82' lang='lat' dir='ltr'><strong>societate</strong></span> 
     </span>
    </p>
   </div>
   <div class='ocr_carea' id='block_1_38' title="bbox 190 3830 1787 3910">
    <p class='ocr_par' dir='ltr' id='par_1_38' title="bbox 190 3830 1787 3910">
     <span class='ocr_line' id='line_1_38' title="bbox 190 3830 1787 3910; baseline 0.009 -27"><span class='ocrx_word' id='word_1_280' title='bbox 190 3830 481 3884; x_wconf 76' lang='lat' dir='ltr'><strong>devinctus</strong></span> <span class='ocrx_word' id='word_1_281' title='bbox 497 3839 681 3895; x_wconf 92' lang='lat' dir='ltr'><strong>cst;et</strong></span> <span class='ocrx_word' id='word_1_282' title='bbox 703 3832 746 3886; x_wconf 87' lang='lat' dir='ltr'><strong>si</strong></span> <span class='ocrx_word' id='word_1_283' title='bbox 770 3832 860 3887; x_wconf 89' lang='lat' dir='ltr'><strong>ille</strong></span> <span class='ocrx_word' id='word_1_284' title='bbox 884 3832 1122 3888; x_wconf 91' lang='lat' dir='ltr'><strong>discedat</strong></span> <span class='ocrx_word' id='word_1_285' title='bbox 1147 3836 1309 3908; x_wconf 91' lang='lat' dir='ltr'><strong>(quod</strong></span> <span class='ocrx_word' id='word_1_286' title='bbox 1352 3838 1662 3910; x_wconf 89' lang='lat' dir='ltr'><strong>plerumque</strong></span> <span class='ocrx_word' id='word_1_287' title='bbox 1703 3843 1787 3898; x_wconf 92' lang='lat' dir='ltr'><strong>iu-</strong></span> 
     </span>
    </p>
   </div>
   <div class='ocr_carea' id='block_1_39' title="bbox 187 3921 1780 3992">
    <p class='ocr_par' dir='ltr' id='par_1_39' title="bbox 187 3921 1780 3992">
     <span class='ocr_line' id='line_1_39' title="bbox 187 3921 1780 3992; baseline 0.01 -17"><span class='ocrx_word' id='word_1_288' title='bbox 187 3921 524 3976; x_wconf 89' lang='lat' dir='ltr'><strong>evitahiliter</strong></span> <span class='ocrx_word' id='word_1_289' title='bbox 552 3932 789 3992; x_wconf 82' lang='lat' dir='ltr'><strong>urgetur,</strong></span> <span class='ocrx_word' id='word_1_290' title='bbox 827 3941 893 3981; x_wconf 89' lang='lat' dir='ltr'><strong>ne</strong></span> <span class='ocrx_word' id='word_1_291' title='bbox 921 3927 1175 3984; x_wconf 88' lang='lat' dir='ltr'><strong>interiore</strong></span> <span class='ocrx_word' id='word_1_292' title='bbox 1195 3929 1402 3986; x_wconf 89' lang='lat' dir='ltr'><strong>defectu</strong></span> <span class='ocrx_word' id='word_1_293' title='bbox 1428 3934 1596 3989; x_wconf 90' lang='lat' dir='ltr'><strong>victus</strong></span> <span class='ocrx_word' id='word_1_294' title='bbox 1620 3938 1780 3991; x_wconf 88' lang='lat' dir='ltr'><strong>etiam</strong></span> 
     </span>
    </p>
   </div>
   <div class='ocr_carea' id='block_1_40' title="bbox 183 4012 1782 4099">
    <p class='ocr_par' dir='ltr' id='par_1_40' title="bbox 183 4012 1782 4099">
     <span class='ocr_line' id='line_1_40' title="bbox 183 4012 1782 4099; baseline 0.013 -35"><span class='ocrx_word' id='word_1_295' title='bbox 183 4012 367 4083; x_wconf 85' lang='lat' dir='ltr'><strong>cadat)</strong></span> <span class='ocrx_word' id='word_1_296' title='bbox 401 4015 490 4081; x_wconf 89' lang='lat' dir='ltr'><strong>qui</strong></span> <span class='ocrx_word' id='word_1_297' title='bbox 522 4015 703 4083; x_wconf 90' lang='lat' dir='ltr'><strong>primis</strong></span> <span class='ocrx_word' id='word_1_298' title='bbox 732 4019 1083 4074; x_wconf 86' lang='lat' dir='ltr'><strong>sacramentis</strong></span> <span class='ocrx_word' id='word_1_299' title='bbox 1109 4020 1432 4079; x_wconf 89' lang='lat' dir='ltr'><strong>imbuendus</strong></span> <span class='ocrx_word' id='word_1_300' title='bbox 1460 4034 1578 4080; x_wconf 89' lang='lat' dir='ltr'><strong>est:</strong></span> <span class='ocrx_word' id='word_1_301' title='bbox 1612 4036 1664 4082; x_wconf 93' lang='lat' dir='ltr'><strong>et</strong></span> <span class='ocrx_word' id='word_1_302' title='bbox 1687 4045 1782 4099; x_wconf 85' lang='lat' dir='ltr'><strong>pu-</strong></span> 
     </span>
    </p>
   </div>
   <div class='ocr_carea' id='block_1_41' title="bbox 183 4105 1784 4178">
    <p class='ocr_par' dir='ltr' id='par_1_41' title="bbox 183 4105 1784 4178">
     <span class='ocr_line' id='line_1_41' title="bbox 183 4105 1784 4178; baseline 0.016 -26"><span class='ocrx_word' id='word_1_303' title='bbox 183 4106 320 4157; x_wconf 81' lang='lat' dir='ltr'><strong>dore</strong></span> <span class='ocrx_word' id='word_1_304' title='bbox 343 4105 487 4156; x_wconf 78' lang='lat' dir='ltr'><strong>enim</strong></span> <span class='ocrx_word' id='word_1_305' title='bbox 521 4120 624 4158; x_wconf 91' lang='lat' dir='ltr'><strong>non</strong></span> <span class='ocrx_word' id='word_1_306' title='bbox 646 4105 774 4161; x_wconf 90' lang='lat' dir='ltr'><strong>dicit</strong></span> <span class='ocrx_word' id='word_1_307' title='bbox 795 4123 891 4162; x_wconf 90' lang='lat' dir='ltr'><strong>cur</strong></span> <span class='ocrx_word' id='word_1_308' title='bbox 923 4117 1028 4176; x_wconf 88' lang='lat' dir='ltr'><strong>eat,</strong></span> <span class='ocrx_word' id='word_1_309' title='bbox 1049 4120 1102 4166; x_wconf 92' lang='lat' dir='ltr'><strong>et</strong></span> <span class='ocrx_word' id='word_1_310' title='bbox 1126 4112 1488 4172; x_wconf 84' lang='lat' dir='ltr'><strong>imbecillitate</strong></span> <span class='ocrx_word' id='word_1_311' title='bbox 1509 4126 1652 4174; x_wconf 88' lang='lat' dir='ltr'><strong>stare</strong></span> <span class='ocrx_word' id='word_1_312' title='bbox 1677 4135 1784 4178; x_wconf 88' lang='lat' dir='ltr'><strong>non</strong></span> 
     </span>
    </p>
   </div>
   <div class='ocr_carea' id='block_1_42' title="bbox 182 4196 1776 4281">
    <p class='ocr_par' dir='ltr' id='par_1_42' title="bbox 182 4196 1776 4281">
     <span class='ocr_line' id='line_1_42' title="bbox 182 4196 1776 4281; baseline 0.014 -35"><span class='ocrx_word' id='word_1_313' title='bbox 182 4197 405 4248; x_wconf 81' lang='lat' dir='ltr'><strong>sinitur.</strong></span> <span class='ocrx_word' id='word_1_314' title='bbox 446 4196 710 4266; x_wconf 81' lang='lat' dir='ltr'><strong>Expertus</strong></span> <span class='ocrx_word' id='word_1_315' title='bbox 733 4200 848 4254; x_wconf 66' lang='lat' dir='ltr'><strong>haec</strong></span> <span class='ocrx_word' id='word_1_316' title='bbox 877 4200 1033 4257; x_wconf 89' lang='lat' dir='ltr'><strong>dico:</strong></span> <span class='ocrx_word' id='word_1_317' title='bbox 1064 4219 1184 4258; x_wconf 90' lang='lat' dir='ltr'><strong>nam</strong></span> <span class='ocrx_word' id='word_1_318' title='bbox 1215 4204 1338 4261; x_wconf 90' lang='lat' dir='ltr'><strong>fecit</strong></span> <span class='ocrx_word' id='word_1_319' title='bbox 1378 4207 1482 4264; x_wconf 85' lang='lat' dir='ltr'><strong>hoc</strong></span> <span class='ocrx_word' id='word_1_320' title='bbox 1523 4212 1734 4281; x_wconf 91' lang='lat' dir='ltr'><strong>quidam</strong></span> <span class='ocrx_word' id='word_1_321' title='bbox 1761 4256 1776 4280; x_wconf 94' lang='lat'><strong>,</strong></span> 
     </span>
    </p>
   </div>
   <div class='ocr_carea' id='block_1_43' title="bbox 181 4287 1782 4365">
    <p class='ocr_par' dir='ltr' id='par_1_43' title="bbox 181 4287 1782 4365">
     <span class='ocr_line' id='line_1_43' title="bbox 181 4287 1782 4365; baseline 0.013 -27"><span class='ocrx_word' id='word_1_322' title='bbox 181 4303 306 4338; x_wconf 79' lang='lat' dir='ltr'><strong>eum</strong></span> <span class='ocrx_word' id='word_1_323' title='bbox 331 4302 454 4340; x_wconf 87' lang='lat' dir='ltr'><strong>eum</strong></span> <span class='ocrx_word' id='word_1_324' title='bbox 481 4287 890 4356; x_wconf 86' lang='lat' dir='ltr'><strong>catechizarem,</strong></span> <span class='ocrx_word' id='word_1_325' title='bbox 920 4291 1080 4347; x_wconf 86' lang='lat' dir='ltr'><strong>homo</strong></span> <span class='ocrx_word' id='word_1_326' title='bbox 1099 4297 1401 4354; x_wconf 88' lang='lat' dir='ltr'><strong>rusticanus</strong></span> <span class='ocrx_word' id='word_1_327' title='bbox 1427 4341 1442 4365; x_wconf 94' lang='lat'><strong>,</strong></span> <span class='ocrx_word' id='word_1_328' title='bbox 1485 4301 1626 4358; x_wconf 91' lang='lat' dir='ltr'><strong>unde</strong></span> <span class='ocrx_word' id='word_1_329' title='bbox 1678 4320 1782 4359; x_wconf 84' lang='lat' dir='ltr'><strong>ma-</strong></span> 
     </span>
    </p>
   </div>
   <div class='ocr_carea' id='block_1_44' title="bbox 180 4383 1781 4458">
    <p class='ocr_par' dir='ltr' id='par_1_44' title="bbox 180 4383 1781 4458">
     <span class='ocr_line' id='line_1_44' title="bbox 180 4383 1781 4458; baseline 0.015 -29"><span class='ocrx_word' id='word_1_330' title='bbox 180 4394 428 4447; x_wconf 79' lang='lat' dir='ltr'><strong>gnopere</strong></span> <span class='ocrx_word' id='word_1_331' title='bbox 471 4383 876 4452; x_wconf 55' lang='lat' dir='ltr'><strong>praecavendum</strong></span> <span class='ocrx_word' id='word_1_332' title='bbox 930 4401 1051 4442; x_wconf 90' lang='lat' dir='ltr'><strong>esse</strong></span> <span class='ocrx_word' id='word_1_333' title='bbox 1076 4388 1256 4444; x_wconf 92' lang='lat' dir='ltr'><strong>didici.</strong></span> <span class='ocrx_word' id='word_1_334' title='bbox 1289 4391 1418 4458; x_wconf 88' lang='lat' dir='ltr'><strong>Quis</strong></span> <span class='ocrx_word' id='word_1_335' title='bbox 1458 4395 1598 4449; x_wconf 91' lang='lat' dir='ltr'><strong>enim</strong></span> <span class='ocrx_word' id='word_1_336' title='bbox 1647 4395 1781 4453; x_wconf 86' lang='lat' dir='ltr'><strong>ferat</strong></span> 
     </span>
    </p>
   </div>
   <div class='ocr_carea' id='block_1_45' title="bbox 181 4471 1776 4556">
    <p class='ocr_par' dir='ltr' id='par_1_45' title="bbox 181 4471 1776 4556">
     <span class='ocr_line' id='line_1_45' title="bbox 181 4471 1776 4556; baseline 0.014 -35"><span class='ocrx_word' id='word_1_337' title='bbox 181 4471 549 4538; x_wconf 65' lang='lat' dir='ltr'><strong>arrogantiam</strong></span> <span class='ocrx_word' id='word_1_338' title='bbox 575 4483 813 4528; x_wconf 77' lang='lat' dir='ltr'><strong>nostram</strong></span> <span class='ocrx_word' id='word_1_339' title='bbox 834 4516 850 4542; x_wconf 94' lang='lat'><strong>,</strong></span> <span class='ocrx_word' id='word_1_340' title='bbox 906 4492 1026 4530; x_wconf 91' lang='lat' dir='ltr'><strong>cum</strong></span> <span class='ocrx_word' id='word_1_341' title='bbox 1070 4480 1214 4534; x_wconf 91' lang='lat' dir='ltr'><strong>viros</strong></span> <span class='ocrx_word' id='word_1_342' title='bbox 1235 4480 1255 4512; x_wconf 84' lang='grc'>³</span> <span class='ocrx_word' id='word_1_343' title='bbox 1285 4481 1479 4539; x_wconf 80' lang='lat' dir='ltr'><strong>fratres</strong></span> <span class='ocrx_word' id='word_1_344' title='bbox 1527 4496 1739 4543; x_wconf 89' lang='lat' dir='ltr'><strong>nostros</strong></span> <span class='ocrx_word' id='word_1_345' title='bbox 1761 4531 1776 4556; x_wconf 94' lang='lat'><strong>,</strong></span> 
     </span>
    </p>
   </div>
   <div class='ocr_carea' id='block_1_46' title="bbox 180 4561 1780 4645">
    <p class='ocr_par' dir='ltr' id='par_1_46' title="bbox 180 4561 1780 4645">
     <span class='ocr_line' id='line_1_46' title="bbox 180 4561 1780 4645; baseline 0.016 -34"><span class='ocrx_word' id='word_1_346' title='bbox 180 4561 267 4612; x_wconf 77' lang='lat' dir='ltr'><strong>Vel</strong></span> <span class='ocrx_word' id='word_1_347' title='bbox 300 4562 467 4614; x_wconf 87' lang='lat' dir='ltr'><strong>etiam</strong></span> <span class='ocrx_word' id='word_1_348' title='bbox 485 4564 626 4632; x_wconf 92' lang='lat' dir='ltr'><strong>quod</strong></span> <span class='ocrx_word' id='word_1_349' title='bbox 655 4564 860 4634; x_wconf 88' lang='lat' dir='ltr'><strong>majore</strong></span> <span class='ocrx_word' id='word_1_350' title='bbox 875 4567 1234 4626; x_wconf 88' lang='lat' dir='ltr'><strong>sollicitudine</strong></span> <span class='ocrx_word' id='word_1_351' title='bbox 1261 4575 1555 4629; x_wconf 90' lang='lat' dir='ltr'><strong>curandum</strong></span> <span class='ocrx_word' id='word_1_352' title='bbox 1587 4587 1688 4645; x_wconf 84' lang='lat' dir='ltr'><strong>est,</strong></span> <span class='ocrx_word' id='word_1_353' title='bbox 1722 4589 1780 4636; x_wconf 91' lang='lat' dir='ltr'><strong>ut</strong></span> 
     </span>
    </p>
   </div>
   <div class='ocr_carea' id='block_1_47' title="bbox 181 4653 1774 4738">
    <p class='ocr_par' dir='ltr' id='par_1_47' title="bbox 181 4653 1774 4738">
     <span class='ocr_line' id='line_1_47' title="bbox 181 4653 1774 4738; baseline 0.012 -32"><span class='ocrx_word' id='word_1_354' title='bbox 181 4656 293 4706; x_wconf 86' lang='lat' dir='ltr'><strong>sint</strong></span> <span class='ocrx_word' id='word_1_355' title='bbox 325 4653 516 4708; x_wconf 82' lang='lat' dir='ltr'><strong>fratres</strong></span> <span class='ocrx_word' id='word_1_356' title='bbox 543 4657 735 4723; x_wconf 84' lang='lat' dir='ltr'><strong>nostri,</strong></span> <span class='ocrx_word' id='word_1_357' title='bbox 770 4673 948 4712; x_wconf 90' lang='lat' dir='ltr'><strong>coram</strong></span> <span class='ocrx_word' id='word_1_358' title='bbox 972 4661 1128 4716; x_wconf 87' lang='lat' dir='ltr'><strong>nobis</strong></span> <span class='ocrx_word' id='word_1_359' title='bbox 1153 4663 1341 4720; x_wconf 88' lang='lat' dir='ltr'><strong>sedere</strong></span> <span class='ocrx_word' id='word_1_360' title='bbox 1367 4682 1473 4722; x_wconf 93' lang='lat' dir='ltr'><strong>non</strong></span> <span class='ocrx_word' id='word_1_361' title='bbox 1508 4669 1730 4725; x_wconf 85' lang='lat' dir='ltr'><strong>facimus</strong></span> <span class='ocrx_word' id='word_1_362' title='bbox 1758 4689 1774 4738; x_wconf 96' lang='lat'><strong>;</strong></span> 
     </span>
    </p>
   </div>
   <div class='ocr_carea' id='block_1_48' title="bbox 178 4745 1772 4830">
    <p class='ocr_par' dir='ltr' id='par_1_48' title="bbox 178 4745 1772 4830">
     <span class='ocr_line' id='line_1_48' title="bbox 178 4745 1772 4830; baseline 0.012 -32"><span class='ocrx_word' id='word_1_363' title='bbox 178 4745 432 4813; x_wconf 86' lang='lat' dir='ltr'><strong>etipsum</strong></span> <span class='ocrx_word' id='word_1_364' title='bbox 458 4747 736 4802; x_wconf 91' lang='lat' dir='ltr'><strong>Dominum</strong></span> <span class='ocrx_word' id='word_1_365' title='bbox 779 4759 1020 4806; x_wconf 90' lang='lat' dir='ltr'><strong>nostrum</strong></span> <span class='ocrx_word' id='word_1_366' title='bbox 1043 4794 1057 4819; x_wconf 94' lang='lat'><strong>,</strong></span> <span class='ocrx_word' id='word_1_367' title='bbox 1094 4755 1178 4808; x_wconf 91' lang='lat' dir='ltr'><strong>cui</strong></span> <span class='ocrx_word' id='word_1_368' title='bbox 1226 4758 1483 4812; x_wconf 84' lang='lat' dir='ltr'><strong>assistunt</strong></span> <span class='ocrx_word' id='word_1_369' title='bbox 1539 4762 1726 4830; x_wconf 82' lang='lat' dir='ltr'><strong>Angeli</strong></span> <span class='ocrx_word' id='word_1_370' title='bbox 1756 4805 1772 4830; x_wconf 97' lang='lat'><strong>,</strong></span> 
     </span>
    </p>
   </div>
   <div class='ocr_carea' id='block_1_49' title="bbox 178 4835 1778 4915">
    <p class='ocr_par' dir='ltr' id='par_1_49' title="bbox 178 4835 1778 4915">
     <span class='ocr_line' id='line_1_49' title="bbox 178 4835 1778 4915; baseline 0.014 -28"><span class='ocrx_word' id='word_1_371' title='bbox 178 4835 378 4889; x_wconf 85' lang='lat' dir='ltr'><strong>sedens</strong></span> <span class='ocrx_word' id='word_1_372' title='bbox 409 4836 600 4891; x_wconf 89' lang='lat' dir='ltr'><strong>mulier</strong></span> <span class='ocrx_word' id='word_1_373' title='bbox 618 4838 1053 4912; x_wconf 77' lang='lat' dir='ltr'><strong>audiebat(Luc.</strong></span> <span class='ocrx_word' id='word_1_374' title='bbox 1103 4860 1176 4910; x_wconf 85' lang='lat' dir='ltr'><strong>x,</strong></span> <span class='ocrx_word' id='word_1_375' title='bbox 1224 4847 1350 4915; x_wconf 81' lang='lat'><strong>59)?</strong></span> <span class='ocrx_word' id='word_1_376' title='bbox 1399 4850 1541 4906; x_wconf 90' lang='lat' dir='ltr'><strong>Sane</strong></span> <span class='ocrx_word' id='word_1_377' title='bbox 1593 4854 1636 4906; x_wconf 92' lang='lat' dir='ltr'><strong>si</strong></span> <span class='ocrx_word' id='word_1_378' title='bbox 1685 4864 1778 4909; x_wconf 90' lang='lat' dir='ltr'><strong>aut</strong></span> 
     </span>
    </p>
   </div>
   <div class='ocr_carea' id='block_1_50' title="bbox 177 4927 1776 5000">
    <p class='ocr_par' dir='ltr' id='par_1_50' title="bbox 177 4927 1776 5000">
     <span class='ocr_line' id='line_1_50' title="bbox 177 4927 1776 5000; baseline 0.013 -20"><span class='ocrx_word' id='word_1_379' title='bbox 177 4927 363 4982; x_wconf 84' lang='lat' dir='ltr'><strong>brevis</strong></span> <span class='ocrx_word' id='word_1_380' title='bbox 386 4943 564 4984; x_wconf 86' lang='lat' dir='ltr'><strong>sermo</strong></span> <span class='ocrx_word' id='word_1_381' title='bbox 586 4929 796 4988; x_wconf 87' lang='lat' dir='ltr'><strong>futurus</strong></span> <span class='ocrx_word' id='word_1_382' title='bbox 829 4942 931 4998; x_wconf 89' lang='lat' dir='ltr'><strong>est,</strong></span> <span class='ocrx_word' id='word_1_383' title='bbox 955 4943 1046 4988; x_wconf 92' lang='lat' dir='ltr'><strong>aut</strong></span> <span class='ocrx_word' id='word_1_384' title='bbox 1069 4939 1344 4992; x_wconf 90' lang='lat' dir='ltr'><strong>consessui</strong></span> <span class='ocrx_word' id='word_1_385' title='bbox 1376 4940 1525 4996; x_wconf 92' lang='lat' dir='ltr'><strong>locus</strong></span> <span class='ocrx_word' id='word_1_386' title='bbox 1547 4959 1652 4997; x_wconf 91' lang='lat' dir='ltr'><strong>non</strong></span> <span class='ocrx_word' id='word_1_387' title='bbox 1692 4956 1776 5000; x_wconf 90' lang='lat' dir='ltr'><strong>est</strong></span> 
     </span>
    </p>
   </div>
   <div class='ocr_carea' id='block_1_51' title="bbox 176 5023 1776 5102">
    <p class='ocr_par' dir='ltr' id='par_1_51' title="bbox 176 5023 1776 5102">
     <span class='ocr_line' id='line_1_51' title="bbox 176 5023 1776 5102; baseline 0.014 -29"><span class='ocrx_word' id='word_1_388' title='bbox 176 5031 358 5089; x_wconf 84' lang='lat' dir='ltr'><strong>aptus,</strong></span> <span class='ocrx_word' id='word_1_389' title='bbox 387 5031 590 5078; x_wconf 84' lang='lat' dir='ltr'><strong>stantes</strong></span> <span class='ocrx_word' id='word_1_390' title='bbox 610 5023 859 5091; x_wconf 89' lang='lat' dir='ltr'><strong>audiant;</strong></span> <span class='ocrx_word' id='word_1_391' title='bbox 903 5027 997 5081; x_wconf 89' lang='lat' dir='ltr'><strong>sed</strong></span> <span class='ocrx_word' id='word_1_392' title='bbox 1048 5043 1170 5084; x_wconf 90' lang='lat' dir='ltr'><strong>cum</strong></span> <span class='ocrx_word' id='word_1_393' title='bbox 1224 5032 1376 5087; x_wconf 87' lang='lat' dir='ltr'><strong>multi</strong></span> <span class='ocrx_word' id='word_1_394' title='bbox 1426 5035 1687 5102; x_wconf 86' lang='lat' dir='ltr'><strong>audiunt,</strong></span> <span class='ocrx_word' id='word_1_395' title='bbox 1719 5049 1776 5095; x_wconf 91' lang='lat' dir='ltr'><strong>et</strong></span> 
     </span>
    </p>
   </div>
   <div class='ocr_carea' id='block_1_52' title="bbox 177 5113 1772 5196">
    <p class='ocr_par' dir='ltr' id='par_1_52' title="bbox 177 5113 1772 5196">
     <span class='ocr_line' id='line_1_52' title="bbox 177 5113 1772 5196; baseline 0.015 -32"><span class='ocrx_word' id='word_1_396' title='bbox 177 5127 287 5165; x_wconf 88' lang='lat' dir='ltr'><strong>non</strong></span> <span class='ocrx_word' id='word_1_397' title='bbox 317 5121 441 5166; x_wconf 87' lang='lat' dir='ltr'><strong>tunc</strong></span> <span class='ocrx_word' id='word_1_398' title='bbox 467 5113 710 5168; x_wconf 89' lang='lat' dir='ltr'><strong>iuitiandi</strong></span> <span class='ocrx_word' id='word_1_399' title='bbox 737 5114 778 5169; x_wconf 70' lang='grc'><strong>⁸.</strong></span> <span class='ocrx_word' id='word_1_400' title='bbox 799 5115 930 5171; x_wconf 84' lang='lat' dir='ltr'><strong>Nam</strong></span> <span class='ocrx_word' id='word_1_401' title='bbox 973 5135 1094 5174; x_wconf 92' lang='lat' dir='ltr'><strong>cum</strong></span> <span class='ocrx_word' id='word_1_402' title='bbox 1141 5137 1278 5176; x_wconf 89' lang='lat' dir='ltr'><strong>unus</strong></span> <span class='ocrx_word' id='word_1_403' title='bbox 1309 5165 1324 5186; x_wconf 87' lang='lat'><strong>,</strong></span> <span class='ocrx_word' id='word_1_404' title='bbox 1367 5138 1456 5180; x_wconf 88' lang='lat' dir='ltr'><strong>aut</strong></span> <span class='ocrx_word' id='word_1_405' title='bbox 1504 5128 1610 5182; x_wconf 91' lang='lat' dir='ltr'><strong>duo</strong></span> <span class='ocrx_word' id='word_1_406' title='bbox 1635 5173 1648 5196; x_wconf 94' lang='lat'><strong>,</strong></span> <span class='ocrx_word' id='word_1_407' title='bbox 1681 5143 1772 5189; x_wconf 89' lang='lat' dir='ltr'><strong>aut</strong></span> 
     </span>
    </p>
   </div>
   <div class='ocr_carea' id='block_1_53' title="bbox 175 5203 1773 5293">
    <p class='ocr_par' dir='ltr' id='par_1_53' title="bbox 175 5203 1773 5293">
     <span class='ocr_line' id='line_1_53' title="bbox 175 5203 1773 5293; baseline 0.016 -37"><span class='ocrx_word' id='word_1_408' title='bbox 175 5203 357 5271; x_wconf 84' lang='lat' dir='ltr'><strong>pauci,</strong></span> <span class='ocrx_word' id='word_1_409' title='bbox 390 5205 481 5273; x_wconf 93' lang='lat' dir='ltr'><strong>qui</strong></span> <span class='ocrx_word' id='word_1_410' title='bbox 503 5217 789 5274; x_wconf 88' lang='lat' dir='ltr'><strong>propterea</strong></span> <span class='ocrx_word' id='word_1_411' title='bbox 816 5220 1080 5265; x_wconf 89' lang='lat' dir='ltr'><strong>venerunt</strong></span> <span class='ocrx_word' id='word_1_412' title='bbox 1112 5213 1460 5273; x_wconf 89' lang='lat' dir='ltr'><strong>utchristiani</strong></span> <span class='ocrx_word' id='word_1_413' title='bbox 1511 5221 1659 5285; x_wconf 86' lang='lat' dir='ltr'><strong>fiant,</strong></span> <span class='ocrx_word' id='word_1_414' title='bbox 1685 5239 1773 5293; x_wconf 87' lang='lat' dir='ltr'><strong>pe-</strong></span> 
     </span>
    </p>
   </div>
   <div class='ocr_carea' id='block_1_54' title="bbox 173 5293 1769 5383">
    <p class='ocr_par' dir='ltr' id='par_1_54' title="bbox 173 5293 1769 5383">
     <span class='ocr_line' id='line_1_54' title="bbox 173 5293 1769 5383; baseline 0.014 -37"><span class='ocrx_word' id='word_1_415' title='bbox 173 5293 415 5348; x_wconf 85' lang='lat' dir='ltr'><strong>riculose</strong></span> <span class='ocrx_word' id='word_1_416' title='bbox 442 5295 709 5364; x_wconf 87' lang='lat' dir='ltr'><strong>loquimur</strong></span> <span class='ocrx_word' id='word_1_417' title='bbox 735 5299 1017 5355; x_wconf 86' lang='lat' dir='ltr'><strong>stantibus.</strong></span> <span class='ocrx_word' id='word_1_418' title='bbox 1048 5301 1249 5358; x_wconf 84' lang='lat' dir='ltr'><strong>Tamen</strong></span> <span class='ocrx_word' id='word_1_419' title='bbox 1294 5307 1337 5360; x_wconf 92' lang='lat' dir='ltr'><strong>si</strong></span> <span class='ocrx_word' id='word_1_420' title='bbox 1362 5307 1472 5376; x_wconf 89' lang='lat' dir='ltr'><strong>jam</strong></span> <span class='ocrx_word' id='word_1_421' title='bbox 1511 5313 1590 5367; x_wconf 89' lang='lat' dir='ltr'><strong>sic</strong></span> <span class='ocrx_word' id='word_1_422' title='bbox 1613 5317 1769 5383; x_wconf 71' lang='lat' dir='ltr'><strong>empi-</strong></span> 
     </span>
    </p>
   </div>
   <div class='ocr_carea' id='block_1_55' title="bbox 171 5386 1771 5466">
    <p class='ocr_par' dir='ltr' id='par_1_55' title="bbox 171 5386 1771 5466">
     <span class='ocr_line' id='line_1_55' title="bbox 171 5386 1771 5466; baseline 0.016 -28"><span class='ocrx_word' id='word_1_423' title='bbox 171 5399 320 5442; x_wconf 89' lang='lat' dir='ltr'><strong>mns.</strong></span> <span class='ocrx_word' id='word_1_424' title='bbox 352 5386 546 5440; x_wconf 90' lang='lat' dir='ltr'><strong>saltem</strong></span> <span class='ocrx_word' id='word_1_425' title='bbox 577 5388 952 5445; x_wconf 88' lang='lat' dir='ltr'><strong>animadverso</strong></span> <span class='ocrx_word' id='word_1_426' title='bbox 995 5394 1256 5450; x_wconf 88' lang='lat' dir='ltr'><strong>auditoris</strong></span> <span class='ocrx_word' id='word_1_427' title='bbox 1307 5400 1499 5466; x_wconf 74' lang='lat' dir='ltr'><strong>taedio,</strong></span> <span class='ocrx_word' id='word_1_428' title='bbox 1550 5415 1602 5458; x_wconf 92' lang='lat' dir='ltr'><strong>et</strong></span> <span class='ocrx_word' id='word_1_429' title='bbox 1645 5407 1771 5463; x_wconf 79' lang='lat' dir='ltr'><strong>offe-</strong></span> 
     </span>
    </p>
   </div>
   <div class='ocr_carea' id='block_1_56' title="bbox 171 5476 1764 5566">
    <p class='ocr_par' dir='ltr' id='par_1_56' title="bbox 171 5476 1764 5566">
     <span class='ocr_line' id='line_1_56' title="bbox 171 5476 1764 5566; baseline 0.016 -38"><span class='ocrx_word' id='word_1_430' title='bbox 171 5476 338 5529; x_wconf 76' lang='lat' dir='ltr'><strong>venda</strong></span> <span class='ocrx_word' id='word_1_431' title='bbox 357 5478 531 5531; x_wconf 81' lang='lat' dir='ltr'><strong>sessio</strong></span> <span class='ocrx_word' id='word_1_432' title='bbox 545 5487 651 5544; x_wconf 91' lang='lat' dir='ltr'><strong>est,</strong></span> <span class='ocrx_word' id='word_1_433' title='bbox 677 5480 784 5535; x_wconf 92' lang='lat' dir='ltr'><strong>imo</strong></span> <span class='ocrx_word' id='word_1_434' title='bbox 805 5496 930 5537; x_wconf 86' lang='lat' dir='ltr'><strong>vero</strong></span> <span class='ocrx_word' id='word_1_435' title='bbox 949 5498 1166 5552; x_wconf 85' lang='lat' dir='ltr'><strong>prorsus</strong></span> <span class='ocrx_word' id='word_1_436' title='bbox 1186 5489 1454 5558; x_wconf 78' lang='lat' dir='ltr'><strong>urgendus</strong></span> <span class='ocrx_word' id='word_1_437' title='bbox 1481 5501 1536 5546; x_wconf 94' lang='lat' dir='ltr'><strong>ut</strong></span> <span class='ocrx_word' id='word_1_438' title='bbox 1558 5495 1764 5566; x_wconf 88' lang='lat' dir='ltr'><strong>sedeat,</strong></span> 
     </span>
    </p>
   </div>
   <div class='ocr_carea' id='block_1_57' title="bbox 234 5610 1764 5690">
    <p class='ocr_par' dir='ltr' id='par_1_57' title="bbox 234 5610 1764 5690">
     <span class='ocr_line' id='line_1_57' title="bbox 234 5610 1764 5690; baseline 0.017 -33"><span class='ocrx_word' id='word_1_439' title='bbox 234 5614 247 5642; x_wconf 85' lang='grc'>¹</span> <span class='ocrx_word' id='word_1_440' title='bbox 290 5620 426 5690; x_wconf 49' lang='grc' dir='ltr'><strong>εφη,</strong></span> <span class='ocrx_word' id='word_1_441' title='bbox 457 5610 737 5690; x_wconf 49' lang='lat' dir='ltr'><strong>fath‘ofica:</strong></span> <span class='ocrx_word' id='word_1_442' title='bbox 772 5610 906 5690; x_wconf 74' lang='lat' dir='ltr'><strong>ﬁdei.</strong></span> <span class='ocrx_word' id='word_1_443' title='bbox 929 5618 1043 5690; x_wconf 76' lang='lat' dir='ltr'><strong>Editi</strong></span> <span class='ocrx_word' id='word_1_444' title='bbox 1070 5620 1298 5690; x_wconf 73' lang='lat' dir='ltr'><strong>veroalii</strong></span> <span class='ocrx_word' id='word_1_445' title='bbox 1327 5632 1374 5674; x_wconf 90' lang='lat' dir='ltr'><strong>et</strong></span> <span class='ocrx_word' id='word_1_446' title='bbox 1397 5626 1620 5690; x_wconf 72' lang='lat' dir='ltr'><strong>plerique</strong></span> <span class='ocrx_word' id='word_1_447' title='bbox 1657 5637 1764 5684; x_wconf 75' lang='lat' dir='ltr'><strong>Mss.</strong></span> 
     </span>
    </p>
   </div>
   <div class='ocr_carea' id='block_1_58' title="bbox 165 5671 1638 5744">
    <p class='ocr_par' dir='ltr' id='par_1_58' title="bbox 165 5671 1638 5744">
     <span class='ocr_line' id='line_1_58' title="bbox 165 5671 1638 5744; baseline 0.016 -26"><span class='ocrx_word' id='word_1_448' title='bbox 165 5687 261 5744; x_wconf 62' lang='lat' dir='ltr'><strong>nou</strong></span> <span class='ocrx_word' id='word_1_449' title='bbox 289 5675 499 5744; x_wconf 67' lang='lat' dir='ltr'><strong>habent,</strong></span> <span class='ocrx_word' id='word_1_450' title='bbox 528 5671 687 5744; x_wconf 53' lang='lat' dir='ltr'><strong>ﬁdei;</strong></span> <span class='ocrx_word' id='word_1_451' title='bbox 711 5671 798 5737; x_wconf 76' lang='lat' dir='ltr'><strong>prb</strong></span> <span class='ocrx_word' id='word_1_452' title='bbox 813 5691 909 5744; x_wconf 86' lang='lat' dir='ltr'><strong>quo</strong></span> <span class='ocrx_word' id='word_1_453' title='bbox 925 5683 1170 5732; x_wconf 84' lang='lat' dir='ltr'><strong>subaudiri</strong></span> <span class='ocrx_word' id='word_1_454' title='bbox 1186 5671 1372 5744; x_wconf 39' lang='lat' dir='ltr'><strong>debet:</strong></span> 
     </span>
    </p>
   </div>
   <div class='ocr_carea' id='block_1_59' title="bbox 229 5736 1761 5814">
    <p class='ocr_par' dir='ltr' id='par_1_59' title="bbox 229 5736 1761 5814">
     <span class='ocr_line' id='line_1_59' title="bbox 229 5736 1761 5814; baseline 0.02 -37"><span class='ocrx_word' id='word_1_455' title='bbox 229 5737 251 5814; x_wconf 56' lang='grc' dir='ltr'><em>ξ</em></span> <span class='ocrx_word' id='word_1_456' title='bbox 285 5737 419 5814; x_wconf 47' lang='lat' dir='ltr'><strong>fpud</strong></span> <span class='ocrx_word' id='word_1_457' title='bbox 446 5736 1002 5814; x_wconf 27' lang='lat' dir='ltr'><strong>tlfiv:_atltlit‘ur,_studeat.</strong></span> <span class='ocrx_word' id='word_1_458' title='bbox 1022 5744 1110 5792; x_wconf 75' lang='lat' dir='ltr'><strong>Sed</strong></span> <span class='ocrx_word' id='word_1_459' title='bbox 1135 5736 1761 5814; x_wconf 39' lang='lat' dir='ltr'><strong>subaudiendiuit—,‘oportt‘t.</strong></span> 
     </span>
    </p>
   </div>
   <div class='ocr_carea' id='block_1_60' title="bbox 228 5797 838 5856">
    <p class='ocr_par' dir='ltr' id='par_1_60' title="bbox 228 5797 838 5856">
     <span class='ocr_line' id='line_1_60' title="bbox 228 5797 838 5856; baseline 0.011 -15"><span class='ocrx_word' id='word_1_460' title='bbox 228 5798 249 5827; x_wconf 80' lang='grc'>³</span> <span class='ocrx_word' id='word_1_461' title='bbox 285 5797 506 5845; x_wconf 74' lang='lat' dir='ltr'><strong>Munulli</strong></span> <span class='ocrx_word' id='word_1_462' title='bbox 535 5805 667 5856; x_wconf 67' lang='lat'><strong>3135.,</strong></span> <span class='ocrx_word' id='word_1_463' title='bbox 689 5809 838 5849; x_wconf 77' lang='lat' dir='ltr'><strong>veros.</strong></span> 
     </span>
    </p>
   </div>
   <div class='ocr_carea' id='block_1_61' title="bbox 225 5861 1333 5928">
    <p class='ocr_par' dir='ltr' id='par_1_61' title="bbox 225 5861 1333 5928">
     <span class='ocr_line' id='line_1_61' title="bbox 225 5861 1333 5928; baseline 0.014 -24"><span class='ocrx_word' id='word_1_464' title='bbox 225 5864 245 5889; x_wconf 68' lang='grc' dir='ltr'><strong>ο</strong></span> <span class='ocrx_word' id='word_1_465' title='bbox 280 5861 384 5916; x_wconf 68' lang='lat' dir='ltr'><strong>seta</strong></span> <span class='ocrx_word' id='word_1_466' title='bbox 407 5861 558 5910; x_wconf 83' lang='lat' dir='ltr'><strong>editio</strong></span> <span class='ocrx_word' id='word_1_467' title='bbox 584 5867 716 5918; x_wconf 88' lang='lat' dir='ltr'><strong>t.ov.,</strong></span> <span class='ocrx_word' id='word_1_468' title='bbox 738 5873 842 5923; x_wconf 80' lang='lat' dir='ltr'><strong>pro,</strong></span> <span class='ocrx_word' id='word_1_469' title='bbox 859 5868 993 5926; x_wconf 75' lang='lat' dir='ltr'><strong>tunc,</strong></span> <span class='ocrx_word' id='word_1_470' title='bbox 1018 5864 1180 5928; x_wconf 89' lang='lat' dir='ltr'><strong>habet,</strong></span> <span class='ocrx_word' id='word_1_471' title='bbox 1208 5875 1333 5922; x_wconf 65' lang='lat' dir='ltr'><strong>sidit.</strong></span> 
     </span>
    </p>
   </div>
   <div class='ocr_carea' id='block_1_62' title="bbox 1652 443 2089 510">
    <p class='ocr_par' dir='ltr' id='par_1_62' title="bbox 1652 443 2089 510">
     <span class='ocr_line' id='line_1_62' title="bbox 1652 443 2089 510; baseline 0.018 -8"><span class='ocrx_word' id='word_1_472' title='bbox 1652 447 1853 504; x_wconf 71' lang='lat' dir='ltr'><strong>LIBER</strong></span> <span class='ocrx_word' id='word_1_473' title='bbox 1895 443 2089 510; x_wconf 68' lang='lat' dir='ltr'><strong>UNUS;</strong></span> 
     </span>
    </p>
   </div>
   <div class='ocr_carea' id='block_1_63' title="bbox 3404 483 3513 545">
    <p class='ocr_par' dir='ltr' id='par_1_63' title="bbox 3404 483 3513 545">
     <span class='ocr_line' id='line_1_63' title="bbox 3404 483 3513 545; baseline 0.064 -6"><span class='ocrx_word' id='word_1_474' title='bbox 3404 483 3513 545; x_wconf 69' lang='lat'><strong>326</strong></span> 
     </span>
    </p>
   </div>
   <div class='ocr_carea' id='block_1_64' title="bbox 1923 570 3502 678">
    <p class='ocr_par' dir='ltr' id='par_1_64' title="bbox 1923 570 3502 678">
     <span class='ocr_line' id='line_1_64' title="bbox 1923 570 3502 678; baseline 0.029 -58"><span class='ocrx_word' id='word_1_475' title='bbox 1923 579 1975 622; x_wconf 89' lang='lat' dir='ltr'><strong>et</strong></span> <span class='ocrx_word' id='word_1_476' title='bbox 2001 570 2282 630; x_wconf 87' lang='lat' dir='ltr'><strong>dicendum</strong></span> <span class='ocrx_word' id='word_1_477' title='bbox 2306 581 2504 652; x_wconf 88' lang='lat' dir='ltr'><strong>aliquid</strong></span> <span class='ocrx_word' id='word_1_478' title='bbox 2531 592 2638 656; x_wconf 85' lang='lat' dir='ltr'><strong>quo</strong></span> <span class='ocrx_word' id='word_1_479' title='bbox 2663 602 2967 660; x_wconf 79' lang='lat' dir='ltr'><strong>renovetur,</strong></span> <span class='ocrx_word' id='word_1_480' title='bbox 2997 613 3103 667; x_wconf 85' lang='lat' dir='ltr'><strong>qtto</strong></span> <span class='ocrx_word' id='word_1_481' title='bbox 3128 601 3288 658; x_wconf 88' lang='lat' dir='ltr'><strong>etiam</strong></span> <span class='ocrx_word' id='word_1_482' title='bbox 3318 619 3502 678; x_wconf 82' lang='lat' dir='ltr'><strong>curas,</strong></span> 
     </span>
    </p>
   </div>
   <div class='ocr_carea' id='block_1_65' title="bbox 1922 662 3506 766">
    <p class='ocr_par' dir='ltr' id='par_1_65' title="bbox 1922 662 3506 766">
     <span class='ocr_line' id='line_1_65' title="bbox 1922 662 3506 766; baseline 0.031 -54"><span class='ocrx_word' id='word_1_483' title='bbox 1922 662 1965 713; x_wconf 90' lang='lat' dir='ltr'><strong>si</strong></span> <span class='ocrx_word' id='word_1_484' title='bbox 1993 679 2092 731; x_wconf 91' lang='lat' dir='ltr'><strong>qua</strong></span> <span class='ocrx_word' id='word_1_485' title='bbox 2125 666 2258 723; x_wconf 88' lang='lat' dir='ltr'><strong>forte</strong></span> <span class='ocrx_word' id='word_1_486' title='bbox 2282 671 2488 730; x_wconf 90' lang='lat' dir='ltr'><strong>irruens</strong></span> <span class='ocrx_word' id='word_1_487' title='bbox 2515 692 2638 732; x_wconf 93' lang='lat' dir='ltr'><strong>eum</strong></span> <span class='ocrx_word' id='word_1_488' title='bbox 2661 697 2886 741; x_wconf 90' lang='lat' dir='ltr'><strong>avocare</strong></span> <span class='ocrx_word' id='word_1_489' title='bbox 2915 703 3154 760; x_wconf 69' lang='lat' dir='ltr'><strong>cmpemt</strong></span> <span class='ocrx_word' id='word_1_490' title='bbox 3175 736 3188 757; x_wconf 90' lang='lat'><strong>,</strong></span> <span class='ocrx_word' id='word_1_491' title='bbox 3225 695 3387 766; x_wconf 80' lang='lat' dir='ltr'><strong>fugiat</strong></span> <span class='ocrx_word' id='word_1_492' title='bbox 3437 662 3506 760; x_wconf 59' lang='lat' dir='ltr'><strong>ex</strong></span> 
     </span>
    </p>
   </div>
   <div class='ocr_carea' id='block_1_66' title="bbox 1920 755 3508 853">
    <p class='ocr_par' dir='ltr' id='par_1_66' title="bbox 1920 755 3508 853">
     <span class='ocr_line' id='line_1_66' title="bbox 1920 755 3508 853; baseline 0.028 -49"><span class='ocrx_word' id='word_1_493' title='bbox 1920 755 2118 809; x_wconf 88' lang='lat' dir='ltr'><strong>animo.</strong></span> <span class='ocrx_word' id='word_1_494' title='bbox 2151 758 2280 814; x_wconf 89' lang='lat' dir='ltr'><strong>Cum</strong></span> <span class='ocrx_word' id='word_1_495' title='bbox 2310 763 2452 820; x_wconf 89' lang='lat' dir='ltr'><strong>enim</strong></span> <span class='ocrx_word' id='word_1_496' title='bbox 2482 783 2657 825; x_wconf 74' lang='lat' dir='ltr'><strong>causa:</strong></span> <span class='ocrx_word' id='word_1_497' title='bbox 2679 772 2893 830; x_wconf 79' lang='lat' dir='ltr'><strong>incertae</strong></span> <span class='ocrx_word' id='word_1_498' title='bbox 2916 779 3023 834; x_wconf 90' lang='lat' dir='ltr'><strong>sint</strong></span> <span class='ocrx_word' id='word_1_499' title='bbox 3058 796 3155 837; x_wconf 92' lang='lat' dir='ltr'><strong>cur</strong></span> <span class='ocrx_word' id='word_1_500' title='bbox 3175 785 3284 853; x_wconf 89' lang='lat' dir='ltr'><strong>jam</strong></span> <span class='ocrx_word' id='word_1_501' title='bbox 3314 791 3508 848; x_wconf 88' lang='lat' dir='ltr'><strong>tacitus</strong></span> 
     </span>
    </p>
   </div>
   <div class='ocr_carea' id='block_1_67' title="bbox 1920 854 3510 939">
    <p class='ocr_par' dir='ltr' id='par_1_67' title="bbox 1920 854 3510 939">
     <span class='ocr_line' id='line_1_67' title="bbox 1920 854 3510 939; baseline 0.026 -40"><span class='ocrx_word' id='word_1_502' title='bbox 1920 861 2132 904; x_wconf 85' lang='lat' dir='ltr'><strong>recuset</strong></span> <span class='ocrx_word' id='word_1_503' title='bbox 2153 854 2358 923; x_wconf 90' lang='lat' dir='ltr'><strong>audire,</strong></span> <span class='ocrx_word' id='word_1_504' title='bbox 2389 860 2496 927; x_wconf 88' lang='lat' dir='ltr'><strong>jam</strong></span> <span class='ocrx_word' id='word_1_505' title='bbox 2525 863 2729 918; x_wconf 87' lang='lat' dir='ltr'><strong>sedenti</strong></span> <span class='ocrx_word' id='word_1_506' title='bbox 2763 867 2960 936; x_wconf 91' lang='lat' dir='ltr'><strong>aliquid</strong></span> <span class='ocrx_word' id='word_1_507' title='bbox 2986 873 3242 932; x_wconf 89' lang='lat' dir='ltr'><strong>adversus</strong></span> <span class='ocrx_word' id='word_1_508' title='bbox 3265 881 3510 939; x_wconf 85' lang='lat' dir='ltr'><strong>inciden-</strong></span> 
     </span>
    </p>
   </div>
   <div class='ocr_carea' id='block_1_68' title="bbox 1925 943 3508 1038">
    <p class='ocr_par' dir='ltr' id='par_1_68' title="bbox 1925 943 3508 1038">
     <span class='ocr_line' id='line_1_68' title="bbox 1925 943 3508 1038; baseline 0.026 -49"><span class='ocrx_word' id='word_1_509' title='bbox 1925 947 2002 992; x_wconf 86' lang='lat' dir='ltr'><strong>tes</strong></span> <span class='ocrx_word' id='word_1_510' title='bbox 2026 943 2375 1011; x_wconf 85' lang='lat' dir='ltr'><strong>cogitationes</strong></span> <span class='ocrx_word' id='word_1_511' title='bbox 2400 953 2737 1008; x_wconf 64' lang='lat' dir='ltr'><strong>saecularium</strong></span> <span class='ocrx_word' id='word_1_512' title='bbox 2781 962 3115 1029; x_wconf 82' lang='lat' dir='ltr'><strong>negotiorum</strong></span> <span class='ocrx_word' id='word_1_513' title='bbox 3156 968 3381 1038; x_wconf 89' lang='lat' dir='ltr'><strong>dicatur,</strong></span> <span class='ocrx_word' id='word_1_514' title='bbox 3413 985 3508 1031; x_wconf 89' lang='lat' dir='ltr'><strong>aut</strong></span> 
     </span>
    </p>
   </div>
   <div class='ocr_carea' id='block_1_69' title="bbox 1919 1029 3504 1138">
    <p class='ocr_par' dir='ltr' id='par_1_69' title="bbox 1919 1029 3504 1138">
     <span class='ocr_line' id='line_1_69' title="bbox 1919 1029 3504 1138; baseline 0.025 -55"><span class='ocrx_word' id='word_1_515' title='bbox 1919 1029 2092 1098; x_wconf 89' lang='lat' dir='ltr'><strong>hilari,</strong></span> <span class='ocrx_word' id='word_1_516' title='bbox 2118 1044 2174 1090; x_wconf 91' lang='lat' dir='ltr'><strong>ut</strong></span> <span class='ocrx_word' id='word_1_517' title='bbox 2201 1037 2330 1103; x_wconf 78' lang='lat' dir='ltr'><strong>dixi,</strong></span> <span class='ocrx_word' id='word_1_518' title='bbox 2360 1052 2448 1096; x_wconf 92' lang='lat' dir='ltr'><strong>aut</strong></span> <span class='ocrx_word' id='word_1_519' title='bbox 2480 1047 2614 1099; x_wconf 88' lang='lat' dir='ltr'><strong>tristi</strong></span> <span class='ocrx_word' id='word_1_520' title='bbox 2646 1050 2804 1103; x_wconf 93' lang='lat' dir='ltr'><strong>modo</strong></span> <span class='ocrx_word' id='word_1_521' title='bbox 2843 1071 2856 1108; x_wconf 93' lang='lat'><strong>:</strong></span> <span class='ocrx_word' id='word_1_522' title='bbox 2891 1063 2945 1108; x_wconf 93' lang='lat' dir='ltr'><strong>ut</strong></span> <span class='ocrx_word' id='word_1_523' title='bbox 2967 1056 3012 1110; x_wconf 84' lang='lat' dir='ltr'><strong>si</strong></span> <span class='ocrx_word' id='word_1_524' title='bbox 3067 1059 3195 1128; x_wconf 65' lang='lat' dir='ltr'><strong>ipsa:</strong></span> <span class='ocrx_word' id='word_1_525' title='bbox 3234 1029 3504 1138; x_wconf 40' lang='lat' dir='ltr'><strong>sunt&#39;quae</strong></span> 
     </span>
    </p>
   </div>
   <div class='ocr_carea' id='block_1_70' title="bbox 1919 1136 3503 1217">
    <p class='ocr_par' dir='ltr' id='par_1_70' title="bbox 1919 1136 3503 1217">
     <span class='ocr_line' id='line_1_70' title="bbox 1919 1136 3503 1217; baseline 0.025 -39"><span class='ocrx_word' id='word_1_526' title='bbox 1919 1136 2149 1182; x_wconf 88' lang='lat' dir='ltr'><strong>mentem</strong></span> <span class='ocrx_word' id='word_1_527' title='bbox 2180 1145 2594 1202; x_wconf 88' lang='lat' dir='ltr'><strong>occupaverunt,</strong></span> <span class='ocrx_word' id='word_1_528' title='bbox 2627 1143 2820 1197; x_wconf 89' lang='lat' dir='ltr'><strong>cedant</strong></span> <span class='ocrx_word' id='word_1_529' title='bbox 2862 1151 3010 1215; x_wconf 90' lang='lat' dir='ltr'><strong>quasi</strong></span> <span class='ocrx_word' id='word_1_530' title='bbox 3055 1155 3365 1212; x_wconf 85' lang='lat' dir='ltr'><strong>nominatim</strong></span> <span class='ocrx_word' id='word_1_531' title='bbox 3401 1136 3503 1217; x_wconf 24' lang='lat' dir='ltr'><strong>iac-</strong></span> 
     </span>
    </p>
   </div>
   <div class='ocr_carea' id='block_1_71' title="bbox 1917 1222 3502 1322">
    <p class='ocr_par' dir='ltr' id='par_1_71' title="bbox 1917 1222 3502 1322">
     <span class='ocr_line' id='line_1_71' title="bbox 1917 1222 3502 1322; baseline 0.024 -53"><span class='ocrx_word' id='word_1_532' title='bbox 1917 1228 2149 1285; x_wconf 75' lang='lat' dir='ltr'><strong>cusatm;</strong></span> <span class='ocrx_word' id='word_1_533' title='bbox 2181 1222 2225 1275; x_wconf 91' lang='lat' dir='ltr'><strong>si</strong></span> <span class='ocrx_word' id='word_1_534' title='bbox 2245 1232 2422 1280; x_wconf 89' lang='lat' dir='ltr'><strong>autem</strong></span> <span class='ocrx_word' id='word_1_535' title='bbox 2451 1228 2578 1296; x_wconf 57' lang='lat' dir='ltr'><strong>ipsa:</strong></span> <span class='ocrx_word' id='word_1_536' title='bbox 2608 1247 2712 1286; x_wconf 91' lang='lat' dir='ltr'><strong>non</strong></span> <span class='ocrx_word' id='word_1_537' title='bbox 2743 1248 2903 1304; x_wconf 83' lang='lat' dir='ltr'><strong>sunt,</strong></span> <span class='ocrx_word' id='word_1_538' title='bbox 2929 1249 2984 1294; x_wconf 91' lang='lat' dir='ltr'><strong>et</strong></span> <span class='ocrx_word' id='word_1_539' title='bbox 3012 1244 3281 1301; x_wconf 87' lang='lat' dir='ltr'><strong>audiendo</strong></span> <span class='ocrx_word' id='word_1_540' title='bbox 3312 1249 3502 1322; x_wconf 81' lang='lat' dir='ltr'><strong>fatiga-</strong></span> 
     </span>
    </p>
   </div>
   <div class='ocr_carea' id='block_1_72' title="bbox 1920 1315 3500 1414">
    <p class='ocr_par' dir='ltr' id='par_1_72' title="bbox 1920 1315 3500 1414">
     <span class='ocr_line' id='line_1_72' title="bbox 1920 1315 3500 1414; baseline 0.025 -52"><span class='ocrx_word' id='word_1_541' title='bbox 1920 1318 2009 1363; x_wconf 90' lang='lat' dir='ltr'><strong>tus</strong></span> <span class='ocrx_word' id='word_1_542' title='bbox 2039 1322 2139 1377; x_wconf 86' lang='lat' dir='ltr'><strong>est,</strong></span> <span class='ocrx_word' id='word_1_543' title='bbox 2171 1329 2290 1368; x_wconf 91' lang='lat' dir='ltr'><strong>cum</strong></span> <span class='ocrx_word' id='word_1_544' title='bbox 2314 1315 2383 1372; x_wconf 93' lang='lat' dir='ltr'><strong>de</strong></span> <span class='ocrx_word' id='word_1_545' title='bbox 2410 1319 2514 1374; x_wconf 87' lang='lat' dir='ltr'><strong>illis</strong></span> <span class='ocrx_word' id='word_1_546' title='bbox 2545 1331 2792 1393; x_wconf 87' lang='lat' dir='ltr'><strong>tanquam</strong></span> <span class='ocrx_word' id='word_1_547' title='bbox 2827 1331 2953 1398; x_wconf 65' lang='lat' dir='ltr'><strong>ipsa!</strong></span> <span class='ocrx_word' id='word_1_548' title='bbox 2983 1335 3090 1390; x_wconf 78' lang='lat' dir='ltr'><strong>sint</strong></span> <span class='ocrx_word' id='word_1_549' title='bbox 3137 1315 3500 1414; x_wconf 68' lang='lat' dir='ltr'><strong>(quandoqui-</strong></span> 
     </span>
    </p>
   </div>
   <div class='ocr_carea' id='block_1_73' title="bbox 1917 1400 3498 1491">
    <p class='ocr_par' dir='ltr' id='par_1_73' title="bbox 1917 1400 3498 1491">
     <span class='ocr_line' id='line_1_73' title="bbox 1917 1400 3498 1491; baseline 0.024 -39"><span class='ocrx_word' id='word_1_550' title='bbox 1917 1400 2039 1454; x_wconf 88' lang='lat' dir='ltr'><strong>dem</strong></span> <span class='ocrx_word' id='word_1_551' title='bbox 2069 1403 2419 1480; x_wconf 82' lang='lat' dir='ltr'><strong>ignoramus),</strong></span> <span class='ocrx_word' id='word_1_552' title='bbox 2449 1411 2775 1482; x_wconf 89' lang='lat' dir='ltr'><strong>inopinatum</strong></span> <span class='ocrx_word' id='word_1_553' title='bbox 2797 1422 2996 1491; x_wconf 90' lang='lat' dir='ltr'><strong>aliquid</strong></span> <span class='ocrx_word' id='word_1_554' title='bbox 3033 1439 3085 1481; x_wconf 91' lang='lat' dir='ltr'><strong>et</strong></span> <span class='ocrx_word' id='word_1_555' title='bbox 3128 1400 3498 1490; x_wconf 71' lang='lat' dir='ltr'><strong>extraordina-</strong></span> 
     </span>
    </p>
   </div>
   <div class='ocr_carea' id='block_1_74' title="bbox 1915 1493 3505 1586">
    <p class='ocr_par' dir='ltr' id='par_1_74' title="bbox 1915 1493 3505 1586">
     <span class='ocr_line' id='line_1_74' title="bbox 1915 1493 3505 1586; baseline 0.026 -42"><span class='ocrx_word' id='word_1_556' title='bbox 1915 1493 2076 1559; x_wconf 87' lang='lat' dir='ltr'><strong>rium,</strong></span> <span class='ocrx_word' id='word_1_557' title='bbox 2103 1511 2170 1551; x_wconf 92' lang='lat' dir='ltr'><strong>eo</strong></span> <span class='ocrx_word' id='word_1_558' title='bbox 2193 1499 2352 1554; x_wconf 92' lang='lat' dir='ltr'><strong>modo</strong></span> <span class='ocrx_word' id='word_1_559' title='bbox 2377 1519 2482 1571; x_wconf 90' lang='lat' dir='ltr'><strong>quo</strong></span> <span class='ocrx_word' id='word_1_560' title='bbox 2510 1505 2641 1573; x_wconf 83' lang='lat' dir='ltr'><strong>dixi,</strong></span> <span class='ocrx_word' id='word_1_561' title='bbox 2675 1510 2958 1579; x_wconf 86' lang='lat' dir='ltr'><strong>loquimur,</strong></span> <span class='ocrx_word' id='word_1_562' title='bbox 2981 1533 3008 1570; x_wconf 91' lang='lat' dir='ltr'><strong>a</strong></span> <span class='ocrx_word' id='word_1_563' title='bbox 3035 1521 3190 1574; x_wconf 75' lang='lat' dir='ltr'><strong>tzedio</strong></span> <span class='ocrx_word' id='word_1_564' title='bbox 3213 1540 3505 1586; x_wconf 84' lang='lat' dir='ltr'><strong>renovatur</strong></span> 
     </span>
    </p>
   </div>
   <div class='ocr_carea' id='block_1_75' title="bbox 1913 1584 3496 1677">
    <p class='ocr_par' dir='ltr' id='par_1_75' title="bbox 1913 1584 3496 1677">
     <span class='ocr_line' id='line_1_75' title="bbox 1913 1584 3496 1677; baseline 0.025 -40"><span class='ocrx_word' id='word_1_565' title='bbox 1913 1584 2158 1643; x_wconf 91' lang='lat' dir='ltr'><strong>intentio.</strong></span> <span class='ocrx_word' id='word_1_566' title='bbox 2179 1589 2284 1645; x_wconf 90' lang='lat' dir='ltr'><strong>Sed</strong></span> <span class='ocrx_word' id='word_1_567' title='bbox 2312 1600 2367 1647; x_wconf 90' lang='lat' dir='ltr'><strong>et</strong></span> <span class='ocrx_word' id='word_1_568' title='bbox 2388 1593 2549 1651; x_wconf 90' lang='lat' dir='ltr'><strong>breve</strong></span> <span class='ocrx_word' id='word_1_569' title='bbox 2574 1599 2664 1665; x_wconf 90' lang='lat' dir='ltr'><strong>sit,</strong></span> <span class='ocrx_word' id='word_1_570' title='bbox 2696 1606 2924 1661; x_wconf 83' lang='lat' dir='ltr'><strong>maxime</strong></span> <span class='ocrx_word' id='word_1_571' title='bbox 2943 1611 3060 1675; x_wconf 87' lang='lat' dir='ltr'><strong>quia</strong></span> <span class='ocrx_word' id='word_1_572' title='bbox 3086 1624 3234 1668; x_wconf 82' lang='lat' dir='ltr'><strong>extra</strong></span> <span class='ocrx_word' id='word_1_573' title='bbox 3253 1620 3496 1677; x_wconf 89' lang='lat' dir='ltr'><strong>ordinem</strong></span> 
     </span>
    </p>
   </div>
   <div class='ocr_carea' id='block_1_76' title="bbox 1915 1677 3501 1770">
    <p class='ocr_par' dir='ltr' id='par_1_76' title="bbox 1915 1677 3501 1770">
     <span class='ocr_line' id='line_1_76' title="bbox 1915 1677 3501 1770; baseline 0.026 -41"><span class='ocrx_word' id='word_1_574' title='bbox 1915 1677 2186 1748; x_wconf 90' lang='lat' dir='ltr'><strong>inseritur,</strong></span> <span class='ocrx_word' id='word_1_575' title='bbox 2224 1698 2292 1739; x_wconf 90' lang='lat' dir='ltr'><strong>ne</strong></span> <span class='ocrx_word' id='word_1_576' title='bbox 2332 1687 2577 1742; x_wconf 88' lang='lat' dir='ltr'><strong>morbum</strong></span> <span class='ocrx_word' id='word_1_577' title='bbox 2619 1693 2810 1749; x_wconf 88' lang='lat' dir='ltr'><strong>fastidii</strong></span> <span class='ocrx_word' id='word_1_578' title='bbox 2841 1700 2926 1752; x_wconf 90' lang='lat' dir='ltr'><strong>cui</strong></span> <span class='ocrx_word' id='word_1_579' title='bbox 2957 1703 3240 1763; x_wconf 90' lang='lat' dir='ltr'><strong>subvenire</strong></span> <span class='ocrx_word' id='word_1_580' title='bbox 3256 1712 3501 1770; x_wconf 87' lang='lat' dir='ltr'><strong>volumus</strong></span> 
     </span>
    </p>
   </div>
   <div class='ocr_carea' id='block_1_77' title="bbox 1912 1771 3494 1874">
    <p class='ocr_par' dir='ltr' id='par_1_77' title="bbox 1912 1771 3494 1874">
     <span class='ocr_line' id='line_1_77' title="bbox 1912 1771 3494 1874; baseline 0.027 -53"><span class='ocrx_word' id='word_1_581' title='bbox 1912 1771 2069 1824; x_wconf 92' lang='lat' dir='ltr'><strong>etiam</strong></span> <span class='ocrx_word' id='word_1_582' title='bbox 2092 1787 2281 1844; x_wconf 86' lang='lat' dir='ltr'><strong>augeat</strong></span> <span class='ocrx_word' id='word_1_583' title='bbox 2298 1779 2407 1847; x_wconf 84' lang='lat' dir='ltr'><strong>ipsa</strong></span> <span class='ocrx_word' id='word_1_584' title='bbox 2426 1783 2708 1840; x_wconf 88' lang='lat' dir='ltr'><strong>medicina:</strong></span> <span class='ocrx_word' id='word_1_585' title='bbox 2725 1797 2777 1841; x_wconf 87' lang='lat' dir='ltr'><strong>et</strong></span> <span class='ocrx_word' id='word_1_586' title='bbox 2790 1793 3022 1847; x_wconf 89' lang='lat' dir='ltr'><strong>accelera</strong></span> <span class='ocrx_word' id='word_1_587' title='bbox 3032 1797 3130 1858; x_wconf 80' lang='lat' dir='ltr'><strong>uda</strong></span> <span class='ocrx_word' id='word_1_588' title='bbox 3146 1810 3494 1874; x_wconf 72' lang='lat' dir='ltr'><strong>suntcmtera,</strong></span> 
     </span>
    </p>
   </div>
   <div class='ocr_carea' id='block_1_78' title="bbox 1911 1867 3497 1966">
    <p class='ocr_par' dir='ltr' id='par_1_78' title="bbox 1911 1867 3497 1966">
     <span class='ocr_line' id='line_1_78' title="bbox 1911 1867 3497 1966; baseline 0.025 -52"><span class='ocrx_word' id='word_1_589' title='bbox 1911 1871 1964 1915; x_wconf 87' lang='lat' dir='ltr'><strong>et</strong></span> <span class='ocrx_word' id='word_1_590' title='bbox 2006 1867 2392 1931; x_wconf 89' lang='lat' dir='ltr'><strong>promittendus</strong></span> <span class='ocrx_word' id='word_1_591' title='bbox 2429 1886 2592 1943; x_wconf 87' lang='lat' dir='ltr'><strong>atque</strong></span> <span class='ocrx_word' id='word_1_592' title='bbox 2625 1878 2955 1936; x_wconf 80' lang='lat' dir='ltr'><strong>exhibendus</strong></span> <span class='ocrx_word' id='word_1_593' title='bbox 2984 1885 3101 1941; x_wconf 86' lang='lat' dir='ltr'><strong>finis</strong></span> <span class='ocrx_word' id='word_1_594' title='bbox 3130 1867 3497 1966; x_wconf 49' lang='lat' dir='ltr'><strong>prepinquior:</strong></span> 
     </span>
    </p>
   </div>
   <div class='ocr_carea' id='block_1_79' title="bbox 1982 1954 3498 2056">
    <p class='ocr_par' dir='ltr' id='par_1_79' title="bbox 1982 1954 3498 2056">
     <span class='ocr_line' id='line_1_79' title="bbox 1982 1954 3498 2056; baseline 0.025 -50"><span class='ocrx_word' id='word_1_595' title='bbox 1982 1954 2206 2011; x_wconf 82' lang='lat' dir='ltr'><strong>CAPUT</strong></span> <span class='ocrx_word' id='word_1_596' title='bbox 2242 1959 2382 2014; x_wconf 83' lang='lat' dir='ltr'><strong>XIV.</strong></span> <span class='ocrx_word' id='word_1_597' title='bbox 2415 1992 2486 2003; x_wconf 87' lang='lat'><strong>-—</strong></span> <span class='ocrx_word' id='word_1_598' title='bbox 2510 1964 2602 2020; x_wconf 67' lang='lat'><strong>30.</strong></span> <span class='ocrx_word' id='word_1_599' title='bbox 2646 1966 2944 2028; x_wconf 78' lang='lat' dir='ltr'><strong>Remedium</strong></span> <span class='ocrx_word' id='word_1_600' title='bbox 2987 1954 3242 2036; x_wconf 55' lang='lat' dir='ltr'><strong>adversus</strong></span> <span class='ocrx_word' id='word_1_601' title='bbox 3270 1954 3498 2056; x_wconf 81' lang='lat' dir='ltr'><strong>quintam</strong></span> 
     </span>
    </p>
   </div>
   <div class='ocr_carea' id='block_1_80' title="bbox 1908 2049 3496 2138">
    <p class='ocr_par' dir='ltr' id='par_1_80' title="bbox 1908 2049 3496 2138">
     <span class='ocr_line' id='line_1_80' title="bbox 1908 2049 3496 2138; baseline 0.027 -44"><span class='ocrx_word' id='word_1_602' title='bbox 1908 2059 2112 2099; x_wconf 74' lang='lat' dir='ltr'><strong>caztsant</strong></span> <span class='ocrx_word' id='word_1_603' title='bbox 2153 2049 2310 2104; x_wconf 73' lang='lat' dir='ltr'><strong>(tedii.</strong></span> <span class='ocrx_word' id='word_1_604' title='bbox 2361 2054 2659 2112; x_wconf 80' lang='lat' dir='ltr'><strong>Remedium</strong></span> <span class='ocrx_word' id='word_1_605' title='bbox 2695 2073 2870 2117; x_wconf 83' lang='lat' dir='ltr'><strong>contra</strong></span> <span class='ocrx_word' id='word_1_606' title='bbox 2891 2080 3082 2123; x_wconf 65' lang='lat' dir='ltr'><strong>sextam</strong></span> <span class='ocrx_word' id='word_1_607' title='bbox 3103 2089 3307 2130; x_wconf 78' lang='lat' dir='ltr'><strong>causam</strong></span> <span class='ocrx_word' id='word_1_608' title='bbox 3337 2081 3496 2138; x_wconf 67' lang='lat' dir='ltr'><strong>(tedii.</strong></span> 
     </span>
    </p>
   </div>
   <div class='ocr_carea' id='block_1_81' title="bbox 1908 2133 3497 2239">
    <p class='ocr_par' dir='ltr' id='par_1_81' title="bbox 1908 2133 3497 2239">
     <span class='ocr_line' id='line_1_81' title="bbox 1908 2133 3497 2239; baseline 0.028 -53"><span class='ocrx_word' id='word_1_609' title='bbox 1908 2133 2039 2190; x_wconf 83' lang='lat' dir='ltr'><strong>Item</strong></span> <span class='ocrx_word' id='word_1_610' title='bbox 2061 2140 2298 2197; x_wconf 74' lang='lat' dir='ltr'><strong>adversus</strong></span> <span class='ocrx_word' id='word_1_611' title='bbox 2327 2161 2532 2202; x_wconf 84' lang='lat' dir='ltr'><strong>causam</strong></span> <span class='ocrx_word' id='word_1_612' title='bbox 2559 2162 2776 2207; x_wconf 77' lang='lat' dir='ltr'><strong>sextam.</strong></span> <span class='ocrx_word' id='word_1_613' title='bbox 2807 2156 2861 2211; x_wconf 90' lang='lat' dir='ltr'><strong>Si</strong></span> <span class='ocrx_word' id='word_1_614' title='bbox 2889 2171 3064 2216; x_wconf 90' lang='lat' dir='ltr'><strong>autem</strong></span> <span class='ocrx_word' id='word_1_615' title='bbox 3093 2167 3349 2239; x_wconf 80' lang='lat' dir='ltr'><strong>conf-regit</strong></span> <span class='ocrx_word' id='word_1_616' title='bbox 3377 2175 3497 2229; x_wconf 81' lang='lat' dir='ltr'><strong>ani-</strong></span> 
     </span>
    </p>
   </div>
   <div class='ocr_carea' id='block_1_82' title="bbox 1908 2235 3499 2330">
    <p class='ocr_par' dir='ltr' id='par_1_82' title="bbox 1908 2235 3499 2330">
     <span class='ocr_line' id='line_1_82' title="bbox 1908 2235 3499 2330; baseline 0.026 -53"><span class='ocrx_word' id='word_1_617' title='bbox 1908 2241 2052 2281; x_wconf 89' lang='lat' dir='ltr'><strong>mum</strong></span> <span class='ocrx_word' id='word_1_618' title='bbox 2086 2238 2231 2284; x_wconf 89' lang='lat' dir='ltr'><strong>tuum</strong></span> <span class='ocrx_word' id='word_1_619' title='bbox 2275 2235 2491 2290; x_wconf 85' lang='lat' dir='ltr'><strong>alterius</strong></span> <span class='ocrx_word' id='word_1_620' title='bbox 2523 2242 2781 2309; x_wconf 86' lang='lat' dir='ltr'><strong>actionis,</strong></span> <span class='ocrx_word' id='word_1_621' title='bbox 2814 2249 2896 2300; x_wconf 92' lang='lat' dir='ltr'><strong>cui</strong></span> <span class='ocrx_word' id='word_1_622' title='bbox 2928 2258 3174 2319; x_wconf 90' lang='lat' dir='ltr'><strong>tauquam</strong></span> <span class='ocrx_word' id='word_1_623' title='bbox 3206 2235 3374 2330; x_wconf 67' lang='lat' dir='ltr'><strong>magis</strong></span> <span class='ocrx_word' id='word_1_624' title='bbox 3404 2279 3499 2318; x_wconf 85' lang='lat' dir='ltr'><strong>ne-</strong></span> 
     </span>
    </p>
   </div>
   <div class='ocr_carea' id='block_1_83' title="bbox 1905 2332 3494 2419">
    <p class='ocr_par' dir='ltr' id='par_1_83' title="bbox 1905 2332 3494 2419">
     <span class='ocr_line' id='line_1_83' title="bbox 1905 2332 3494 2419; baseline 0.026 -51"><span class='ocrx_word' id='word_1_625' title='bbox 1905 2332 2153 2373; x_wconf 75' lang='lat' dir='ltr'><strong>cessaria:</strong></span> <span class='ocrx_word' id='word_1_626' title='bbox 2175 2332 2284 2390; x_wconf 75' lang='lat' dir='ltr'><strong>jam</strong></span> <span class='ocrx_word' id='word_1_627' title='bbox 2315 2339 2612 2394; x_wconf 87' lang='lat' dir='ltr'><strong>suspensus</strong></span> <span class='ocrx_word' id='word_1_628' title='bbox 2649 2349 2800 2397; x_wconf 88' lang='lat' dir='ltr'><strong>eras,</strong></span> <span class='ocrx_word' id='word_1_629' title='bbox 2842 2332 3080 2407; x_wconf 78' lang='lat' dir='ltr'><strong>emissio,</strong></span> <span class='ocrx_word' id='word_1_630' title='bbox 3131 2356 3184 2399; x_wconf 90' lang='lat' dir='ltr'><strong>et</strong></span> <span class='ocrx_word' id='word_1_631' title='bbox 3215 2362 3494 2419; x_wconf 82' lang='lat' dir='ltr'><strong>propterea</strong></span> 
     </span>
    </p>
   </div>
   <div class='ocr_carea' id='block_1_84' title="bbox 1909 2410 3496 2514">
    <p class='ocr_par' dir='ltr' id='par_1_84' title="bbox 1909 2410 3496 2514">
     <span class='ocr_line' id='line_1_84' title="bbox 1909 2410 3496 2514; baseline 0.026 -54"><span class='ocrx_word' id='word_1_632' title='bbox 1909 2410 2074 2463; x_wconf 74' lang='lat' dir='ltr'><strong>tristis</strong></span> <span class='ocrx_word' id='word_1_633' title='bbox 2109 2411 2398 2470; x_wconf 90' lang='lat' dir='ltr'><strong>insuaviter</strong></span> <span class='ocrx_word' id='word_1_634' title='bbox 2423 2421 2753 2488; x_wconf 84' lang='lat' dir='ltr'><strong>catcchizas;</strong></span> <span class='ocrx_word' id='word_1_635' title='bbox 2782 2431 3017 2497; x_wconf 85' lang='lat' dir='ltr'><strong>cogitare</strong></span> <span class='ocrx_word' id='word_1_636' title='bbox 3050 2410 3243 2506; x_wconf 42' lang='lat' dir='ltr'><strong>debes&#39;,</strong></span> <span class='ocrx_word' id='word_1_637' title='bbox 3273 2410 3496 2514; x_wconf 68' lang='lat' dir='ltr'><strong>excepto</strong></span> 
     </span>
    </p>
   </div>
   <div class='ocr_carea' id='block_1_85' title="bbox 1904 2505 3497 2608">
    <p class='ocr_par' dir='ltr' id='par_1_85' title="bbox 1904 2505 3497 2608">
     <span class='ocr_line' id='line_1_85' title="bbox 1904 2505 3497 2608; baseline 0.026 -54"><span class='ocrx_word' id='word_1_638' title='bbox 1904 2505 2045 2573; x_wconf 91' lang='lat' dir='ltr'><strong>quod</strong></span> <span class='ocrx_word' id='word_1_639' title='bbox 2067 2508 2263 2562; x_wconf 88' lang='lat' dir='ltr'><strong>scimus</strong></span> <span class='ocrx_word' id='word_1_640' title='bbox 2286 2513 2704 2572; x_wconf 89' lang='lat' dir='ltr'><strong>misericorditer</strong></span> <span class='ocrx_word' id='word_1_641' title='bbox 2731 2523 2884 2578; x_wconf 86' lang='lat' dir='ltr'><strong>nobis</strong></span> <span class='ocrx_word' id='word_1_642' title='bbox 2905 2530 3169 2593; x_wconf 83' lang='lat' dir='ltr'><strong>agendum</strong></span> <span class='ocrx_word' id='word_1_643' title='bbox 3199 2550 3319 2590; x_wconf 90' lang='lat' dir='ltr'><strong>esse</strong></span> <span class='ocrx_word' id='word_1_644' title='bbox 3343 2540 3497 2608; x_wconf 91' lang='lat' dir='ltr'><strong>quid-</strong></span> 
     </span>
    </p>
   </div>
   <div class='ocr_carea' id='block_1_86' title="bbox 1903 2597 3493 2689">
    <p class='ocr_par' dir='ltr' id='par_1_86' title="bbox 1903 2597 3493 2689">
     <span class='ocr_line' id='line_1_86' title="bbox 1903 2597 3493 2689; baseline 0.026 -42"><span class='ocrx_word' id='word_1_645' title='bbox 1903 2597 2026 2664; x_wconf 88' lang='lat' dir='ltr'><strong>quid</strong></span> <span class='ocrx_word' id='word_1_646' title='bbox 2055 2614 2173 2653; x_wconf 91' lang='lat' dir='ltr'><strong>cum</strong></span> <span class='ocrx_word' id='word_1_647' title='bbox 2221 2601 2525 2660; x_wconf 87' lang='lat' dir='ltr'><strong>hominibus</strong></span> <span class='ocrx_word' id='word_1_648' title='bbox 2553 2610 2756 2678; x_wconf 87' lang='lat' dir='ltr'><strong>agimus</strong></span> <span class='ocrx_word' id='word_1_649' title='bbox 2777 2655 2790 2675; x_wconf 91' lang='lat'><strong>,</strong></span> <span class='ocrx_word' id='word_1_650' title='bbox 2831 2625 2886 2670; x_wconf 92' lang='lat' dir='ltr'><strong>et</strong></span> <span class='ocrx_word' id='word_1_651' title='bbox 2929 2634 2995 2673; x_wconf 83' lang='lat' dir='ltr'><strong>ex</strong></span> <span class='ocrx_word' id='word_1_652' title='bbox 3035 2622 3212 2678; x_wconf 84' lang='lat' dir='ltr'><strong>officio</strong></span> <span class='ocrx_word' id='word_1_653' title='bbox 3239 2597 3493 2689; x_wconf 75' lang='lat' dir='ltr'><strong>sinceris-</strong></span> 
     </span>
    </p>
   </div>
   <div class='ocr_carea' id='block_1_87' title="bbox 1902 2688 3491 2783">
    <p class='ocr_par' dir='ltr' id='par_1_87' title="bbox 1902 2688 3491 2783">
     <span class='ocr_line' id='line_1_87' title="bbox 1902 2688 3491 2783; baseline 0.028 -44"><span class='ocrx_word' id='word_1_654' title='bbox 1902 2688 2051 2743; x_wconf 73' lang='lat' dir='ltr'><strong>sima:</strong></span> <span class='ocrx_word' id='word_1_655' title='bbox 2093 2691 2398 2757; x_wconf 89' lang='lat' dir='ltr'><strong>charitatis;</strong></span> <span class='ocrx_word' id='word_1_656' title='bbox 2451 2698 2554 2754; x_wconf 91' lang='lat' dir='ltr'><strong>hoc</strong></span> <span class='ocrx_word' id='word_1_657' title='bbox 2597 2717 2724 2773; x_wconf 89' lang='lat' dir='ltr'><strong>ergo</strong></span> <span class='ocrx_word' id='word_1_658' title='bbox 2761 2719 3015 2778; x_wconf 74' lang='lat' dir='ltr'><strong>excepto,</strong></span> <span class='ocrx_word' id='word_1_659' title='bbox 3064 2715 3322 2775; x_wconf 88' lang='lat' dir='ltr'><strong>incertum</strong></span> <span class='ocrx_word' id='word_1_660' title='bbox 3369 2739 3491 2783; x_wconf 87' lang='lat' dir='ltr'><strong>esse</strong></span> 
     </span>
    </p>
   </div>
   <div class='ocr_carea' id='block_1_88' title="bbox 1901 2779 3492 2869">
    <p class='ocr_par' dir='ltr' id='par_1_88' title="bbox 1901 2779 3492 2869">
     <span class='ocr_line' id='line_1_88' title="bbox 1901 2779 3492 2869; baseline 0.028 -42"><span class='ocrx_word' id='word_1_661' title='bbox 1901 2779 2026 2845; x_wconf 91' lang='lat' dir='ltr'><strong>quid</strong></span> <span class='ocrx_word' id='word_1_662' title='bbox 2059 2781 2238 2836; x_wconf 91' lang='lat' dir='ltr'><strong>utilius</strong></span> <span class='ocrx_word' id='word_1_663' title='bbox 2274 2800 2527 2854; x_wconf 88' lang='lat' dir='ltr'><strong>agamus,</strong></span> <span class='ocrx_word' id='word_1_664' title='bbox 2570 2800 2623 2845; x_wconf 90' lang='lat' dir='ltr'><strong>et</strong></span> <span class='ocrx_word' id='word_1_665' title='bbox 2651 2796 2776 2861; x_wconf 89' lang='lat' dir='ltr'><strong>quid</strong></span> <span class='ocrx_word' id='word_1_666' title='bbox 2809 2805 3158 2866; x_wconf 87' lang='lat' dir='ltr'><strong>opportunius</strong></span> <span class='ocrx_word' id='word_1_667' title='bbox 3193 2818 3284 2863; x_wconf 89' lang='lat' dir='ltr'><strong>aut</strong></span> <span class='ocrx_word' id='word_1_668' title='bbox 3323 2779 3492 2869; x_wconf 64' lang='lat' dir='ltr'><strong>inter:</strong></span> 
     </span>
    </p>
   </div>
   <div class='ocr_carea' id='block_1_89' title="bbox 1902 2869 3490 2960">
    <p class='ocr_par' dir='ltr' id='par_1_89' title="bbox 1902 2869 3490 2960">
     <span class='ocr_line' id='line_1_89' title="bbox 1902 2869 3490 2960; baseline 0.026 -41"><span class='ocrx_word' id='word_1_669' title='bbox 1902 2869 2195 2939; x_wconf 87' lang='lat' dir='ltr'><strong>mittamus,</strong></span> <span class='ocrx_word' id='word_1_670' title='bbox 2225 2885 2316 2928; x_wconf 90' lang='lat' dir='ltr'><strong>aut</strong></span> <span class='ocrx_word' id='word_1_671' title='bbox 2358 2881 2575 2934; x_wconf 89' lang='lat' dir='ltr'><strong>omnino</strong></span> <span class='ocrx_word' id='word_1_672' title='bbox 2601 2885 2928 2944; x_wconf 89' lang='lat' dir='ltr'><strong>omittamus.</strong></span> <span class='ocrx_word' id='word_1_673' title='bbox 2964 2892 3095 2959; x_wconf 91' lang='lat' dir='ltr'><strong>Quia</strong></span> <span class='ocrx_word' id='word_1_674' title='bbox 3127 2900 3268 2954; x_wconf 92' lang='lat' dir='ltr'><strong>enim</strong></span> <span class='ocrx_word' id='word_1_675' title='bbox 3302 2906 3490 2960; x_wconf 91' lang='lat' dir='ltr'><strong>merita</strong></span> 
     </span>
    </p>
   </div>
   <div class='ocr_carea' id='block_1_90' title="bbox 1901 2956 3489 3059">
    <p class='ocr_par' dir='ltr' id='par_1_90' title="bbox 1901 2956 3489 3059">
     <span class='ocr_line' id='line_1_90' title="bbox 1901 2956 3489 3059; baseline 0.026 -48"><span class='ocrx_word' id='word_1_676' title='bbox 1901 2956 2176 3016; x_wconf 81' lang='lat' dir='ltr'><strong>hominum</strong></span> <span class='ocrx_word' id='word_1_677' title='bbox 2205 2981 2300 3032; x_wconf 91' lang='lat' dir='ltr'><strong>pro</strong></span> <span class='ocrx_word' id='word_1_678' title='bbox 2323 2969 2512 3036; x_wconf 88' lang='lat' dir='ltr'><strong>quibus</strong></span> <span class='ocrx_word' id='word_1_679' title='bbox 2538 2974 2764 3042; x_wconf 89' lang='lat' dir='ltr'><strong>agimus,</strong></span> <span class='ocrx_word' id='word_1_680' title='bbox 2797 2956 3112 3048; x_wconf 39' lang='lat' dir='ltr'><strong>qualia‘sint</strong></span> <span class='ocrx_word' id='word_1_681' title='bbox 3149 2994 3285 3059; x_wconf 91' lang='lat' dir='ltr'><strong>apud</strong></span> 
     </span>
    </p>
   </div>
   <div class='ocr_carea' id='block_1_91' title="bbox 1900 3057 3491 3146">
    <p class='ocr_par' dir='ltr' id='par_1_91' title="bbox 1900 3057 3491 3146">
     <span class='ocr_line' id='line_1_91' title="bbox 1900 3057 3491 3146; baseline 0.023 -39"><span class='ocrx_word' id='word_1_682' title='bbox 1900 3067 2008 3107; x_wconf 87' lang='lat' dir='ltr'><strong>non</strong></span> <span class='ocrx_word' id='word_1_683' title='bbox 2037 3057 2314 3124; x_wconf 86' lang='lat' dir='ltr'><strong>novimus,</strong></span> <span class='ocrx_word' id='word_1_684' title='bbox 2345 3063 2469 3129; x_wconf 91' lang='lat' dir='ltr'><strong>quid</strong></span> <span class='ocrx_word' id='word_1_685' title='bbox 2496 3065 2575 3120; x_wconf 92' lang='lat' dir='ltr'><strong>eis</strong></span> <span class='ocrx_word' id='word_1_686' title='bbox 2600 3067 2664 3119; x_wconf 92' lang='lat' dir='ltr'><strong>ad</strong></span> <span class='ocrx_word' id='word_1_687' title='bbox 2709 3079 2919 3140; x_wconf 87' lang='lat' dir='ltr'><strong>tempus</strong></span> <span class='ocrx_word' id='word_1_688' title='bbox 2956 3057 3204 3146; x_wconf 83' lang='lat' dir='ltr'><strong>expediat</strong></span> <span class='ocrx_word' id='word_1_689' title='bbox 3227 3096 3315 3140; x_wconf 90' lang='lat' dir='ltr'><strong>aut</strong></span> <span class='ocrx_word' id='word_1_690' title='bbox 3346 3089 3491 3146; x_wconf 87' lang='lat' dir='ltr'><strong>nulla</strong></span> 
     </span>
    </p>
   </div>
   <div class='ocr_carea' id='block_1_92' title="bbox 1898 3146 3491 3245">
    <p class='ocr_par' dir='ltr' id='par_1_92' title="bbox 1898 3146 3491 3245">
     <span class='ocr_line' id='line_1_92' title="bbox 1898 3146 3491 3245; baseline 0.026 -50"><span class='ocrx_word' id='word_1_691' title='bbox 1898 3152 1990 3196; x_wconf 87' lang='lat' dir='ltr'><strong>aut</strong></span> <span class='ocrx_word' id='word_1_692' title='bbox 2013 3146 2321 3203; x_wconf 89' lang='lat' dir='ltr'><strong>tenuissima</strong></span> <span class='ocrx_word' id='word_1_693' title='bbox 2343 3162 2434 3206; x_wconf 91' lang='lat' dir='ltr'><strong>aut</strong></span> <span class='ocrx_word' id='word_1_694' title='bbox 2460 3155 3134 3234; x_wconf 79' lang='lat' dir='ltr'><strong>incertissimaconjectura</strong></span> <span class='ocrx_word' id='word_1_695' title='bbox 3159 3177 3491 3245; x_wconf 84' lang='lat' dir='ltr'><strong>suspicamur</strong></span> 
     </span>
    </p>
   </div>
   <div class='ocr_carea' id='block_1_93' title="bbox 1899 3236 3492 3340">
    <p class='ocr_par' dir='ltr' id='par_1_93' title="bbox 1899 3236 3492 3340">
     <span class='ocr_line' id='line_1_93' title="bbox 1899 3236 3492 3340; baseline 0.024 -53"><span class='ocrx_word' id='word_1_696' title='bbox 1899 3236 2074 3304; x_wconf 80' lang='lat' dir='ltr'><strong>potius</strong></span> <span class='ocrx_word' id='word_1_697' title='bbox 2105 3278 2120 3303; x_wconf 94' lang='lat'><strong>,</strong></span> <span class='ocrx_word' id='word_1_698' title='bbox 2147 3255 2304 3306; x_wconf 88' lang='lat' dir='ltr'><strong>quam</strong></span> <span class='ocrx_word' id='word_1_699' title='bbox 2331 3245 2856 3314; x_wconf 89' lang='lat' dir='ltr'><strong>comprehendimus.</strong></span> <span class='ocrx_word' id='word_1_700' title='bbox 2897 3257 3234 3330; x_wconf 89' lang='lat' dir='ltr'><strong>Quapropter</strong></span> <span class='ocrx_word' id='word_1_701' title='bbox 3251 3236 3348 3324; x_wconf 65' lang='lat' dir='ltr'><strong>res</strong></span> <span class='ocrx_word' id='word_1_702' title='bbox 3372 3272 3492 3340; x_wconf 86' lang='lat' dir='ltr'><strong>qui-</strong></span> 
     </span>
    </p>
   </div>
   <div class='ocr_carea' id='block_1_94' title="bbox 1897 3325 3483 3418">
    <p class='ocr_par' dir='ltr' id='par_1_94' title="bbox 1897 3325 3483 3418">
     <span class='ocr_line' id='line_1_94' title="bbox 1897 3325 3483 3418; baseline 0.025 -38"><span class='ocrx_word' id='word_1_703' title='bbox 1897 3325 2018 3380; x_wconf 90' lang='lat' dir='ltr'><strong>dem</strong></span> <span class='ocrx_word' id='word_1_704' title='bbox 2063 3330 2298 3397; x_wconf 81' lang='lat' dir='ltr'><strong>agendas</strong></span> <span class='ocrx_word' id='word_1_705' title='bbox 2341 3349 2438 3401; x_wconf 91' lang='lat' dir='ltr'><strong>pro</strong></span> <span class='ocrx_word' id='word_1_706' title='bbox 2469 3347 2654 3393; x_wconf 87' lang='lat' dir='ltr'><strong>nostro</strong></span> <span class='ocrx_word' id='word_1_707' title='bbox 2693 3352 2849 3411; x_wconf 90' lang='lat' dir='ltr'><strong>captu</strong></span> <span class='ocrx_word' id='word_1_708' title='bbox 2897 3351 3143 3407; x_wconf 89' lang='lat' dir='ltr'><strong>ordinare</strong></span> <span class='ocrx_word' id='word_1_709' title='bbox 3186 3325 3483 3418; x_wconf 77' lang='lat' dir='ltr'><strong>debemus:</strong></span> 
     </span>
    </p>
   </div>
   <div class='ocr_carea' id='block_1_95' title="bbox 1859 3420 3484 3516">
    <p class='ocr_par' dir='ltr' id='par_1_95' title="bbox 1859 3420 3484 3516">
     <span class='ocr_line' id='line_1_95' title="bbox 1859 3420 3484 3516; baseline 0.025 -48"><span class='ocrx_word' id='word_1_710' title='bbox 1859 3447 1862 3454; x_wconf 91' lang='lat'><strong><em>-</em></strong></span> <span class='ocrx_word' id='word_1_711' title='bbox 1897 3431 2031 3484; x_wconf 89' lang='lat' dir='ltr'><strong>quas</strong></span> <span class='ocrx_word' id='word_1_712' title='bbox 2055 3433 2120 3471; x_wconf 88' lang='lat' dir='ltr'><strong>co</strong></span> <span class='ocrx_word' id='word_1_713' title='bbox 2145 3420 2304 3473; x_wconf 90' lang='lat' dir='ltr'><strong>modo</strong></span> <span class='ocrx_word' id='word_1_714' title='bbox 2323 3438 2429 3491; x_wconf 93' lang='lat' dir='ltr'><strong>quo</strong></span> <span class='ocrx_word' id='word_1_715' title='bbox 2451 3429 2752 3497; x_wconf 89' lang='lat' dir='ltr'><strong>statuimus,</strong></span> <span class='ocrx_word' id='word_1_716' title='bbox 2787 3434 2830 3487; x_wconf 91' lang='lat' dir='ltr'><strong>si</strong></span> <span class='ocrx_word' id='word_1_717' title='bbox 2860 3451 3112 3509; x_wconf 82' lang='lat' dir='ltr'><strong>peragere</strong></span> <span class='ocrx_word' id='word_1_718' title='bbox 3134 3452 3484 3516; x_wconf 88' lang='lat' dir='ltr'><strong>potuerimus,</strong></span> 
     </span>
    </p>
   </div>
   <div class='ocr_carea' id='block_1_96' title="bbox 1895 3507 3487 3599">
    <p class='ocr_par' dir='ltr' id='par_1_96' title="bbox 1895 3507 3487 3599">
     <span class='ocr_line' id='line_1_96' title="bbox 1895 3507 3487 3599; baseline 0.026 -41"><span class='ocrx_word' id='word_1_719' title='bbox 1895 3521 2001 3560; x_wconf 92' lang='lat' dir='ltr'><strong>non</strong></span> <span class='ocrx_word' id='word_1_720' title='bbox 2032 3507 2152 3562; x_wconf 91' lang='lat' dir='ltr'><strong>ideo</strong></span> <span class='ocrx_word' id='word_1_721' title='bbox 2180 3511 2505 3577; x_wconf 86' lang='lat' dir='ltr'><strong>gaudeamus</strong></span> <span class='ocrx_word' id='word_1_722' title='bbox 2535 3518 2652 3586; x_wconf 88' lang='lat' dir='ltr'><strong>quia</strong></span> <span class='ocrx_word' id='word_1_723' title='bbox 2685 3524 2859 3588; x_wconf 88' lang='lat' dir='ltr'><strong>nobis,</strong></span> <span class='ocrx_word' id='word_1_724' title='bbox 2889 3529 2980 3581; x_wconf 89' lang='lat' dir='ltr'><strong>sed</strong></span> <span class='ocrx_word' id='word_1_725' title='bbox 2999 3507 3270 3599; x_wconf 42' lang='lat' dir='ltr'><strong>quia-Deo</strong></span> <span class='ocrx_word' id='word_1_726' title='bbox 3298 3542 3374 3596; x_wconf 89' lang='lat' dir='ltr'><strong>sic</strong></span> <span class='ocrx_word' id='word_1_727' title='bbox 3394 3559 3487 3598; x_wconf 93' lang='lat' dir='ltr'><strong>cas</strong></span> 
     </span>
    </p>
   </div>
   <div class='ocr_carea' id='block_1_97' title="bbox 1894 3596 3484 3703">
    <p class='ocr_par' dir='ltr' id='par_1_97' title="bbox 1894 3596 3484 3703">
     <span class='ocr_line' id='line_1_97' title="bbox 1894 3596 3484 3703; baseline 0.026 -55"><span class='ocrx_word' id='word_1_728' title='bbox 1894 3596 1977 3666; x_wconf 83' lang='lat' dir='ltr'><strong>agi</strong></span> <span class='ocrx_word' id='word_1_729' title='bbox 2005 3598 2201 3666; x_wconf 85' lang='lat' dir='ltr'><strong>placuit</strong></span> <span class='ocrx_word' id='word_1_730' title='bbox 2227 3620 2240 3656; x_wconf 92' lang='lat'>:</span> <span class='ocrx_word' id='word_1_731' title='bbox 2268 3603 2311 3655; x_wconf 91' lang='lat' dir='ltr'><strong>si</strong></span> <span class='ocrx_word' id='word_1_732' title='bbox 2338 3619 2518 3660; x_wconf 90' lang='lat' dir='ltr'><strong>autem</strong></span> <span class='ocrx_word' id='word_1_733' title='bbox 2541 3609 2715 3680; x_wconf 90' lang='lat' dir='ltr'><strong>aliqua</strong></span> <span class='ocrx_word' id='word_1_734' title='bbox 2754 3614 3006 3673; x_wconf 87' lang='lat' dir='ltr'><strong>inciderit</strong></span> <span class='ocrx_word' id='word_1_735' title='bbox 3033 3630 3321 3684; x_wconf 88' lang='lat' dir='ltr'><strong>necessitas</strong></span> <span class='ocrx_word' id='word_1_736' title='bbox 3339 3674 3353 3698; x_wconf 91' lang='lat'><strong>,</strong></span> <span class='ocrx_word' id='word_1_737' title='bbox 3381 3650 3484 3703; x_wconf 89' lang='lat' dir='ltr'><strong>qua</strong></span> 
     </span>
    </p>
   </div>
   <div class='ocr_carea' id='block_1_98' title="bbox 1893 3691 3483 3782">
    <p class='ocr_par' dir='ltr' id='par_1_98' title="bbox 1893 3691 3483 3782">
     <span class='ocr_line' id='line_1_98' title="bbox 1893 3691 3483 3782; baseline 0.026 -40"><span class='ocrx_word' id='word_1_738' title='bbox 1893 3698 2076 3744; x_wconf 87' lang='lat' dir='ltr'><strong>noster</strong></span> <span class='ocrx_word' id='word_1_739' title='bbox 2101 3691 2192 3746; x_wconf 91' lang='lat' dir='ltr'><strong>ille</strong></span> <span class='ocrx_word' id='word_1_740' title='bbox 2217 3695 2350 3749; x_wconf 89' lang='lat' dir='ltr'><strong>ordo</strong></span> <span class='ocrx_word' id='word_1_741' title='bbox 2378 3699 2654 3778; x_wconf 77' lang='lat' dir='ltr'><strong>turbetur;</strong></span> <span class='ocrx_word' id='word_1_742' title='bbox 2693 3705 2969 3766; x_wconf 83' lang='lat' dir='ltr'><strong>flectantur</strong></span> <span class='ocrx_word' id='word_1_743' title='bbox 3001 3713 3185 3782; x_wconf 81' lang='lat' dir='ltr'><strong>facile,</strong></span> <span class='ocrx_word' id='word_1_744' title='bbox 3230 3738 3296 3777; x_wconf 91' lang='lat' dir='ltr'><strong>ne</strong></span> <span class='ocrx_word' id='word_1_745' title='bbox 3339 3691 3483 3782; x_wconf 61' lang='lat' dir='ltr'><strong>iraa.</strong></span> 
     </span>
    </p>
   </div>
   <div class='ocr_carea' id='block_1_99' title="bbox 1890 3789 3482 3878">
    <p class='ocr_par' dir='ltr' id='par_1_99' title="bbox 1890 3789 3482 3878">
     <span class='ocr_line' id='line_1_99' title="bbox 1890 3789 3482 3878; baseline 0.025 -46"><span class='ocrx_word' id='word_1_746' title='bbox 1890 3794 2108 3850; x_wconf 84' lang='lat' dir='ltr'><strong>gautur;</strong></span> <span class='ocrx_word' id='word_1_747' title='bbox 2130 3794 2186 3838; x_wconf 89' lang='lat' dir='ltr'><strong>ut</strong></span> <span class='ocrx_word' id='word_1_748' title='bbox 2213 3801 2370 3854; x_wconf 89' lang='lat' dir='ltr'><strong>quem</strong></span> <span class='ocrx_word' id='word_1_749' title='bbox 2393 3789 2534 3844; x_wconf 89' lang='lat' dir='ltr'><strong>Deus</strong></span> <span class='ocrx_word' id='word_1_750' title='bbox 2557 3804 2739 3850; x_wconf 87' lang='lat' dir='ltr'><strong>nostro</strong></span> <span class='ocrx_word' id='word_1_751' title='bbox 2755 3797 2830 3868; x_wconf 92' lang='lat' dir='ltr'><strong>(a)</strong></span> <span class='ocrx_word' id='word_1_752' title='bbox 2847 3808 3150 3873; x_wconf 69' lang='lat' dir='ltr'><strong>prmposnit,</strong></span> <span class='ocrx_word' id='word_1_753' title='bbox 3173 3811 3286 3878; x_wconf 85' lang='lat' dir='ltr'><strong>ipse</strong></span> <span class='ocrx_word' id='word_1_754' title='bbox 3301 3815 3365 3868; x_wconf 89' lang='lat' dir='ltr'><strong>sit</strong></span> <span class='ocrx_word' id='word_1_755' title='bbox 3385 3833 3482 3871; x_wconf 79' lang='lat' dir='ltr'><strong>no-</strong></span> 
     </span>
    </p>
   </div>
   <div class='ocr_carea' id='block_1_100' title="bbox 1901 3873 3478 3963">
    <p class='ocr_par' dir='ltr' id='par_1_100' title="bbox 1901 3873 3478 3963">
     <span class='ocr_line' id='line_1_100' title="bbox 1901 3873 3478 3963; baseline 0.023 -39"><span class='ocrx_word' id='word_1_756' title='bbox 1901 3879 2030 3926; x_wconf 90' lang='lat' dir='ltr'><strong>ster.</strong></span> <span class='ocrx_word' id='word_1_757' title='bbox 2058 3873 2286 3942; x_wconf 64' lang='lat' dir='ltr'><strong>Equins</strong></span> <span class='ocrx_word' id='word_1_758' title='bbox 2307 3887 2390 3932; x_wconf 89' lang='lat' dir='ltr'><strong>est</strong></span> <span class='ocrx_word' id='word_1_759' title='bbox 2415 3881 2556 3934; x_wconf 89' lang='lat' dir='ltr'><strong>enim</strong></span> <span class='ocrx_word' id='word_1_760' title='bbox 2587 3891 2644 3937; x_wconf 81' lang='grc' dir='ltr'><strong>ιιι</strong></span> <span class='ocrx_word' id='word_1_761' title='bbox 2674 3901 2772 3940; x_wconf 92' lang='lat' dir='ltr'><strong>nos</strong></span> <span class='ocrx_word' id='word_1_762' title='bbox 2795 3889 2938 3957; x_wconf 88' lang='lat' dir='ltr'><strong>ejus,</strong></span> <span class='ocrx_word' id='word_1_763' title='bbox 2973 3910 3129 3963; x_wconf 91' lang='lat' dir='ltr'><strong>quam</strong></span> <span class='ocrx_word' id='word_1_764' title='bbox 3162 3873 3219 3953; x_wconf 83' lang='lat' dir='ltr'><strong>ut</strong></span> <span class='ocrx_word' id='word_1_765' title='bbox 3264 3904 3350 3956; x_wconf 89' lang='lat' dir='ltr'><strong>illc</strong></span> <span class='ocrx_word' id='word_1_766' title='bbox 3378 3922 3478 3960; x_wconf 85' lang='lat' dir='ltr'><strong>no-</strong></span> 
     </span>
    </p>
   </div>
   <div class='ocr_carea' id='block_1_101' title="bbox 1890 3965 3477 4058">
    <p class='ocr_par' dir='ltr' id='par_1_101' title="bbox 1890 3965 3477 4058">
     <span class='ocr_line' id='line_1_101' title="bbox 1890 3965 3477 4058; baseline 0.023 -44"><span class='ocrx_word' id='word_1_767' title='bbox 1890 3970 2056 4017; x_wconf 83' lang='lat' dir='ltr'><strong>stram</strong></span> <span class='ocrx_word' id='word_1_768' title='bbox 2082 3965 2406 4022; x_wconf 86' lang='lat' dir='ltr'><strong>voluntatem</strong></span> <span class='ocrx_word' id='word_1_769' title='bbox 2439 3981 2714 4040; x_wconf 86' lang='lat' dir='ltr'><strong>sequatur.</strong></span> <span class='ocrx_word' id='word_1_770' title='bbox 2745 3975 2876 4042; x_wconf 89' lang='lat' dir='ltr'><strong>Quia</strong></span> <span class='ocrx_word' id='word_1_771' title='bbox 2905 3993 2957 4035; x_wconf 90' lang='lat' dir='ltr'><strong>et</strong></span> <span class='ocrx_word' id='word_1_772' title='bbox 2983 3986 3116 4038; x_wconf 90' lang='lat' dir='ltr'><strong>ordo</strong></span> <span class='ocrx_word' id='word_1_773' title='bbox 3150 3993 3477 4058; x_wconf 83' lang='lat' dir='ltr'><strong>agendarum</strong></span> 
     </span>
    </p>
   </div>
   <div class='ocr_carea' id='block_1_102' title="bbox 1887 4242 3479 4341">
    <p class='ocr_par' dir='ltr' id='par_1_102' title="bbox 1887 4242 3479 4341">
     <span class='ocr_line' id='line_1_102' title="bbox 1887 4242 3479 4341; baseline 0.023 -52"><span class='ocrx_word' id='word_1_774' title='bbox 1887 4251 2017 4308; x_wconf 88' lang='lat' dir='ltr'><strong>ergo</strong></span> <span class='ocrx_word' id='word_1_775' title='bbox 2048 4255 2146 4294; x_wconf 91' lang='lat' dir='ltr'><strong>nos</strong></span> <span class='ocrx_word' id='word_1_776' title='bbox 2183 4242 2426 4299; x_wconf 89' lang='lat' dir='ltr'><strong>dolemus</strong></span> <span class='ocrx_word' id='word_1_777' title='bbox 2457 4246 2704 4306; x_wconf 91' lang='lat' dir='ltr'><strong>homines</strong></span> <span class='ocrx_word' id='word_1_778' title='bbox 2733 4267 2761 4305; x_wconf 88' lang='lat' dir='ltr'><strong>a</strong></span> <span class='ocrx_word' id='word_1_779' title='bbox 2811 4255 3036 4312; x_wconf 87' lang='lat' dir='ltr'><strong>Domino</strong></span> <span class='ocrx_word' id='word_1_780' title='bbox 3067 4262 3175 4317; x_wconf 87' lang='lat' dir='ltr'><strong>Deo</strong></span> <span class='ocrx_word' id='word_1_781' title='bbox 3208 4277 3352 4323; x_wconf 86' lang='lat' dir='ltr'><strong>tanto</strong></span> <span class='ocrx_word' id='word_1_782' title='bbox 3381 4287 3479 4341; x_wconf 83' lang='lat' dir='ltr'><strong>po-</strong></span> 
     </span>
    </p>
   </div>
   <div class='ocr_carea' id='block_1_103' title="bbox 1887 4328 3475 4417">
    <p class='ocr_par' dir='ltr' id='par_1_103' title="bbox 1887 4328 3475 4417">
     <span class='ocr_line' id='line_1_103' title="bbox 1887 4328 3475 4417; baseline 0.023 -35"><span class='ocrx_word' id='word_1_783' title='bbox 1887 4328 2024 4384; x_wconf 88' lang='lat' dir='ltr'><strong>tiore</strong></span> <span class='ocrx_word' id='word_1_784' title='bbox 2056 4333 2309 4400; x_wconf 73' lang='lat' dir='ltr'><strong>prmcedi,</strong></span> <span class='ocrx_word' id='word_1_785' title='bbox 2338 4347 2394 4389; x_wconf 94' lang='lat' dir='ltr'><strong>ut</strong></span> <span class='ocrx_word' id='word_1_786' title='bbox 2423 4353 2488 4392; x_wconf 89' lang='lat' dir='ltr'><strong>eo</strong></span> <span class='ocrx_word' id='word_1_787' title='bbox 2517 4339 2635 4408; x_wconf 88' lang='lat' dir='ltr'><strong>ipso</strong></span> <span class='ocrx_word' id='word_1_788' title='bbox 2660 4358 2766 4412; x_wconf 88' lang='lat' dir='ltr'><strong>quo</strong></span> <span class='ocrx_word' id='word_1_789' title='bbox 2788 4359 3027 4404; x_wconf 81' lang='lat' dir='ltr'><strong>nostrum</strong></span> <span class='ocrx_word' id='word_1_790' title='bbox 3063 4369 3301 4412; x_wconf 84' lang='lat' dir='ltr'><strong>amamus</strong></span> <span class='ocrx_word' id='word_1_791' title='bbox 3329 4328 3475 4417; x_wconf 62' lang='lat' dir='ltr'><strong>ordi-</strong></span> 
     </span>
    </p>
   </div>
   <div class='ocr_carea' id='block_1_104' title="bbox 1884 4509 3471 4611">
    <p class='ocr_par' dir='ltr' id='par_1_104' title="bbox 1884 4509 3471 4611">
     <span class='ocr_line' id='line_1_104' title="bbox 1884 4509 3471 4611; baseline 0.021 -47"><span class='ocrx_word' id='word_1_792' title='bbox 1884 4509 2028 4565; x_wconf 90' lang='lat' dir='ltr'><strong>dinat</strong></span> <span class='ocrx_word' id='word_1_793' title='bbox 2055 4513 2181 4582; x_wconf 92' lang='lat' dir='ltr'><strong>quid</strong></span> <span class='ocrx_word' id='word_1_794' title='bbox 2212 4524 2355 4585; x_wconf 83' lang='lat' dir='ltr'><strong>agat,</strong></span> <span class='ocrx_word' id='word_1_795' title='bbox 2385 4517 2484 4572; x_wconf 93' lang='lat' dir='ltr'><strong>nisi</strong></span> <span class='ocrx_word' id='word_1_796' title='bbox 2505 4521 2595 4590; x_wconf 86' lang='lat' dir='ltr'><strong>qui</strong></span> <span class='ocrx_word' id='word_1_797' title='bbox 2626 4526 2859 4590; x_wconf 88' lang='lat' dir='ltr'><strong>paratior</strong></span> <span class='ocrx_word' id='word_1_798' title='bbox 2887 4540 2968 4584; x_wconf 92' lang='lat' dir='ltr'><strong>est</strong></span> <span class='ocrx_word' id='word_1_799' title='bbox 2997 4548 3102 4588; x_wconf 91' lang='lat' dir='ltr'><strong>non</strong></span> <span class='ocrx_word' id='word_1_800' title='bbox 3144 4551 3301 4601; x_wconf 79' lang='lat' dir='ltr'><strong>agerc</strong></span> <span class='ocrx_word' id='word_1_801' title='bbox 3330 4545 3471 4611; x_wconf 89' lang='lat' dir='ltr'><strong>quod</strong></span> 
     </span>
    </p>
   </div>
   <div class='ocr_carea' id='block_1_105' title="bbox 1883 4599 3474 4702">
    <p class='ocr_par' dir='ltr' id='par_1_105' title="bbox 1883 4599 3474 4702">
     <span class='ocr_line' id='line_1_105' title="bbox 1883 4599 3474 4702; baseline 0.025 -50"><span class='ocrx_word' id='word_1_802' title='bbox 1883 4599 2063 4655; x_wconf 83' lang='lat' dir='ltr'><strong>divina</strong></span> <span class='ocrx_word' id='word_1_803' title='bbox 2115 4615 2376 4672; x_wconf 88' lang='lat' dir='ltr'><strong>potestate</strong></span> <span class='ocrx_word' id='word_1_804' title='bbox 2419 4612 2763 4679; x_wconf 89' lang='lat' dir='ltr'><strong>prohibetur,</strong></span> <span class='ocrx_word' id='word_1_805' title='bbox 2817 4633 2974 4688; x_wconf 83' lang='lat' dir='ltr'><strong>quam</strong></span> <span class='ocrx_word' id='word_1_806' title='bbox 3027 4599 3270 4696; x_wconf 86' lang='lat' dir='ltr'><strong>cupidior</strong></span> <span class='ocrx_word' id='word_1_807' title='bbox 3312 4599 3474 4702; x_wconf 69' lang='lat' dir='ltr'><strong>agere</strong></span> 
     </span>
    </p>
   </div>
   <div class='ocr_carea' id='block_1_106' title="bbox 1882 4691 3469 4780">
    <p class='ocr_par' dir='ltr' id='par_1_106' title="bbox 1882 4691 3469 4780">
     <span class='ocr_line' id='line_1_106' title="bbox 1882 4691 3469 4780; baseline 0.021 -37"><span class='ocrx_word' id='word_1_808' title='bbox 1882 4691 2025 4759; x_wconf 88' lang='lat' dir='ltr'><strong>quod</strong></span> <span class='ocrx_word' id='word_1_809' title='bbox 2063 4693 2289 4750; x_wconf 85' lang='lat' dir='ltr'><strong>humana</strong></span> <span class='ocrx_word' id='word_1_810' title='bbox 2319 4699 2640 4768; x_wconf 78' lang='lat' dir='ltr'><strong>cogitatione</strong></span> <span class='ocrx_word' id='word_1_811' title='bbox 2668 4707 2972 4764; x_wconf 85' lang='lat' dir='ltr'><strong>meditatur.</strong></span> <span class='ocrx_word' id='word_1_812' title='bbox 3004 4691 3137 4780; x_wconf 79' lang='lat' dir='ltr'><strong>Quia</strong></span> <span class='ocrx_word' id='word_1_813' title='bbox 3170 4691 3469 4776; x_wconf 32' lang='lat' dir='ltr'><strong>malacum;</strong></span> 
     </span>
    </p>
   </div>
   <div class='ocr_carea' id='block_1_107' title="bbox 1879 4781 3471 4867">
    <p class='ocr_par' dir='ltr' id='par_1_107' title="bbox 1879 4781 3471 4867">
     <span class='ocr_line' id='line_1_107' title="bbox 1879 4781 3471 4867; baseline 0.022 -36"><span class='ocrx_word' id='word_1_814' title='bbox 1879 4781 2148 4850; x_wconf 74' lang='lat' dir='ltr'><strong>gitationes</strong></span> <span class='ocrx_word' id='word_1_815' title='bbox 2184 4796 2299 4839; x_wconf 74' lang='lat' dir='ltr'><strong>sunt</strong></span> <span class='ocrx_word' id='word_1_816' title='bbox 2341 4790 2395 4842; x_wconf 83' lang='lat' dir='ltr'><strong>in</strong></span> <span class='ocrx_word' id='word_1_817' title='bbox 2421 4790 2575 4844; x_wconf 84' lang='lat' dir='ltr'><strong>corde</strong></span> <span class='ocrx_word' id='word_1_818' title='bbox 2617 4795 2710 4846; x_wconf 79' lang='lat' dir='ltr'><strong>viri</strong></span> <span class='ocrx_word' id='word_1_819' title='bbox 2731 4838 2745 4860; x_wconf 96' lang='lat'><strong>,</strong></span> <span class='ocrx_word' id='word_1_820' title='bbox 2778 4801 3047 4856; x_wconf 79' lang='lat' dir='ltr'><strong>consilium</strong></span> <span class='ocrx_word' id='word_1_821' title='bbox 3073 4815 3238 4860; x_wconf 84' lang='lat' dir='ltr'><strong>autem</strong></span> <span class='ocrx_word' id='word_1_822' title='bbox 3265 4809 3471 4867; x_wconf 78' lang='lat' dir='ltr'><strong>Domini</strong></span> 
     </span>
    </p>
   </div>
   <div class='ocr_carea' id='block_1_108' title="bbox 1881 4875 2884 4958">
    <p class='ocr_par' dir='ltr' id='par_1_108' title="bbox 1881 4875 2884 4958">
     <span class='ocr_line' id='line_1_108' title="bbox 1881 4875 2884 4958; baseline 0.019 -35"><span class='ocrx_word' id='word_1_823' title='bbox 1881 4884 2048 4926; x_wconf 85' lang='lat' dir='ltr'><strong>manet</strong></span> <span class='ocrx_word' id='word_1_824' title='bbox 2077 4875 2128 4928; x_wconf 86' lang='lat' dir='ltr'><strong>in</strong></span> <span class='ocrx_word' id='word_1_825' title='bbox 2153 4886 2394 4932; x_wconf 65' lang='lat' dir='ltr'><strong>aeternum</strong></span> <span class='ocrx_word' id='word_1_826' title='bbox 2419 4881 2601 4950; x_wconf 77' lang='lat' dir='ltr'><strong>(Prov.</strong></span> <span class='ocrx_word' id='word_1_827' title='bbox 2627 4900 2739 4948; x_wconf 84' lang='lat' dir='ltr'><strong>xtx,</strong></span> <span class='ocrx_word' id='word_1_828' title='bbox 2769 4887 2884 4958; x_wconf 74' lang='lat'><strong>2|).</strong></span> 
     </span>
    </p>
   </div>
   <div class='ocr_carea' id='block_1_109' title="bbox 1951 4961 3467 5048">
    <p class='ocr_par' dir='ltr' id='par_1_109' title="bbox 1951 4961 3467 5048">
     <span class='ocr_line' id='line_1_109' title="bbox 1951 4961 3467 5048; baseline 0.022 -34"><span class='ocrx_word' id='word_1_829' title='bbox 1951 4961 2041 5015; x_wconf 74' lang='lat'><strong>2|.</strong></span> <span class='ocrx_word' id='word_1_830' title='bbox 2074 4961 2130 5018; x_wconf 88' lang='lat' dir='ltr'><strong>Si</strong></span> <span class='ocrx_word' id='word_1_831' title='bbox 2157 4983 2282 5020; x_wconf 86' lang='lat' dir='ltr'><strong>vero</strong></span> <span class='ocrx_word' id='word_1_832' title='bbox 2312 4985 2376 5022; x_wconf 82' lang='lat' dir='ltr'><strong>ex</strong></span> <span class='ocrx_word' id='word_1_833' title='bbox 2401 4970 2578 5041; x_wconf 83' lang='lat' dir='ltr'><strong>aliquo</strong></span> <span class='ocrx_word' id='word_1_834' title='bbox 2603 4975 2855 5031; x_wconf 87' lang='lat' dir='ltr'><strong>seandalo</strong></span> <span class='ocrx_word' id='word_1_835' title='bbox 2883 4982 3219 5047; x_wconf 77' lang='lat' dir='ltr'><strong>perturbatus</strong></span> <span class='ocrx_word' id='word_1_836' title='bbox 3255 4989 3467 5048; x_wconf 91' lang='lat' dir='ltr'><strong>animus</strong></span> 
     </span>
    </p>
   </div>
   <div class='ocr_carea' id='block_1_110' title="bbox 1878 5055 3465 5150">
    <p class='ocr_par' dir='ltr' id='par_1_110' title="bbox 1878 5055 3465 5150">
     <span class='ocr_line' id='line_1_110' title="bbox 1878 5055 3465 5150; baseline 0.019 -43"><span class='ocrx_word' id='word_1_837' title='bbox 1878 5068 1984 5107; x_wconf 92' lang='lat' dir='ltr'><strong>non</strong></span> <span class='ocrx_word' id='word_1_838' title='bbox 2013 5055 2156 5111; x_wconf 88' lang='lat' dir='ltr'><strong>valet</strong></span> <span class='ocrx_word' id='word_1_839' title='bbox 2189 5057 2350 5113; x_wconf 89' lang='lat' dir='ltr'><strong>cdere</strong></span> <span class='ocrx_word' id='word_1_840' title='bbox 2397 5076 2645 5118; x_wconf 90' lang='lat' dir='ltr'><strong>serenum</strong></span> <span class='ocrx_word' id='word_1_841' title='bbox 2687 5066 3086 5140; x_wconf 87' lang='lat' dir='ltr'><strong>jucundumque</strong></span> <span class='ocrx_word' id='word_1_842' title='bbox 3130 5089 3465 5150; x_wconf 86' lang='lat' dir='ltr'><strong>sermonem,</strong></span> 
     </span>
    </p>
   </div>
   <div class='ocr_carea' id='block_1_111' title="bbox 1879 5150 3469 5240">
    <p class='ocr_par' dir='ltr' id='par_1_111' title="bbox 1879 5150 3469 5240">
     <span class='ocr_line' id='line_1_111' title="bbox 1879 5150 3469 5240; baseline 0.019 -42"><span class='ocrx_word' id='word_1_843' title='bbox 1879 5153 2080 5200; x_wconf 90' lang='lat' dir='ltr'><strong>tantam</strong></span> <span class='ocrx_word' id='word_1_844' title='bbox 2123 5163 2246 5204; x_wconf 88' lang='lat' dir='ltr'><strong>esse</strong></span> <span class='ocrx_word' id='word_1_845' title='bbox 2281 5150 2593 5208; x_wconf 89' lang='lat' dir='ltr'><strong>charitatcm</strong></span> <span class='ocrx_word' id='word_1_846' title='bbox 2642 5166 2858 5225; x_wconf 89' lang='lat' dir='ltr'><strong>oportet</strong></span> <span class='ocrx_word' id='word_1_847' title='bbox 2902 5161 2956 5214; x_wconf 91' lang='lat' dir='ltr'><strong>in</strong></span> <span class='ocrx_word' id='word_1_848' title='bbox 2999 5178 3094 5218; x_wconf 89' lang='lat' dir='ltr'><strong>eos</strong></span> <span class='ocrx_word' id='word_1_849' title='bbox 3138 5182 3235 5236; x_wconf 91' lang='lat' dir='ltr'><strong>pro</strong></span> <span class='ocrx_word' id='word_1_850' title='bbox 3279 5174 3469 5240; x_wconf 84' lang='lat' dir='ltr'><strong>quibus</strong></span> 
     </span>
    </p>
   </div>
   <div class='ocr_carea' id='block_1_112' title="bbox 1875 5235 3464 5328">
    <p class='ocr_par' dir='ltr' id='par_1_112' title="bbox 1875 5235 3464 5328">
     <span class='ocr_line' id='line_1_112' title="bbox 1875 5235 3464 5328; baseline 0.018 -38"><span class='ocrx_word' id='word_1_851' title='bbox 1875 5235 2118 5291; x_wconf 86' lang='lat' dir='ltr'><strong>Christus</strong></span> <span class='ocrx_word' id='word_1_852' title='bbox 2148 5248 2390 5295; x_wconf 86' lang='lat' dir='ltr'><strong>mortuus</strong></span> <span class='ocrx_word' id='word_1_853' title='bbox 2414 5251 2524 5305; x_wconf 86' lang='lat' dir='ltr'><strong>est,</strong></span> <span class='ocrx_word' id='word_1_854' title='bbox 2548 5244 2735 5299; x_wconf 89' lang='lat' dir='ltr'><strong>volens</strong></span> <span class='ocrx_word' id='word_1_855' title='bbox 2762 5263 2856 5302; x_wconf 92' lang='lat' dir='ltr'><strong>eos</strong></span> <span class='ocrx_word' id='word_1_856' title='bbox 2885 5253 3056 5320; x_wconf 89' lang='lat' dir='ltr'><strong>pretio</strong></span> <span class='ocrx_word' id='word_1_857' title='bbox 3083 5235 3356 5328; x_wconf 79' lang='lat' dir='ltr'><strong>sanguinis</strong></span> <span class='ocrx_word' id='word_1_858' title='bbox 3385 5267 3464 5320; x_wconf 82' lang='lat' dir='ltr'><strong>sai</strong></span> 
     </span>
    </p>
   </div>
   <div class='ocr_carea' id='block_1_113' title="bbox 1874 5326 3464 5422">
    <p class='ocr_par' dir='ltr' id='par_1_113' title="bbox 1874 5326 3464 5422">
     <span class='ocr_line' id='line_1_113' title="bbox 1874 5326 3464 5422; baseline 0.019 -44"><span class='ocrx_word' id='word_1_859' title='bbox 1874 5326 1942 5382; x_wconf 91' lang='lat' dir='ltr'><strong>ab</strong></span> <span class='ocrx_word' id='word_1_860' title='bbox 1964 5341 2204 5382; x_wconf 89' lang='lat' dir='ltr'><strong>errorum</strong></span> <span class='ocrx_word' id='word_1_861' title='bbox 2223 5331 2556 5387; x_wconf 68' lang='lat' dir='ltr'><strong>saecularium</strong></span> <span class='ocrx_word' id='word_1_862' title='bbox 2579 5344 2749 5392; x_wconf 89' lang='lat' dir='ltr'><strong>morte</strong></span> <span class='ocrx_word' id='word_1_863' title='bbox 2770 5340 3066 5408; x_wconf 89' lang='lat' dir='ltr'><strong>redimere;</strong></span> <span class='ocrx_word' id='word_1_864' title='bbox 3093 5357 3148 5400; x_wconf 90' lang='lat' dir='ltr'><strong>ut</strong></span> <span class='ocrx_word' id='word_1_865' title='bbox 3169 5326 3269 5405; x_wconf 85' lang='lat' dir='ltr'><strong>hoc</strong></span> <span class='ocrx_word' id='word_1_866' title='bbox 3294 5353 3464 5422; x_wconf 73' lang='lat' dir='ltr'><strong>ipsum</strong></span> 
     </span>
    </p>
   </div>
   <div class='ocr_carea' id='block_1_114' title="bbox 1875 5418 3465 5513">
    <p class='ocr_par' dir='ltr' id='par_1_114' title="bbox 1875 5418 3465 5513">
     <span class='ocr_line' id='line_1_114' title="bbox 1875 5418 3465 5513; baseline 0.019 -44"><span class='ocrx_word' id='word_1_867' title='bbox 1875 5418 2014 5488; x_wconf 91' lang='lat' dir='ltr'><strong>quod</strong></span> <span class='ocrx_word' id='word_1_868' title='bbox 2044 5419 2198 5473; x_wconf 91' lang='lat' dir='ltr'><strong>nobis</strong></span> <span class='ocrx_word' id='word_1_869' title='bbox 2225 5422 2468 5477; x_wconf 90' lang='lat' dir='ltr'><strong>tristibus</strong></span> <span class='ocrx_word' id='word_1_870' title='bbox 2511 5426 2810 5494; x_wconf 91' lang='lat' dir='ltr'><strong>nuntiatur,</strong></span> <span class='ocrx_word' id='word_1_871' title='bbox 2846 5443 3040 5500; x_wconf 73' lang='lat' dir='ltr'><strong>prmsto</strong></span> <span class='ocrx_word' id='word_1_872' title='bbox 3079 5452 3200 5494; x_wconf 89' lang='lat' dir='ltr'><strong>csse</strong></span> <span class='ocrx_word' id='word_1_873' title='bbox 3233 5418 3465 5513; x_wconf 79' lang='lat' dir='ltr'><strong>aliquem</strong></span> 
     </span>
    </p>
   </div>
   <div class='ocr_carea' id='block_1_115' title="bbox 1872 5511 3466 5594">
    <p class='ocr_par' dir='ltr' id='par_1_115' title="bbox 1872 5511 3466 5594">
     <span class='ocr_line' id='line_1_115' title="bbox 1872 5511 3466 5594; baseline 0.019 -31"><span class='ocrx_word' id='word_1_874' title='bbox 1872 5511 1964 5581; x_wconf 91' lang='lat' dir='ltr'><strong>qui</strong></span> <span class='ocrx_word' id='word_1_875' title='bbox 1984 5511 2254 5568; x_wconf 84' lang='lat' dir='ltr'><strong>desideret</strong></span> <span class='ocrx_word' id='word_1_876' title='bbox 2281 5515 2396 5569; x_wconf 88' lang='lat' dir='ltr'><strong>fieri</strong></span> <span class='ocrx_word' id='word_1_877' title='bbox 2418 5517 2764 5587; x_wconf 78' lang='lat' dir='ltr'><strong>Christianus,</strong></span> <span class='ocrx_word' id='word_1_878' title='bbox 2788 5523 2853 5578; x_wconf 86' lang='lat' dir='ltr'><strong>ad</strong></span> <span class='ocrx_word' id='word_1_879' title='bbox 2875 5530 3294 5590; x_wconf 88' lang='lat' dir='ltr'><strong>consolationem</strong></span> <span class='ocrx_word' id='word_1_880' title='bbox 3325 5511 3466 5594; x_wconf 82' lang='lat' dir='ltr'><strong>illius</strong></span> 
     </span>
    </p>
   </div>
   <div class='ocr_carea' id='block_1_116' title="bbox 1873 5602 3466 5687">
    <p class='ocr_par' dir='ltr' id='par_1_116' title="bbox 1873 5602 3466 5687">
     <span class='ocr_line' id='line_1_116' title="bbox 1873 5602 3466 5687; baseline 0.019 -33"><span class='ocrx_word' id='word_1_881' title='bbox 1873 5602 2370 5674; x_wconf 89' lang='lat' dir='ltr'><strong>resolutionemque</strong></span> <span class='ocrx_word' id='word_1_882' title='bbox 2408 5609 2638 5665; x_wconf 70' lang='lat' dir='ltr'><strong>tristitia:</strong></span> <span class='ocrx_word' id='word_1_883' title='bbox 2664 5614 2840 5670; x_wconf 89' lang='lat' dir='ltr'><strong>valere</strong></span> <span class='ocrx_word' id='word_1_884' title='bbox 2867 5616 3092 5687; x_wconf 86' lang='lat' dir='ltr'><strong>debeat,</strong></span> <span class='ocrx_word' id='word_1_885' title='bbox 3125 5623 3261 5678; x_wconf 90' lang='lat' dir='ltr'><strong>sicut</strong></span> <span class='ocrx_word' id='word_1_886' title='bbox 3289 5629 3466 5684; x_wconf 90' lang='lat' dir='ltr'><strong>solent</strong></span> 
     </span>
    </p>
   </div>
   <div class='ocr_carea' id='block_1_117' title="bbox 1871 5691 3458 5773">
    <p class='ocr_par' dir='ltr' id='par_1_117' title="bbox 1871 5691 3458 5773">
     <span class='ocr_line' id='line_1_117' title="bbox 1871 5691 3458 5773; baseline 0.017 -27"><span class='ocrx_word' id='word_1_887' title='bbox 1871 5691 2141 5748; x_wconf 86' lang='lat' dir='ltr'><strong>lucrorum</strong></span> <span class='ocrx_word' id='word_1_888' title='bbox 2195 5697 2386 5765; x_wconf 85' lang='lat' dir='ltr'><strong>gaudia</strong></span> <span class='ocrx_word' id='word_1_889' title='bbox 2441 5701 2681 5758; x_wconf 85' lang='lat' dir='ltr'><strong>dolorem</strong></span> <span class='ocrx_word' id='word_1_890' title='bbox 2736 5705 2904 5763; x_wconf 89' lang='lat' dir='ltr'><strong>lenire</strong></span> <span class='ocrx_word' id='word_1_891' title='bbox 2951 5709 3290 5769; x_wconf 89' lang='lat' dir='ltr'><strong>damnorum.</strong></span> <span class='ocrx_word' id='word_1_892' title='bbox 3344 5717 3458 5773; x_wconf 83' lang='lat' dir='ltr'><strong>Non</strong></span> 
     </span>
    </p>
   </div>
   <div class='ocr_carea' id='block_1_118' title="bbox 1871 5785 3458 5877">
    <p class='ocr_par' dir='ltr' id='par_1_118' title="bbox 1871 5785 3458 5877">
     <span class='ocr_line' id='line_1_118' title="bbox 1871 5785 3458 5877; baseline 0.018 -41"><span class='ocrx_word' id='word_1_893' title='bbox 1871 5785 2010 5837; x_wconf 90' lang='lat' dir='ltr'><strong>cnim</strong></span> <span class='ocrx_word' id='word_1_894' title='bbox 2054 5786 2361 5842; x_wconf 90' lang='lat' dir='ltr'><strong>scandalum</strong></span> <span class='ocrx_word' id='word_1_895' title='bbox 2407 5805 2505 5845; x_wconf 89' lang='lat' dir='ltr'><strong>nos</strong></span> <span class='ocrx_word' id='word_1_896' title='bbox 2531 5794 2811 5852; x_wconf 90' lang='lat' dir='ltr'><strong>contristat</strong></span> <span class='ocrx_word' id='word_1_897' title='bbox 2853 5798 3110 5871; x_wconf 80' lang='lat' dir='ltr'><strong>alicujus,</strong></span> <span class='ocrx_word' id='word_1_898' title='bbox 3157 5805 3257 5860; x_wconf 90' lang='lat' dir='ltr'><strong>nisi</strong></span> <span class='ocrx_word' id='word_1_899' title='bbox 3297 5821 3458 5877; x_wconf 73' lang='lat' dir='ltr'><strong>quem</strong></span> 
     </span>
    </p>
   </div>
   <div class='ocr_carea' id='block_1_119' title="bbox 1934 5885 2624 5950">
    <p class='ocr_par' dir='ltr' id='par_1_119' title="bbox 1934 5885 2624 5950">
     <span class='ocr_line' id='line_1_119' title="bbox 1934 5885 2624 5950; baseline 0.02 -19"><span class='ocrx_word' id='word_1_900' title='bbox 1934 5885 2006 5948; x_wconf 72' lang='grc' dir='ltr'><strong>(ἰ)</strong></span> <span class='ocrx_word' id='word_1_901' title='bbox 2025 5888 2428 5950; x_wconf 64' lang='lat' dir='ltr'><strong>Subaudinndtun,</strong></span> <span class='ocrx_word' id='word_1_902' title='bbox 2447 5895 2624 5945; x_wconf 71' lang='lat' dir='ltr'><strong>ordini.</strong></span> 
     </span>
    </p>
   </div>
  </div>
