4024 6534
539 534 648 596 327

540 650 716 723 perire
756 652 844 700 aut
876 655 969 711 per
1009 650 1164 707 quem
1207 632 1383 703 perire
1426 627 1695 683 iufirmmn
1736 624 1815 678 vel
1855 619 2120 675 credimus

536 708 617 795 vel
650 708 907 791 videmus.
939 731 1033 785 llle
1073 728 1232 797 igitur
1260 723 1347 793 qui
1386 718 1673 774 initiandus
1702 713 1951 776 advenit,
1997 708 2121 762 dmn

540 839 784 897 speratur
817 839 973 895 posse
1002 818 1289 890 prolicere,
1319 813 1561 867 dolorem
1586 808 1880 863 deficientis
1922 804 2129 856 abster-

541 895 643 987 gat.
675 918 808 983 Quia
837 925 887 967 et
914 914 956 967 si
982 912 1140 965 timor
1164 908 1252 962 ille
1276 904 1595 974 suggeritur,
1629 916 1694 953 ne
1722 899 1811 952 fiat
1833 895 2131 965 proselytus

542 985 682 1063 libus
726 1006 985 1076 gcltcnttm
1026 999 1241 1070 (Matth.
1279 1011 1441 1059 χχιιι,
1475 990 1597 1062 15),
1642 990 1765 1043 dum
1816 986 1965 1040 multi
2004 985 2132 1035 tales

544 1107 827 1154 versantur
858 1104 981 1148 ante
1008 1093 1229 1156 oculos“,
1271 1104 1335 1142 ex
1367 1086 1558 1156 quibus
1583 1082 1825 1136 oriuntur
1854 1093 1915 1132 ea
1944 1076 2134 1146 quibus

545 1193 751 1245 urimur
788 1186 1037 1241 scandala
1060 1224 1075 1247 ,
1109 1198 1214 1237 non
1251 1180 1317 1233 ad
1349 1176 1698 1232 retardandos
1730 1187 1825 1226 nos
1867 1170 2135 1240 pertinuere

547 1282 738 1345 debet,
782 1278 875 1333 sed
909 1276 1075 1344 magis
1104 1273 1167 1327 ad
1196 1269 1507 1326 excitandos
1535 1276 1588 1321 et
1614 1263 1921 1319 acuendos:
1952 1270 2139 1330 quate-

549 1388 652 1428 nus
687 1386 843 1441 quem
873 1368 1159 1423 imbuimus
1185 1376 1496 1418 moneamus
1516 1401 1531 1427 ,
1575 1368 1633 1413 ut
1670 1367 1855 1413 caveat
1883 1354 2139 1410 imitatio-

553 1481 674 1519 nem
711 1476 895 1517 eorum
936 1459 1025 1529 qui
1057 1472 1161 1511 non
1208 1456 1319 1526 ipsa
1346 1453 1601 1517 veritate,
1643 1449 1739 1504 sed
1769 1449 1883 1503 solo
1924 1447 2140 1501 nomine

553 1552 829 1610 christiani
878 1558 1031 1616 sunt;
1084 1562 1183 1601 nec
1232 1559 1416 1600 eorum
1465 1542 1618 1597 turba
1665 1548 1995 1603 commotus,
2051 1543 2142 1589 aut

556 1644 753 1700 sectari
784 1642 911 1696 velit
937 1655 1030 1693 eos
1050 1680 1064 1704 ,
1097 1646 1187 1691 aut
1223 1635 1497 1690 Christum
1531 1634 1659 1688 nolit
1691 1631 1881 1687 sectari
1926 1634 2143 1699 propter

559 1752 689 1803 eos;
734 1744 789 1790 et
822 1742 913 1787 aut
942 1732 1076 1785 nolit
1104 1744 1223 1785 esse
1251 1730 1303 1783 in
1349 1727 1585 1781 Ecclesia
1618 1724 1709 1779 Dei
1739 1723 1827 1778 ubi
1869 1723 1942 1776 illi
1984 1728 2142 1786 sunt,

562 1839 657 1885 aut
687 1829 806 1883 talis
832 1827 901 1881 ibi
928 1825 1055 1879 velit
1074 1838 1195 1877 esse
1220 1820 1404 1891 quales
1435 1819 1507 1872 illi
1534 1827 1676 1872 sunt.
1707 1817 1775 1871 Et
1804 1814 1984 1870 nescio
2009 1827 2145 1883 quo-

562 1922 723 1978 modo
763 1921 817 1974 in
874 1915 1178 1987 hujusmodi
1220 1914 1433 1968 monitis
1460 1913 1476 1943 ί
1504 1910 1777 1966 ardentior
1815 1923 1994 1963 sermo
2027 1913 2144 1971 est,

565 2014 652 2067 cui
688 2011 925 2065 fomitem
958 2006 1328 2062 subministrat
1358 2016 1595 2072 praiscns
1624 2000 1814 2055 dolor:
1846 2007 1903 2052 ut
1928 2012 2033 2051 non
2062 2010 2151 2050 so-

565 2105 677 2161 lum
707 2102 965 2173 pigriores
994 2102 1098 2153 non
1122 2100 1313 2163 simus,
1343 2095 1434 2150 sed
1467 2109 1532 2148 co
1560 2094 1674 2163 ipso
1695 2093 1935 2147 dicamus
1960 2104 2154 2143 accen-

570 2199 681 2254 sius
708 2204 868 2265 atque
894 2190 1266 2247 vehementius
1286 2230 1300 2254 ,
1330 2187 1471 2258 quod
1498 2186 1797 2241 securiores
1836 2182 2076 2254 frigidius
2102 2188 2156 2235 et

578 2286 776 2341 lentius
814 2284 1147 2345 diceremus;
1179 2279 1609 2350 gaudeamusque
1644 2276 1797 2330 nobis
1820 2274 2154 2329 occasionem

570 2378 720 2443 dari,
753 2375 842 2430 ubi
881 2381 1060 2430 motus
1082 2370 1243 2425 auimi
1275 2369 1442 2424 nostri
1472 2368 1589 2423 sine
1617 2365 2020 2420 fructificationc
2051 2376 2157 2415 non

570 2476 829 2525 transeat.

641 2559 734 2614 ες.
766 2558 821 2613 Si
851 2565 1030 2612 autem
1074 2554 1141 2610 de
1170 2554 1347 2622 aliquo
1384 2558 1564 2606 errato
1604 2556 1787 2603 nostro
1814 2548 1894 2602 vel
1940 2554 2161 2615 peccato

576 2665 677 2707 nos
718 2648 1030 2705 mmstitudo
1058 2643 1497 2715 comprehendit,
1535 2659 1642 2696 non
1674 2651 1873 2695 tantum
1904 2640 2164 2692 memine-

576 2743 746 2797 rimus
775 2738 1096 2794 sacrificium
1135 2737 1246 2790 Deo
1290 2734 1535 2803 spiritum
1582 2748 1703 2787 esse
1744 2731 2163 2785 contribulatum

579 2834 750 2903 (Petti.
774 2849 823 2896 ι,
856 2832 965 2901 19),
1002 2830 1097 2884 sed
1126 2829 1285 2882 etiam
1315 2826 1465 2892 illud,
1497 2825 1627 2890 Quia
1656 2825 1786 2876 sicut
1810 2839 1943 2892 aqua
1971 2822 2161 2891 ignem,

580 2927 652 2980 sic
680 2926 995 2993 eleemosyna
1021 2919 1290 2989 exstinguit
1318 2925 1576 2987 peccatum
1609 2913 1794 2985 (Eccli.
1829 2928 1906 2978 ιιι,
1938 2914 2059 2981 55);
2091 2920 2166 2977 et,

586 3016 721 3081 Quia
746 3011 1183 3075 misericordiam,
1217 3004 1423 3076 inquit,
1466 3006 1579 3059 volo
1621 3020 1773 3074 quam
1813 3004 2118 3071 sacri/icium
2148 3003 2169 3032 ²

586 3106 744 3177 (Osee
762 3120 837 3168 vr,
866 3102 943 3175 6).
972 3102 1119 3158 Sicut
1139 3116 1267 3171 ergo
1288 3100 1331 3155 si
1358 3099 1784 3168 periclitaremur
1807 3096 2076 3163 incendio,
2104 3096 2170 3151 ad

590 3210 781 3265 aquam
808 3194 989 3263 utique
1017 3203 1355 3247 curreremus
1378 3231 1392 3255 ,
1442 3204 1549 3259 quo
1579 3196 1759 3257 posset
1788 3187 2050 3257 exStiugui
2074 3230 2087 3253 ,
2121 3195 2175 3241 et

590 3285 982 3357 gratularemur
1007 3283 1051 3336 si
1078 3282 1198 3351 quis
1236 3295 1353 3335 eam
1380 3279 1449 3334 de
1479 3278 1720 3347 proximo
1750 3278 1999 3343 offerret;
2032 3278 2103 3331 ita
2131 3279 2175 3331 si

592 3377 662 3433 de
703 3384 887 3431 nostro
930 3374 1054 3429 feuo
1082 3373 1257 3443 aliqua
1304 3371 1506 3442 peccati
1556 3370 1767 3425 flamma
1804 3370 2095 3436 surrexit“,
2124 3380 2180 3426 et

596 3474 876 3537 propterea
903 3464 1301 3527 conturbamur,
1334 3462 1456 3516 data
1483 3462 1766 3515 occasione
1792 3462 2177 3515 misericordis-

596 3559 717 3613 simi
748 3557 945 3627 Operis,
978 3566 1223 3625 tanquam
1256 3554 1322 3608 de
1348 3553 1526 3607 oblato
1557 3552 1700 3607 fonte
1728 3553 2054 3624 gaudeamus
2076 3594 2091 3619 ,
2124 3564 2179 3607 ut

597 3648 723 3703 inde
749 3647 874 3701 illud
903 3645 1045 3717 quod
1086 3654 1359 3699 exarserat
1388 3644 1740 3713 Opprimatur.
1768 3643 1879 3697 Nisi
1909 3643 2045 3699 forte
2075 3654 2179 3698 tam

596 3740 747 3795 stulti
786 3753 997 3804 sumus,
1044 3745 1101 3790 ut
1126 3736 1354 3790 alacrius
1384 3736 1707 3789 arbitremur
1744 3750 1864 3789 cum
1896 3751 2030 3804 pane
2056 3753 2182 3789 cur-

608 3829 866 3895 rendum,
906 3842 1012 3898 quo
1035 3828 1274 3882 ventrem
1298 3825 1583 3881 esurientis
1624 3826 1973 3895 impleamus,
2024 3841 2182 3895 quam

600 3939 720 3978 cum
749 3924 910 3977 verbo
947 3920 1072 3986 Dei,
1098 3935 1203 3987 quo
1246 3927 1477 3973 mentem
1508 3918 1645 3973 istud
1674 3918 1880 3973 edentis
1909 3918 1932 3949 ⁸
1953 3920 2187 3973 instrua-

602 4029 739 4070 mus.
802 4014 917 4068 lluc
954 4010 1203 4077 accedit,
1246 4009 1366 4080 quia
1407 4010 1452 4063 si
1498 4009 1863 4064 tantummodo
1909 4009 2187 4078 prodesset

605 4107 708 4161 hoc
738 4105 933 4168 facere,
957 4117 1059 4156 nou
1082 4102 1257 4156 facere
1272 4110 1447 4155 autem
1475 4101 1603 4154 nihil
1627 4100 1875 4167 obesset;
1909 4101 2188 4155 infeliciter

606 4198 660 4252 in
704 4196 939 4266 periculo
966 4194 1171 4257 salutis,
1219 4208 1325 4246 non
1360 4191 1468 4261 jam
1510 4191 1770 4261 proximi,
1816 4190 1911 4246 sed
1952 4201 2185 4257 nostrae,

606 4291 844 4343 oblatum
890 4286 1182 4341 remedium
1215 4300 1610 4354 sperne-remus.
1655 4283 1789 4338 Cum
1827 4300 1954 4338 vero
1995 4299 2061 4339 ex
2097 4300 2192 4340 ore

608 4381 816 4436 Domini
847 4388 953 4433 mm
982 4379 1257 4433 minaciter
1303 4385 1491 4441 sonet,
1538 4377 1691 4431 Serve
1717 4394 1928 4447 nequam
1956 4388 2001 4430 et
2029 4380 2189 4449 piger,

609 4474 756 4527 dare:
790 4471 1052 4541 pecuniam
1084 4484 1245 4523 meam
1282 4468 1634 4521 nummulariis
1671 4466 1883 4541 (Matth.
1924 4485 2055 4532 xxv,
2100 4470 2190 4534 26,

608 4564 732 4633 27);
765 4578 882 4633 qum
913 4560 1127 4615 tandem
1169 4559 1436 4614 dementia
1477 4566 1596 4624 est,
1628 4558 1878 4628 quoniam
1918 4570 2193 4629 peceatum

612 4665 855 4711 nostrum
898 4668 996 4709 nos
1025 4653 1202 4724 angit,
1246 4651 1367 4705 ideo
1393 4665 1583 4705 rursus
1610 4650 1752 4705 velle
1787 4666 2041 4722 peccare,
2090 4668 2194 4706 non

610 4746 789 4801 dando
834 4744 1111 4814 pecuniam
1142 4742 1464 4797 dominicam
1496 4741 1696 4795 volenti
1742 4752 1797 4796 et
1836 4742 2069 4811 petenti?
2104 4742 2198 4796 His

610 4849 771 4909 atque
798 4835 1101 4907 hujnsmodi
1144 4834 1551 4905 cogitationibus
1593 4843 1647 4890 ct
1679 4834 2198 4890 considerationibus

610 4930 831 5001 depulsa
857 4928 1084 4999 caligine
1112 4926 1410 4991 tzediorum,
1440 4927 1505 4981 ad
1527 4927 1963 4982 catechizandum
1988 4935 2199 4996 aptatur

614 5020 859 5088 intentio,
906 5029 963 5074 ut
997 5020 1231 5074 suaviter
1259 5018 1563 5085 imbibatur,
1597 5018 1737 5089 quod
1782 5019 2005 5088 impigre
2041 5027 2199 5086 atque

621 5114 864 5169 hilariter
889 5113 955 5169 de
983 5113 1259 5168 charitatis
1284 5111 1527 5167 ubertate
1555 5114 1869 5183 prorumpit.
1905 5112 2030 5165 llrce
2057 5112 2199 5167 enim

620 5221 724 5259 non
748 5215 854 5259 tam
881 5221 979 5277 ego
1006 5206 1127 5268 tibi,
1156 5220 1315 5276 quam
1339 5206 1585 5259 omnibus
1612 5205 1765 5260 nobis
1792 5204 1955 5259 dicit“
1987 5203 2097 5273 ipsa
2123 5204 2201 5257 di-

622 5293 807 5360 lectio,
863 5312 979 5365 qua:
1019 5296 1207 5351 diffusa
1233 5306 1316 5351 cst
1344 5296 1395 5350 in
1440 5296 1693 5351 cordibus
1723 5295 1919 5350 nostris
1948 5311 2041 5365 per
2082 5296 2201 5365 Spi-

685 5475 699 5545 ξ
735 5473 884 5545 mliti,
909 5480 1036 5545 "tota
1057 5488 1242 5545 :_quam
1260 5490 1428 5525 vocem
1447 5484 1748 5545 prteterennt
1768 5485 1897 5539 Mss;
1924 5477 2090 5539 plures
2114 5480 2206 5545 alii

620 5542 784 5605 autem
816 5536 1055 5605 .ejusgloco
1086 5536 1301 5605 habent,
1331 5536 1551 5605 monitis.
1578 5540 1719 5605 Paulo
1752 5536 1892 5605 post,
1925 5536 1994 5589 ἐκ
2018 5542 2203 5605 verbo,

622 5596 979 5671 subministrat,
1004 5599 1110 5671 sive
1150 5601 1221 5648 uti
1251 5600 1395 5671 scribi
1436 5600 1561 5671 solet
1604 5603 1650 5649 in
1696 5596 1917 5671 antiquis
1940 5596 2203 5671 codicibus,

619 5660 978 5717 sumministrat,
1004 5660 1177 5709 factum
1199 5668 1306 5709 erat.
1330 5661 1377 5706 in
1404 5661 1545 5709 editis
1565 5696 1578 5716 .
1598 5675 1737 5711 suum
1758 5660 2017 5713 ministrat.

684 5722 703 5751 ³
738 5722 879 5778 aditi,
898 5720 999 5772 volo
1018 5722 1171 5785 magis
1193 5732 1344 5784 quant
1364 5721 1674 5785 sacriﬁcium.
1701 5733 1757 5773 Al.
1778 5732 1907 5785 Mss,
1928 5731 2208 5775 constanter

538 5814 549 5821 ς
624 5789 936 5848 przptercunt,
962 5784 1130 5848 magis.

687 5845 708 5907 ξ
739 5846 868 5906 Apud
886 5852 957 5896 Er.
982 5845 1125 5907 Lugd.
1155 5853 1273 5894 ven.
1294 5845 1729 5897 tev..snrre.rerit.
1797 5854 1854 5897 It.

684 5904 706 5937 ⁸
738 5904 811 5956 sic
842 5915 946 5957 Mss.
971 5904 1089 5957 Edi‘ti
1111 5921 1249 5966 vero,
1274 5909 1483 5955 mentem
1505 5906 1751 5961 studentis.

684 5968 706 6001 ⁵
739 5968 856 6019 aliti
879 5971 1111 6035 l'eresoli,
1129 5969 1299 6021 dictat.

1403 515 1493 570 DE
1531 506 2079 570 CATECIIIZAN‘DIS
2120 498 2435 567 RUDIBUS,
2478 503 2535 557 S.
2575 498 2945 559 AUGUSTINI

3716 499 3812 557 328

2236 615 2393 669 ritum
2423 626 2662 668 sanctum
2692 616 2778 684 qui
2811 616 2965 668 datus
2991 624 3071 668 est
3099 613 3250 666 nobis
3278 612 3456 681 (Rom.
3484 628 3536 678 v,
3568 611 3645 683 5).

2305 706 2385 761 CA
2399 707 2528 761 PUT
2554 707 2666 760 XV.
2692 708 2865 761 —9.5.
2900 707 3003 760 l’ro
3032 723 3358 774 personarum
3388 705 3677 761 diversitate
3698 716 3809 760 lem-

2237 800 2459 868 peranda
2489 800 2668 851 oratio.
2696 799 2799 855 Sed
2834 814 2972 852 nunc
3002 799 3159 852 etiam
3189 796 3317 850 illud
3348 798 3487 866 quod
3519 800 3813 867 priusquam

2238 892 2601 960 promitterem
2635 905 2737 943 non
2769 890 3050 957 debebam,
3071 891 3180 957 jam
3221 890 3449 945 fortasse
3471 892 3711 943 debitum
3736 892 3813 943 ﬂu-

2238 982 2393 1050 gitas,
2427 989 2485 1035 ut
2506 981 2717 1050 aliquod
2742 983 3001 1035 sermonis
3023 982 3347 1051 exemplum,
3380 991 3633 1049 tanquam
3661 983 3703 1033 si
3732 998 3817 1049 ego

2240 1073 2471 1142 aliquem
2504 1073 2851 1137 catechizem,
2886 1087 2991 1125 non
3024 1088 3107 1125 me
3140 1074 3311 1141 pigeat
3342 1074 3634 1140 explicare.
3664 1081 3716 1126 et
3745 1074 3815 1123 in-

2242 1164 2495 1219 tuendum
2519 1165 2610 1218 tibi
2634 1179 2949 1234 proponere.
2976 1163 3125 1229 Quod
3156 1164 3457 1232 priusquam
3481 1162 3693 1226 faciam,
3717 1165 3820 1215 volo

2244 1260 2445 1326 cogites
2474 1257 2633 1310 aliam
2670 1271 2787 1310 esse
2815 1255 3163 1309 intentionem
3198 1254 3479 1319 dictantis,
3512 1270 3634 1309 cum
3668 1256 3823 1310 lector

2248 1346 2455 1403 futurus
2484 1347 2772 1417 cogitatur;
2812 1355 2865 1399 et
2907 1346 3062 1399 aliam
3095 1344 3395 1414 loquentis,
3432 1361 3551 1399 cuin
3597 1361 3823 1414 pra-scus

2247 1444 2458 1498 auditor
2477 1438 2771 1495 attenditur
2796 1456 2809 1492 :
2837 1445 2891 1491 et
2911 1438 2961 1490 in
2986 1452 3049 1491 c0
3076 1437 3190 1504 ipso
3213 1436 3369 1488 aliam
3402 1437 3454 1490 in
3483 1447 3697 1490 secreto
3724 1452 3826 1490 mo-

2250 1532 2448 1598 neutis,
2477 1530 2603 1585 dum
2632 1528 2805 1583 nullus
2834 1526 2972 1583 alius
3013 1526 3102 1596 qui
3129 1526 3196 1579 de
3223 1527 3377 1580 nobis
3400 1526 3604 1595 judicet
3642 1535 3826 1595 pra-sto

2250 1635 2362 1690 est;
2396 1624 2553 1678 aliam
2602 1623 2772 1692 palam
2815 1619 3055 1676 docentis
3097 1618 3323 1689 aliquid,
3356 1636 3475 1673 cum
3505 1620 3828 1673 dissimiliter

2250 1717 2580 1787 opinantium
2632 1714 2940 1767 circumstat
2988 1710 3199 1764 auditus
3238 1728 3249 1761 :
3297 1718 3353 1765 et
3400 1711 3449 1763 in
3503 1710 3605 1764 hoc
3641 1726 3827 1780 genere

2252 1810 2441 1871 aliam,
2470 1822 2590 1861 cum
2618 1805 2841 1860 docetur
2868 1818 3024 1868 unus,
3064 1802 3243 1856 caeteri
3272 1812 3444 1855 autem
3474 1809 3603 1869 tanq
3644 1818 3726 1851 am
3753 1800 3830 1868 ju-

2254 1902 2492 1955 dicantcs
2534 1905 2624 1951 aut
2649 1904 2960 1950 attestantcs
2986 1909 3103 1963 qua:
3132 1893 3231 1946 sibi
3274 1902 3393 1945 uota
3422 1898 3548 1944 sunt
3589 1891 3829 1953 audiunt;

2257 1995 2413 2048 aliam
2441 2006 2562 2045 cum
2596 2004 2782 2043 omnes
2812 1985 3167 2041 communiter
3201 1985 3325 2054 quid
3368 1983 3435 2037 ad
3476 1999 3569 2038 eos
3610 1984 3835 2052 profera-

2259 2101 2377 2140 mus
2420 2090 2769 2152 exspectant:
2803 2087 2857 2134 et
2897 2093 3081 2133 rursus
3110 2078 3162 2131 in
3206 2078 3305 2131 hoc
3333 2077 3449 2145 ipso
3491 2077 3653 2129 aliam
3679 2118 3695 2142 ,
3727 2092 3836 2129 cum

2259 2176 2409 2249 quasi
2442 2174 2685 2246 privatim
2714 2171 3062 2235 consedetur,
3094 2180 3151 2225 ut
3181 2170 3557 2224 sermocinatio
3592 2184 3836 2224 c0uscra-

2264 2278 2377 2333 tur;
2410 2268 2567 2321 aliam
2588 2308 2601 2330 ,
2634 2280 2753 2319 cum
2782 2262 3006 2332 populus
3038 2270 3216 2314 tacens
3246 2276 3408 2314 unum
3447 2260 3514 2315 de
3543 2261 3663 2314 loco
3696 2276 3839 2329 supe-

2264 2360 2405 2414 riore
2447 2358 2713 2413 dicturum
2756 2369 3045 2423 suspensus
3085 2354 3356 2407 intuetur:
3391 2352 3727 2422 multumque
3772 2355 3840 2406 iu-

2266 2462 2464 2519 terest,
2496 2460 2551 2506 et
2584 2466 2708 2504 cum
2753 2449 2824 2502 ita
2874 2447 3132 2513 dicimus,
3166 2455 3342 2499 utrum
3386 2445 3538 2514 pauci
3580 2446 3758 2499 adsint
3785 2462 3842 2500 an

2268 2544 2454 2607 multi;
2487 2542 2630 2595 docti
2657 2556 2722 2593 an
2755 2539 2976 2604 indocti,
3007 2553 3073 2591 an
3101 2553 3165 2591 ex
3187 2548 3411 2606 utroque
3438 2553 3640 2607 genere
3668 2538 3843 2601 mixti;

2270 2634 2457 2690 urbani
2483 2648 2550 2688 an
2582 2631 2799 2697 rustici,
2841 2646 2909 2684 an
2944 2629 2995 2683 bi
3023 2638 3077 2683 et
3105 2629 3177 2684 illi
3207 2629 3396 2694 simul;
3441 2646 3507 2681 an
3538 2631 3767 2699 populus
3791 2646 3847 2683 ex

2270 2729 2415 2786 omni
2444 2727 2716 2782 hominum
2737 2739 2935 2795 genere
2959 2732 3283 2793 temperatus
3303 2724 3390 2776 sit.
3417 2722 3557 2777 Fieri
3582 2726 3727 2777 enim
3754 2740 3846 2778 non

2273 2831 2469 2894 potest.
2504 2820 2604 2876 uisi
2632 2820 2788 2872 aliter
2823 2827 2981 2887 atque
3014 2817 3168 2871 aliter
3191 2815 3423 2870 afficiant
3449 2816 3754 2872 locuturum
3782 2828 3850 2872 at-

2274 2930 2378 2985 que
2404 2914 2703 2975 dicturum,
2736 2918 2789 2965 et
2818 2918 2875 2963 ut
2903 2924 3081 2963 sermo
3110 2908 3199 2977 qni
3244 2908 3533 2977 profertur,
3562 2906 3852 2964 affectionis

2275 3004 2439 3059 animi
2466 3019 2494 3057 a
2523 3018 2628 3073 qtto
2656 2999 2943 3071 profertur,
2971 2998 3253 3068 quemdam
3280 2998 3431 3068 quasi
3457 2999 3662 3054 vultum
3689 3010 3853 3071 gerat,

2277 3106 2334 3155 et
2374 3110 2471 3167 pro
2501 3082 2687 3149 eadem
2724 3090 3035 3151 diversitate
3082 3089 3292 3145 diverse
3330 3089 3528 3144 alliciat
3556 3092 3854 3157 auditores,

2277 3204 2399 3245 cum
2443 3195 2499 3243 et
2544 3185 2641 3255 ipsi
2684 3198 2742 3238 se
2791 3183 2935 3251 ipsos
2964 3181 3177 3235 diverse
3202 3180 3437 3235 afficiant
3468 3181 3700 3237 invicem
3731 3199 3853 3252 pra!-

2281 3276 2451 3335 sentia
2480 3291 2596 3332 sua.
2627 3274 2731 3329 Sed
2759 3274 2880 3342 quia
2908 3271 2978 3326 de
3006 3270 3225 3325 rudibus
3253 3270 3556 3326 imbuendis
3588 3288 3731 3327 nunc
3756 3274 3829 3342 agi

2282 3387 2432 3435 mus,
2462 3369 2530 3424 de
2575 3382 2661 3422 me
2690 3367 2804 3435 ipso
2836 3364 2927 3417 tibi
2970 3362 3121 3417 testis
3164 3378 3313 3428 sum,
3344 3364 3500 3416 aliter
3529 3372 3690 3433 atque
3717 3365 3845 3419 alite

2284 3480 2371 3519 me
2398 3460 2623 3525 moveri,
2649 3473 2768 3512 cum
2796 3464 2921 3510 ante
2948 3472 3033 3509 me
3057 3454 3491 3509 catcchizandum
3516 3457 3672 3512 video
3695 3456 3862 3513 crudi-

2286 3568 2429 3623 tum,
2459 3555 2716 3615 inertem,
2745 3550 2914 3605 civem
2937 3591 2951 3617 ,
2982 3550 3316 3618 peregrinum
3339 3591 3353 3613 ,
3384 3549 3605 3604 divitem
3626 3592 3639 3613 ,
3674 3566 3865 3621 paupe-

2286 3664 2425 3714 rem,
2451 3646 2738 3717 privatum,
2763 3643 3102 3705 honoratum,
3130 3643 3180 3694 in
3206 3650 3465 3710 potestate
3481 3643 3657 3711 aliqua
3679 3644 3843 3697 conati

2291 3749 2495 3802 tutum,
2542 3735 2682 3789 illius
2720 3742 2811 3787 aut
2855 3732 2995 3787 illius
3035 3732 3210 3800 gentis
3241 3731 3541 3798 hominem,
3598 3733 3745 3787 illius
3787 3743 3869 3787 aut

2291 3834 2433 3889 illius
2462 3830 2637 3886 anatis
2662 3837 2754 3882 aut
2779 3842 2938 3882 sexus
2959 3868 2974 3892 ,
3005 3842 3071 3880 ex
3104 3826 3189 3878 illa
3220 3834 3311 3880 aut
3354 3826 3439 3879 illa
3470 3835 3651 3893 secta,
3680 3843 3747 3882 ex
3787 3827 3870 3882 illo

2291 3936 2382 3981 aut
2409 3925 2499 3979 illo
2530 3922 2730 3992 vulgari
2769 3934 2953 3975 errore
2980 3919 3281 3973 venientem
3308 3936 3320 3972 :
3350 3934 3415 3974 ac
3441 3935 3538 3989 pro
3565 3920 3871 3977 diversitate

2294 4025 2469 4073 motus
2503 4012 2607 4067 mei
2646 4025 2825 4067 sermo
2869 4010 2981 4079 ipse
3024 4018 3075 4065 et
3110 4009 3377 4079 procedit,
3420 4018 3474 4064 et
3505 4014 3869 4081 progreditur,

2294 4116 2351 4164 et
2371 4106 2572 4160 linitur.
2596 4103 2662 4158 Et
2681 4102 2803 4172 quia
2830 4116 2949 4156 cum
2981 4100 3168 4155 eadem
3196 4100 3445 4156 omnibus
3469 4101 3735 4157 debeatur
3759 4102 3874 4159 cla-

2295 4198 2455 4262 ritas,
2486 4211 2592 4250 non
2623 4193 2811 4249 eadem
2842 4201 2927 4247 est
2952 4193 3201 4247 omnibus
3234 4191 3531 4247 adhibenda
3574 4195 3874 4250 medicina:

2297 4291 2407 4359 ipsa
2440 4289 2565 4343 item
2591 4287 2823 4342 charitas
2842 4285 2976 4340 alios
2997 4285 3241 4354 parturit,
3266 4300 3385 4338 eum
3408 4286 3525 4340 aliis
3551 4286 3877 4351 infirmatur;

2298 4383 2432 4436 alios
2460 4389 2612 4434 curat
2640 4377 2933 4442 aedificare,
2981 4376 3116 4431 alios
3162 4377 3527 4431 contremiscit
3573 4379 3878 4443 olleiidere;

2300 4471 2365 4528 ad
2393 4474 2526 4527 alios
2568 4488 2627 4527 se
2656 4471 2905 4536 inclinat,
2942 4468 3010 4523 ad
3040 4469 3172 4524 alios
3200 4484 3261 4524 se
3289 4470 3473 4539 erigit;
3506 4470 3624 4525 aliis
3655 4472 3846 4526 blanda
3867 4513 3880 4537 ,

2300 4566 2420 4620 aliis
2449 4578 2670 4629 severa,
2718 4561 2847 4616 nulli
2892 4560 3103 4615 inimica
3128 4602 3144 4625 ,
3190 4561 3439 4615 omnibus
3479 4569 3673 4616 mater.
3712 4564 3879 4632 thu‘

2303 4674 2413 4714 non
2455 4666 2709 4729 expertus
2738 4664 2820 4711 est
2853 4655 3041 4709 eadem
3084 4654 3346 4711 cbaritate
3386 4655 3526 4724 quod
3560 4655 3723 4719 dico,
3773 4674 3884 4711 cum

2304 4750 2447 4806 videt
2476 4764 2602 4813 nos,
2632 4748 2755 4819 quia
2796 4748 3019 4801 facultas
3042 4746 3218 4816 aliqua
3244 4747 3399 4801 nobis
3422 4747 3623 4801 donata
3663 4748 3805 4802 delet
3824 4761 3889 4801 tat

2306 4842 2641 4900 laudabiliter
2666 4843 3004 4897 innotescere
3031 4840 3083 4895 in
3115 4854 3209 4895 ore
3233 4840 3609 4906 multitudinis,
3642 4842 3771 4896 inde
3804 4857 3889 4893 nos

2307 4936 2491 4991 beatos
2537 4943 2721 5004 putat:
2757 4933 2898 4988 Deus
2921 4941 3130 4996 autem,
3166 4932 3217 4986 in
3247 4932 3398 5000 cujus
3422 4942 3777 5001 conspectum
3822 4933 3885 4985 ius

2310 5037 2414 5082 trat
2453 5030 2684 5097 gemitus
2728 5023 3149 5093 compeditorum
3192 5021 3366 5093 (Psal.
3400 5038 3634 5088 LXXVIII,
3675 5025 3796 5094 11),
3825 5024 3891 5075 vi-

2309 5116 2432 5172 deat
2461 5115 2807 5170 humilitatem
2836 5122 3072 5168 nostram
3102 5124 3155 5167 et
3185 5113 3419 5168 laborem
3444 5123 3710 5180 nostrum,
3742 5124 3799 5168 et
3827 5114 3904 5165 di-

2310 5209 2485 5263 mittat
2514 5206 2691 5261 onmia
2723 5217 2938 5276 peccata
2964 5215 3145 5260 nostra
3177 5205 3349 5277 (Psal.
3382 5222 3533 5274 utr,
3568 5208 3678 5279 18).
3710 5209 3907 5274 Quam-

2311 5299 2501 5354 obrem
2550 5299 2594 5352 si
2647 5296 2773 5368 quid
2820 5298 2911 5351 tibi
2963 5297 3015 5351 iu
3067 5296 3220 5352 nobis
3272 5298 3500 5366 placuit,
3554 5308 3613 5352 ut
3663 5300 3907 5369 aliquam

2312 5389 2740 5445 observationem
2770 5388 3036 5443 sermonis
3068 5388 3140 5441 tui
3168 5402 3196 5439 a
3225 5389 3376 5441 nobis
3397 5390 3581 5443 audire
3602 5404 3909 5458 qumreres,

2311 5481 2504 5536 melius
2534 5479 2763 5535 videndo
2805 5488 2859 5533 et
2902 5478 3168 5533 audiendo
3208 5494 3306 5533 nos
3348 5493 3468 5533 cum
3511 5481 3625 5535 haec
3651 5484 3911 5551 agimus.

2312 5590 2471 5645 quam
2497 5572 2719 5643 legendo
2754 5588 2874 5627 cum
2902 5573 3017 5626 lucc
3045 5572 3326 5635 dictamus.
3362 5574 3650 5629 edisceres.

2385 5688 2612 5743 CAPUT
2655 5687 2794 5743 XVI.
2816 5688 2993 5741 -24.
3030 5687 3274 5741 Formula
3322 5690 3564 5743 orationis
3594 5692 3917 5743 cateclrishr.

2319 5781 2601 5836 Exordium
2654 5780 2862 5833 ductum
2911 5796 2942 5832 a
2989 5780 3231 5833 laudabili
3276 5782 3537 5850 proposito
3567 5784 3930 5850 suscipiendi?

2319 5874 2608 5927 christiana:
2633 5872 2911 5941 religionis,
2940 5882 3147 5941 propter
3166 5871 3390 5940 futuram
3413 5874 3655 5941 requievit.
3690 5873 3933 5943 nequir:

2322 5968 2371 6019 in
2404 5965 2545 6019 rebus
2572 5965 2801 6033 inquietis
2830 5981 2927 6019 non
2951 5964 3239 6033 quwrenda.
3276 5962 3395 6019 Non
3425 5965 3475 6019 in
3498 5966 3709 6029 diritiis.
3745 5984 3833 6020 nec
3862 5966 3933 6021 in
