4072 6520
260 466 370 523 529

261 575 561 634 honoribus.
591 572 833 643 Requiem
874 580 1153 638 quatientes
1188 569 1242 623 in
1268 567 1640 623 oblectamentis
1688 566 1859 621 carnis

260 682 311 726 et
336 688 391 725 ut
416 666 739 735 spectaculis.
768 663 876 719 Sed
899 672 1075 718 tamen
1105 659 1363 716 faciamus
1383 659 1616 728 aliquem
1646 657 1863 713 venisse

258 763 330 818 ad
362 776 479 826 nos,
511 758 733 830 quivult
764 772 885 813 esse
913 755 1259 819 christianus,
1302 760 1357 807 et
1391 751 1461 805 de
1502 756 1703 821 genere
1744 748 1864 819 qni-

260 856 393 911 dem
425 853 739 916 idiotarum,
772 865 877 905 non
907 858 1085 903 tamen
1108 846 1524 907 rusticanorum,
1566 841 1661 897 sed
1703 839 1863 895 urba-

262 960 485 1010 norum,
514 944 701 1015 quales
743 940 884 1011 apud
914 938 1293 1009 Carthaginem
1335 936 1514 1005 plures
1551 932 1783 1003 experiri
1809 942 1859 988 te

261 1055 495 1096 necesse
521 1048 632 1093 est:
660 1037 1042 1105 interrogatum
1069 1033 1231 1086 etiam
1270 1038 1445 1084 utrum
1484 1034 1701 1098 propter
1737 1025 1861 1078 vita:

263 1130 551 1203 praesentis
580 1127 794 1198 aliquod
823 1123 1187 1188 commodum,
1241 1135 1306 1174 an
1356 1128 1575 1190 propter
1622 1116 1859 1187 requiem

261 1239 389 1293 qua:
413 1230 533 1293 post
562 1220 704 1275 hanc
729 1219 892 1273 vitam
935 1225 1203 1286 speratur,
1236 1211 1561 1268 christianos
1599 1224 1720 1264 esse
1762 1207 1861 1262 de-

262 1317 498 1379 siderat,
546 1320 766 1383 prepter
799 1311 1027 1364 futuram
1075 1306 1314 1375 requiem
1357 1300 1740 1371 respondisse:
1771 1298 1861 1352 tali

263 1409 498 1461 fortasse
535 1421 565 1460 a
609 1404 765 1459 nobis
793 1402 1149 1456 instrueretur
1186 1396 1440 1466 alloquio.
1480 1394 1593 1448 Deo
1634 1390 1855 1463 gratias,

260 1499 437 1555 frater
467 1516 481 1552 :
513 1496 667 1550 valde
697 1494 789 1548 tibi
817 1492 1074 1562 gratulor,
1104 1500 1157 1543 et
1176 1487 1382 1558 gaudeo
1414 1485 1482 1540 de
1513 1494 1582 1549 te,
1629 1480 1772 1553 quod
1806 1481 1858 1533 in

264 1590 434 1645 tantis
457 1604 519 1643 ac
547 1596 652 1641 tam
685 1583 1003 1655 periculosis
1026 1581 1186 1650 hujus
1224 1578 1406 1634 saeculi
1450 1574 1859 1645 tempestatibus

262 1682 337 1735 de
368 1680 541 1749 aliqua
570 1693 693 1733 vera
725 1686 781 1731 et
801 1684 943 1730 certa
972 1671 1263 1727 securitate
1290 1668 1554 1739 cogitasti.
1577 1665 1709 1720 Nam
1730 1673 1783 1717 et
1807 1663 1859 1716 in

264 1775 373 1828 hac
393 1775 496 1826 vita
528 1770 772 1824 homines
799 1767 1004 1837 magnis
1031 1764 1306 1818 laboribus
1335 1761 1575 1830 requiem
1612 1764 1860 1827 quaerunt

263 1873 324 1919 et
353 1863 717 1923 securitatem,
762 1857 863 1923 sed
892 1856 1068 1927 pravis
1121 1852 1503 1923 cupiditatibus
1549 1865 1654 1904 non
1705 1848 1857 1901 inve-

263 1956 444 2009 niuut.
470 1952 670 2007 Volunt
694 1951 834 2005 enim
870 1948 1206 2018 requiescere
1248 1944 1301 1998 in
1326 1943 1488 1998 rebus
1527 1938 1781 2010 inquietis
1808 1946 1862 1991 et

265 2062 377 2100 non
424 2041 858 2114 permanentibus
889 2058 902 2094 :
931 2048 988 2093 et
1035 2037 1158 2107 quia
1211 2035 1315 2089 illae
1365 2043 1605 2103 tempore
1649 2030 1863 2087 subtra-

267 2139 470 2193 huntur
491 2147 543 2190 et
570 2140 868 2198 transeunt,
894 2129 1174 2185 timoribus
1200 2136 1255 2183 et
1285 2126 1562 2180 doloribus
1609 2138 1703 2178 eos
1746 2120 1861 2191 agi-

266 2236 408 2293 tant,
445 2242 547 2283 nec
572 2226 784 2295 quietos
810 2237 931 2279 esse
972 2219 1306 2291 permittunt.
1335 2217 1465 2271 Sive
1506 2213 1650 2269 enim
1683 2213 1735 2265 iu
1778 2200 1863 2265 di4

269 2320 417 2373 vitiis
492 2316 622 2372 velit
680 2314 842 2369 homo
906 2311 1281 2381 requiescere,
1356 2305 1527 2375 magis
1600 2302 1864 2372 superbus

268 2410 522 2474 efficitur,
552 2421 715 2479 quam
744 2418 985 2461 securus.
1014 2405 1208 2458 Annon
1234 2399 1479 2454 videmus
1505 2410 1662 2466 quam
1710 2392 1861 2448 multi

271 2518 367 2557 eas
418 2500 598 2554 subito
649 2495 1002 2568 perdiderint,
1070 2491 1220 2547 multi
1268 2490 1429 2546 etiam
1484 2495 1702 2557 propter
1744 2482 1864 2537 illas

274 2594 558 2665 perierint,
590 2599 685 2646 aut
709 2605 832 2645 cum
861 2602 955 2642 eas
986 2586 1183 2640 habere
1225 2583 1468 2653 cupiunt,
1515 2589 1607 2633 aut
1634 2574 1755 2632 ciun
1786 2574 1864 2630 eis

268 2685 546 2756 oppressis
570 2698 600 2737 a
629 2680 993 2753 cupidioribus
1030 2678 1342 2732 auferuntur
1363 2673 1416 2727 ‘?
1445 2672 1575 2740 Qua:
1613 2670 1658 2724 si
1701 2667 1864 2723 etiam

274 2794 373 2849 per
397 2785 564 2830 totam
593 2774 753 2828 vitam
785 2786 906 2827 cum
955 2769 1169 2824 homine
1208 2770 1609 2837 permanerent,
1655 2767 1711 2814 et
1755 2774 1861 2813 non

276 2848 595 2925 desererent
617 2865 926 2921 dilectorem
948 2876 1125 2927 suum,
1157 2860 1271 2930 ipse
1293 2858 1411 2912 illas
1440 2869 1535 2910 sua
1579 2862 1752 2907 morte
1779 2848 1868 2906 de-

273 2972 506 3018 sereret.
539 2960 742 3026 Quauta
765 2965 849 3011 est
871 2954 1014 3009 enim
1045 2953 1150 3006 vita
1180 2951 1431 3013 hominis,
1460 2944 1672 3001 etiamsi
1706 2958 1867 3000 sene-

270 3053 426 3109 scat?
457 3053 564 3105 Aut
590 3064 711 3105 cum
742 3047 843 3103 sibi
870 3044 1115 3101 homines
1141 3050 1329 3113 optant
1356 3046 1709 3101 senectutem,
1737 3033 1865 3106 quid

268 3144 414 3199 aliud
436 3152 621 3213 optant
652 3139 753 3194 nisi
800 3138 1013 3208 longam
1054 3132 1454 3190 infirmitatem?
1479 3130 1567 3185 Sic
1605 3137 1661 3184 et
1691 3126 1865 3181 hono-

268 3253 359 3293 res
384 3236 547 3305 hujus
570 3232 774 3296 szeculi,
799 3229 926 3301 quid
952 3236 1078 3284 sunt
1108 3225 1209 3280 nisi
1239 3223 1456 3295 typhus,
1483 3229 1537 3276 et
1568 3214 1860 3280 inanitas',

267 3339 324 3385 et
344 3328 517 3383 ruinae
543 3320 877 3397 periculum?
899 3320 1034 3387 Quia
1063 3318 1143 3373 sic
1179 3315 1455 3385 Scriptura
1480 3318 1663 3367 saneta
1688 3307 1818 3364 dicit
1848 3321 1865 3362 :

267 3423 456 3479 Omnis
475 3437 596 3476 caro
623 3419 817 3491 fenum,
849 3424 897 3470 et
923 3413 1133 3469 claritas
1162 3409 1382 3464 hominis
1405 3414 1459 3460 ut
1487 3406 1584 3476 ﬂos
1615 3402 1739 3477 feni.
1763 3398 1869 3455 Fe-

264 3532 394 3571 num
425 3514 585 3579 aruit,
632 3513 730 3580 ﬂos
756 3508 976 3573 decidit;
1008 3503 1213 3560 verbum
1253 3510 1421 3554 autem
1448 3496 1655 3554 Domini
1700 3496 1869 3547 manet

262 3611 321 3663 in
345 3618 597 3662 externum
627 3601 869 3674 (Isaac,
902 3597 1050 3669 6-8).
1081 3593 1206 3650 Ideo
1231 3592 1321 3663 qui
1347 3604 1527 3645 veram
1551 3586 1793 3655 requiem
1812 3589 1869 3637 et

263 3716 459 3758 veram
486 3696 797 3753 felicitatem
824 3690 1115 3756 desiderat,
1139 3686 1301 3743 debet
1333 3682 1521 3738 tollere
1545 3695 1695 3750 spem
1713 3690 1866 3732 suam

262 3796 336 3849 de
369 3792 533 3848 rebus
556 3785 871 3844 mortalibus
895 3792 950 3839 et
994 3775 1465 3852 praetereuntibus,
1496 3780 1552 3827 et
1588 3786 1707 3826 eam
1755 3766 1870 3822 col-

266 3886 453 3940 locare
484 3881 541 3936 in
568 3879 736 3934 verbo
764 3873 1006 3938 Domini;
1033 3880 1095 3927 ut
1114 3871 1329 3925 haerens
1354 3868 1403 3920 ei
1429 3861 1573 3935 quod
1601 3867 1777 3916 manet
1811 3857 1864 3913 in

263 3986 560 4040 :eternum,
587 3972 750 4027 etiam
778 3968 893 4038 ipse
917 3979 1041 4020 cum
1068 3962 1159 4017 illo
1186 3966 1400 4015 maneat
1429 3956 1482 4010 in
1506 3962 1790 4009 aeternum.

344 4067 440 4122 25.
473 4065 611 4120 Sunt
637 4062 797 4117 etiam
834 4057 1076 4112 homines
1104 4052 1192 4123 qui
1242 4064 1344 4105 nec
1385 4046 1583 4103 divites
1620 4049 1870 4115 quaerunt

262 4177 416 4224 esse.
448 4174 549 4214 nec
574 4156 641 4211 ad
671 4167 834 4208 vanas
877 4152 1142 4204 honorum
1190 4155 1416 4215 pompas
1457 4137 1699 4194 ambiunt
1744 4150 1868 4208 per.

266 4254 461 4309 venire
490 4268 504 4304 :
534 4247 630 4304 sed
667 4244 901 4317 gaudere
928 4250 984 4296 et
1025 4236 1368 4308 requiescere
1415 4230 1603 4287 volunt
1640 4229 1691 4283 in
1717 4227 1872 4297 pepi-

276 4346 371 4401 nis
410 4352 466 4398 et
489 4341 546 4395 in
578 4332 1039 4396 fornicationibus,
1068 4330 1189 4383 etin
1216 4323 1437 4381 theatris
1464 4327 1868 4392 atque,specta-

263 4438 413 4493 culis
455 4428 774 4503 nugacitatis
816 4440 935 4497 quae
988 4422 1041 4477 in
1098 4416 1307 4488 magnis
1352 4412 1658 4471 civitatibus
1703 4407 1871 4480 gratis

267 4530 497 4585 habent.
564 4520 669 4578 Sed
718 4519 796 4574 sic
857 4515 1019 4572 etiam
1081 4511 1182 4582 ipsi
1256 4516 1349 4562 aut
1399 4509 1722 4560 consumunt
1776 4514 1871 4569 per

267 4619 542 4679 luxuriam
575 4618 943 4685 paupertatem
974 4619 1148 4671 suam,
1172 4611 1226 4658 et
1251 4600 1319 4656 ab
1343 4606 1581 4670 egestate
1606 4603 1794 4665 postea
1813 4593 1867 4646 in

269 4715 419 4770 furta
446 4721 498 4767 et
526 4682 861 4769 ell'racturas,
888 4710 943 4754 et
967 4693 1254 4768 aliquando
1290 4693 1451 4744 etiam
1502 4688 1555 4742 in
1593 4682 1869 4740 latrocinia

272 4803 587 4878 prosiliunt,
610 4808 665 4853 et
688 4795 866 4851 subito
894 4789 1076 4846 multis
1097 4797 1152 4843 et
1193 4782 1399 4854 magnis
1439 4779 1720 4835 timoribus
1767 4774 1871 4830 im-

274 4867 527 4969 plentur;
557 4902 612 4947 et
637 4890 726 4961 qui
758 4889 810 4941 in
837 4884 1031 4956 pepina
1062 4879 1218 4950 paulo
1245 4885 1371 4930 ante
1408 4870 1717 4936 cantabant,
1760 4867 1872 4939 jam

274 4968 526 5061 planctus
546 4980 777 5037 carceris
802 4975 1091 5031 somniant.
1123 4968 1325 5026 Studiis
1362 4974 1544 5020 autem
1587 4970 1871 5032 Spectacu-

271 5051 452 5137 lorum
482 5078 616 5130 ﬁunt
642 5066 978 5127 daemonibus
1022 5061 1246 5126 similes,
1278 5054 1605 5113 clamoribus
1631 5052 1742 5107 suis
1787 5051 1873 5105 in-

272 5168 497 5228 citando
518 5163 765 5219 homines
790 5169 848 5213 ut
874 5172 931 5212 se
954 5155 1183 5210 invicem
1205 5149 1437 5215 caedant,
1462 5159 1759 5213 secumque
1782 5143 1876 5197 ha-

274 5266 445 5321 beant
467 5254 804 5314 contentiosa
832 5247 1126 5306 certamina
1171 5243 1261 5314 qui
1308 5257 1368 5297 se
1424 5255 1535 5295 non
1593 5238 1873 5303 laeserunt,

271 5358 406 5412 dum
434 5351 647 5421 placere
674 5345 861 5400 insano
884 5338 1078 5411 populo
1103 5334 1325 5404 cupiunt
1353 5349 1366 5386 :
1399 5345 1533 5400 quos
1553 5329 1597 5383 si
1632 5326 1875 5381 animad-

272 5444 539 5502 verterint
586 5452 709 5493 esse
759 5431 1079 5493 concordes,
1113 5439 1242 5483 tunc
1266 5438 1362 5481 eos
1404 5422 1635 5477 oderunt
1674 5429 1727 5476 et
1758 5435 1879 5488 per-

272 5544 596 5609 sequuntur,
629 5537 686 5585 et
712 5536 965 5597 tanquam
990 5520 1291 5577 collusores
1322 5523 1381 5571 ut
1414 5512 1641 5567 fustibus
1686 5511 1879 5566 verbe-

338 5756 359 5790 ι
396 5751 632 5814 Plerique
655 5752 788 5803 uss...
826 5743 911 5791 aut
930 5743 983 5790 ut
1013 5737 1085 5790 eis
1106 5731 1347 5801 oppressis
1383 5746 1415 5785 a
1437 5726 1769 5796 cupidioribus
1792 5741 1882 5779 au-

276 5821 727 5939 ίεΐῖῖξέυέίρῄςυθ
749 5872 855 5939 ὶιξειειιΣ
892 5869 948 5913 At
1111 5863 1368 5918 omittunt,
1398 5864 1444 5909 et
1468 5863 1674 5907 manuus
1704 5864 1721 5903 :
1744 5853 1885 5917 cujus

275 5925 786 5995 mnnotinutti'atssu
809 5934 853 5978 et
874 5925 1077 5976 partitas.

583 6047 862 6105 I’ATuOL.
908 6036 1032 6095 XL.

1698 454 1898 510 LIBER
1939 452 2142 511 UNUS.

1918 221 1963 262 ς

3459 462 3566 518 550

1972 578 2160 621 rentur
2186 565 2504 633 exclamant,
2538 576 2593 624 et
2619 567 2757 625 hanc
2801 571 3132 641 iniquitatem
3169 574 3344 630 facere
3386 577 3549 632 etiam

1973 657 2234 713 vindicem
2267 658 2605 728 iniquitatum
2626 660 2861 730 judieem
2888 674 3116 733 cogunt;
3148 665 3193 719 si
3222 675 3400 721 autem
3427 670 3558 724 hor-

1970 750 2166 807 rendas
2209 751 2468 808 adversus
2535 752 2763 808 invicem
2820 754 3122 812 inimicitias
3160 773 3254 813 eos
3296 776 3557 819 exercere

1969 844 2335 913 cognoverint,
2364 846 2477 901 sive
2520 846 2673 900 since
2703 846 2792 916 qui
2831 849 3169 917 appellantur
3191 853 3229 916 ⁸,
3262 853 3375 909 sive
3429 869 3553 910 sco-

1969 937 2075 991 nici
2102 945 2153 992 et
2187 937 2481 1009 thymelici,
2512 938 2625 993 sive
2650 942 2868 1009 auriga},
2920 941 3032 995 sive
3066 950 3374 1008 venatores,
3420 960 3554 1015 quos

1969 1030 2195 1083 miseros
2209 1044 2314 1083 non
2337 1030 2508 1084 solum
2530 1030 2774 1085 homines
2790 1047 2908 1085 cum
2933 1031 3257 1096 hominibus,
3281 1034 3373 1088 sed
3396 1036 3553 1092 etiam

1970 1118 2214 1175 homines
2237 1135 2357 1175 cum
2391 1120 2577 1175 bestiis
2614 1121 2665 1175 in
2706 1131 2977 1177 certamen
3026 1137 3362 1193 pugnamque
3407 1138 3559 1179 com—

1969 1210 2215 1276 mittunt;
2242 1224 2346 1280 quo
2372 1209 2576 1278 majore
2603 1210 2859 1266 adversus
2903 1212 3127 1267 invicem
3171 1212 3437 1269 discordia
3474 1215 3559 1269 fu-

1969 1318 2089 1357 rere
2114 1302 2399 1368 senserint,
2429 1317 2496 1356 eo
2528 1303 2696 1373 magis
2715 1313 2897 1358 amant
2922 1315 2974 1359 et
3004 1304 3360 1370 delectantur,
3386 1316 3440 1362 et
3470 1309 3551 1363 in-

1966 1395 2143 1449 citatis
2170 1397 2190 1426 '
2220 1394 2419 1459 favent,
2447 1406 2502 1450 et
2530 1396 2765 1450 faventes
2796 1396 3037 1462 incitant,
3073 1398 3189 1465 plus
3218 1396 3476 1453 adversus
3497 1414 3558 1453 se

1967 1489 2111 1558 ipsos
2145 1489 2470 1544 insanientes
2500 1489 2597 1560 ipsi
2637 1498 2967 1557 Spectatores
3022 1490 3161 1544 alter
3210 1505 3306 1559 pro
3360 1491 3554 1552 altero.

1966 1596 2122 1651 quam
2148 1581 2222 1635 illi
2252 1596 2476 1650 quorum
2504 1580 2764 1635 insaniam
2793 1581 2965 1635 insani
2995 1592 3304 1650 provocant,
3333 1582 3427 1637 sed
3468 1583 3521 1636 in
3540 1613 3559 1624 -

1965 1672 2224 1727 saniendo
2268 1672 2290 1703 ³
2318 1680 2562 1742 spectare
2588 1671 2915 1727 desiderant.
2948 1671 3227 1738 Quomodo
3252 1688 3379 1743 ergo
3407 1675 3559 1729 sani—

1968 1773 2127 1819 tatem
2154 1764 2297 1835 pacis
2325 1773 2509 1819 tenere
2556 1763 2768 1817 animus
2798 1772 2997 1834 potest,
3039 1764 3129 1833 qui
3177 1764 3461 1819 discordiis
3505 1775 3561 1819 et

1966 1856 2350 1911 certaminibus
2393 1854 2663 1926 pascitur?
2693 1854 2877 1923 Qualis
2920 1855 3063 1909 enim
3109 1855 3260 1910 cibus
3304 1857 3555 1921 sumitur,

1968 1946 2088 2001 talis
2129 1947 2379 2003 valetudo
2419 1946 2786 2015 consequitur.
2840 1946 3144 2019 Postrcmo_
3183 1948 3426 2016 quamvis
3474 1949 3560 2004 in-

1967 2052 2096 2093 sana
2136 2038 2327 2109 gaudia
2371 2054 2481 2094 non
2516 2040 2621 2092 sint
2645 2038 2862 2109 gaudia,
2930 2047 3112 2094 tamen
3149 2040 3558 2112 qualiacumque

1967 2133 2093 2197 sint,
2117 2143 2172 2189 et
2196 2132 2586 2202 quantumlibet
2620 2132 2851 2187 delectet
2879 2130 2901 2162 ‘
2922 2131 3177 2202 jactantia
3227 2132 3557 2200 divitiarum,

1968 2236 2021 2276 et
2052 2230 2230 2277 tumor
2255 2223 2539 2287 honorum,
2568 2236 2768 2292 vorago
2812 2222 3152 2292 popinarum,
3182 2232 3237 2279 et
3257 2222 3394 2278 bella
3419 2224 3563 2279 thea-

1970 2321 2171 2368 trorum
2204 2314 2245 2381 ⁸,
2296 2323 2351 2368 et
2376 2312 2712 2368 immunditia
2754 2312 3203 2379 fornicationum,
3243 2322 3299 2369 ct
3346 2316 3563 2386 prurigo

1970 2407 2329 2472 thermarum;
2377 2406 2551 2461 aufert
2604 2406 2784 2460 omnia
2852 2407 2952 2461 ista
3018 2422 3122 2460 una
3180 2405 3458 2475 febricula,
3508 2420 3564 2463 et

1967 2499 2143 2554 adhuc
2167 2500 2469 2555 viventibus
2497 2508 2659 2554 totam
2693 2499 2877 2553 falsam
2924 2499 3306 2554 beatitudinem
3347 2500 3563 2553 subtra-

1969 2590 2085 2647 hit:
2116 2600 2355 2647 remanet
2377 2591 2551 2646 inanis
2574 2600 2629 2647 et
2657 2591 2835 2646 saucia
2862 2591 3213 2656 conscientia,
3240 2592 3404 2647 Deum
3431 2606 3561 2647 seu-

1968 2700 2092 2740 sura
2110 2684 2371 2755 judicem,
2413 2699 2573 2755 quem
2612 2684 2781 2738 noluit
2827 2683 3023 2738 habere
3063 2683 3377 2749 custodem;
3403 2693 3458 2738 et
3483 2683 3563 2737 in—

1968 2786 2193 2834 ventura
2238 2792 2486 2847 asperum
2531 2777 2838 2841 Dominum,
2882 2791 3039 2846 quem
3090 2777 3300 2831 dulcem
3348 2787 3561 2848 patrem

1969 2887 2214 2944 quazrere
2250 2879 2304 2926 et
2328 2885 2512 2925 amare
2535 2870 2878 2939 contempsit.
2909 2869 2987 2923 Tu
3017 2878 3196 2923 autem
3225 2869 3350 2940 quia
3380 2886 3560 2923 veram

1970 2967 2210 3038 requiem
2236 2981 2356 3036 qua:
2384 2972 2507 3035 post
2544 2964 2683 3018 hanc
2721 2963 2882 3017 vitam
2923 2961 3245 3018 Christianis
3286 2960 3559 3033 promitti-

1971 3065 2058 3111 tur
2096 3055 2314 3127 quaeris,
2342 3056 2505 3110 etiam
2538 3053 2625 3109 hic
2668 3068 2789 3109 eam
2838 3038 2980 3109 inter
3029 3052 3399 3108 amarissimas
3442 3054 3565 3107 vita:

1971 3146 2131 3218 hujus
2153 3146 2428 3201 molestias
2448 3159 2667 3200 suavem
2686 3143 3083 3214 jucundamque
3102 3143 3360 3213 gustabis,
3383 3144 3428 3198 si
3447 3145 3567 3212 ejus

1971 3238 2062 3308 qui
2092 3253 2209 3293 eam
2241 3236 2489 3307 promisit
2521 3243 2787 3305 praecepta
2812 3235 3087 3289 dilexeris.
3112 3234 3233 3289 Cito
3260 3235 3405 3289 enim
3433 3250 3562 3289 sen-

1972 3329 2073 3383 ties
2091 3327 2357 3383 dulciores
2385 3341 2505 3383 esse
2527 3326 2746 3396 justitize
2777 3324 2983 3381 fructus
3036 3341 3195 3396 quam
3238 3326 3551 3395 iniquitatis.

1971 3428 2027 3477 et
2045 3420 2223 3476 verius
2250 3428 2413 3490 atque
2446 3418 2737 3489 jucundius
2765 3418 3001 3490 gaudere
3028 3417 3304 3473 hominem
3328 3417 3395 3473 de
3419 3418 3555 3473 bona

1971 3510 2299 3567 conscientia
2330 3511 2470 3566 inter
2506 3510 2798 3576 molestias,
2832 3525 2992 3580 quam
3015 3509 3083 3564 de
3111 3510 3250 3564 mala
3286 3510 3427 3566 inter
3470 3511 3566 3568 de-

1971 3605 2149 3671 licias;
2180 3604 2303 3674 quia
2335 3619 2440 3659 non
2462 3603 2541 3658 sic
2565 3602 2760 3658 venisti
2787 3602 3039 3672 conjungi
3063 3601 3323 3658 Ecclesia:
3354 3601 3474 3670 Dei,
3506 3613 3565 3658 ut

1971 3712 2036 3753 ex
2066 3712 2130 3751 ea
2154 3696 2506 3765 temporalem
2537 3694 2772 3764 aliquam
2801 3694 3087 3748 utilitatem
3116 3694 3382 3762 requiras.

2042 3786 2267 3843 CAPUT
2285 3784 2611 3841 XVll.——26.
2632 3784 3039 3854 Reprehenditur
3054 3784 3141 3856 qui
3162 3784 3278 3839 velit
3298 3800 3404 3839 esse
3413 3783 3562 3838 Chri-

1970 3879 2167 3934 stianus
2195 3887 2405 3949 propter
2430 3878 2751 3929 commodum
2780 3874 3075 3944 temporale.
3109 3873 3427 3927 Christianus
3451 3890 3565 3929 vere

1972 3981 2065 4035 est,
2087 3970 2174 4041 qui
2194 3969 2489 4041 religionem
2513 3968 2779 4037 proﬁtetur
2825 3974 3029 4037 prapter
3051 3968 3278 4036 futuram
3319 3966 3562 4035 requiem.

1972 4062 2180 4118 Transit
2224 4063 2293 4115 ad
2344 4061 2685 4115 narrationem
2731 4075 2906 4114 eorum
2946 4074 3062 4130 qua:
3126 4058 3379 4113 credenda
3424 4071 3564 4115 sunt.

1975 4153 2143 4209 Filius
2164 4151 2258 4207 Dei
2282 4169 2374 4206 cur
2402 4152 2552 4205 homo
2581 4154 2767 4222 factus.
2811 4149 2948 4205 Sunt
2972 4149 3115 4204 enim
3146 4150 3236 4219 qui
3283 4160 3566 4220 pr0pterea

1974 4248 2160 4303 volunt
2181 4261 2305 4302 esse
2330 4243 2633 4310 christiani,
2664 4251 2723 4298 ut
2751 4251 2843 4297 aut
2864 4254 3273 4312 promereantur
3318 4242 3567 4299 homines

1974 4338 2215 4408 aquibus
2254 4335 2567 4406 temporalia
2603 4332 2886 4390 commoda
2928 4341 3263 4404 exSpectant,
3317 4344 3408 4389 aut
3445 4335 3566 4406 quia

1975 4429 2247 4488 offendere
2266 4428 2456 4483 nolunt
2487 4441 2622 4497 quos
2653 4426 2865 4481 timent.
2898 4424 3007 4481 Sed
3039 4425 3124 4480 isti
3152 4425 3365 4495 reprobi
3390 4435 3517 4480 sunt
3549 4444 3562 4480 :

1975 4532 2031 4578 et
2059 4523 2104 4578 si
2130 4522 2197 4577 ad
2222 4529 2433 4591 tempus
2461 4533 2556 4574 eos
2579 4524 2754 4587 portat
2775 4515 3036 4583 Ecclesia,
3073 4516 3213 4571 sicut
3237 4530 3363 4571 area
3392 4532 3571 4587 usque

1977 4615 2044 4671 ad
2073 4624 2284 4685 tempus
2308 4610 2672 4669 ventilationis
2705 4609 2912 4681 paleam
2953 4608 3203 4673 sustinet;
3259 4608 3305 4663 si
3350 4624 3458 4665 non
3507 4625 3568 4666 se

1978 4705 2332 4772 correxerint,
2395 4712 2452 4759 et
2504 4711 2724 4773 propter
2767 4701 3000 4757 futuram
3044 4701 3430 4770 sempiternam
3491 4718 3571 4756 re-

1978 4797 2158 4868 quiem
2185 4794 2461 4851 christiani
2492 4807 2611 4848 esse
2629 4792 2914 4862 cmperint,
2948 4791 3002 4846 in
3027 4794 3133 4847 fine
3154 4793 3563 4862 separabantur.

1978 4891 2090 4947 Nec
2118 4890 2217 4946 sibi
2245 4887 2590 4945 blandiantur
2611 4885 2753 4957 quod
2782 4885 2834 4939 in
2870 4900 2993 4940 area
3022 4893 3249 4954 possunt
3283 4898 3404 4939 esse
3442 4898 3563 4938 cum

1982 4988 2250 5041 frumento
2274 4983 2365 5037 Dei
2396 5000 2411 5034 :
2439 4981 2564 5052 quia
2591 4980 2643 5034 in
2668 4978 2866 5034 horreo
2886 4993 3008 5032 cum
3031 4978 3124 5031 illo
3141 4991 3246 5032 non
3276 4984 3451 5041 erunt,
3470 4977 3565 5031 sed

1983 5078 2092 5150 igni
2118 5076 2300 5133 debito
2326 5074 2663 5130 destinantur
2684 5072 2704 5103 ‘
2735 5069 2950 5143 (Matth.
2972 5084 3052 5136 ιιι,
3086 5067 3198 5140 12).
3238 5068 3373 5124 Sunt
3408 5070 3568 5123 etiam

2048 5231 2065 5263 ί
2100 5235 2233 5284 Lov.,
2257 5224 2351 5276 sint
2372 5221 2564 5293 athlelle
2587 5220 2670 5286 qui
2700 5218 3020 5293 appellantur.
3050 5227 3103 5270 At
3126 5219 3348 5293 plerique
3380 5234 3447 5293 ac
3470 5238 3577 5293 me-

1984 5291 2118 5343 lioris
2140 5280 2267 5338 notae
2300 5296 2428 5345 Mss,
2471 5280 2611 5346 silua}
2644 5280 2741 5346 qui
2765 5280 3095 5346 appellamur.
3124 5280 3220 5331 ἱ·οκ
3248 5280 3353 5331 erat
3378 5286 3575 5334 forsitan

1984 5353 2112 5426 apud
2136 5350 2269 5426 Afros
2286 5356 2407 5426 tunc
2444 5345 2674 5426 vulgatjs.
2703 5353 2751 5394 In
2787 5345 3084 5426 Corbeieusi‘
3111 5345 3279 5418 codice
3315 5348 3545 5415 scribitur
3562 5384 3575 5403 ,

1984 5405 2175 5467 siuthaz.
2204 5418 2253 5459 in
2286 5419 2390 5458 Mss.
2416 5407 2702 5473 quibusdam
2728 5406 2921 5473 et_apud
2947 5417 3044 5473 am.
3072 5406 3253 5469 legitur
3271 5441 3286 5467 ,
3332 5405 3426 5457 sint
3449 5410 3577 5473 αντ]πί

1985 5475 2309 5542 apptllantur.
2336 5467 2466 5542 Apud
2485 5476 2581 5542 Eia,
2596 5468 2691 5542 sint
2709 5468 2790 5531 qui
2801 5467 3137 5542 appellatum-5

1995 5529 2305 5651 ézﬂairlqesﬁr.
2334 5529 2386 5583 et
2406 5531 2590 5594 aliquot
2611 5529 2737 5593 lassi,
2765 5538 2812 5582 et
2847 5529 3058 5581 incitati.
3086 5531 3173 5579 Alii
3192 5530 3358 5593 plures
3379 5537 3507 5593 Mss,
3530 5540 3575 5583 et

2106 5616 2133 5649 ιι
2243 5632 2254 5643 -

1988 5611 2254 5653 tttcutmtes.

2056 5664 2076 5696 ³
2108 5664 2181 5711 sic
2211 5667 2317 5707 Mss.
2358 5663 2412 5706 Αι
2436 5654 2571 5714 editi,
2596 5662 2878 5717 provocant,
2906 5658 2951 5705 et
2984 5651 3284 5717 insaniendo.

2056 5725 2077 5756 δ
2110 5730 2185 5771 Et‘.
2215 5728 2265 5770 et
2288 5727 2419 5777 Lov.,
2443 5714 2693 5767 delectent.
2721 5714 2892 5769 sum.
2913 5726 2964 5766 et
2986 5723 3114 5775 uss,
3140 5714 3358 5765 delectet.

2053 5788 2075 5820 ⁸
2109 5787 2181 5833 sic
2205 5796 2301 5831 am.
2324 5788 2399 5843 Er.
2428 5789 2478 5829 et
2495 5779 2715 5843 plerique
2736 5789 2841 5830 Mss.
2869 5788 2920 5828 Αι
2944 5786 3074 5838 Lov.,
3095 5778 3455 5843 theatru'orum.

2057 5849 2078 5879 ⁸
2111 5856 2243 5902 L0v.,
2268 5839 2650 5894 destinabantur:
2673 5851 2728 5893 At
2763 5853 2863 5892 Arn.
2902 5847 2977 5890 Er.
3006 5849 3057 5890 et
3079 5850 3187 5889 Mss.
3229 5839 3414 5889 habent
3459 5854 3559 5904 pur

1997 5913 2125 5963 senti
2151 5917 2392 5971 tempore,
2417 5905 2731 5956 destinantur.

3003 5985 3270 6056 {OnzeJ
