4024 6498
514 511 611 565 531

518 626 606 680 alii
631 620 852 676 meliore
880 608 1091 681 quidem
1133 615 1246 671 spc,
1282 595 1377 652 sed
1418 601 1593 647 tamen
1624 600 1727 639 nun
1772 580 2103 681 minore‘pe—

520 715 705 777 ricnlo,
728 708 815 779 qui
837 706 945 776 jam
992 701 1161 753 Deum
1192 693 1405 752 timent,
1433 693 1490 739 et
1539 694 1645 735 non
1686 664 2101 779 irridentﬁchri-

523 756 761 863 stianuiril
789 756 1005 857 nomen,
1053 803 1150 844 nec
1180 780 1432 839 simulato
1472 772 1637 829 corde
1688 769 1890 822 intrant
1920 756 2106 813 Eccle-

524 903 657 953 siam
680 894 795 958 Dei,
822 887 916 944 sed
943 886 995 939 in
1019 883 1119 936 ista
1136 878 1241 931 vita
1267 874 1580 941 exspectant
1601 859 2011 958 felicitatcmsut
2029 849 2108 903 fc—

526 991 739 1046 liciores
756 985 862 1039 sint
887 980 937 1034 in
954 977 1112 1031 rebus
1137 966 1384 1028 terrenis,
1414 973 1570 1032 quam
1594 955 1666 1010 IIII
1695 951 1783 1022 qui
1801 964 1904 1004 non
1931 942 2113 999 colunt

529 1083 698 1136 Deum
731 1093 743 1130 :
775 1073 1001 1139 ideoque
1026 1078 1147 1119 cum
1175 1058 1403 1114 viderint
1432 1048 1691 1121 quosdam
1728 1041 2020 1097 sceleratos
2060 1040 2115 1087 et

535 1168 727 1239 impios
756 1127 855 1218 ista
878 1127 1060 1214 sazculi
1078 1155 1093 1186 ¹
1125 1145 1486 1224 prosperitate
1515 1138 1722 1212 pollere
1749 1141 1803 1188 et
1826 1127 2113 1189 excellere,

537 1278 599 1318 se
612 1227 804 1315 .autem
835 1253 918 1308 vel
939 1251 1114 1305 minus
1141 1244 1337 1299 habere
1363 1238 1465 1294 ista
1494 1234 1579 1291 vel
1604 1229 1873 1288 amittere,
1904 1227 2117 1293 pertur-

537 1354 731 1408 bantur
760 1356 1009 1415 tanquam
1032 1340 1147 1393 sine
1171 1347 1331 1390 causa
1356 1331 1523 1385 Deum
1571 1323 1749 1379 colant
1774 1361 1787 1385 ,
1816 1324 1870 1372 et
1907 1311 2059 1367 facile
2090 1320 2121 1362 a

541 1447 648 1501 ﬁde
668 1426 936 1498 deficiunt.

609 1499 703 1593 D7.
735 1534 834 1602 Qui
855 1537 1029 1585 autem
1058 1529 1275 1594 propter
1310 1510 1694 1571 beatitudinem
1740 1499 2122 1571 sempiternam

542 1639 595 1687 et
619 1590 929 1701 perpiatuam
959 1616 1219 1687 requiem,
1263 1623 1381 1679 qure
1407 1613 1529 1676 post
1556 1603 1694 1655 hanc
1732 1596 1898 1649 vitam
1926 1590 2125 1645 sanctis

547 1688 1091 1788 fut-ura-promittitur,
1114 1705 1227 1761 vult
1262 1701 1379 1756 ﬁeri
1420 1695 1764 1755 christianus,
1804 1694 1863 1741 ut
1900 1698 2006 1738 non
2041 1688 2129 1734 eat

548 1817 602 1869 in
650 1779 826 1882 ignem
879 1814 1137 1859 mternum
1184 1809 1303 1851 cum
1371 1786 1605 1849 diabolo,
1660 1781 1753 1837 sed
1801 1779 1853 1832 in
1910 1785 2127 1882 regnum

836 1898 997 1953 intret
1020 1905 1143 1947 cum
1166 1885 1380 1942 Christo
1398 1877 1608 1951 (Matth.
1639 1888 1761 1937 xxv,
1785 1869 1875 1933 54,
1894 1861 2126 1959 ηιμ-46),

553 2011 678 2052 vere
706 1994 819 2064 ipse
842 1986 1164 2044 Christianus
1188 1986 1292 2041 est,
1317 1983 1508 2029 cautus
1549 1970 1601 2022 in
1633 1962 1779 2064 omni
1815 1956 2131 2064 tentatione,

554 2104 621 2143 ne
647 2044 919 2156 prdsperis
947 2076 1109 2133 rebus
1135 2070 1531 2135 corrumpatur,
1555 2066 1611 2114 et
1648 2071 1715 2111 ne
1744 2052 2017 2121 frangatur
2045 2044 2135 2097 ad-

559 2151 749 2239 versis,
771 2151 826 2230 et
866 2172 922 2226 in
952 2161 1276 2223 abundantia
1322 2157 1588 2212 bonorum
1633 2156 1971 2202 terrenorum
2020 2151 2137 2190 mo-

557 2230 748 2327 destus'
776 2273 833 2321 et
874 2268 1201 2329 temperans,
1235 2260 1289 2306 et
1338 2249 1392 2303 in
1434 2237 1863 2300 tribulationibus
1898 2230 2052 2286 fortis
2088 2234 2141 2281 et

559 2323 786 2434 patiens.
833 2354 937 2424 Qui
978 2323 1137 2407 etiam
1176 2338 1506 2417 proficiendo
1544 2333 1823 2406 perveniet
1864 2325 1930 2381 ad
1978 2323 2138 2434 talem

563 2415 919 2515 animumjtt
945 2444 1064 2515 plus
1112 2415 1256 2494 amet
1284 2435 1475 2497 Deum,
1519 2441 1677 2499 quam
1713 2424 1898 2477 timeat
1940 2415 2144 2487 gehen-

562 2564 683 2603 nam
717 2563 730 2600 :
760 2510 821 2598 ut
843 2510 1051 2596 etiamsi
1080 2532 1223 2588 dicat
1251 2527 1326 2583 illi
1366 2526 1530 2588 Deus,
1582 2518 1743 2574 Utere
1777 2510 1984 2568 deliciis
2027 2522 2145 2563 car-

563 2641 774 2698 nalibus
817 2629 1177 2703 sempiternis,
1214 2633 1268 2680 et
1317 2626 1573 2692 quantum
1610 2621 1761 2682 potes
1808 2620 1991 2679 pecca,
2047 2615 2146 2656 nec

565 2728 832 2793 morieris,
859 2702 959 2781 nec
982 2724 1035 2777 in
1063 2718 1363 2790 gehennam
1391 2707 1645 2769 mitteris,
1674 2702 1768 2757 sed
1794 2711 2003 2755 mecum
2033 2702 2148 2747 tan-

565 2819 841 2880 tummodo
861 2832 968 2872 non
1000 2813 1143 2875 eris;
1170 2806 1536 2866 exhorrescat,
1571 2807 1625 2851 et
1649 2793 1870 2849 omnino
1896 2803 2002 2844 non
2026 2800 2147 2857 pec-

567 2878 670 2979 eet,
706 2928 810 2968 non
834 2911 941 2980 jam
974 2914 1031 2959 ut
1060 2904 1111 2957 in
1158 2898 1286 2954 illud
1325 2894 1466 2965 quod
1518 2888 1734 2944 timebat
1776 2900 1883 2938 non
1932 2878 2150 2943 incidat,

568 3007 664 3063 sed
688 3020 757 3059 ne
786 2979 933 3056 illum
959 3010 1116 3068 quem
1140 2993 1220 3047 sic
1248 2997 1391 3043 amat
1413 2982 1651 3040 offendat
1677 2998 1690 3034 :
1730 2981 1780 3032 in
1808 2990 1915 3046 quo
1937 2988 2041 3028 uno
2074 2979 2155 3025 est

574 3097 786 3167 requies
829 3095 873 3158 ’,
906 3103 1063 3161 quam
1087 3084 1273 3139 oculus
1301 3095 1406 3133 non
1434 3076 1584 3139 vidit,
1617 3086 1715 3127 nec
1762 3069 1906 3123 auris
1935 3064 2152 3128 audivit,

579 3205 682 3247 nec
706 3190 758 3244 in
784 3200 878 3241 cor
906 3160 1137 3237 hominis
1172 3171 1435 3236 ascendit,
1468 3183 1625 3239 quam
1667 3161 1988 3235 praeparavit
2016 3160 2159 3212 Deus

577 3275 917 3349 diligentibus
936 3286 1056 3327 eum
1088 3267 1130 3339 (I
1160 3265 1276 3321 Cor.
1297 3278 1352 3328 ιι,
1387 3260 1465 3330 9).

647 3348 739 3427 εὲ.
766 3368 844 3423 De
886 3379 989 3436 qua
1026 3360 1209 3430 requie
1253 3352 1518 3427 significat
1559 3349 1581 3382 ³
1628 3348 1924 3417 Scriptura,
1977 3350 2159 3397 etnon

582 3470 744 3528 tacet,
777 3434 919 3529 quod
946 3455 1014 3509 ab
1035 3453 1184 3509 initio
1212 3447 1398 3504 mundi
1423 3462 1491 3502 ex
1518 3458 1625 3514 quo
1652 3441 1781 3496 fecit
1810 3439 1948 3491 Deus
1968 3434 2162 3489 caelum

583 3566 634 3608 et
662 3528 857 3607 terram
882 3554 936 3602 et
959 3544 1139 3601 omnia
1168 3555 1286 3612 quae
1307 3540 1362 3594 in
1390 3538 1469 3593 eis
1496 3542 1641 3599 sunt,
1680 3546 1775 3585 sex
1814 3528 2002 3583 diebus
2036 3538 2164 3593 ope-

585 3653 731 3699 ratus
752 3651 851 3704 est,
886 3647 940 3693 et
967 3635 1196 3708 septimo
1220 3632 1307 3686 die
1326 3625 1593 3700 requievit
1615 3622 1772 3697 (Gen.
1800 3637 1837 3681 ι,
1868 3629 1916 3673 et
1937 3634 1995 3685 ιι,
2027 3618 2163 3687 1-5).

588 3738 800 3791 Poterat
826 3731 968 3787 enim
991 3727 1329 3796 omnip0tens
1353 3729 1410 3777 et
1449 3732 1559 3774 uno
1598 3721 1874 3770 momento
1914 3708 2171 3779 temporis

587 3828 764 3885 omnia
796 3827 992 3880 facere.
1021 3821 1133 3875 Non
1164 3826 1340 3872 autem
1382 3813 1735 3870 laboraverat,
1755 3816 1817 3862 ut
1861 3803 2168 3874 requiesce-

589 3931 690 3986 ret,
724 3916 954 3989 quando,
988 3912 1154 3978 Dixit,
1182 3919 1227 3963 et
1258 3907 1394 3977 facta
1422 3911 1538 3959 sunt
1562 3917 1580 3967 ,'
1608 3898 1888 3963 mandavit,
1913 3907 1958 3949 et
2002 3902 2173 3947 creata

590 4022 706 4069 sunt
733 3985 907 4081 (Psal.
930 4018 1151 4065 cxcvm,
1188 3998 1244 4070 5)
1276 4017 1288 4053 :
1322 3996 1416 4053 sed
1440 4003 1498 4050 ut
1526 3991 1872 4064 signiﬁcaret,
1896 3985 2019 4057 quia
2055 3991 2177 4054 post

598 4119 689 4157 sex
716 4108 904 4155 :etates
933 4094 1117 4150 mundi
1141 4090 1317 4160 hujus,
1347 4087 1572 4156 septima
1607 4092 1765 4138 :etate
1804 4090 2059 4148 tanquam
2094 4089 2178 4129 se-

596 4196 761 4265 ptimo
782 4192 867 4245 die
904 4186 1243 4256 requieturus
1286 4189 1369 4235 est
1399 4180 1451 4232 in
1472 4176 1674 4231 sanctis
1718 4174 1864 4238 suis;
1920 4169 2046 4240 quia
2076 4168 2178 4239 ipsi

599 4259 651 4343 in
682 4286 772 4340 illo
797 4279 1133 4351 requiescent
1162 4281 1283 4344 post
1311 4268 1487 4324 omnia
1516 4268 1656 4322 bona
1681 4279 1864 4335 Opera,
1898 4263 1953 4316 in
1988 4259 2181 4332 quibus

598 4382 647 4437 ei
673 4376 993 4438 servierunt,
1020 4384 1139 4441 (pne
1182 4368 1295 4436 ipse
1338 4365 1390 4418 in
1436 4361 1541 4415 illis
1587 4366 1856 4430 operatur,
1886 4355 1975 4424 qui
2001 4360 2175 4418 vocat,

599 4486 653 4531 et
682 4470 943 4545 praecipit,
972 4477 1027 4523 et
1052 4465 1248 4521 delicta
1287 4458 1553 4530 praeterita
1582 4453 1821 4516 dimittit,
1854 4459 1907 4505 et
1930 4448 2185 4518 justilicat

600 4540 721 4621 eum
753 4540 1015 4634 quiiprius
1031 4566 1151 4613 erat
1182 4553 1393 4623 impius.
1441 4549 1593 4605 Sicut
1633 4553 1810 4599 autem
1858 4557 1979 4597 cum
2012 4540 2086 4594 illi
2116 4554 2183 4593 ex

600 4660 745 4713 dnuo
768 4630 886 4724 ejus
908 4651 1048 4706 bene
1072 4652 1381 4717 operantur,
1408 4651 1551 4695 recte
1571 4638 1766 4693 dicitur
1795 4636 1907 4704 ipse
1932 4630 2142 4701 cperari
2169 4644 2183 4694 ;

602 4754 676 4807 sic
701 4764 822 4804 cum
849 4747 901 4800 in
929 4744 1021 4797 illo
1059 4733 1463 4809 requiescunt",
1507 4741 1656 4785 recte
1701 4727 1898 4782 dicitur
1942 4724 2056 4792 ipse
2094 4736 2180 4775 re-

601 4845 901 4916 quiescere.
934 4836 1065 4891 Nam
1092 4831 1232 4903 quod
1279 4828 1346 4884 ad
1368 4828 1541 4897 ipsum
1565 4824 1773 4883 attinet,
1817 4815 2186 4889 pausationem

604 4909 710 4992 non
742 4932 951 5005 qumrit,
1000 4928 1123 4998 quia
1155 4924 1395 4979 laborem
1435 4933 1541 4972 non
1589 4914 1771 4969 sentit.
1821 4909 1969 4964 Fecit
2011 4914 2187 4960 autem

602 5028 779 5083 nninia
811 5040 907 5096 per
936 5020 1168 5076 Verbum
1202 5029 1380 5077 suum;
1411 5008 1723 5065 etVerhum
1747 5004 1863 5073 ejus
1892 5002 2006 5071 ipse
2043 4996 2191 5052 Chri-

606 5133 737 5183 stus,
763 5092 953 5187 inquo
1003 5111 1349 5180 requiescunt
1390 5101 1577 5173 Angeli
1613 5109 1668 5155 et
1704 5108 1894 5152 omnes
1943 5092 2192 5147 caelestes

610 5209 940 5266 mundissimi
969 5205 1189 5277 spiritus
1234 5202 1287 5257 in
1326 5206 1512 5253 sancto
1548 5192 1783 5251 silentio.
1811 5188 1984 5244 Homo
2016 5193 2191 5240 autem

611 5310 829 5371 peccato
856 5275 1036 5366 lapsus
1054 5291 1285 5364 perdidit
1302 5287 1543 5357 requiem
1565 5297 1724 5353 quam
1747 5277 1976 5335 habebat
2000 5277 2051 5331 in
2079 5275 2194 5345 ejus

612 5368 907 5451 divinitate,
936 5396 988 5442 et
1016 5384 1203 5453 recipit
1228 5397 1346 5437 eam
1375 5380 1396 5412 ⁸
1426 5380 1479 5432 in
1501 5376 1616 5446 ejus
1644 5372 1970 5429 humanitate
2001 5387 2014 5426 :
2044 5368 2193 5423 ideo-

612 5500 717 5552 que
755 5487 1053 5548 opportuno
1102 5483 1360 5542 tempore,
1388 5484 1494 5539 quo
1544 5467 1657 5535 ipse
1701 5464 1902 5519 sciebat
1946 5470 2195 5531 Oportere

618 5576 753 5638 fieri,
786 5572 945 5626 Immo
976 5568 1144 5620 Iactus
1184 5573 1236 5615 et
1262 5563 1329 5617 de
1383 5561 1577 5615 femina
1618 5569 1771 5613 natus
1815 5566 1915 5611 est.
1966 5557 2010 5610 A
2038 5570 2196 5609 carne

680 5688 691 5717 ¹
732 5693 830 5732 Am.
854 5689 927 5729 Er.
954 5686 1005 5727 et
1022 5685 1127 5725 tres
1149 5682 1274 5731 Mss,
1299 5669 1540 5722 sreculari.

680 5750 696 5777 *
729 5730 805 5796 Sic
820 5730 927 5792 atss.
956 5739 1072 5788 Editi
1098 5749 1234 5794 vero,
1259 5730 1310 5785 in
1333 5745 1427 5796 quo
1447 5744 1543 5780 una
1560 5737 1628 5781 est
1651 5730 1856 5796 requies.

680 5811 697 5834 ‘
728 5790 913 5856 Ξῖιῖξέιί.
932 5811 984 5853 et
1004 5790 1288 5863 fereomnes
1301 5790 1432 5863 Mss,
1442 5801 1516 5863 pe
1528 5805 1627 5863 qua.
1641 5806 1695 5841 re
1720 5790 1978 5863 Signiﬁcat.

678 5877 696 5896 ‘
735 5854 803 5919 tta
822 5876 927 5916 Mss.
967 5872 1019 5913 Αι
1044 5862 1177 5917 editi,
1202 5860 1241 5909 si
1266 5870 1375 5907 man
1398 5854 1469 5919 illi
1495 5854 1810 5913 requiescunt.

677 5936 694 5957 ‘
824 5938 930 5979 Mss.
957 5934 1009 5976 M
1036 5923 1177 5984 editi,
1198 5930 1240 5972 et
1266 5918 1445 5979 recepit
1469 5929 1591 5965 eam.

1364 476 1449 531 Illi
1487 458 2033 527 C\TECIIIZANDIS
2074 450 2386 517 ltUDIllUS,
2427 448 2483 504 S.
2529 443 2893 504 AUGUSTINI

3692 437 3787 491 33‘!

2213 567 2409 637 quippe
2434 560 2783 620 contaminari
2815 575 2919 614 non
2964 563 3195 629 poterat,
3228 554 3341 625 ipse
3372 568 3592 608 carnem
3626 556 3794 623 potius

2214 656 2583 712 mundaturus.
2614 652 2790 722 Ipsum
2815 650 3017 719 antiqui
3043 648 3211 703 sancti
3239 656 3521 702 venturqu
3553 646 3608 699 in
3653 661 3795 700 reve-

2218 751 2416 805 latione
2460 747 2691 817 Spiritus
2733 749 3120 814 cognoverunt,
3151 750 3205 795 et
3235 740 3723 810 prophetaverunt;
3751 748 3799 792 et

2218 844 2295 898 sic
2324 842 2454 897 salvi
2496 840 2619 895 facti
2672 847 2795 893 sunt
2820 835 3090 892 credendo
3135 835 3259 905 quia
3306 834 3510 898 veniet,
3542 832 3683 887 sicut
3711 846 3801 885 nos

2219 939 2350 993 salvi
2380 936 2642 992 efficimur
2677 931 2947 989 erodendo
2987 930 3112 1000 quia
3142 929 3289 983 venit
3319 945 3331 981 :
3362 936 3421 981 ut
3464 926 3803 997 diligeremus

2224 1032 2410 1095 Deum,
2437 1028 2627 1099 quisic
2654 1040 2751 1080 nos
2796 1024 3006 1090 dilexit,
3052 1031 3113 1078 ut
3158 1023 3373 1077 unicum
3407 1019 3605 1074 Filium
3656 1033 3801 1073 suum

2224 1122 2479 1186 mitteret,
2505 1118 2591 1189 qui
2614 1116 2938 1171 bumilitate‘
2981 1123 3177 1168 nostrae
3198 1111 3537 1167 mortalitatis
3555 1108 3769 1165 indutus
3790 1149 3806 1175 ,

2228 1221 2282 1268 et
2308 1227 2337 1266 a
2364 1207 2733 1281 peccatoribus
2761 1215 2815 1262 et
2838 1220 2937 1275 pro
2959 1202 3326 1275 peccatoribus
3348 1210 3667 1256 moreretur.
3697 1198 3809 1253 Jam

2229 1305 2370 1361 enim
2397 1304 2523 1357 olim
2550 1302 2616 1355 ab
2639 1298 2943 1353 ineuntibus
2970 1296 3185 1351 szeculis
3215 1294 3456 1364 mysterii
3498 1293 3661 1361 hujus
3686 1290 3802 1344 alti-

2231 1398 2359 1453 tudo
2385 1392 2709 1466 prazfigurari
2738 1390 3190 1461 przenuntiarique
3222 1403 3329 1440 non
3361 1393 3559 1440 cessat.

2301 1486 2526 1543 CAPUT
2555 1482 2737 1539 XVIII.
2760 1480 2937 1536 —29.
2982 1480 3059 1533 De
3088 1479 3303 1532 hominis
3330 1487 3374 1531 et
3403 1493 3572 1530 rerum
3600 1475 3816 1528 aliarum

2234 1580 2483 1635 creatione
2508 1577 2627 1648 quid
2655 1572 2980 1629 credendum.
3015 1570 3184 1624 Ilomo
3222 1571 3275 1623 in
3304 1568 3543 1638 paradiso
3571 1566 3817 1620 constitu-

2236 1682 2333 1727 tus.
2365 1671 2467 1725 Cur
2509 1676 2702 1723 creatus
2731 1665 2817 1736 qui
2857 1664 3209 1734 prwsciebatur
3252 1669 3577 1733 peccaturus.
3626 1658 3819 1726 Lapsus

2238 1763 2454 1819 hominis
2496 1771 2544 1815 et
2594 1759 2762 1830 angeli
2807 1754 2937 1811 nihil
2984 1754 3092 1809 Deo
3135 1754 3323 1809 nocuit.
3375 1753 3643 1821 Quoniam
3692 1751 3821 1804 Deus

2239 1855 2596 1924 omnipotens,
2624 1862 2680 1907 et
2704 1851 2877 1907 bonus
2913 1850 3158 1920 etjustus
3187 1856 3241 1902 et
3278 1846 3606 1910 misericors,
3636 1843 3725 1913 qui
3754 1842 3817 1896 fe

2241 1950 2314 2005 cit
2344 1948 2521 2003 omnia
2547 1946 2708 2011 bona,
2746 1945 2859 2000 sive
2897 1958 3088 2013 magna
3126 1941 3241 1995 sive
3269 1955 3452 2010 parva,
3480 1939 3597 1993 sive
3625 1950 3824 1991 summa

2243 2041 2356 2095 sive
2385 2038 2564 2093 intima
2590 2052 2605 2103 ;
2637 2036 2749 2091 sive
2778 2050 2897 2106 quae
2918 2034 3184 2099 videntur,
3213 2031 3368 2087 sicuti
3397 2039 3523 2084 sunt
3556 2029 3755 2084 cmlum
3780 2036 3827 2079 et

2249 2140 2389 2187 terra
2435 2138 2490 2185 et
2524 2144 2691 2194 mare,
2729 2136 2784 2183 et
2817 2127 2867 2181 in
2894 2125 3035 2181 ctelo
3078 2124 3158 2178 sol
3190 2131 3244 2178 et
3272 2122 3417 2186 luna,
3460 2128 3517 2175 et
3549 2128 3744 2174 caétera
3773 2117 3831 2170 si-

2245 2222 2393 2287 dera,
2424 2221 2477 2274 in
2510 2229 2650 2275 terra
2691 2225 2868 2272 autem
2911 2226 2969 2271 et
3013 2214 3146 2269 mari
3185 2213 3405 2269 arbores
3446 2220 3501 2265 et
3540 2209 3762 2264 frutices
3785 2216 3831 2259 et

2247 2313 2496 2369 animalia
2527 2326 2636 2367 sua:
2659 2310 2919 2379 cujusque
2955 2317 3181 2370 natura),
3213 2314 3268 2360 et
3292 2303 3471 2358 omnia
3500 2315 3730 2370 corpora
3755 2298 3832 2351 vel

2249 2403 2486 2460 ccelestia
2511 2402 2596 2456 vel
2626 2400 2935 2461 terrestria;
2960 2398 3071 2452 sive
3101 2412 3222 2467 qua:
3255 2410 3361 2450 non
3384 2394 3655 2454 videntur,
3686 2389 3833 2444 siculi

2251 2502 2376 2550 sunt
2401 2492 2619 2563 spiritus
2653 2490 2844 2560 quibus
2872 2502 3097 2557 corpora
3133 2493 3449 2557 vegetantur
3491 2491 3547 2538 et
3574 2481 3835 2537 viviﬁcan-

2254 2594 2339 2640 tur
2366 2603 2379 2640 :
2407 2583 2529 2639 fecit
2556 2592 2612 2637 et
2637 2581 2905 2635 hominem
2932 2579 2996 2634 ad
3025 2578 3309 2648 imaginem
3341 2591 3527 2641 suam;
3572 2583 3633 2628 ut
3656 2587 3836 2642 quem-

2254 2678 2541 2733 admodum
2583 2676 2695 2747 ipse
2722 2690 2816 2745 per
2841 2671 3281 2742 omnipotentiam
3313 2684 3463 2725 suam
3501 2674 3701 2738 praeest
3725 2664 3839 2720 uni-

2256 2786 2425 2827 versa:
2462 2778 2740 2833 creaturae,
2784 2768 2859 2821 sic
2900 2766 3061 2820 homo
3101 2780 3195 2835 per
3226 2760 3628 2832 intelligentiam
3672 2772 3839 2818 suam,

2259 2878 2359 2933 qua
2389 2860 2549 2917 etiam
2579 2859 2887 2914 Creatorem
2916 2871 3069 2912 suum
3095 2854 3371 2925 cognoscit
3397 2862 3450 2907 et
3474 2850 3625 2913 colit,
3655 2860 3843 2919 przees-

2260 2964 2343 3011 set
2362 2955 2609 3008 omnibus
2634 2950 2863 3006 terrenis
2895 2946 3236 3003 animalibus.
3267 2944 3415 2999 Fecit
3450 2943 3524 2998 illi
3552 2943 3719 2998 etiam
3754 2938 3842 2993 ad-

2256 3046 2511 3117 jutorinm
2555 3042 2809 3099 feminam
2838 3058 2851 3093 :
2882 3054 2989 3095 non
3029 3038 3096 3092 ad
3142 3037 3414 3093 carnalem
3459 3032 3847 3102 concupiscen-

2264 3139 2414 3201 tiam,
2441 3133 2869 3207 quandoquidem
2911 3146 3011 3187 nec
3054 3128 3420 3198 corruptibilia
3461 3140 3689 3195 corpora
3731 3132 3849 3177 tunc

2268 3231 2551 3296 habebant,
2591 3238 2875 3297 antequam
2923 3239 3017 3279 eos
3053 3220 3350 3278 mortalitas
3380 3218 3659 3275 invaderet
3702 3230 3850 3287 paena

2268 3321 2505 3393 peccati;
2545 3317 2637 3375 sed
2682 3326 2740 3372 ut
2781 3316 3006 3371 haberet
3044 3322 3099 3369 et
3137 3314 3219 3368 vir
3264 3311 3487 3382 gloriam
3526 3309 3595 3364 de
3638 3307 3850 3368 femina,

2269 3431 2389 3471 cum
2426 3414 2473 3468 ei
2504 3414 2716 3484 przeirct
2741 3410 2807 3463 ad
2843 3408 3069 3473 Deum’,
3100 3420 3264 3476 seque
3308 3404 3382 3458 illi
3422 3401 3697 3473 przeberet
3738 3400 3854 3453 imi-

2271 3507 2489 3563 tandum
2528 3506 2578 3560 in
2610 3504 2890 3559 sanctitate
2928 3510 3087 3571 atque
3116 3498 3349 3571 pietate;
3394 3496 3533 3551 sicut
3573 3494 3693 3564 ipse
3722 3498 3857 3547 esset

2270 3600 2439 3671 gloria
2468 3597 2581 3661 Dei,
2613 3611 2733 3650 cum
2763 3595 2879 3665 ejus
2902 3593 3216 3663 sapientiam
3240 3598 3573 3661 sequeretur.

2346 3691 2435 3747 30.
2480 3691 2661 3760 Itaque
2685 3687 2964 3743 constituit
2988 3699 3082 3740 cos
3107 3684 3159 3738 in
3185 3683 3413 3753 quodam
3438 3681 3557 3735 loco
3586 3686 3859 3749 perpetua:

2277 3782 2656 3848 beatitudinis,
2703 3796 2861 3850 quem
2915 3778 3146 3848 appellat
3192 3775 3467 3845 Scriptura
3519 3772 3859 3843 paradisum;

2280 3884 2712 3946 praeceptumque
2756 3872 2858 3925 illis
2889 3870 3057 3936 dedit,
3105 3868 3247 3939 quod
3290 3867 3334 3921 si
3379 3881 3483 3921 non
3520 3863 3863 3935 transgrede—

2282 3976 2487 4033 rentur,
2521 3967 2573 4020 in
2600 3966 2690 4020 illa
2715 3979 2929 4034 semper
2956 3960 3367 4017 immortalitatis
3394 3958 3725 4015 beatitudine
3749 3974 3865 4029 per-

2284 4067 2564 4114 manerent
2588 4074 2600 4110 :
2628 4057 2671 4111 si
2697 4066 2872 4111 autem
2902 4052 3422 4123 transgrederentur,
3446 4050 3710 4121 supplicia
3738 4065 3869 4104 mor-

2287 4151 2505 4207 talitatis
2548 4148 2937 4219 expenderent.
2987 4144 3311 4201 Praesciebat
3349 4152 3528 4198 autem
3585 4143 3731 4198 Deus
3783 4156 3874 4197 eos

2288 4252 2717 4313 transgressuros
2742 4258 2753 4293 :
2781 4238 2877 4295 sed
2914 4248 3090 4292 tamen
3125 4235 3248 4306 quia
3280 4233 3525 4290 conditor
3552 4242 3637 4288 est
3664 4242 3721 4287 et
3751 4231 3877 4287 eﬂ‘e-

2289 4342 2406 4389 ctor
2430 4331 2606 4387 omnis
2631 4329 2779 4396 boni,
2822 4328 2991 4398 magis
3016 4340 3111 4381 eos
3138 4324 3280 4391 fecit,
3312 4322 3525 4394 quando
3558 4322 3683 4377 fecit
3707 4331 3764 4377 et
3790 4321 3878 4375 be-

2292 4425 2440 4491 stias,
2482 4431 2539 4478 ut
2576 4422 2823 4492 impleret
2867 4430 3065 4475 terram
3104 4419 3261 4473 bonis
3292 4419 3539 4472 terrenis.
3586 4416 3659 4472 Et
3696 4416 3881 4485 utique

2292 4518 2484 4573 melior
2520 4525 2602 4572 est
2645 4515 2806 4569 homo
2855 4515 3015 4568 etiam
3060 4520 3331 4581 peccator,
3376 4525 3535 4580 quam
3576 4509 3776 4564 bestia.
3818 4507 3883 4561 Et

2295 4618 2617 4680 praeceptum
2640 4606 2782 4677 quod
2806 4621 2910 4659 non
2939 4613 3091 4660 erant
3114 4601 3396 4668 servaturi,
3429 4600 3597 4670 magis
3624 4598 3799 4665 dedit,
3833 4610 3890 4650 ut

2294 4712 2476 4760 essent
2514 4701 2921 4765 inexcusabiles,
2948 4712 3067 4752 cum
3098 4697 3150 4751 in
3177 4710 3270 4750 eos
3294 4692 3567 4747 vindicare
3593 4693 3874 4761 cmpisset.

2295 4796 2560 4866 Quidquid
2600 4794 2742 4849 enim
2769 4792 2931 4845 homo
2970 4788 3179 4855 fecerit,
3214 4785 3535 4841 laudabilem
3566 4786 3620 4839 in
3665 4785 3785 4838 suis
3808 4783 3889 4837 fa-

2296 4891 2398 4945 ctis
2433 4888 2634 4943 invenit
2675 4886 2841 4939 Deum
2871 4901 2884 4937 :
2918 4884 2959 4938 si
2985 4890 3132 4938 recte
3161 4880 3350 4951 egerit,
3379 4877 3696 4934 laudabilem
3743 4876 3893 4930 inve-

2299 4982 2377 5037 nit
2420 4996 2514 5051 per
2546 4978 2804 5048 justitiam
2846 4975 3218 5046 prtemiorum;
3265 4972 3311 5027 si
3340 4969 3663 5043 peccaverit,
3706 4967 3903 5023 lauda-

2297 5075 2459 5131 bilem
2498 5072 2699 5126 invenit
2722 5068 3094 5140 pcrjustitiam
3132 5066 3553 5136 suppliciorum;
3595 5062 3641 5115 si
3674 5069 3905 5130 peccata

2299 5166 2578 5222 confessus
2599 5162 2664 5218 ad
2696 5171 2840 5217 recte
2869 5159 3156 5216 vivendum
3182 5157 3423 5222 redierit,
3448 5153 3775 5209 laudabilem
3817 5153 3908 5205 in-

2300 5258 2445 5313 venit
2492 5270 2587 5327 per
2626 5251 3048 5308 miscricordiam
3092 5248 3560 5319 indulgentiarum.
3608 5245 3722 5299 Cur
3772 5257 3914 5309 ergo

2303 5364 2406 5403 non
2431 5347 2629 5400 faceret
2654 5344 2789 5399 Deus
2813 5342 3105 5403 hominem,
3136 5338 3377 5410 quamvis
3403 5353 3523 5393 eum
3553 5346 3912 5405 peccaturum

2305 5447 2683 5512 prarttosceret,
2728 5453 2847 5491 cum
2889 5445 2943 5490 CI.
2988 5443 3218 5490 stantem
3261 5439 3563 5496 COI‘OIIIH'CI,
3606 5438 3664 5484 et
3702 5427 3921 5481 raden-

2306 5544 2411 5588 tem
2457 5531 2751 5595 ordinaret,
2800 5535 2855 5581 et
2896 5536 3202 5597 surgentem
3246 5523 3539 5594 adjuvaret,
3589 5534 3807 5590 semper
3850 5529 3922 5570 et

2306 5625 2500 5693 ubique
2541 5621 2655 5691 ipse
2701 5619 2964 5690 gloriosus
2993 5617 3248 5681 bonitate,
3308 5614 3533 5684 justitia,
3579 5608 3923 5666 clementia?

2307 5715 2537 5771 maxime
2564 5712 2685 5781 quia
2733 5718 2787 5765 et
2812 5708 2937 5764 illud
2969 5707 3302 5778 prazsciebat,
3340 5706 3407 5761 de
3435 5703 3729 5775 propagine
3759 5715 3929 5754 mor-

2373 5856 2387 5886 ι
2429 5861 2524 5899 am.
2554 5856 2604 5899 et
2625 5854 2721 5904 El‘.,
2747 5844 3055 5895 humanitate.

2373 5920 2389 5946 ²
2426 5923 2519 5971 tua,
2542 5902 2819 5959 dominium.
2850 5910 2963 5956 Editi
2990 5908 3086 5963 alii,
3112 5902 3378 5954 Caluinam.
3898 5916 3929 5940 ο
