4024 6506
334 478 419 530 533

330 588 513 642 talitatis
551 586 656 656 ejus
685 585 890 642 futuros
939 601 1168 652 sanctos,
1213 592 1299 661 qui
1348 607 1451 645 non
1496 592 1595 648 sibi
1641 613 1852 666 qua-re-

328 691 443 743 rent,
482 681 565 734 sed
588 678 819 734 Creatori
863 697 961 735 suo
998 685 1216 751 gloriam
1257 684 1469 747 darent,
1500 696 1551 739 et
1590 704 1711 743 eum
1758 706 1852 745 co-

324 770 459 824 lendo
503 770 566 824 ab
606 772 741 823 omni
797 775 1134 842 corruptione
1186 775 1412 843 liberati,
1463 792 1584 831 cum
1638 782 1857 851 Angelis

322 863 492 915 sanctis
522 876 722 930 semper
749 863 928 919 vivere
977 875 1030 919 et
1077 866 1229 922 beate
1266 869 1442 924 vivere
1486 877 1854 928 mererentur?

319 952 401 1016 Qui
419 951 548 1005 enim
578 951 872 1006 hominibus
897 953 1041 1009 dedit
1074 956 1298 1012 liberum
1333 960 1630 1029 arbitrium,
1663 973 1720 1018 ut
1747 981 1850 1018 non

320 1043 471 1096 servili
495 1043 815 1108 necessitate,
862 1046 953 1100 sed
983 1047 1207 1116 ingenua
1240 1050 1507 1106 voluntate
1554 1054 1718 1109 Deum
1756 1071 1852 1110 co-

316 1135 478 1196 lcrent,
499 1132 635 1187 dedit
668 1134 826 1188 etiam
855 1137 1088 1206 Angelis.
1121 1139 1185 1192 Et
1230 1139 1347 1192 ideo
1372 1157 1472 1196 nec
1495 1144 1735 1212 angelus,
1763 1149 1851 1215 qui

315 1237 417 1277 cum
447 1225 703 1294 spiritibus
730 1227 851 1280 aliis
893 1229 1210 1285 satellitibus
1240 1233 1350 1286 suis
1379 1235 1732 1302 superbiendo
1755 1236 1853 1292 de-

311 1313 454 1367 seruit
479 1313 823 1369 obedientiam
849 1317 963 1384 Dei,
991 1328 1044 1372 et
1072 1319 1314 1375 diabolus
1337 1322 1502 1378 factus
1523 1334 1624 1390 est,
1653 1329 1851 1397 aliquid

312 1404 464 1455 nocuit
488 1403 604 1465 Deo,
635 1404 729 1458 sed
758 1406 860 1460 sibi
892 1423 905 1460 :
941 1409 1088 1462 novit
1127 1411 1269 1464 enim
1312 1412 1446 1467 Deus
1483 1415 1729 1472 ordinare
1754 1418 1851 1473 de-

307 1501 515 1546 serentes
538 1508 592 1547 se
619 1495 826 1548 animas
849 1496 946 1566 (a),
975 1507 1028 1552 et
1062 1515 1126 1553 ex
1154 1514 1334 1554 earum
1359 1504 1499 1570 justa
1528 1506 1738 1560 miseria
1764 1508 1849 1563 in-

307 1579 498 1636 feriores
541 1592 710 1649 partes
763 1596 1023 1641 creaturae
1070 1603 1180 1643 sure
1231 1593 1753 1651 convenientissiniis
1796 1608 1850 1653 et

305 1671 759 1740 mugruentissimis
812 1676 1013 1745 legibus
1064 1679 1391 1736 adn‘iirandae
1436 1684 1849 1754 dispensationis

301 1763 519 1816 omare‘.
541 1761 714 1833 Itaque
748 1781 846 1820 nec
872 1767 1120 1822 diabolus
1144 1772 1338 1840 aliquid
1364 1773 1474 1828 Deo
1500 1778 1697 1842 nocuit,
1726 1780 1846 1847 quia

303 1851 370 1904 vel
392 1853 492 1920 ipse
511 1854 684 1922 lapsus
707 1867 816 1922 est,
847 1858 930 1912 vel
962 1860 1228 1916 hominem
1259 1864 1466 1920 seduxit
1487 1867 1554 1922 ad
1580 1879 1803 1925 mortem
1829 1888 1842 1925 :

297 1959 380 1997 nec
412 1945 516 2012 ipse
554 1947 709 2001 homo
754 1949 805 2002 in
837 1950 1016 2020 aliquo
1040 1953 1228 2008 minuit
1256 1958 1532 2013 veritatem
1569 1970 1656 2013 aut
1688 1973 1843 2030 pote-

299 2045 463 2090 statem
496 2049 582 2092 aut
608 2039 917 2097 beatitatem
951 2045 972 2074 ²
1003 2045 1308 2102 Conditoris
1347 2035 1448 2116 sui,
1487 2053 1608 2122 quia
1634 2055 1842 2126 conjugi

292 2142 385 2179 sua:
405 2127 667 2183 seductzea
693 2132 932 2198 diabolo,
961 2134 1025 2189 ad
1057 2136 1107 2189 id
1141 2139 1281 2206 quod
1313 2141 1450 2196 Deus
1472 2144 1838 2215 prohibuerat,

296 2219 474 2284 propria
522 2221 796 2277 voluntate
847 2228 1137 2280 consensit.
1183 2229 1501 2287 Justis~zimis
1547 2237 1689 2290 enim
1745 2238 1838 2293 Dei

291 2307 462 2378 legibus
487 2325 671 2368 omnes
698 2315 943 2370 damnati
969 2328 1112 2384 sunt,
1151 2321 1258 2375 Deo
1294 2322 1527 2393 glorioso
1553 2343 1646 2396 per
1674 2331 1843 2398 aequi-

291 2411 425 2457 tatem
470 2405 737 2474 vindictae,
795 2409 896 2479 ipsi
945 2412 1283 2481 ignominiosi
1324 2431 1420 2486 per
1460 2421 1839 2487 turpitudinem

288 2507 433 2559 pana:
459 2494 600 2565 (Gen.
632 2514 690 2563 ιι,
721 2500 812 2568 ιιι)
843 2517 857 2554 :
887 2511 1020 2556 utet
1047 2503 1204 2558 homo
1233 2519 1264 2558 a
1293 2519 1390 2559 suo
1412 2504 1662 2564 Creatore
1684 2526 1837 2566 aver-

286 2596 366 2636 sus
384 2586 536 2640 victus
565 2587 788 2642 diabolo
813 2583 1150 2658 subderetur,
1181 2603 1238 2649 et
1274 2594 1516 2651 diabolus
1545 2599 1741 2654 homini
1773 2603 1836 2656 ad

288 2671 555 2731 Creatorem
596 2694 763 2733 suum
793 2696 1055 2738 converso
1091 2685 1385 2740 vincendos
1419 2701 1834 2758 proponeretur;

288 2769 336 2814 nt
360 2765 648 2837 quicumque
687 2770 915 2825 diabolo
959 2789 1128 2843 usque
1174 2777 1224 2828 in
1266 2777 1422 2831 ﬁnem
1452 2783 1830 2848 eonseutit'cnt,

281 2867 388 2907 cum
415 2856 495 2910 illo
519 2857 648 2912 irent
677 2861 735 2914 in
770 2872 968 2916 a:terna
997 2865 1250 2934 supplicia
1274 2883 1288 2930 ;
1312 2867 1632 2938 quicumque
1653 2885 1832 2927 autem

277 2942 577 3002 huntiliarent
617 2965 680 3003 se
728 2951 866 3015 Deo,
909 2963 963 3005 et
1003 2968 1096 3021 per
1145 2955 1260 3024 ejus
1297 2958 1521 3024 gratiam
1563 2960 1832 3016 diabolum

275 3030 531 3097 vincerent,
560 3047 771 3092 :rterna
811 3043 1026 3108 pra-mia
1053 3056 1405 3099 mererentur.

328 3122 534 3182 CAPUT
572 3128 721 3184 XIX.
754 3161 830 3170 —
853 3132 942 3186 51.
985 3133 1053 3186 In
1095 3133 1325 3188 Ecclesia
1368 3139 1484 3193 boni
1517 3149 1561 3194 et
1599 3142 1737 3208 ntali,
1777 3145 1833 3198 in

265 3211 355 3277 ﬁne
381 3220 661 3284 separandi.
697 3219 947 3275 Civitates
973 3221 1090 3277 duae
1117 3225 1179 3278 ab
1206 3225 1350 3280 initio
1376 3231 1570 3297 generis
1603 3232 1827 3287 humani.

263 3300 494 3358 Diluvium
528 3316 577 3360 et
603 3325 732 3362 arca
748 3321 1143 3366 sacramentum.
1175 3313 1252 3367 De
1273 3315 1558 3373 Abraltamo
1591 3330 1638 3373 et
1661 3320 1832 3377 Israe-

260 3391 378 3446 litico
416 3399 621 3466 populo.
675 3399 890 3454 Horum
936 3402 1071 3456 dicta
1117 3415 1163 3457 et
1205 3409 1360 3478 facta.
1407 3411 1672 3480 prophetia
1710 3415 1824 3482 luit.

255 3479 413 3552 Neque
456 3487 558 3542 hoc
603 3505 707 3545 nos
756 3506 978 3548 movere
1020 3492 1209 3560 debet;
1256 3498 1375 3566 quia
1422 3501 1576 3554 multi
1617 3479 1829 3561 diabolo

255 3579 586 3647 consentiunt,
619 3591 675 3636 et
703 3583 867 3652 pauci
911 3585 1073 3639 Deum
1117 3598 1450 3658 sequuntur:
1481 3592 1600 3660 quia
1639 3604 1691 3648 et
1716 3594 1828 3650 fru-

251 3677 460 3723 mentum
499 3671 552 3724 in
598 3675 1014 3743 comparatione
1045 3677 1316 3745 palearum
1343 3681 1495 3736 valde
1523 3685 1824 3752 pauciorem

250 3753 388 3810 habet
410 3775 721 3817 numerum.
763 3763 872 3819 Sed
914 3765 1056 3820 sicut
1083 3767 1314 3836 agricola
1351 3770 1498 3825 novit
1519 3772 1642 3842 quid
1672 3773 1826 3831 faciat

243 3846 300 3901 de
331 3849 520 3920 ingenti
548 3869 760 3910 acervo
788 3855 976 3924 paleae,
1012 3857 1090 3912 sic
1115 3859 1246 3912 nihil
1287 3868 1370 3914 est
1408 3862 1517 3917 Deo
1543 3864 1824 3921 multitudo

244 3951 585 4009 peccatorum,
624 3945 725 4015 qui
770 3946 918 4000 novit
967 3947 1092 4016 quid
1139 3948 1208 4003 de
1249 3950 1354 4005 illis
1391 3961 1530 4022 agat,
1564 3965 1620 4008 ut
1654 3957 1823 4010 admi-

239 4027 458 4085 nistratio
482 4035 637 4103 regni
673 4037 799 4104 ejus
825 4050 891 4090 ex
909 4037 1051 4090 nulla
1087 4049 1234 4107 parte
1263 4039 1504 4096 turbetur
1524 4053 1682 4116 atque
1710 4055 1822 4100 tur-

239 4127 390 4182 petur.
430 4121 548 4178 Nec
577 4125 711 4180 ideo
745 4127 1015 4196 putandus
1056 4139 1139 4184 est
1167 4131 1357 4187 vicisse
1399 4133 1660 4202 diabolus,
1698 4142 1817 4209 quia

232 4221 389 4264 secum
431 4213 645 4282 plures,
689 4230 818 4270 cum
858 4218 1052 4286 quibus
1085 4235 1116 4273 a
1151 4223 1330 4290 paucis
1373 4225 1692 4294 vinceretur,
1734 4241 1818 4285 at-

233 4301 390 4354 traxit.
431 4303 562 4359 Duae
611 4307 806 4376 itaque
840 4309 1104 4377 civitates,
1147 4327 1250 4366 una
1286 4314 1606 4385 iniquorum,
1650 4320 1814 4375 altera

224 4409 536 4471 sanctorum,
569 4405 647 4462 ab
673 4405 831 4459 initio
858 4407 1072 4476 generis
1111 4408 1330 4463 humani
1363 4427 1527 4482 usque
1567 4413 1621 4468 in
1657 4415 1814 4472 linem

225 4493 384 4546 seculi
415 4495 823 4563 perducuntur,
871 4513 1011 4552 nunc
1056 4499 1330 4568 permixta:
1358 4505 1687 4572 corporibus,
1719 4508 1814 4562 sed

223 4581 573 4641 voluntatibus
599 4595 900 4656 separate,
934 4588 985 4642 in
1017 4587 1104 4644 die
1136 4605 1266 4644 vero
1288 4591 1471 4660 judicii
1502 4596 1660 4650 etiam
1696 4613 1814 4652 cor-

222 4684 332 4733 pore
362 4677 722 4746 separandm.
765 4677 967 4734 Omnes
996 4681 1138 4734 enim
1183 4681 1429 4739 homines
1455 4697 1696 4744 amantes
1726 4705 1812 4744 su-

214 4761 432 4825 perbiam
461 4777 522 4820 et
565 4769 931 4836 temporalem
963 4769 1380 4828 dominationem
1410 4790 1532 4830 cum
1569 4795 1704 4834 vano
1727 4791 1810 4853 ty-

214 4852 305 4917 pho
322 4865 377 4909 et
399 4873 608 4928 pompa
634 4860 986 4930 arrogantiae,
1015 4878 1310 4933 omnesque
1329 4866 1546 4936 Spiritus
1567 4871 1656 4940 qui
1689 4852 1807 4928 talia

209 4941 436 5013 diligunt,
469 4957 529 5003 et
553 4949 798 5019 gloriam
829 4965 982 5006 suam
1007 4953 1339 5022 subiectione
1368 4959 1640 5015 hominum
1665 4979 1808 5032 quae-

207 5046 335 5101 runt,
375 5043 541 5096 simul
592 5059 711 5098 una
753 5044 1014 5102 societate
1053 5046 1286 5104 devincti
1329 5063 1482 5118 sunt;
1529 5057 1623 5112 sed
1669 5069 1722 5113 et
1761 5063 1803 5115 si

203 5128 366 5196 saepe‘
401 5131 717 5188 adversum
749 5149 809 5190 se
840 5151 935 5205 pro
974 5137 1056 5192 his
1092 5139 1251 5195 rebus
1279 5141 1547 5210 dimicant,
1580 5149 1695 5218 pari
1725 5161 1803 5204 ta-

202 5232 310 5272 men
356 5223 619 5289 pondere
668 5225 977 5294 cupiditatis
1023 5229 1077 5283 in
1116 5231 1360 5288 eamdem
1393 5234 1801 5304 profunditatem

197 5311 625 5382 pmcipitantur,
663 5324 722 5369 et
745 5316 844 5371 sibi
886 5333 1092 5374 morum
1122 5329 1176 5376 et
1209 5325 1517 5381 meritorum
1559 5329 1803 5385 similitu-

191 5399 304 5454 dine
353 5405 807 5475 conjunguntur.
866 5407 936 5462 Et
985 5425 1172 5466 rursus
1220 5427 1407 5468 omnes
1458 5416 1700 5473 homines
1747 5430 1799 5475 et

190 5502 369 5547 omnes
392 5497 641 5565 spiritus
679 5497 952 5554 humiliter
982 5501 1073 5554 Dei
1101 5502 1320 5572 gloriam
1343 5520 1664 5576 quaerentes,
1694 5527 1796 5566 non

184 5594 347 5651 suam,
385 5598 446 5642 et
487 5603 632 5643 eum
665 5589 864 5658 pietate
906 5602 1192 5661 sectantes,
1236 5595 1304 5650 ad
1335 5613 1491 5652 unam
1534 5602 1798 5670 pertinent

235 5734 250 5799 ξ
285 5734 390 5799 Sola
416 5737 590 5789 editio
607 5745 752 5799 Lov.,
777 5740 1024 5792 ordinare.

231 5796 251 5873 ζ
551 5796 950 5873 ψει-..αιιίιιιιιιμ
963 5811 1059 5873 aut
1077 5803 1361 5858 (restitutam.

232 5855 250 5931 ξ
278 5863 416 5931 μιᾳ,
433 5855 686 5911 ’ἀειοὶητιὲ
708 5869 834 5931 sunt,
853 5870 906 5931 et
929 5855 971 5916 si
993 5879 1151 5929 swpe;
1172 5855 1362 5931 ouusso,
1390 5875 1487 5924 sed.

221 5915 294 5974 la)
329 5925 362 5968 ιι
390 5915 626 5974 [ξω-’λιι
677 5938 780 5985 cap.
814 5915 887 5974 l4.

1662 483 1859 541 LIBER
1901 488 1985 544 UN
1997 490 2094 546 US.

1962 607 2292 667 societatem.
2327 614 2390 668 Et
2413 624 2591 674 tamen
2618 622 2758 680 Deus
2792 626 3339 706 miscricordissimus,
3361 651 3414 698 et
3440 661 3535 700 su-

1961 709 2058 764 per
2083 699 2270 769 impios
2298 704 2540 764 homines
2567 715 2773 780 patiens
2802 729 2902 788 est,
2942 733 2995 778 et
3028 729 3227 795 pnebet
3257 699 3338 788 eis
3364 738 3534 802 paui-

1962 789 2140 843 tentiae
2163 801 2319 862 atque
2339 802 2682 858 correctionis
2708 806 2902 864 locum.

2030 877 2118 932 52.
2157 880 2288 938 Nam
2335 895 2390 940 et
2415 890 2555 957 quod
2583 907 2768 948 omnes
2805 897 3010 956 diluvio
3050 904 3267 972 delevit,
3305 926 3531 985 excepto

1961 982 2066 1022 uno
2086 969 2230 1038 justo
2255 988 2374 1028 cum
2401 979 2530 1044 suis,
2559 998 2691 1050 quos
2717 985 2773 1038 in
2793 1002 2915 1043 area
2941 997 3138 1049 servari
3164 999 3346 1067 voluit,
3370 969 3533 1061 nove-

1958 1067 2042 1113 rat
2070 1062 2282 1130 quidem
2308 1069 2448 1136 quod
2470 1086 2574 1126 non
2604 1089 2664 1128 se
2689 1083 2981 1136 eorrecturi
3009 1097 3190 1142 essent
3216 1108 3229 1143 :
3257 1107 3528 1151 verumta-

1959 1165 2078 1204 men
2109 1167 2229 1207 cum
2269 1171 2363 1226 per
2390 1168 2601 1217 centum
2627 1175 2799 1222 annos
2823 1184 2944 1226 arca
2975 1171 3223 1233 fabricata
3249 1192 3352 1249 est,
3385 1201 3522 1255 pra:-

1956 1239 2234 1300 dicabatur
2295 1249 2476 1320 utique
2524 1255 2605 1310 eis
2666 1257 2742 1312 ira
2799 1261 2895 1316 Dei
2950 1276 3169 1324 ventura
3225 1239 3408 1344 super:
3434 1295 3528 1338 eos

1957 1328 2107 1400 (Gen.
2144 1349 2216 1400 vt,
2251 1338 2381 1407 vn);
2409 1348 2466 1395 et
2506 1343 2552 1397 si
2584 1357 3023 1409 converterentur
3047 1358 3063 1389 ¹
3094 1360 3159 1414 ad
3189 1328 3376 1432 Deu‘m,
3406 1383 3527 1437 par-

1956 1431 2102 1478 ceret
2137 1425 2235 1491 eis,
2264 1428 2398 1485 sicut
2429 1438 2664 1504 pepercit
2699 1452 2877 1508 postea
2908 1445 3094 1504 Ninive
3127 1451 3326 1510 civitati
3352 1425 3526 1528 agenti

1955 1515 2340 1584 paenitentiam,
2373 1538 2492 1577 cum
2528 1527 2575 1580 ei
2606 1543 2702 1596 per
2736 1533 3044 1601 pr0phetam
3102 1539 3331 1598 futurum
3371 1515 3527 1604 inter-

1954 1604 2082 1659 itum
2111 1615 2512 1676 prsenuntiasset
2545 1617 2714 1687 (J0me
2735 1630 2834 1692 ιιι).
2867 1626 2978 1682 Hoc
3000 1643 3176 1687 autem
3213 1636 3334 1692 facit
3363 1639 3522 1702 Deus.

1951 1696 2111 1750 etiam
2140 1700 2241 1753 illis
2265 1719 2397 1772 quos
2424 1708 2570 1763 novit
2607 1711 2658 1764 in
2690 1716 2887 1771 malitia
2925 1735 3355 1787 perseveraturos
3389 1732 3524 1788 dans

1952 1787 2242 1854 paenitendi
2264 1796 2512 1862 Spatium,
2538 1809 2594 1852 ut
2617 1814 2850 1859 nostram
2875 1810 3174 1876 patientiam
3199 1832 3444 1875 exerceat
3468 1836 3523 1876 et

1952 1875 2197 1935 informet
2222 1887 2465 1955 exemplo
2493 1905 2625 1958 suo;
2667 1912 2770 1962 quo
2797 1902 3103 1958 noverimus
3140 1921 3393 1976 quantum
3422 1932 3520 1969 nos

1949 1979 2191 2036 oporteat
2208 1974 2552 2034 tolerabiliter
2572 1985 2738 2040 malos
2760 1992 3042 2060 sustinere,
3066 1974 3185 2052 cum
3215 2001 3521 2070 ignoremus

1947 2061 2134 2127 quales
2163 2074 2342 2132 postea
2373 2071 2528 2125 futuri
2571 2085 2712 2142 sunt,
2744 2083 2954 2147 quando
2996 2085 3084 2140 ille
3113 2061 3280 2157 parcit
3317 2103 3371 2148 et
3396 2097 3521 2153 sinit

1947 2164 2040 2203 eos
2067 2152 2264 2217 vivere,
2312 2174 2468 2226 quem
2508 2163 2635 2216 nihil
2673 2167 2966 2226 futurorum
3008 2175 3153 2232 latet.
3183 2179 3516 2241 Pracnuutia-

1949 2240 2103 2296 batur
2142 2256 2315 2300 tamen
2363 2253 2521 2306 etiam
2571 2256 2751 2312 diluvii
2803 2277 3138 2321 sacramento
3180 2285 3284 2340 quo
3329 2291 3422 2342 per
3460 2278 3521 2331 li-

1945 2345 2102 2399 gnum
2137 2335 2265 2403 justi
2296 2339 2500 2396 liberati
2545 2357 2688 2410 sunt,
2734 2348 2908 2406 futura
2950 2355 3186 2412 Ecclesia
3226 2378 3384 2430 quam
3423 2382 3516 2422 rex

1944 2422 2061 2491 ejus
2093 2434 2147 2480 et
2183 2427 2321 2484 Deus
2344 2430 2586 2488 Christus
2612 2443 2867 2508 mysterio
2907 2459 3017 2498 sua:
3059 2450 3234 2504 crucis
3263 2453 3331 2507 ab
3359 2455 3516 2525 hujus

1944 2515 2123 2568 saeculi
2167 2517 2532 2577 submersioue
2583 2531 2878 2596 suSpendit.
2933 2534 3116 2604 Neque
3175 2542 3318 2595 enim
3376 2545 3516 2600 Deus

1944 2601 2217 2671 ignorabat
2241 2611 2383 2678 quod
2414 2615 2574 2668 etiam
2597 2631 2660 2670 ex
2695 2619 2796 2673 illis
2825 2624 2913 2690 qui
2939 2601 3150 2682 fuerant
3175 2630 3227 2683 in
3256 2647 3379 2688 arca
3403 2649 3516 2691 ser-

1943 2695 2066 2758 vati,
2098 2700 2349 2754 nascituri
2379 2715 2529 2758 erant
2556 2708 2704 2774 ntali,
2736 2711 2824 2779 qui
2858 2711 3044 2769 faciem
3083 2727 3238 2774 terra:
3264 2721 3514 2793 iniquita-

1943 2783 2081 2839 tibus
2104 2787 2292 2843 iterum
2331 2791 2654 2862 implcrent:
2687 2800 2779 2853 sed
2821 2812 2994 2859 tamen
3021 2817 3074 2860 ct
3105 2783 3406 2882 exemplum
3433 2815 3514 2869 fu-

1941 2877 2044 2929 turi
2079 2877 2264 2944 judicii
2319 2882 2481 2948 dedit,
2528 2895 2581 2939 et
2631 2899 2934 2947 sanctorum
2979 2877 3342 2956 liberationem
3385 2905 3513 2975 ligni

1939 2970 2195 3036 mysterio
2217 2976 2609 3039 praenuntiavit.
2641 2979 2773 3034 Nam
2813 2995 2868 3037 et
2894 2995 3011 3054 post
3047 2987 3160 3043 haec
3197 3007 3302 3046 non
3331 2970 3510 3051 cessa~

1936 3058 2012 3111 vit
2038 3061 2357 3129 repullulare
2397 3067 2594 3121 malitia
2623 3086 2716 3139 per
2754 3076 3056 3142 superbiam
3089 3090 3141 3134 et
3182 3082 3430 3141 libidines
3457 3098 3513 3143 et

1936 3151 2144 3208 illicitas
2190 3155 2507 3224 impietates,
2557 3176 2677 3216 cum
2726 3163 2970 3222 homines
3013 3170 3226 3227 deserto
3259 3173 3512 3234 Creatore

1935 3258 2054 3309 suo,
2096 3261 2202 3300 non
2242 3250 2414 3303 solum
2455 3251 2522 3306 ad
2561 3266 2860 3312 creaturam
2904 3275 3062 3329 quam
3102 3265 3242 3342 Deus
3273 3269 3512 3326 condidit

1934 3335 2068 3404 lapsi
2097 3346 2242 3402 sunt,
2275 3350 2332 3394 ut
2352 3355 2448 3410 pro
2477 3345 2584 3398 Deo
2613 3346 2854 3402 colerent
2886 3351 3028 3419 quod
3055 3340 3182 3409 fecit
3212 3356 3387 3425 Deus;
3415 3361 3508 3416 sed

1931 3427 2091 3480 etiam
2131 3429 2198 3483 ad
2238 3446 2402 3502 opera
2441 3450 2694 3490 manuum
2726 3437 3000 3496 hominum
3043 3453 3100 3500 et
3135 3447 3203 3501 ad
3237 3447 3507 3508 fabrorum

1930 3519 2154 3574 artiﬁcia
2178 3536 2538 3581 curvaverunt
2557 3529 2762 3585 animas
2782 3547 2925 3594 suas.
2959 3536 3047 3590 ubi
3072 3537 3140 3592 de
3167 3540 3272 3596 illis
3301 3546 3514 3614 turpius

1931 3607 2170 3665 diabolus
2194 3621 2249 3667 et
2273 3613 2530 3670 dmmonia
2555 3619 2974 3690 triumpharent;
3003 3642 3120 3696 qua:
3146 3643 3206 3683 se
3227 3631 3281 3685 in
3312 3607 3506 3691 talibus

1931 3700 2196 3769 ﬁgmentis
2216 3703 2423 3760 adorari
2453 3710 2804 3780 venerarique
2828 3713 3097 3784 laetantur,
3127 3719 3256 3776 dum
3279 3738 3497 3782 errores

1928 3805 2056 3846 suos
2085 3792 2330 3850 humanis
2356 3801 2629 3855 erroribus
2656 3816 2878 3871 pascunt
2895 3808 2938 3861 ³.

1998 3883 2090 3938 55.
2130 3883 2312 3956 Neque
2343 3896 2464 3943 tunc
2503 3905 2632 3945 sane
2655 3891 2938 3950 defuerunt
2959 3897 3086 3967 justi
3115 3902 3205 3970 qui
3233 3903 3395 3960 Deum
3419 3909 3504 3978 pie

1925 3985 2250 4045 quaererent,
2280 3989 2335 4032 et
2377 3983 2678 4051 superbiam
2706 3987 2906 4044 diaboli
2942 3991 3236 4060 vincerent,
3267 3996 3412 4052 cives
3437 3999 3500 4054 il-

1927 4069 2030 4122 lius
2056 4079 2255 4125 sancta:
2294 4072 2542 4140 civitatis,
2585 4092 2719 4146 quos
2762 4082 2902 4150 regis
2927 4085 3010 4137 sui
3051 4085 3246 4142 Christi
3280 4101 3501 4148 ventura

1925 4161 2196 4217 humilitas
2236 4179 2330 4232 per
2373 4165 2626 4235 Spiritum
2668 4171 2902 4228 revelata
2945 4178 3172 4233 sanavit.
3205 4179 3280 4234 Ex
3310 4183 3501 4251 quibus

1925 4253 2190 4308 Abraham
2209 4256 2327 4324 pius
2342 4267 2395 4312 et
2407 4257 2576 4315 ﬁdelis
2593 4261 2684 4315 Dei
2696 4277 2882 4320 servus
2899 4267 3099 4323 electus
3111 4280 3191 4325 est
3207 4271 3360 4342 (Cen.
3375 4275 3496 4348 xu),

1921 4344 2003 4398 cui
2025 4344 2486 4403 demonstraretur
2503 4365 2892 4412 sacramentum
2915 4358 3032 4414 Filii
3059 4360 3175 4426 Dei,
3201 4374 3258 4419 ut
3281 4378 3498 4438 propter

1919 4433 2270 4492 imitationem
2303 4440 2425 4495 ﬁdei
2449 4457 2637 4499 omnes
2664 4445 2846 4502 ﬁdeles
2871 4452 3108 4508 omnium
3131 4433 3494 4524 gentium-ﬁlii

1919 4525 2036 4595 ejus
2074 4526 2235 4583 futuri
2275 4530 2596 4588 dicerentur.
2638 4535 2721 4590 Ex
2763 4539 2854 4592 illo
2899 4551 3053 4596 natus
3081 4532 3166 4600 est
3207 4551 3434 4618 populus
3461 4569 3490 4605 τι

1916 4631 2024 4686 quo
2060 4634 2197 4674 unus
2235 4620 2374 4676 Deus
2417 4639 2572 4678 verus
2613 4626 2878 4683 coleretur
2909 4632 2998 4701 qui
3041 4632 3165 4689 fecit
3205 4639 3400 4695 caelum
3439 4651 3492 4696 et

1917 4714 2146 4775 terram,
2173 4724 2292 4766 cum
2322 4722 2530 4769 castam
2567 4725 2752 4785 gentes
2790 4720 3092 4778 simulacris
3124 4734 3179 4780 et
3215 4728 3495 4786 dtemoniis

1915 4802 2191 4856 servirent.
2221 4802 2276 4857 In
2305 4821 2372 4860 eo
2399 4807 2554 4875 plane
2585 4811 2780 4878 populo
2803 4813 2972 4868 multo
2994 4816 3292 4873 evidentius
3317 4821 3490 4877 futura

1915 4891 2152 4948 Ecclesia
2178 4893 2399 4965 ﬁgurata
2429 4907 2530 4953 est.
2563 4900 2688 4954 Erat
2714 4903 2857 4956 enim
2890 4905 2958 4958 ibi
2986 4908 3269 4965 multitudo
3303 4927 3490 4968 carna-

1914 4983 1998 5044 lis,
2045 5001 2164 5054 qua:
2208 4997 2424 5056 propter
2469 4990 2696 5045 visibilia
2743 4991 2998 5049 beneﬁcia
3050 4998 3257 5053 colebat
3299 5001 3488 5058 Deum.

1914 5075 2076 5129 Erant
2102 5077 2170 5130 ibi
2197 5088 2371 5133 autem
2403 5081 2552 5147 pauci
2584 5080 2815 5136 futuram
2845 5086 3081 5154 requiem
3112 5089 3406 5158 cogitantes
3433 5108 3491 5149 et

1909 5165 2178 5220 cmlestem
2228 5169 2451 5236 patriam
2490 5171 2840 5239 requirentes,
2885 5175 3076 5243 quibus
3119 5183 3488 5249 prophetado

1912 5253 2245 5309 revelabatur
2291 5255 2462 5311 futura
2506 5258 2778 5315 humilitas
2829 5262 2945 5326 Dei,
2994 5267 3131 5336 regis
3175 5278 3229 5324 et
3277 5271 3484 5328 Domini

1908 5345 2073 5397 nostri
2106 5343 2236 5399 Jesu
2263 5345 2480 5413 Christi,
2513 5358 2570 5403 ut
2611 5364 2710 5418 per
2744 5367 2863 5408 eam
2903 5353 3060 5411 ﬁdem
3105 5359 3173 5412 ab
3211 5364 3356 5418 omni
3385 5379 3482 5422 su—

1908 5435 2085 5503 perbia
2114 5443 2172 5490 et
2199 5445 2406 5493 tumore
2431 5451 2764 5498 sanarentur.
2806 5445 3004 5502 Horum
3033 5459 3362 5521 sanctorum,
3390 5461 3478 5527 qui

1905 5536 2291 5593 praecesserunt
2331 5537 2568 5598 tempore
2614 5534 2942 5592 nativitatem
2986 5539 3216 5608 Domini,
3247 5559 3353 5600 non
3395 5562 3479 5600 so-

1905 5617 2014 5672 lum
2041 5633 2240 5683 sermo,
2269 5619 2363 5676 sed
2383 5622 2542 5676 etiam
2566 5625 2692 5691 vita,
2714 5636 2766 5682 et
2792 5629 3059 5700 conjugia,
3088 5642 3141 5687 et
3163 5635 3279 5699 ﬁlii,
3311 5646 3366 5691 et
3397 5639 3475 5691 fa-

1903 5717 2006 5772 eta,
2055 5708 2330 5776 prophetia
2374 5711 2470 5766 fuit
2521 5713 2675 5784 hujus
2715 5721 2994 5788 temporis,
3035 5737 3140 5791 quo
3188 5739 3284 5793 per
3317 5727 3474 5783 ﬁdem

1967 5821 1980 5850 ¹
2003 5825 2074 5866 Er.
2100 5828 2150 5868 et
2171 5826 2303 5882 Lov.,
2329 5831 2378 5874 ut
2396 5823 2438 5875 si
2460 5836 2862 5880 converteretur.
2884 5843 2979 5882 Am.
3010 5841 3055 5883 et
3081 5840 3204 5894 λιες»,
3226 5841 3273 5884 et
3295 5836 3340 5886 si
3361 5849 3473 5887 con-

1906 5892 1956 5929 υθ
1961 5894 1982 5926 Γ
1986 5887 2196 5931 terentur
2224 5918 2236 5930 .

1967 5944 1984 5972 ³
2020 5941 2328 5996 t'loriacensis
2348 5947 2541 5999 cuidam
2564 5956 2664 6006 Ms,
2693 5950 2904 6002 miscent.
