4024 6498
564 505 630 554 ’ἲῆ
1356 488 1458 544 DE
1495 481 2041 543 CATEClllZ.\NDIS
2076 480 2397 543 RUDIBUS.
2436 482 2492 537 S.
2535 481 2906 540 AUGUSTINI

526 614 785 683 passionis
817 608 1009 665 Christi
1047 622 1111 661 ex
1152 602 1401 675 gentibus
1448 608 1800 671 congregatur
1829 595 2094 651 Ecclesia.

527 705 628 759 Per
660 703 779 757 illos
827 708 1037 753 sanctos
1087 694 1421 751 Patriarchas
1458 701 1512 746 et
1560 690 1851 759 Prophetas
1895 685 2097 741 carnali

527 794 721 866 populo
750 791 929 855 lsrael,
958 790 1047 859 qui
1076 797 1257 858 postea
1294 785 1455 840 etiam
1483 782 1651 838 Judzei
1674 779 1917 850 appellati
1952 787 2095 841 sunt,

522 898 575 942 et
605 885 827 940 visibilia
857 881 1113 939 beneﬁcia
1142 876 1576 933 ministrabantur
1603 888 1721 944 quae
1759 871 2042 927 earnaliter
2070 884 2098 921 a

526 975 752 1031 Domino
776 972 1169 1034 desiderabant,
1206 978 1259 1023 et
1287 966 1639 1023 coercitiones
1667 977 1940 1032 pcenarum
1982 974 2099 1012 cor-

524 1069 784 1140 poralium
814 1065 1005 1136 quibus
1044 1078 1143 1133 pro
1169 1071 1407 1129 tempore
1449 1064 1793 1119 terrerentur,
1837 1054 1971 1106 sicut
2008 1067 2099 1104 eo-

526 1178 642 1216 rum
679 1159 889 1215 duritiae
924 1155 1264 1226 congruebat.
1305 1152 1371 1205 Et
1409 1150 1462 1204 in
1507 1149 1589 1203 his
1634 1154 1807 1200 tamen
1852 1142 2099 1197 omnibus

526 1253 778 1325 mysteria
798 1248 1091 1321 spiritualia
1118 1243 1566 1315 signiﬁcabantur,
1588 1254 1707 1309 quae
1731 1236 1797 1291 ad
1832 1234 2097 1325 (Zhristum

523 1324 593 1399 et,
626 1341 917 1400 Ecclesiam
966 1338 1292 1408 pertinerent
1321 1351 1333 1386 ε
1362 1332 1513 1402 cujus
1558 1328 1811 1383 Ecclesia:
1859 1324 2099 1379 membra

524 1446 677 1490 erant
717 1434 877 1489 etiam
910 1431 985 1486 illi
1017 1427 1208 1492 sancti,
1252 1424 1493 1495 quamvis
1537 1424 1590 1477 in
1620 1421 1717 1475 hac
1759 1420 1867 1472 vita
1906 1418 2101 1472 fuerint

523 1535 811 1595 antequam
854 1519 1148 1576 secundum
1191 1531 1406 1572 carnem
1444 1513 1688 1569 Christus
1718 1510 1975 1565 Dominus
2008 1524 2102 1562 na-

522 1626 777 1673 sceretur.
821 1614 938 1684 Ipse
979 1612 1122 1668 enim
1167 1609 1469 1679 unigenitus
1500 1605 1594 1659 Dei
1640 1604 1823 1667 Filius,
1867 1601 2098 1656 Verbum

524 1708 714 1771 Patris,
763 1704 967 1775 aquale
1003 1710 1057 1757 et
1095 1708 1418 1755 coaaternum
1462 1696 1625 1762 Patri,
1663 1710 1758 1765 per
1782 1691 1921 1763 quod
1964 1691 2099 1745 facta

523 1809 646 1855 sunt
677 1799 875 1863 omnia,
919 1797 1083 1850 homo
1113 1802 1329 1865 propter
1372 1805 1469 1845 nos
1510 1789 1682 1844 factus
1709 1795 1811 1853 est,
1859 1796 1913 1839 ut
1943 1786 2102 1838 totius

525 1889 779 1945 Ecclesia:
823 1897 1071 1955 tanquam
1104 1884 1265 1938 totius
1308 1880 1549 1949 corporis
1591 1886 1749 1947 caput
1784 1884 1945 1931 esset.
1995 1873 2100 1929 Sed

524 1983 666 2036 velut
700 1986 843 2034 totus
872 1978 1031 2030 homo
1069 1974 1199 2029 dum
1246 1972 1501 2034 nascitur,
1544 1968 1752 2023 etiamsi
1796 1980 2012 2019 manum
2047 1964 2099 2018 in

523 2070 789 2127 nascendo
814 2066 1122 2138 prmmittat,
1166 2074 1343 2118 tamen
1372 2062 1618 2115 universo
1652 2058 1861 2128 corpori
1892 2056 1991 2109 sub
2021 2071 2103 2109 ca-

522 2164 628 2233 pite
669 2162 948 2229 conjuncta
988 2167 1147 2227 atque
1188 2164 1463 2224 compacta
1508 2160 1610 2217 est,
1647 2148 2095 2221 quemadmodum

521 2255 681 2308 etiam
713 2251 954 2306 nonnulli
980 2250 1031 2303 in
1063 2248 1191 2317 ipsis
1222 2244 1546 2301 Patriarchis
1566 2243 1632 2298 ad
1660 2242 1813 2312 hujus
1837 2241 1998 2310 ipsius
2025 2240 2102 2295 rei

522 2346 729 2415 signum
758 2357 915 2397 manu
948 2339 1216 2409 prmmissa
1256 2337 1363 2391 nati
1392 2345 1517 2390 sunt
1546 2333 1848 2404 (Gen.xxv,
1867 2332 1962 2401 25)
1988 2349 1999 2385 :
2031 2332 2102 2386 ita

522 2448 709 2489 omnes
730 2434 899 2487 sancti
930 2430 1017 2499 qui
1058 2439 1180 2483 ante
1212 2427 1417 2482 Domini
1446 2426 1610 2481 nostri
1636 2425 1763 2480 Jesu
1784 2425 1979 2479 Christi
2006 2439 2101 2477 na-

520 2528 775 2581 tivitatem
809 2525 859 2577 in
892 2522 1049 2577 terris
1076 2519 1309 2586 fuerunt,
1347 2518 1590 2589 quamvis
1631 2526 1756 2571 ante
1800 2516 1907 2570 nati
1953 2524 2098 2583 sunt,

521 2628 697 2672 tamen
736 2615 984 2669 universo
1026 2611 1260 2682 corpori,
1306 2610 1457 2681 cujus
1491 2610 1579 2665 ille
1618 2619 1779 2679 caput
1818 2619 1896 2663 est
1919 2609 1959 2672 ¹,
2001 2607 2102 2661 sub

521 2711 692 2778 capite
717 2707 1075 2761 cohaeserunt.

593 2798 821 2854 CAPUT
839 2796 1034 2852 XX.—
1055 2796 1144 2851 54.
1167 2793 1521 2849 lsraelitarum
1546 2790 1754 2845 servitus
1778 2791 1829 2843 in
1846 2788 2096 2860 lEgpr,

518 2901 564 2946 et
590 2890 817 2945 liberatio
844 2888 1020 2956 viaque
1046 2902 1135 2956 per
1158 2901 1298 2939 mare
1320 2884 1570 2938 Rubrum.
1603 2881 1889 2951 Baptismus
1911 2882 2105 2950 ﬁgura-

523 2993 623 3035 tus.
649 2981 768 3034 Ovis
787 2978 1064 3033 immolatio
1091 2977 1338 3046 passionis
1363 2973 1549 3029 Christi
1574 2976 1759 3043 ﬁgura.
1784 2973 1891 3027 Lex
1911 2974 2102 3044 scripta

521 3072 679 3141 digito
704 3069 821 3123 Dei.
848 3068 1135 3121 Jerusalem
1167 3079 1314 3137 typus
1346 3065 1559 3119 civitatis
1598 3064 1827 3117 caelestis.
1869 3064 2102 3134 Populus

521 3178 649 3232 ergo
668 3160 758 3215 ille
778 3158 983 3214 delatus
1002 3158 1054 3211 in
1071 3156 1381 3227 Egyptum,
1408 3156 1624 3210 servivit
1654 3156 1761 3224 rogi
1791 3154 2097 3219 durissimo;

520 3263 575 3309 et
599 3250 926 3323 gravissimis
956 3250 1223 3304 laboribus
1249 3249 1520 3311 eruditus,
1552 3246 1797 3317 quaesivit
1844 3246 2099 3301 liberato-

520 3362 635 3401 rem
684 3345 850 3399 Deum
884 3360 898 3395 :
929 3352 983 3397 et
1018 3343 1207 3397 missus
1232 3350 1317 3395 est
1347 3342 1422 3393 eis
1453 3354 1589 3393 unus
1617 3339 1685 3394 de
1710 3339 1825 3409 ipso
1855 3338 2051 3408 populo
2081 3378 2097 3405 ,

520 3444 735 3491 sanctus
762 3434 853 3488 Dei
878 3449 1063 3487 servus
1092 3431 1298 3501 Moyses
1316 3471 1329 3493 ,
1355 3430 1444 3499 qui
1472 3431 1522 3483 in
1554 3430 1748 3483 virtute
1774 3428 1868 3483 Dei
1896 3428 2101 3499 magnis

474 3544 489 3549 ί
520 3526 793 3584 miraculis
820 3534 1028 3580 terrens
1059 3532 1184 3577 tunc
1218 3523 1434 3590 impiam
1462 3531 1672 3592 gentem
1704 3519 2097 3591 Aigyptiorum,

521 3618 707 3674 eduxit
742 3616 867 3671 inde
908 3615 1157 3685 populum
1208 3612 1303 3666 Dei
1352 3627 1446 3681 per
1494 3628 1640 3667 mare
1687 3610 1959 3675 Rubrum;
2010 3611 2099 3665 ubi

521 3709 803 3765 discedens
850 3722 982 3778 aqua
1030 3708 1168 3761 viam
1211 3706 1433 3774 prmbuit
1460 3705 1854 3759 transeuntibus
1887 3720 1900 3756 :
1933 3702 2099 3775 Egy-

521 3802 612 3871 ptii
660 3810 837 3855 autem
866 3814 986 3853 cum
1017 3813 1110 3852 eos
1141 3805 1589 3866 persequerentur
1608 3838 1624 3863 ,
1667 3796 2012 3851 redeuntibus
2042 3796 2098 3851 in

517 3910 577 3948 se
603 3893 849 3948 ﬂuctibus
871 3889 1106 3946 demersi
1144 3888 1389 3943 exstincti
1433 3898 1575 3942 sunt.
1628 3888 1703 3942 Ita
1748 3888 2097 3958 quemadmo-

516 3986 643 4040 dum
673 4001 765 4055 per
797 3984 1049 4039 diluvium
1082 3982 1233 4051 aquis
1274 3989 1412 4034 terra
1452 3988 1669 4049 purgata
1696 3990 1779 4033 est
1805 3994 1834 4032 a
1865 3978 2096 4048 nequitia

520 4087 853 4148 peccatorum
873 4117 889 4141 ,
922 4075 1010 4143 qui
1040 4084 1162 4127 tunc
1188 4076 1240 4126 in
1268 4074 1354 4125 illa
1378 4072 1723 4126 inundatione
1750 4070 1915 4126 deleti
1948 4080 2093 4138 sunt,

520 4180 574 4225 et
598 4168 725 4237 justi
759 4175 1045 4222 evaserunt
1072 4181 1163 4233 per
1189 4165 1385 4232 lignum
1416 4180 1429 4215 :
1460 4163 1537 4217 sic
1561 4179 1630 4218 ex
1657 4161 1889 4233 Egypto
1913 4162 2098 4217 exiens

521 4262 746 4332 populus
783 4260 899 4325 Dei,
931 4274 1024 4327 per
1046 4271 1215 4326 aquas
1241 4256 1339 4310 iter
1370 4256 1605 4319 invenit,
1642 4256 1836 4326 quibus
1862 4257 2095 4325 ipsorum

520 4356 702 4409 hostes
747 4352 1044 4420 consumpti
1095 4356 1238 4403 sunt.
1291 4347 1399 4402 Nec
1447 4348 1518 4401 ibi
1557 4347 1725 4402 defuit
1758 4348 1888 4417 ligni
1918 4360 2097 4400 sacra-

520 4454 777 4499 mentum.
803 4442 933 4497 Nam
958 4443 1099 4511 virga
1127 4440 1387 4509 percussit
1415 4438 1653 4510 Moyses,
1683 4450 1740 4493 ut
1766 4438 1895 4493 illud
1925 4439 2094 4491 mira-

517 4536 693 4590 culum
722 4534 890 4587 lieret.
925 4532 1216 4601 Utrumque
1249 4530 1454 4601 signum
1482 4541 1566 4585 est
1599 4532 1766 4613 sancti
1795 4530 2052 4599 Baptismi
2076 4569 2092 4593 ,

524 4644 618 4696 per
644 4626 786 4698 quod
835 4626 1016 4680 lideles
1061 4624 1111 4679 in
1142 4640 1334 4679 novam
1370 4624 1531 4678 vitam
1562 4632 1854 4690 transeunt,
1878 4632 2094 4695 peccata

517 4735 645 4773 vero
665 4732 851 4773 eorum
876 4725 1124 4785 tanquam
1164 4714 1361 4769 inimici
1384 4713 1637 4769 delentur
1659 4724 1819 4784 atque
1850 4715 2092 4769 moriun-

517 4824 621 4869 tur.
647 4811 898 4883 Apertius
925 4821 1101 4863 autem
1128 4808 1322 4863 Christi
1350 4808 1523 4876 passio
1548 4809 1599 4861 in
1620 4806 1713 4861 illo
1742 4808 1934 4877 populo
1964 4806 2095 4875 ligu-

518 4917 628 4960 rata
650 4912 757 4970 est,
782 4917 904 4959 cum
925 4900 1058 4971 jussi
1084 4908 1209 4955 sunt
1229 4914 1384 4954 ovem
1410 4897 1655 4953 occidere
1673 4906 1729 4953 et
1748 4898 2091 4965 manducare,

512 5008 566 5052 et
588 4998 657 5052 de
683 4996 938 5067 sanguine
964 4994 1082 5062 ejus
1107 5000 1284 5063 postes
1313 5005 1439 5045 suos
1465 4989 1697 5059 signare,
1723 4998 1779 5044 et
1811 4988 1916 5043 hoc
1948 4988 2092 5043 cele-

516 5091 669 5143 brare
695 5089 838 5143 omni
866 5101 1028 5149 anno,
1058 5094 1114 5139 et
1137 5082 1408 5155 appellare
1433 5080 1634 5135 Pascha
1664 5079 1893 5134 Domini.
1925 5079 2095 5134 Mani-

513 5179 793 5234 lestissime
810 5178 1003 5247 quippe
1028 5175 1303 5245 prophetia
1327 5174 1347 5204 ³
1368 5172 1433 5227 de
1463 5171 1687 5227 Domino
1719 5170 1844 5225 Jesu
1870 5169 2085 5225 Christo

513 5270 660 5334 dicit,
692 5270 811 5338 quia
848 5278 1084 5336 tanquam
1114 5268 1220 5321 ovis
1268 5266 1338 5319 ad
1382 5264 1750 5319 immolandum
1799 5263 1980 5317 ductus
2020 5273 2093 5317 est

517 5360 668 5432 (Isai.
699 5375 807 5426 LIII,
830 5361 908 5429 7).
931 5360 1093 5427 Cujus
1122 5358 1383 5428 passionis
1404 5367 1458 5413 et
1476 5358 1652 5413 crucis
1672 5358 1824 5427 signo
1845 5358 1897 5410 in
1919 5356 2092 5410 lronte

514 5452 670 5508 hodie
711 5462 957 5519 tanquam
1010 5450 1061 5502 in
1115 5459 1269 5518 poste
1321 5449 1609 5518 signandus
1650 5464 1744 5516 es,
1796 5463 2091 5517 omnesque

512 5540 795 5597 Christiani
825 5540 1120 5610 signantur.

582 5634 670 5689 55.
704 5630 833 5686 inde
868 5645 967 5700 per
990 5629 1257 5683 desertum
1284 5630 1507 5698 populus
1533 5631 1622 5686 ille
1646 5630 1836 5687 ductus
1860 5639 1962 5699 est,
1992 5646 2091 5702 per

508 5726 850 5797 quadraginta
897 5737 1066 5777 annos
1111 5721 1317 5790 accepit
1355 5724 1514 5777 etiam
1558 5725 1729 5794 legem
1788 5724 1952 5796 digito
1994 5725 2087 5780 Dei

572 5864 590 5896 ί
629 5873 724 5911 Am.
755 5869 806 5911 et
829 5869 957 5919 tltss.,
980 5859 1209 5922 cujusque
1224 5856 1309 5910 ille
1330 5865 1475 5922 caput
1503 5865 1591 5910 est.

572 5926 590 5958 ¹
623 5924 713 5975 soli
740 5926 875 5986 editi,
898 5924 1143 5987 propheta.

3686 482 3791 537 336

2214 600 2465 665 scriptam
2492 595 2684 667 (Exod.
2716 614 2851 663 i-xx,
2881 612 3021 653 χχιιι
3046 637 3060 661 ,
3090 612 3276 663 xxxiv;
3304 595 3464 650 Nunt.
3489 611 3595 663 xw,
3619 596 3720 659 35,
3745 607 3790 649 et

2206 687 2354 742 Deut.
2380 703 2523 753 xxix,
2554 688 2631 759 5),
2657 704 2762 758 quo
2791 689 3004 744 nomine
3033 689 3362 759 signiﬁcatur
3395 688 3627 758 Spiritus
3664 703 3791 742 ssn-

2204 788 2357 845 ctus,
2397 780 2532 834 sicut
2575 780 2625 834 in
2672 780 2955 850 Evangelia
3009 780 3443 835 manifestissime
3486 779 3791 833 declaratur

2207 869 2356 939 (Luc.
2387 886 2460 935 χι,
2488 870 2603 942 20).
2636 870 2820 940 Neque
2850 871 2991 925 enim
3021 872 3161 925 Deus
3186 870 3354 925 forma
3384 870 3628 940 corporis
3656 869 3791 923 deli-

2206 962 2344 1016 nitus
2383 972 2487 1027 est,
2521 978 2617 1017 nec
2646 963 2723 1017 sic
2752 963 2805 1015 in
2836 962 2927 1017 illo
2951 962 3189 1017 membra
3230 970 3284 1016 et
3321 962 3471 1031 digiti
3522 960 3788 1028 cogitandi

2176 1062 2346 1133 ‘sunt,
2370 1053 2816 1122 quemadmodum
2850 1052 3091 1108 videmus
3117 1052 3168 1105 in
3211 1052 3364 1105 nobis
3390 1068 3401 1104 :
3432 1051 3527 1106 sed
3547 1052 3670 1122 quia
3695 1066 3791 1120 per

2205 1143 2458 1212 Spiritum
2486 1156 2725 1198 sanctum
2751 1144 2886 1198 dona
2910 1144 3000 1198 Dei
3018 1144 3215 1199 sanctis
3235 1143 3561 1209 dividuntur,
3589 1152 3648 1197 ut
3667 1159 3789 1197 cum

2204 1236 2411 1291 diversa
2459 1246 2698 1305 possunt,
2750 1253 2854 1290 non
2906 1246 3081 1292 tamen
3123 1236 3403 1292 discedant
3437 1250 3466 1289 a
3502 1235 3789 1291 concordia

2204 1328 2499 1393 charitatis,
2529 1328 2581 1382 in
2608 1328 2785 1398 digitis
2810 1337 2985 1383 autem
3028 1328 3261 1384 maxime
3288 1334 3509 1398 apparet
3544 1326 3788 1397 quaedam

2204 1419 2413 1485 divisio,
2438 1436 2534 1475 nec
2556 1427 2729 1474 tamen
2751 1419 2819 1473 ab
2840 1420 3039 1473 unitate
3061 1420 3326 1491 praecisio;
3351 1419 3463 1473 sive
3485 1426 3788 1487 propterea,

2204 1511 2317 1564 sive
2370 1520 2588 1579 propter
2636 1510 2793 1563 aliam
2858 1524 3247 1579 quamcumque
3301 1523 3518 1563 causam
3563 1507 3792 1577 Spiritus

2205 1614 2421 1657 sanctus
2450 1603 2745 1673 appellatus
2770 1612 2846 1657 est
2876 1602 3071 1673 digitus
3110 1603 3239 1669 Dei,
3271 1618 3374 1657 non
3406 1611 3584 1656 tamen
3613 1641 3628 1666 ,
3670 1615 3791 1653 cum

2210 1694 2309 1748 hoc
2343 1693 2589 1748 audimus
2609 1736 2623 1758 ,
2659 1694 2873 1747 humani
2902 1693 3141 1763 corporis
3173 1692 3339 1747 forma
3374 1691 3662 1763 cogitanda
3690 1703 3790 1745 est.

2206 1787 2425 1854 Accepit
2452 1800 2580 1855 ergo
2611 1785 2699 1839 ille
2730 1786 2953 1855 populus
2983 1785 3151 1855 legem
3193 1784 3357 1853 digito
3398 1784 3494 1838 Dei
3534 1784 3790 1853 scriptam

2207 1877 2258 1930 in
2291 1877 2484 1931 tabulis
2511 1892 2638 1930 sane
2669 1877 2924 1947 lapideis,
2976 1877 3042 1931 ad
3094 1876 3496 1946 signiﬁcandam
3538 1876 3790 1931 duritiam

2206 1968 2383 2024 cordis
2409 1969 2642 2035 illorum,
2671 1968 2811 2039 quod
2845 1970 3012 2039 legem
3039 1984 3143 2023 non
3168 1976 3322 2023 erant
3346 1968 3640 2038 impleturi.
3660 1968 3795 2022 Cor-

2207 2060 2405 2130 poralia
2431 2060 2626 2130 quippe
2643 2060 2779 2113 dona
2802 2060 3166 2115 desiderantes
3180 2075 3209 2114 a
3230 2059 3474 2123 Domino,
3491 2060 3662 2129 magis
3678 2074 3796 2113 car-

2206 2153 2311 2206 nali
2336 2153 2525 2207 timore
2549 2167 2707 2222 quam
2730 2152 2991 2221 spirituali
3017 2152 3275 2206 charitate
3301 2152 3631 2207 tenebantur
3658 2168 3672 2204 :
3714 2151 3792 2205 le-

2206 2260 2326 2314 gem
2364 2254 2541 2297 autem
2591 2258 2697 2297 non
2752 2244 2935 2314 implet
2978 2244 3079 2298 nisi
3126 2244 3379 2298 charitas.
3433 2242 3558 2298 Ideo
3611 2244 3791 2298 multis

2207 2337 2557 2391 sacramentis
2584 2335 2878 2391 visibilibus
2902 2336 3108 2391 onerati
3136 2344 3294 2402 sunt,
3326 2350 3433 2406 quo
3457 2335 3641 2390 servili
3668 2335 3795 2404 jugo

2206 2436 2596 2497 premerentur,
2628 2427 2682 2481 in
2712 2426 3178 2482 observationibus
3199 2427 3439 2482 ciborum
3471 2435 3527 2481 et
3552 2428 3603 2480 in
3626 2428 3795 2481 sacri-

2210 2518 2341 2571 ﬁciis
2366 2518 2698 2583 animalium,
2725 2527 2779 2573 et
2801 2518 2852 2572 in
2881 2518 2999 2572 aliis
3020 2518 3499 2573 innumerabilibus
3531 2536 3544 2572 :
3569 2534 3690 2587 qua:
3713 2528 3795 2571 ta-

2206 2628 2329 2665 men
2372 2613 2520 2681 signa
2566 2620 2720 2666 erant
2755 2627 2933 2666 rerum
2978 2612 3338 2683 Spiritualium
3385 2611 3451 2666 ad
3506 2612 3789 2668 Dominum

2204 2702 2386 2758 Jesum
2418 2704 2686 2759 Christum
2709 2714 2763 2759 et
2791 2704 2857 2757 ad
2888 2704 3178 2759 Ecclesiam
3224 2705 3646 2774 pertinentium;
3678 2721 3796 2774 qua:

2208 2804 2333 2850 tunc
2361 2810 2388 2847 a
2431 2796 2612 2865 paucis
2654 2797 2851 2849 sanctis
2888 2802 2944 2850 et
2980 2794 3410 2865 intelligebantur
3446 2794 3513 2849 ad
3561 2793 3795 2849 fructum

2205 2886 2409 2949 salutis,
2441 2894 2495 2941 et
2519 2886 2939 2941 observabantur
2966 2886 3034 2940 ad
3058 2886 3460 2957 congruentiam
3492 2889 3752 2956 temporis
3775 2929 3792 2954 ,

2205 2991 2235 3029 a
2279 2977 2611 3031 multitudine
2636 2992 2764 3031 vero
2790 2977 3084 3031 carnalium
3129 2976 3497 3032 tantummodo
3539 2978 3796 3033 observa-

2207 3068 2418 3131 bantur,
2449 3083 2552 3121 non
2586 3068 3032 3138 intelligebantur.

2276 3160 2365 3217 36.
2410 3161 2513 3216 Per
2538 3162 2702 3215 multa
2735 3161 2911 3230 itaque
2940 3169 2993 3214 et
3020 3159 3161 3214 varia
3188 3160 3337 3230 signa
3373 3175 3552 3214 rerum
3594 3159 3795 3215 futura-

2205 3268 2344 3316 rum,
2379 3266 2512 3322 quas
2557 3252 2769 3321 longum
2796 3261 2877 3305 cst
2907 3265 3095 3304 omnes
3132 3264 3558 3305 commemorare
3579 3290 3594 3314 ν
3624 3259 3679 3305 ει
3705 3266 3797 3305 83$

2204 3359 2346 3399 nunc
2372 3344 2424 3397 in
2452 3342 2688 3397 Ecclesia
2715 3341 2953 3396 videmus
2981 3341 3228 3410 impleri,
3258 3340 3542 3412 perductus
3572 3351 3657 3397 est
3708 3343 3796 3397 ille

2204 3436 2429 3507 populus
2489 3436 2556 3489 ad
2599 3444 2795 3489 terram
2837 3434 3226 3505 promissionis,
3277 3434 3368 3489 ubi
3423 3437 3797 3505 temporaliter

2203 3528 2590 3598 carnaliterque
2615 3536 2861 3598 regnaret
2899 3542 2995 3596 pro
3033 3526 3192 3581 modo
3216 3527 3465 3582 desiderii
3492 3528 3575 3582 sui
3613 3529 3794 3598 :quod

2203 3627 2381 3674 tamen
2426 3634 2645 3688 regnum
2687 3627 2959 3673 terrenum
3000 3618 3146 3688 regni
3178 3617 3466 3687 spiritualis
3505 3619 3795 3689 imaginem

2201 3709 2463 3782 gessit.lbi
2481 3709 2772 3765 Jerusalem
2787 3708 2997 3764 condita
3015 3719 3098 3765 est
3116 3708 3465 3764 famosissima
3483 3710 3793 3777 civitasDei,

2201 3801 2444 3857 serviens
2472 3802 2523 3855 in
2551 3800 2701 3870 signo
2718 3800 2900 3856 libera:
2914 3800 3163 3865 civitatis,
3179 3816 3294 3870 quae
3310 3800 3541 3855 cmlestis
3572 3800 3795 3855 Jerusa-

2201 3893 2306 3949 lem
2345 3892 2537 3948 dicitur
2574 3890 2766 3965 (Galat.
2795 3907 2867 3955 tv,
2904 3892 2996 3959 25,
3023 3892 3139 3961 26),
3161 3891 3302 3961 quod
3340 3891 3558 3946 verbum
3586 3900 3669 3946 est
3704 3894 3797 3945 he-

2202 3985 2425 4052 brzeum,
2448 3995 2501 4039 et
2522 3984 2895 4053 interpretatur
2918 3982 3065 4037 Visio
3086 3982 3250 4052 pacis.
3290 3981 3455 4050 Cujus
3474 3982 3627 4037 cives
3670 3994 3795 4037 sunt

2201 4088 2391 4129 omnes
2412 4072 2726 4127 sanctiﬁcati
2750 4072 2995 4127 homines
3014 4073 3102 4142 qui
3132 4072 3371 4136 fuerunt,
3398 4083 3451 4127 et
3466 4073 3553 4142 qui
3574 4083 3722 4137 sunt,
3742 4085 3796 4129 et

2201 4166 2290 4236 qui
2331 4165 2491 4220 futuri
2534 4176 2691 4231 sunt;
2724 4176 2778 4221 et
2803 4181 2991 4220 omnes
3016 4166 3327 4221 sanctiliCati
3358 4166 3599 4235 Spiritus,
3628 4167 3793 4221 etiam

2201 4257 2520 4327 quicumque
2538 4258 2588 4311 in
2612 4257 2838 4311 excelsis
2858 4258 3119 4311 ccelorum
3140 4256 3378 4325 partibus
3397 4257 3479 4326 pia
3497 4256 3794 4315 devotione

2202 4350 2571 4420 obtemperant
2603 4350 2742 4415 Deo,
2772 4364 2871 4404 nec
2896 4350 3172 4403 imitantur
3215 4350 3430 4418 impiam
3468 4349 3671 4406 diaboli
3701 4368 3794 4406 su-

2202 4446 2439 4516 perbiam
2484 4452 2539 4499 et
2580 4444 2889 4514 angelorum
2927 4444 3064 4513 ejus.
3108 4443 3271 4512 Ilujus
3308 4444 3536 4498 civitatis
3579 4461 3674 4499 rex
3712 4455 3793 4499 est

2202 4537 2456 4591 Dominus
2498 4535 2652 4590 .lesus
2690 4534 2968 4600 Christus,
3002 4533 3235 4589 Verbum
3270 4534 3361 4589 Dei
3390 4550 3498 4604 quo
3528 4544 3793 4605 reguntur

2199 4627 2392 4682 summi
2422 4626 2608 4697 Angeli
2636 4666 2652 4691 ,
2685 4634 2741 4680 et
2769 4625 3001 4679 Verbum
3034 4624 3303 4680 hominem
3329 4640 3614 4680 assumens
3639 4636 3700 4680 ut
3725 4642 3790 4681 eo

2199 4727 2510 4788 regerentur
2537 4726 2592 4771 ct
2621 4717 2887 4783 homines,
2915 4716 3006 4786 qui
3047 4715 3206 4769 simul
3238 4730 3427 4771 omnes
3455 4731 3577 4769 cum
3607 4716 3703 4771 illo
3734 4718 3786 4770 in

2200 4818 2397 4863 :eterna
2429 4823 2557 4878 pace
2586 4808 2902 4878 regnabant.
2936 4807 3014 4860 Ad
3046 4807 3204 4875 hujus
3235 4808 3372 4877 regis
3398 4806 3790 4877 prmliguratio-

2199 4916 2319 4955 nem
2348 4900 2398 4953 in
2430 4902 2521 4954 illo
2544 4911 2756 4955 terreno
2792 4915 2960 4970 regno
2995 4899 3170 4969 populi
3202 4898 3362 4953 Israel
3396 4898 3635 4954 maxime
3656 4903 3792 4954 emi-

2200 4991 2314 5045 nuit
2356 5007 2449 5046 rex
2491 4990 2678 5056 David,
2706 4991 2773 5045 de
2799 4991 2953 5061 cujus
2992 4991 3199 5045 semine
3242 4989 3532 5043 secundum
3564 5006 3785 5045 carnem

2198 5084 2403 5138 veniret
2420 5084 2730 5137 verissimus
2753 5099 2849 5137 rex
2875 5091 3059 5137 noster
3076 5082 3331 5137 Dominus
3345 5082 3501 5137 Jesus
3516 5083 3786 5151 Christus,

2197 5176 2281 5244 qui
2309 5182 2381 5227 est
2408 5190 2561 5245 super
2589 5175 2759 5227 omnia
2795 5172 2933 5229 Deus
2968 5174 3254 5228 benedictus
3289 5174 3343 5227 in
3389 5177 3577 5228 secula
3608 5176 3786 5246 (Rom.

2197 5281 2272 5329 Ix,
2303 5266 2381 5335 5).
2412 5266 2573 5320 Multa
2604 5266 2657 5319 in
2688 5266 2775 5319 illa
2806 5274 2943 5320 terra
2986 5263 3354 5335 promissionis
3396 5275 3543 5336 gesta
3573 5276 3701 5321 sum
3738 5268 3791 5320 in

2199 5360 2417 5430 ﬁguram
2452 5360 2658 5414 venturi
2692 5359 2890 5414 Christi
2929 5368 2984 5413 et
3028 5359 3309 5423 Ecclesim,
3346 5374 3466 5429 qua:
3501 5360 3554 5414 in
3588 5363 3797 5417 sanctis

2197 5452 2373 5507 Libris
2398 5452 2651 5521 paulatim
2673 5452 2880 5506 discere
2908 5452 3123 5520 poteris.

2267 5543 2493 5599 CAPUT
2531 5543 2673 5598 XXI.
2700 5573 2769 5583 —
2796 5544 2881 5597 57.
2924 5542 3200 5611 Captivitas
3227 5541 3541 5611 Babylonica
3571 5552 3620 5596 et
3650 5544 3704 5595 in
3730 5559 3800 5597 ea

2197 5644 2335 5706 gesta
2373 5635 2493 5705 quid
2518 5635 2821 5705 signiﬁcent.
2874 5632 2997 5686 Post
3038 5634 3378 5703 captivitatem
3416 5630 3798 5701 Babylonicum

2198 5726 2399 5780 libertas
2424 5726 2588 5796 qualis
2604 5725 2822 5779 reddita.
2839 5725 2967 5779 Post
2990 5724 3191 5793 aliquot
3212 5733 3388 5777 tamen
3408 5725 3804 5793 generationes

2195 5821 2431 5876 ostendit
2472 5819 2635 5873 alium
2676 5828 2857 5890 typum
2900 5818 2963 5869 ad
2994 5833 3106 5871 rem
3141 5820 3370 5870 maxime
3401 5816 3802 5885 pertinentem.

2199 5914 2331 5968 Nam
2356 5914 2615 5983 captivata
2642 5922 2723 5967 est
2744 5912 2832 5965 illa
2854 5912 3061 5975 civitas,
3086 5919 3140 5963 et
3169 5908 3334 5963 multa
3364 5922 3488 5979 pars
3518 5908 3636 5979 ejus
3657 5907 3809 5963 edu-
