  <div class='ocr_page' id='page_1' title='image "/cluster/home/n/w/nwhite01/storage/ocr_20150623/40-41/uc1.31175026811482/176.png"; bbox 0 0 4072 6534; ppageno 0'>
   <div class='ocr_carea' id='block_1_1' title="bbox 348 438 461 492">
    <p class='ocr_par' dir='ltr' id='par_1_1' title="bbox 348 438 461 492">
     <span class='ocr_line' id='line_1_1' title="bbox 348 438 461 492; baseline -0.018 0"><span class='ocrx_word' id='word_1_1' title='bbox 348 438 461 492; x_wconf 68' lang='grc'><strong>337</strong></span> 
     </span>
    </p>
   </div>
   <div class='ocr_carea' id='block_1_2' title="bbox 343 544 1943 620">
    <p class='ocr_par' dir='ltr' id='par_1_2' title="bbox 343 544 1943 620">
     <span class='ocr_line' id='line_1_2' title="bbox 343 544 1943 620; baseline -0.003 -14"><span class='ocrx_word' id='word_1_2' title='bbox 343 560 436 606; x_wconf 83' lang='lat' dir='ltr'><strong>cta</strong></span> <span class='ocrx_word' id='word_1_3' title='bbox 462 551 514 605; x_wconf 94' lang='lat' dir='ltr'><strong>iu</strong></span> <span class='ocrx_word' id='word_1_4' title='bbox 544 546 910 620; x_wconf 76' lang='lat' dir='ltr'><strong>Babyloniam.</strong></span> <span class='ocrx_word' id='word_1_5' title='bbox 952 544 1103 602; x_wconf 89' lang='lat' dir='ltr'><strong>Sicut</strong></span> <span class='ocrx_word' id='word_1_6' title='bbox 1128 553 1307 601; x_wconf 89' lang='lat' dir='ltr'><strong>autem</strong></span> <span class='ocrx_word' id='word_1_7' title='bbox 1351 544 1647 601; x_wconf 82' lang='lat' dir='ltr'><strong>Jerusalem</strong></span> <span class='ocrx_word' id='word_1_8' title='bbox 1676 547 1943 618; x_wconf 91' lang='lat' dir='ltr'><strong>signiﬁcat</strong></span> 
     </span>
    </p>
   </div>
   <div class='ocr_carea' id='block_1_3' title="bbox 344 639 1942 711">
    <p class='ocr_par' dir='ltr' id='par_1_3' title="bbox 344 639 1942 711">
     <span class='ocr_line' id='line_1_3' title="bbox 344 639 1942 711; baseline -0.003 -12"><span class='ocrx_word' id='word_1_9' title='bbox 344 642 624 699; x_wconf 84' lang='lat' dir='ltr'><strong>civitatem</strong></span> <span class='ocrx_word' id='word_1_10' title='bbox 673 642 1093 711; x_wconf 72' lang='lat' dir='ltr'><strong>societatemque</strong></span> <span class='ocrx_word' id='word_1_11' title='bbox 1134 648 1471 704; x_wconf 86' lang='lat' dir='ltr'><strong>sanctorum;</strong></span> <span class='ocrx_word' id='word_1_12' title='bbox 1520 640 1598 696; x_wconf 84' lang='lat' dir='ltr'><strong>sic</strong></span> <span class='ocrx_word' id='word_1_13' title='bbox 1651 639 1942 711; x_wconf 79' lang='lat' dir='ltr'><strong>Babylonia</strong></span> 
     </span>
    </p>
   </div>
   <div class='ocr_carea' id='block_1_4' title="bbox 344 725 1941 801">
    <p class='ocr_par' dir='ltr' id='par_1_4' title="bbox 344 725 1941 801">
     <span class='ocr_line' id='line_1_4' title="bbox 344 725 1941 801; baseline -0.001 -18"><span class='ocrx_word' id='word_1_14' title='bbox 344 728 897 801; x_wconf 80' lang='lat' dir='ltr'><strong>signiﬁcatcivitatem</strong></span> <span class='ocrx_word' id='word_1_15' title='bbox 914 728 1333 797; x_wconf 72' lang='lat' dir='ltr'><strong>societatemque</strong></span> <span class='ocrx_word' id='word_1_16' title='bbox 1350 725 1673 796; x_wconf 91' lang='lat' dir='ltr'><strong>iniquorum,</strong></span> <span class='ocrx_word' id='word_1_17' title='bbox 1690 727 1941 796; x_wconf 90' lang='lat' dir='ltr'><strong>quoniam</strong></span> 
     </span>
    </p>
   </div>
   <div class='ocr_carea' id='block_1_5' title="bbox 341 817 1941 891">
    <p class='ocr_par' dir='ltr' id='par_1_5' title="bbox 341 817 1941 891">
     <span class='ocr_line' id='line_1_5' title="bbox 341 817 1941 891; baseline -0.001 -16"><span class='ocrx_word' id='word_1_18' title='bbox 341 821 547 876; x_wconf 83' lang='lat' dir='ltr'><strong>dicitur</strong></span> <span class='ocrx_word' id='word_1_19' title='bbox 572 820 912 891; x_wconf 88' lang='lat' dir='ltr'><strong>interpretari</strong></span> <span class='ocrx_word' id='word_1_20' title='bbox 941 818 1213 875; x_wconf 86' lang='lat' dir='ltr'><strong>Conlusio.</strong></span> <span class='ocrx_word' id='word_1_21' title='bbox 1245 819 1320 873; x_wconf 93' lang='lat' dir='ltr'><strong>De</strong></span> <span class='ocrx_word' id='word_1_22' title='bbox 1347 817 1540 888; x_wconf 86' lang='lat' dir='ltr'><strong>quibus</strong></span> <span class='ocrx_word' id='word_1_23' title='bbox 1568 818 1777 873; x_wconf 91' lang='lat' dir='ltr'><strong>duabus</strong></span> <span class='ocrx_word' id='word_1_24' title='bbox 1805 819 1941 873; x_wconf 82' lang='lat' dir='ltr'><strong>civi-</strong></span> 
     </span>
    </p>
   </div>
   <div class='ocr_carea' id='block_1_6' title="bbox 346 908 1940 981">
    <p class='ocr_par' dir='ltr' id='par_1_6' title="bbox 346 908 1940 981">
     <span class='ocr_line' id='line_1_6' title="bbox 346 908 1940 981; baseline -0.003 -14"><span class='ocrx_word' id='word_1_25' title='bbox 346 912 581 979; x_wconf 83' lang='lat' dir='ltr'><strong>tatibus,</strong></span> <span class='ocrx_word' id='word_1_26' title='bbox 612 912 682 968; x_wconf 88' lang='lat' dir='ltr'><strong>ab</strong></span> <span class='ocrx_word' id='word_1_27' title='bbox 722 910 945 966; x_wconf 84' lang='lat' dir='ltr'><strong>exordio</strong></span> <span class='ocrx_word' id='word_1_28' title='bbox 972 909 1186 981; x_wconf 82' lang='lat' dir='ltr'><strong>generis</strong></span> <span class='ocrx_word' id='word_1_29' title='bbox 1226 908 1445 964; x_wconf 83' lang='lat' dir='ltr'><strong>humani</strong></span> <span class='ocrx_word' id='word_1_30' title='bbox 1476 923 1643 979; x_wconf 90' lang='lat' dir='ltr'><strong>usque</strong></span> <span class='ocrx_word' id='word_1_31' title='bbox 1680 908 1735 963; x_wconf 90' lang='lat' dir='ltr'><strong>in</strong></span> <span class='ocrx_word' id='word_1_32' title='bbox 1777 909 1940 963; x_wconf 88' lang='lat' dir='ltr'><strong>ﬁnem</strong></span> 
     </span>
    </p>
   </div>
   <div class='ocr_carea' id='block_1_7' title="bbox 343 999 1944 1073">
    <p class='ocr_par' dir='ltr' id='par_1_7' title="bbox 343 999 1944 1073">
     <span class='ocr_line' id='line_1_7' title="bbox 343 999 1944 1073; baseline -0.002 -15"><span class='ocrx_word' id='word_1_33' title='bbox 343 1004 533 1058; x_wconf 68' lang='lat' dir='ltr'><strong>saeculi</strong></span> <span class='ocrx_word' id='word_1_34' title='bbox 566 1002 827 1073; x_wconf 83' lang='lat' dir='ltr'><strong>permixte</strong></span> <span class='ocrx_word' id='word_1_35' title='bbox 847 1003 863 1033; x_wconf 84' lang='grc'>¹</span> <span class='ocrx_word' id='word_1_36' title='bbox 892 1011 1191 1071; x_wconf 88' lang='lat' dir='ltr'><strong>temporum</strong></span> <span class='ocrx_word' id='word_1_37' title='bbox 1216 1000 1475 1056; x_wconf 82' lang='lat' dir='ltr'><strong>varietate</strong></span> <span class='ocrx_word' id='word_1_38' title='bbox 1502 999 1860 1066; x_wconf 89' lang='lat' dir='ltr'><strong>currentibus,</strong></span> <span class='ocrx_word' id='word_1_39' title='bbox 1888 1008 1944 1055; x_wconf 89' lang='lat' dir='ltr'><strong>et</strong></span> 
     </span>
    </p>
   </div>
   <div class='ocr_carea' id='block_1_8' title="bbox 347 1089 1943 1164">
    <p class='ocr_par' dir='ltr' id='par_1_8' title="bbox 347 1089 1943 1164">
     <span class='ocr_line' id='line_1_8' title="bbox 347 1089 1943 1164; baseline -0.001 -17"><span class='ocrx_word' id='word_1_40' title='bbox 347 1095 544 1149; x_wconf 86' lang='lat' dir='ltr'><strong>ultimo</strong></span> <span class='ocrx_word' id='word_1_41' title='bbox 564 1092 768 1164; x_wconf 90' lang='lat' dir='ltr'><strong>judicio</strong></span> <span class='ocrx_word' id='word_1_42' title='bbox 808 1092 1121 1164; x_wconf 83' lang='lat' dir='ltr'><strong>separandis</strong></span> <span class='ocrx_word' id='word_1_43' title='bbox 1144 1134 1161 1160; x_wconf 92' lang='lat'><strong>,</strong></span> <span class='ocrx_word' id='word_1_44' title='bbox 1201 1091 1363 1162; x_wconf 90' lang='lat' dir='ltr'><strong>paulo</strong></span> <span class='ocrx_word' id='word_1_45' title='bbox 1401 1100 1525 1145; x_wconf 89' lang='lat' dir='ltr'><strong>ante</strong></span> <span class='ocrx_word' id='word_1_46' title='bbox 1564 1090 1676 1161; x_wconf 88' lang='lat' dir='ltr'><strong>jam</strong></span> <span class='ocrx_word' id='word_1_47' title='bbox 1709 1089 1943 1145; x_wconf 82' lang='lat' dir='ltr'><strong>diximus</strong></span> 
     </span>
    </p>
   </div>
   <div class='ocr_carea' id='block_1_9' title="bbox 351 1182 1944 1258">
    <p class='ocr_par' dir='ltr' id='par_1_9' title="bbox 351 1182 1944 1258">
     <span class='ocr_line' id='line_1_9' title="bbox 351 1182 1944 1258; baseline -0.003 -17"><span class='ocrx_word' id='word_1_48' title='bbox 351 1185 506 1256; x_wconf 85' lang='lat' dir='ltr'><strong>(Cap.</strong></span> <span class='ocrx_word' id='word_1_49' title='bbox 534 1186 646 1258; x_wconf 90' lang='lat' dir='ltr'><strong>l9).</strong></span> <span class='ocrx_word' id='word_1_50' title='bbox 674 1184 765 1241; x_wconf 89' lang='lat' dir='ltr'><strong>illa</strong></span> <span class='ocrx_word' id='word_1_51' title='bbox 793 1200 923 1256; x_wconf 90' lang='lat' dir='ltr'><strong>ergo</strong></span> <span class='ocrx_word' id='word_1_52' title='bbox 951 1186 1230 1255; x_wconf 83' lang='lat' dir='ltr'><strong>captivitas</strong></span> <span class='ocrx_word' id='word_1_53' title='bbox 1266 1183 1564 1239; x_wconf 84' lang='lat' dir='ltr'><strong>Jerusalem</strong></span> <span class='ocrx_word' id='word_1_54' title='bbox 1605 1182 1857 1248; x_wconf 87' lang='lat' dir='ltr'><strong>civitatis,</strong></span> <span class='ocrx_word' id='word_1_55' title='bbox 1888 1189 1944 1237; x_wconf 93' lang='lat' dir='ltr'><strong>et</strong></span> 
     </span>
    </p>
   </div>
   <div class='ocr_carea' id='block_1_10' title="bbox 344 1273 1943 1347">
    <p class='ocr_par' dir='ltr' id='par_1_10' title="bbox 344 1273 1943 1347">
     <span class='ocr_line' id='line_1_10' title="bbox 344 1273 1943 1347; baseline -0.001 -18"><span class='ocrx_word' id='word_1_56' title='bbox 344 1277 440 1331; x_wconf 90' lang='lat' dir='ltr'><strong>ille</strong></span> <span class='ocrx_word' id='word_1_57' title='bbox 479 1276 707 1347; x_wconf 90' lang='lat' dir='ltr'><strong>populus</strong></span> <span class='ocrx_word' id='word_1_58' title='bbox 736 1275 790 1330; x_wconf 93' lang='lat' dir='ltr'><strong>in</strong></span> <span class='ocrx_word' id='word_1_59' title='bbox 820 1275 1165 1347; x_wconf 82' lang='lat' dir='ltr'><strong>Babyloniam</strong></span> <span class='ocrx_word' id='word_1_60' title='bbox 1192 1274 1386 1330; x_wconf 89' lang='lat' dir='ltr'><strong>ductus</strong></span> <span class='ocrx_word' id='word_1_61' title='bbox 1413 1274 1479 1329; x_wconf 89' lang='lat' dir='ltr'><strong>ad</strong></span> <span class='ocrx_word' id='word_1_62' title='bbox 1509 1274 1822 1329; x_wconf 86' lang='lat' dir='ltr'><strong>servitutem</strong></span> <span class='ocrx_word' id='word_1_63' title='bbox 1862 1273 1943 1328; x_wconf 91' lang='lat' dir='ltr'><strong>ire</strong></span> 
     </span>
    </p>
   </div>
   <div class='ocr_carea' id='block_1_11' title="bbox 338 1365 1944 1440">
    <p class='ocr_par' dir='ltr' id='par_1_11' title="bbox 338 1365 1944 1440">
     <span class='ocr_line' id='line_1_11' title="bbox 338 1365 1944 1440; baseline -0.001 -19"><span class='ocrx_word' id='word_1_64' title='bbox 338 1369 568 1439; x_wconf 69' lang='lat' dir='ltr'><strong>iubetur</strong></span> <span class='ocrx_word' id='word_1_65' title='bbox 596 1383 625 1422; x_wconf 91' lang='lat' dir='ltr'><strong>a</strong></span> <span class='ocrx_word' id='word_1_66' title='bbox 658 1368 887 1424; x_wconf 91' lang='lat' dir='ltr'><strong>Domino</strong></span> <span class='ocrx_word' id='word_1_67' title='bbox 922 1383 1022 1440; x_wconf 89' lang='lat' dir='ltr'><strong>per</strong></span> <span class='ocrx_word' id='word_1_68' title='bbox 1047 1367 1337 1423; x_wconf 90' lang='lat' dir='ltr'><strong>Jeremiam</strong></span> <span class='ocrx_word' id='word_1_69' title='bbox 1364 1366 1510 1421; x_wconf 90' lang='lat' dir='ltr'><strong>illius</strong></span> <span class='ocrx_word' id='word_1_70' title='bbox 1536 1365 1791 1436; x_wconf 88' lang='lat' dir='ltr'><strong>temporis</strong></span> <span class='ocrx_word' id='word_1_71' title='bbox 1818 1379 1944 1435; x_wconf 82' lang='lat' dir='ltr'><strong>pro-</strong></span> 
     </span>
    </p>
   </div>
   <div class='ocr_carea' id='block_1_12' title="bbox 350 1457 1943 1531">
    <p class='ocr_par' dir='ltr' id='par_1_12' title="bbox 350 1457 1943 1531">
     <span class='ocr_line' id='line_1_12' title="bbox 350 1457 1943 1531; baseline 0 -17"><span class='ocrx_word' id='word_1_72' title='bbox 350 1460 589 1529; x_wconf 87' lang='lat' dir='ltr'><strong>phetam.</strong></span> <span class='ocrx_word' id='word_1_73' title='bbox 623 1461 691 1517; x_wconf 86' lang='lat' dir='ltr'><strong>Et</strong></span> <span class='ocrx_word' id='word_1_74' title='bbox 723 1462 1051 1518; x_wconf 88' lang='lat' dir='ltr'><strong>exstiterunt</strong></span> <span class='ocrx_word' id='word_1_75' title='bbox 1078 1474 1233 1531; x_wconf 90' lang='lat' dir='ltr'><strong>reges</strong></span> <span class='ocrx_word' id='word_1_76' title='bbox 1269 1458 1596 1529; x_wconf 74' lang='lat' dir='ltr'><strong>Babyloniae,</strong></span> <span class='ocrx_word' id='word_1_77' title='bbox 1622 1457 1724 1514; x_wconf 87' lang='lat' dir='ltr'><strong>sub</strong></span> <span class='ocrx_word' id='word_1_78' title='bbox 1751 1458 1943 1529; x_wconf 87' lang='lat' dir='ltr'><strong>quibus</strong></span> 
     </span>
    </p>
   </div>
   <div class='ocr_carea' id='block_1_13' title="bbox 342 1549 1941 1622">
    <p class='ocr_par' dir='ltr' id='par_1_13' title="bbox 342 1549 1941 1622">
     <span class='ocr_line' id='line_1_13' title="bbox 342 1549 1941 1622; baseline -0.003 -15"><span class='ocrx_word' id='word_1_79' title='bbox 342 1552 427 1607; x_wconf 90' lang='lat' dir='ltr'><strong>illi</strong></span> <span class='ocrx_word' id='word_1_80' title='bbox 454 1553 780 1620; x_wconf 85' lang='lat' dir='ltr'><strong>serviebant,</strong></span> <span class='ocrx_word' id='word_1_81' title='bbox 809 1552 898 1622; x_wconf 91' lang='lat' dir='ltr'><strong>qui</strong></span> <span class='ocrx_word' id='word_1_82' title='bbox 938 1567 1003 1606; x_wconf 85' lang='lat' dir='ltr'><strong>ex</strong></span> <span class='ocrx_word' id='word_1_83' title='bbox 1033 1566 1221 1606; x_wconf 89' lang='lat' dir='ltr'><strong>eorum</strong></span> <span class='ocrx_word' id='word_1_84' title='bbox 1242 1550 1526 1606; x_wconf 88' lang='lat' dir='ltr'><strong>occasione</strong></span> <span class='ocrx_word' id='word_1_85' title='bbox 1545 1549 1799 1605; x_wconf 86' lang='lat' dir='ltr'><strong>commeti</strong></span> <span class='ocrx_word' id='word_1_86' title='bbox 1820 1549 1941 1619; x_wconf 87' lang='lat' dir='ltr'><strong>qui-</strong></span> 
     </span>
    </p>
   </div>
   <div class='ocr_carea' id='block_1_14' title="bbox 342 1642 1942 1714">
    <p class='ocr_par' dir='ltr' id='par_1_14' title="bbox 342 1642 1942 1714">
     <span class='ocr_line' id='line_1_14' title="bbox 342 1642 1942 1714; baseline -0.002 -16"><span class='ocrx_word' id='word_1_87' title='bbox 342 1644 575 1699; x_wconf 85' lang='lat' dir='ltr'><strong>busdam</strong></span> <span class='ocrx_word' id='word_1_88' title='bbox 600 1644 876 1700; x_wconf 88' lang='lat' dir='ltr'><strong>miraculis</strong></span> <span class='ocrx_word' id='word_1_89' title='bbox 896 1652 1280 1714; x_wconf 81' lang='lat' dir='ltr'><strong>cognoscerent</strong></span> <span class='ocrx_word' id='word_1_90' title='bbox 1308 1651 1363 1699; x_wconf 92' lang='lat' dir='ltr'><strong>et</strong></span> <span class='ocrx_word' id='word_1_91' title='bbox 1389 1644 1633 1699; x_wconf 90' lang='lat' dir='ltr'><strong>colerent</strong></span> <span class='ocrx_word' id='word_1_92' title='bbox 1660 1651 1717 1699; x_wconf 92' lang='lat' dir='ltr'><strong>et</strong></span> <span class='ocrx_word' id='word_1_93' title='bbox 1734 1642 1839 1697; x_wconf 93' lang='lat' dir='ltr'><strong>coli</strong></span> <span class='ocrx_word' id='word_1_94' title='bbox 1857 1643 1942 1712; x_wconf 89' lang='lat' dir='ltr'><strong>ju-</strong></span> 
     </span>
    </p>
   </div>
   <div class='ocr_carea' id='block_1_15' title="bbox 344 1736 1939 1807">
    <p class='ocr_par' dir='ltr' id='par_1_15' title="bbox 344 1736 1939 1807">
     <span class='ocr_line' id='line_1_15' title="bbox 344 1736 1939 1807; baseline -0.001 -16"><span class='ocrx_word' id='word_1_95' title='bbox 344 1740 541 1792; x_wconf 81' lang='lat' dir='ltr'><strong>berent</strong></span> <span class='ocrx_word' id='word_1_96' title='bbox 570 1753 734 1792; x_wconf 91' lang='lat' dir='ltr'><strong>unum</strong></span> <span class='ocrx_word' id='word_1_97' title='bbox 762 1753 947 1794; x_wconf 86' lang='lat' dir='ltr'><strong>verum</strong></span> <span class='ocrx_word' id='word_1_98' title='bbox 994 1737 1163 1792; x_wconf 89' lang='lat' dir='ltr'><strong>Deum</strong></span> <span class='ocrx_word' id='word_1_99' title='bbox 1184 1778 1199 1801; x_wconf 97' lang='lat'><strong>,</strong></span> <span class='ocrx_word' id='word_1_100' title='bbox 1229 1737 1319 1807; x_wconf 92' lang='lat' dir='ltr'><strong>qui</strong></span> <span class='ocrx_word' id='word_1_101' title='bbox 1360 1736 1600 1792; x_wconf 88' lang='lat' dir='ltr'><strong>condidit</strong></span> <span class='ocrx_word' id='word_1_102' title='bbox 1632 1738 1939 1791; x_wconf 89' lang='lat' dir='ltr'><strong>universam</strong></span> 
     </span>
    </p>
   </div>
   <div class='ocr_carea' id='block_1_16' title="bbox 339 1826 1941 1902">
    <p class='ocr_par' dir='ltr' id='par_1_16' title="bbox 339 1826 1941 1902">
     <span class='ocr_line' id='line_1_16' title="bbox 339 1826 1941 1902; baseline -0.001 -20"><span class='ocrx_word' id='word_1_103' title='bbox 339 1840 647 1884; x_wconf 88' lang='lat' dir='ltr'><strong>creaturam</strong></span> <span class='ocrx_word' id='word_1_104' title='bbox 679 1826 841 1902; x_wconf 89' lang='lat' dir='ltr'><strong>(Dan.</strong></span> <span class='ocrx_word' id='word_1_105' title='bbox 874 1844 1015 1896; x_wconf 80' lang='lat' dir='ltr'><strong>n-vt,</strong></span> <span class='ocrx_word' id='word_1_106' title='bbox 1047 1827 1178 1900; x_wconf 80' lang='lat' dir='ltr'><strong>xiv).</strong></span> <span class='ocrx_word' id='word_1_107' title='bbox 1209 1827 1352 1882; x_wconf 89' lang='lat' dir='ltr'><strong>Jussi</strong></span> <span class='ocrx_word' id='word_1_108' title='bbox 1382 1836 1509 1882; x_wconf 90' lang='lat' dir='ltr'><strong>sunt</strong></span> <span class='ocrx_word' id='word_1_109' title='bbox 1535 1838 1712 1883; x_wconf 88' lang='lat' dir='ltr'><strong>autem</strong></span> <span class='ocrx_word' id='word_1_110' title='bbox 1739 1838 1793 1882; x_wconf 89' lang='lat' dir='ltr'><strong>et</strong></span> <span class='ocrx_word' id='word_1_111' title='bbox 1816 1842 1941 1881; x_wconf 85' lang='lat' dir='ltr'><strong>ora-</strong></span> 
     </span>
    </p>
   </div>
   <div class='ocr_carea' id='block_1_17' title="bbox 343 1920 1937 1992">
    <p class='ocr_par' dir='ltr' id='par_1_17' title="bbox 343 1920 1937 1992">
     <span class='ocr_line' id='line_1_17' title="bbox 343 1920 1937 1992; baseline -0.002 -18"><span class='ocrx_word' id='word_1_112' title='bbox 343 1937 404 1977; x_wconf 90' lang='lat' dir='ltr'><strong>re</strong></span> <span class='ocrx_word' id='word_1_113' title='bbox 432 1936 531 1991; x_wconf 91' lang='lat' dir='ltr'><strong>pro</strong></span> <span class='ocrx_word' id='word_1_114' title='bbox 569 1922 649 1976; x_wconf 91' lang='lat' dir='ltr'><strong>eis</strong></span> <span class='ocrx_word' id='word_1_115' title='bbox 682 1937 714 1976; x_wconf 92' lang='lat' dir='ltr'><strong>a</strong></span> <span class='ocrx_word' id='word_1_116' title='bbox 742 1922 935 1992; x_wconf 87' lang='lat' dir='ltr'><strong>quibus</strong></span> <span class='ocrx_word' id='word_1_117' title='bbox 963 1921 1156 1990; x_wconf 78' lang='lat' dir='ltr'><strong>captivi</strong></span> <span class='ocrx_word' id='word_1_118' title='bbox 1189 1920 1541 1985; x_wconf 89' lang='lat' dir='ltr'><strong>tenebantur,</strong></span> <span class='ocrx_word' id='word_1_119' title='bbox 1583 1928 1640 1976; x_wconf 92' lang='lat' dir='ltr'><strong>et</strong></span> <span class='ocrx_word' id='word_1_120' title='bbox 1667 1920 1719 1974; x_wconf 92' lang='lat' dir='ltr'><strong>in</strong></span> <span class='ocrx_word' id='word_1_121' title='bbox 1751 1934 1937 1973; x_wconf 92' lang='lat' dir='ltr'><strong>eorum</strong></span> 
     </span>
    </p>
   </div>
   <div class='ocr_carea' id='block_1_18' title="bbox 341 2011 1939 2085">
    <p class='ocr_par' dir='ltr' id='par_1_18' title="bbox 341 2011 1939 2085">
     <span class='ocr_line' id='line_1_18' title="bbox 341 2011 1939 2085; baseline -0.002 -16"><span class='ocrx_word' id='word_1_122' title='bbox 341 2029 477 2085; x_wconf 88' lang='lat' dir='ltr'><strong>pace</strong></span> <span class='ocrx_word' id='word_1_123' title='bbox 519 2029 704 2085; x_wconf 91' lang='lat' dir='ltr'><strong>pacem</strong></span> <span class='ocrx_word' id='word_1_124' title='bbox 745 2028 984 2084; x_wconf 88' lang='lat' dir='ltr'><strong>sperare,</strong></span> <span class='ocrx_word' id='word_1_125' title='bbox 1030 2012 1097 2068; x_wconf 89' lang='lat' dir='ltr'><strong>ad</strong></span> <span class='ocrx_word' id='word_1_126' title='bbox 1125 2012 1419 2084; x_wconf 79' lang='lat' dir='ltr'><strong>gignendos</strong></span> <span class='ocrx_word' id='word_1_127' title='bbox 1462 2013 1637 2079; x_wconf 91' lang='lat' dir='ltr'><strong>lilios,</strong></span> <span class='ocrx_word' id='word_1_128' title='bbox 1668 2020 1724 2066; x_wconf 92' lang='lat' dir='ltr'><strong>et</strong></span> <span class='ocrx_word' id='word_1_129' title='bbox 1750 2011 1939 2066; x_wconf 86' lang='lat' dir='ltr'><strong>domos</strong></span> 
     </span>
    </p>
   </div>
   <div class='ocr_carea' id='block_1_19' title="bbox 341 2106 1938 2178">
    <p class='ocr_par' dir='ltr' id='par_1_19' title="bbox 341 2106 1938 2178">
     <span class='ocr_line' id='line_1_19' title="bbox 341 2106 1938 2178; baseline -0.001 -15"><span class='ocrx_word' id='word_1_130' title='bbox 341 2107 711 2173; x_wconf 79' lang='lat' dir='ltr'><strong>:cdiﬁcandas,</strong></span> <span class='ocrx_word' id='word_1_131' title='bbox 740 2116 795 2162; x_wconf 93' lang='lat' dir='ltr'><strong>et</strong></span> <span class='ocrx_word' id='word_1_132' title='bbox 828 2107 1142 2178; x_wconf 90' lang='lat' dir='ltr'><strong>plantandos</strong></span> <span class='ocrx_word' id='word_1_133' title='bbox 1171 2107 1357 2162; x_wconf 85' lang='lat' dir='ltr'><strong>hortos</strong></span> <span class='ocrx_word' id='word_1_134' title='bbox 1381 2116 1436 2162; x_wconf 91' lang='lat' dir='ltr'><strong>et</strong></span> <span class='ocrx_word' id='word_1_135' title='bbox 1465 2108 1668 2162; x_wconf 89' lang='lat' dir='ltr'><strong>vineas.</strong></span> <span class='ocrx_word' id='word_1_136' title='bbox 1696 2106 1823 2162; x_wconf 86' lang='lat' dir='ltr'><strong>Post</strong></span> <span class='ocrx_word' id='word_1_137' title='bbox 1847 2120 1938 2162; x_wconf 82' lang='lat' dir='ltr'><strong>se-</strong></span> 
     </span>
    </p>
   </div>
   <div class='ocr_carea' id='block_1_20' title="bbox 342 2197 1939 2270">
    <p class='ocr_par' dir='ltr' id='par_1_20' title="bbox 342 2197 1939 2270">
     <span class='ocr_line' id='line_1_20' title="bbox 342 2197 1939 2270; baseline -0.004 -15"><span class='ocrx_word' id='word_1_138' title='bbox 342 2200 617 2270; x_wconf 87' lang='lat' dir='ltr'><strong>ptuaginta</strong></span> <span class='ocrx_word' id='word_1_139' title='bbox 640 2207 819 2255; x_wconf 90' lang='lat' dir='ltr'><strong>autem</strong></span> <span class='ocrx_word' id='word_1_140' title='bbox 847 2214 1019 2253; x_wconf 87' lang='lat' dir='ltr'><strong>annos</strong></span> <span class='ocrx_word' id='word_1_141' title='bbox 1044 2198 1373 2269; x_wconf 88' lang='lat' dir='ltr'><strong>promittitur</strong></span> <span class='ocrx_word' id='word_1_142' title='bbox 1399 2198 1478 2253; x_wconf 89' lang='lat' dir='ltr'><strong>eis</strong></span> <span class='ocrx_word' id='word_1_143' title='bbox 1506 2197 1575 2251; x_wconf 92' lang='lat' dir='ltr'><strong>ab</strong></span> <span class='ocrx_word' id='word_1_144' title='bbox 1601 2197 1689 2252; x_wconf 89' lang='lat' dir='ltr'><strong>illa</strong></span> <span class='ocrx_word' id='word_1_145' title='bbox 1718 2197 1939 2266; x_wconf 88' lang='lat' dir='ltr'><strong>captivi-</strong></span> 
     </span>
    </p>
   </div>
   <div class='ocr_carea' id='block_1_21' title="bbox 340 2289 1936 2361">
    <p class='ocr_par' dir='ltr' id='par_1_21' title="bbox 340 2289 1936 2361">
     <span class='ocr_line' id='line_1_21' title="bbox 340 2289 1936 2361; baseline -0.001 -17"><span class='ocrx_word' id='word_1_146' title='bbox 340 2300 455 2345; x_wconf 86' lang='lat' dir='ltr'><strong>tate</strong></span> <span class='ocrx_word' id='word_1_147' title='bbox 485 2290 727 2345; x_wconf 90' lang='lat' dir='ltr'><strong>liberatio</strong></span> <span class='ocrx_word' id='word_1_148' title='bbox 771 2289 999 2361; x_wconf 76' lang='lat' dir='ltr'><strong>(Jersm.</strong></span> <span class='ocrx_word' id='word_1_149' title='bbox 1030 2306 1160 2354; x_wconf 90' lang='lat' dir='ltr'><strong>xxv,</strong></span> <span class='ocrx_word' id='word_1_150' title='bbox 1199 2290 1382 2359; x_wconf 80' lang='lat' dir='ltr'><strong>xxix).</strong></span> <span class='ocrx_word' id='word_1_151' title='bbox 1417 2289 1528 2344; x_wconf 89' lang='lat' dir='ltr'><strong>lloc</strong></span> <span class='ocrx_word' id='word_1_152' title='bbox 1557 2297 1735 2343; x_wconf 91' lang='lat' dir='ltr'><strong>autem</strong></span> <span class='ocrx_word' id='word_1_153' title='bbox 1767 2298 1936 2343; x_wconf 89' lang='lat' dir='ltr'><strong>totum</strong></span> 
     </span>
    </p>
   </div>
   <div class='ocr_carea' id='block_1_22' title="bbox 342 2380 1936 2452">
    <p class='ocr_par' dir='ltr' id='par_1_22' title="bbox 342 2380 1936 2452">
     <span class='ocr_line' id='line_1_22' title="bbox 342 2380 1936 2452; baseline -0.001 -19"><span class='ocrx_word' id='word_1_154' title='bbox 342 2380 569 2449; x_wconf 84' lang='lat' dir='ltr'><strong>ﬁgurate</strong></span> <span class='ocrx_word' id='word_1_155' title='bbox 585 2380 918 2452; x_wconf 88' lang='lat' dir='ltr'><strong>signiﬁcabat</strong></span> <span class='ocrx_word' id='word_1_156' title='bbox 939 2380 1234 2437; x_wconf 74' lang='lat' dir='ltr'><strong>Ecclesium</strong></span> <span class='ocrx_word' id='word_1_157' title='bbox 1256 2380 1455 2435; x_wconf 87' lang='lat' dir='ltr'><strong>Christi</strong></span> <span class='ocrx_word' id='word_1_158' title='bbox 1478 2381 1528 2433; x_wconf 93' lang='lat' dir='ltr'><strong>in</strong></span> <span class='ocrx_word' id='word_1_159' title='bbox 1546 2380 1792 2435; x_wconf 78' lang='lat' dir='ltr'><strong>omnibus</strong></span> <span class='ocrx_word' id='word_1_160' title='bbox 1809 2394 1936 2433; x_wconf 86' lang='lat' dir='ltr'><strong>san-</strong></span> 
     </span>
    </p>
   </div>
   <div class='ocr_carea' id='block_1_23' title="bbox 345 2472 1937 2544">
    <p class='ocr_par' dir='ltr' id='par_1_23' title="bbox 345 2472 1937 2544">
     <span class='ocr_line' id='line_1_23' title="bbox 345 2472 1937 2544; baseline -0.002 -16"><span class='ocrx_word' id='word_1_161' title='bbox 345 2475 451 2529; x_wconf 90' lang='lat' dir='ltr'><strong>ctis</strong></span> <span class='ocrx_word' id='word_1_162' title='bbox 488 2472 629 2543; x_wconf 90' lang='lat' dir='ltr'><strong>ejus,</strong></span> <span class='ocrx_word' id='word_1_163' title='bbox 659 2474 749 2544; x_wconf 89' lang='lat' dir='ltr'><strong>qui</strong></span> <span class='ocrx_word' id='word_1_164' title='bbox 774 2482 902 2529; x_wconf 91' lang='lat' dir='ltr'><strong>sunt</strong></span> <span class='ocrx_word' id='word_1_165' title='bbox 926 2473 1071 2528; x_wconf 89' lang='lat' dir='ltr'><strong>cives</strong></span> <span class='ocrx_word' id='word_1_166' title='bbox 1098 2472 1395 2528; x_wconf 91' lang='lat' dir='ltr'><strong>Jerusalem</strong></span> <span class='ocrx_word' id='word_1_167' title='bbox 1424 2473 1678 2537; x_wconf 56' lang='lat' dir='ltr'><strong>caelestis,</strong></span> <span class='ocrx_word' id='word_1_168' title='bbox 1711 2472 1937 2526; x_wconf 88' lang='lat' dir='ltr'><strong>servitu-</strong></span> 
     </span>
    </p>
   </div>
   <div class='ocr_carea' id='block_1_24' title="bbox 338 2564 1937 2636">
    <p class='ocr_par' dir='ltr' id='par_1_24' title="bbox 338 2564 1937 2636">
     <span class='ocr_line' id='line_1_24' title="bbox 338 2564 1937 2636; baseline 0.001 -17"><span class='ocrx_word' id='word_1_169' title='bbox 338 2581 458 2620; x_wconf 86' lang='lat' dir='ltr'><strong>ram</strong></span> <span class='ocrx_word' id='word_1_170' title='bbox 504 2564 668 2620; x_wconf 85' lang='lat' dir='ltr'><strong>i&#39;uisse</strong></span> <span class='ocrx_word' id='word_1_171' title='bbox 706 2565 806 2619; x_wconf 90' lang='lat' dir='ltr'><strong>sub</strong></span> <span class='ocrx_word' id='word_1_172' title='bbox 844 2565 1059 2636; x_wconf 82' lang='lat' dir='ltr'><strong>regibus</strong></span> <span class='ocrx_word' id='word_1_173' title='bbox 1091 2565 1248 2634; x_wconf 87' lang='lat' dir='ltr'><strong>hujus</strong></span> <span class='ocrx_word' id='word_1_174' title='bbox 1282 2565 1486 2621; x_wconf 66' lang='lat' dir='ltr'><strong>saeculi.</strong></span> <span class='ocrx_word' id='word_1_175' title='bbox 1531 2565 1667 2620; x_wconf 89' lang='lat' dir='ltr'><strong>Dicit</strong></span> <span class='ocrx_word' id='word_1_176' title='bbox 1696 2565 1839 2620; x_wconf 90' lang='lat' dir='ltr'><strong>enim</strong></span> <span class='ocrx_word' id='word_1_177' title='bbox 1881 2573 1937 2620; x_wconf 89' lang='lat' dir='ltr'><strong>et</strong></span> 
     </span>
    </p>
   </div>
   <div class='ocr_carea' id='block_1_25' title="bbox 339 2656 1932 2728">
    <p class='ocr_par' dir='ltr' id='par_1_25' title="bbox 339 2656 1932 2728">
     <span class='ocr_line' id='line_1_25' title="bbox 339 2656 1932 2728; baseline 0.001 -18"><span class='ocrx_word' id='word_1_178' title='bbox 339 2656 634 2726; x_wconf 88' lang='lat' dir='ltr'><strong>apostolica</strong></span> <span class='ocrx_word' id='word_1_179' title='bbox 656 2656 921 2723; x_wconf 89' lang='lat' dir='ltr'><strong>doctrina,</strong></span> <span class='ocrx_word' id='word_1_180' title='bbox 956 2666 1013 2711; x_wconf 92' lang='lat' dir='ltr'><strong>ut</strong></span> <span class='ocrx_word' id='word_1_181' title='bbox 1042 2658 1205 2711; x_wconf 86' lang='lat' dir='ltr'><strong>omnis</strong></span> <span class='ocrx_word' id='word_1_182' title='bbox 1234 2658 1405 2711; x_wconf 89' lang='lat' dir='ltr'><strong>anima</strong></span> <span class='ocrx_word' id='word_1_183' title='bbox 1430 2656 1808 2711; x_wconf 76' lang='lat' dir='ltr'><strong>sublimioribus</strong></span> <span class='ocrx_word' id='word_1_184' title='bbox 1838 2673 1932 2728; x_wconf 81' lang='lat' dir='ltr'><strong>po-</strong></span> 
     </span>
    </p>
   </div>
   <div class='ocr_carea' id='block_1_26' title="bbox 342 2749 1934 2816">
    <p class='ocr_par' dir='ltr' id='par_1_26' title="bbox 342 2749 1934 2816">
     <span class='ocr_line' id='line_1_26' title="bbox 342 2749 1934 2816; baseline 0.001 -14"><span class='ocrx_word' id='word_1_185' title='bbox 342 2750 601 2805; x_wconf 85' lang='lat' dir='ltr'><strong>testatibus</strong></span> <span class='ocrx_word' id='word_1_186' title='bbox 628 2749 831 2805; x_wconf 79' lang='lat' dir='ltr'><strong>subdita</strong></span> <span class='ocrx_word' id='word_1_187' title='bbox 857 2750 956 2815; x_wconf 87' lang='lat' dir='ltr'><strong>sit;</strong></span> <span class='ocrx_word' id='word_1_188' title='bbox 993 2759 1049 2806; x_wconf 90' lang='lat' dir='ltr'><strong>et</strong></span> <span class='ocrx_word' id='word_1_189' title='bbox 1074 2760 1129 2806; x_wconf 90' lang='lat' dir='ltr'><strong>ut</strong></span> <span class='ocrx_word' id='word_1_190' title='bbox 1154 2750 1445 2807; x_wconf 87' lang='lat' dir='ltr'><strong>reddantur</strong></span> <span class='ocrx_word' id='word_1_191' title='bbox 1470 2751 1700 2805; x_wconf 89' lang='lat' dir='ltr'><strong>omnibus</strong></span> <span class='ocrx_word' id='word_1_192' title='bbox 1728 2751 1934 2816; x_wconf 85' lang='lat' dir='ltr'><strong>omnia;</strong></span> 
     </span>
    </p>
   </div>
   <div class='ocr_carea' id='block_1_27' title="bbox 341 2841 1931 2915">
    <p class='ocr_par' dir='ltr' id='par_1_27' title="bbox 341 2841 1931 2915">
     <span class='ocr_line' id='line_1_27' title="bbox 341 2841 1931 2915; baseline 0.003 -22"><span class='ocrx_word' id='word_1_193' title='bbox 341 2841 432 2894; x_wconf 87' lang='lat' dir='ltr'><strong>cui</strong></span> <span class='ocrx_word' id='word_1_194' title='bbox 468 2842 736 2907; x_wconf 79' lang='lat' dir='ltr'><strong>tributum,</strong></span> <span class='ocrx_word' id='word_1_195' title='bbox 785 2844 1028 2897; x_wconf 87' lang='lat' dir='ltr'><strong>tributum</strong></span> <span class='ocrx_word' id='word_1_196' title='bbox 1050 2859 1070 2907; x_wconf 90' lang='lat'><strong>;</strong></span> <span class='ocrx_word' id='word_1_197' title='bbox 1097 2844 1179 2897; x_wconf 84' lang='lat' dir='ltr'><strong>cui</strong></span> <span class='ocrx_word' id='word_1_198' title='bbox 1214 2843 1459 2915; x_wconf 83' lang='lat' dir='ltr'><strong>uectigal,</strong></span> <span class='ocrx_word' id='word_1_199' title='bbox 1501 2844 1711 2913; x_wconf 80' lang='lat' dir='ltr'><strong>vectigal</strong></span> <span class='ocrx_word' id='word_1_200' title='bbox 1755 2842 1931 2915; x_wconf 83' lang='lat' dir='ltr'><strong>(Rom.</strong></span> 
     </span>
    </p>
   </div>
   <div class='ocr_carea' id='block_1_28' title="bbox 338 2931 1930 3004">
    <p class='ocr_par' dir='ltr' id='par_1_28' title="bbox 338 2931 1930 3004">
     <span class='ocr_line' id='line_1_28' title="bbox 338 2931 1930 3004; baseline 0.002 -20"><span class='ocrx_word' id='word_1_201' title='bbox 338 2946 473 2996; x_wconf 87' lang='lat' dir='ltr'><strong>xm,</strong></span> <span class='ocrx_word' id='word_1_202' title='bbox 518 2933 582 2998; x_wconf 81' lang='lat' dir='ltr'><strong>i,</strong></span> <span class='ocrx_word' id='word_1_203' title='bbox 632 2931 716 3002; x_wconf 90' lang='lat'><strong>7);</strong></span> <span class='ocrx_word' id='word_1_204' title='bbox 768 2941 823 2988; x_wconf 91' lang='lat' dir='ltr'><strong>et</strong></span> <span class='ocrx_word' id='word_1_205' title='bbox 866 2942 1059 2988; x_wconf 77' lang='lat' dir='ltr'><strong>ctetera</strong></span> <span class='ocrx_word' id='word_1_206' title='bbox 1088 2949 1207 3004; x_wconf 69' lang='lat' dir='ltr'><strong>quae</strong></span> <span class='ocrx_word' id='word_1_207' title='bbox 1248 2934 1396 2989; x_wconf 89' lang='lat' dir='ltr'><strong>salvo</strong></span> <span class='ocrx_word' id='word_1_208' title='bbox 1426 2933 1518 2988; x_wconf 90' lang='lat' dir='ltr'><strong>Dei</strong></span> <span class='ocrx_word' id='word_1_209' title='bbox 1569 2933 1735 2988; x_wconf 89' lang='lat' dir='ltr'><strong>nostri</strong></span> <span class='ocrx_word' id='word_1_210' title='bbox 1764 2934 1930 2997; x_wconf 91' lang='lat' dir='ltr'><strong>cultu,</strong></span> 
     </span>
    </p>
   </div>
   <div class='ocr_carea' id='block_1_29' title="bbox 334 3023 1934 3096">
    <p class='ocr_par' dir='ltr' id='par_1_29' title="bbox 334 3023 1934 3096">
     <span class='ocr_line' id='line_1_29' title="bbox 334 3023 1934 3096; baseline 0.001 -18"><span class='ocrx_word' id='word_1_211' title='bbox 334 3024 737 3080; x_wconf 88' lang='lat' dir='ltr'><strong>constitutionis</strong></span> <span class='ocrx_word' id='word_1_212' title='bbox 758 3025 1006 3080; x_wconf 69' lang='lat' dir='ltr'><strong>humana:</strong></span> <span class='ocrx_word' id='word_1_213' title='bbox 1035 3025 1366 3096; x_wconf 87' lang='lat' dir='ltr'><strong>principibus</strong></span> <span class='ocrx_word' id='word_1_214' title='bbox 1386 3025 1693 3090; x_wconf 91' lang='lat' dir='ltr'><strong>reddimus;</strong></span> <span class='ocrx_word' id='word_1_215' title='bbox 1718 3023 1934 3094; x_wconf 88' lang='lat' dir='ltr'><strong>quando</strong></span> 
     </span>
    </p>
   </div>
   <div class='ocr_carea' id='block_1_30' title="bbox 334 3116 1934 3187">
    <p class='ocr_par' dir='ltr' id='par_1_30' title="bbox 334 3116 1934 3187">
     <span class='ocr_line' id='line_1_30' title="bbox 334 3116 1934 3187; baseline 0 -17"><span class='ocrx_word' id='word_1_216' title='bbox 334 3125 397 3170; x_wconf 91' lang='lat' dir='ltr'><strong>et</strong></span> <span class='ocrx_word' id='word_1_217' title='bbox 426 3116 540 3187; x_wconf 89' lang='lat' dir='ltr'><strong>ipse</strong></span> <span class='ocrx_word' id='word_1_218' title='bbox 570 3118 849 3185; x_wconf 90' lang='lat' dir='ltr'><strong>Dominus,</strong></span> <span class='ocrx_word' id='word_1_219' title='bbox 878 3126 937 3173; x_wconf 89' lang='lat' dir='ltr'><strong>ut</strong></span> <span class='ocrx_word' id='word_1_220' title='bbox 964 3117 1117 3173; x_wconf 89' lang='lat' dir='ltr'><strong>nobis</strong></span> <span class='ocrx_word' id='word_1_221' title='bbox 1144 3118 1301 3187; x_wconf 91' lang='lat' dir='ltr'><strong>hujus</strong></span> <span class='ocrx_word' id='word_1_222' title='bbox 1330 3133 1474 3173; x_wconf 80' lang='lat' dir='ltr'><strong>same</strong></span> <span class='ocrx_word' id='word_1_223' title='bbox 1507 3118 1767 3173; x_wconf 68' lang='lat' dir='ltr'><strong>doctrinae</strong></span> <span class='ocrx_word' id='word_1_224' title='bbox 1796 3131 1934 3186; x_wconf 79' lang='lat' dir='ltr'><strong>prte-</strong></span> 
     </span>
    </p>
   </div>
   <div class='ocr_carea' id='block_1_31' title="bbox 333 3208 1929 3281">
    <p class='ocr_par' dir='ltr' id='par_1_31' title="bbox 333 3208 1929 3281">
     <span class='ocr_line' id='line_1_31' title="bbox 333 3208 1929 3281; baseline -0.001 -17"><span class='ocrx_word' id='word_1_225' title='bbox 333 3208 495 3264; x_wconf 85' lang='lat' dir='ltr'><strong>beret</strong></span> <span class='ocrx_word' id='word_1_226' title='bbox 515 3211 839 3281; x_wconf 84' lang='lat' dir='ltr'><strong>exemplum,</strong></span> <span class='ocrx_word' id='word_1_227' title='bbox 866 3224 963 3280; x_wconf 90' lang='lat' dir='ltr'><strong>pro</strong></span> <span class='ocrx_word' id='word_1_228' title='bbox 982 3210 1155 3279; x_wconf 89' lang='lat' dir='ltr'><strong>capite</strong></span> <span class='ocrx_word' id='word_1_229' title='bbox 1179 3210 1411 3264; x_wconf 89' lang='lat' dir='ltr'><strong>hominis</strong></span> <span class='ocrx_word' id='word_1_230' title='bbox 1428 3224 1534 3279; x_wconf 93' lang='lat' dir='ltr'><strong>quo</strong></span> <span class='ocrx_word' id='word_1_231' title='bbox 1554 3217 1669 3264; x_wconf 90' lang='lat' dir='ltr'><strong>erat</strong></span> <span class='ocrx_word' id='word_1_232' title='bbox 1690 3208 1929 3274; x_wconf 88' lang='lat' dir='ltr'><strong>indutus,</strong></span> 
     </span>
    </p>
   </div>
   <div class='ocr_carea' id='block_1_32' title="bbox 332 3298 1927 3373">
    <p class='ocr_par' dir='ltr' id='par_1_32' title="bbox 332 3298 1927 3373">
     <span class='ocr_line' id='line_1_32' title="bbox 332 3298 1927 3373; baseline -0.004 -15"><span class='ocrx_word' id='word_1_233' title='bbox 332 3302 597 3357; x_wconf 87' lang='lat' dir='ltr'><strong>tributum</strong></span> <span class='ocrx_word' id='word_1_234' title='bbox 623 3303 833 3358; x_wconf 89' lang='lat' dir='ltr'><strong>solvere</strong></span> <span class='ocrx_word' id='word_1_235' title='bbox 856 3318 961 3358; x_wconf 93' lang='lat' dir='ltr'><strong>non</strong></span> <span class='ocrx_word' id='word_1_236' title='bbox 981 3302 1302 3373; x_wconf 81' lang='lat' dir='ltr'><strong>dedignatus</strong></span> <span class='ocrx_word' id='word_1_237' title='bbox 1321 3314 1405 3357; x_wconf 90' lang='lat' dir='ltr'><strong>est</strong></span> <span class='ocrx_word' id='word_1_238' title='bbox 1422 3300 1633 3371; x_wconf 80' lang='lat' dir='ltr'><strong>(Matth.</strong></span> <span class='ocrx_word' id='word_1_239' title='bbox 1659 3316 1790 3365; x_wconf 82' lang='lat' dir='ltr'><strong>xvn,</strong></span> <span class='ocrx_word' id='word_1_240' title='bbox 1811 3298 1927 3370; x_wconf 73' lang='grc'><strong>26).</strong></span> 
     </span>
    </p>
   </div>
   <div class='ocr_carea' id='block_1_33' title="bbox 332 3391 1931 3452">
    <p class='ocr_par' dir='ltr' id='par_1_33' title="bbox 332 3391 1931 3452">
     <span class='ocr_line' id='line_1_33' title="bbox 332 3391 1931 3452; baseline -0.003 -2"><span class='ocrx_word' id='word_1_241' title='bbox 332 3394 606 3450; x_wconf 88' lang='lat' dir='ltr'><strong>Jubentur</strong></span> <span class='ocrx_word' id='word_1_242' title='bbox 632 3403 811 3452; x_wconf 87' lang='lat' dir='ltr'><strong>autem</strong></span> <span class='ocrx_word' id='word_1_243' title='bbox 838 3396 998 3451; x_wconf 87' lang='lat' dir='ltr'><strong>etiam</strong></span> <span class='ocrx_word' id='word_1_244' title='bbox 1029 3396 1169 3451; x_wconf 88' lang='lat' dir='ltr'><strong>servi</strong></span> <span class='ocrx_word' id='word_1_245' title='bbox 1207 3394 1483 3450; x_wconf 89' lang='lat' dir='ltr'><strong>christiani</strong></span> <span class='ocrx_word' id='word_1_246' title='bbox 1509 3403 1564 3447; x_wconf 93' lang='lat' dir='ltr'><strong>et</strong></span> <span class='ocrx_word' id='word_1_247' title='bbox 1591 3393 1715 3448; x_wconf 90' lang='lat' dir='ltr'><strong>boni</strong></span> <span class='ocrx_word' id='word_1_248' title='bbox 1749 3391 1931 3448; x_wconf 89' lang='lat' dir='ltr'><strong>ﬁdeles</strong></span> 
     </span>
    </p>
   </div>
   <div class='ocr_carea' id='block_1_34' title="bbox 327 3487 1931 3561">
    <p class='ocr_par' dir='ltr' id='par_1_34' title="bbox 327 3487 1931 3561">
     <span class='ocr_line' id='line_1_34' title="bbox 327 3487 1931 3561; baseline 0.001 -19"><span class='ocrx_word' id='word_1_249' title='bbox 327 3487 572 3543; x_wconf 89' lang='lat' dir='ltr'><strong>dominis</strong></span> <span class='ocrx_word' id='word_1_250' title='bbox 613 3488 726 3543; x_wconf 88' lang='lat' dir='ltr'><strong>suis</strong></span> <span class='ocrx_word' id='word_1_251' title='bbox 750 3488 1137 3561; x_wconf 85' lang='lat' dir='ltr'><strong>temporalibus</strong></span> <span class='ocrx_word' id='word_1_252' title='bbox 1176 3488 1546 3559; x_wconf 78' lang='lat' dir='ltr'><strong>aequanimiter</strong></span> <span class='ocrx_word' id='word_1_253' title='bbox 1597 3487 1931 3557; x_wconf 88' lang='lat' dir='ltr'><strong>ﬁdeliterque</strong></span> 
     </span>
    </p>
   </div>
   <div class='ocr_carea' id='block_1_35' title="bbox 328 3580 1931 3653">
    <p class='ocr_par' dir='ltr' id='par_1_35' title="bbox 328 3580 1931 3653">
     <span class='ocr_line' id='line_1_35' title="bbox 328 3580 1931 3653; baseline 0 -16"><span class='ocrx_word' id='word_1_254' title='bbox 328 3582 543 3637; x_wconf 78' lang='lat' dir='ltr'><strong>servire</strong></span> <span class='ocrx_word' id='word_1_255' title='bbox 576 3581 790 3653; x_wconf 76' lang='lat' dir='ltr'><strong>(Ephes.</strong></span> <span class='ocrx_word' id='word_1_256' title='bbox 822 3599 896 3647; x_wconf 80' lang='lat' dir='ltr'><strong>vi,</strong></span> <span class='ocrx_word' id='word_1_257' title='bbox 920 3582 974 3653; x_wconf 83' lang='lat'><strong>5)</strong></span> <span class='ocrx_word' id='word_1_258' title='bbox 1008 3601 1023 3638; x_wconf 88' lang='lat'><strong>:</strong></span> <span class='ocrx_word' id='word_1_259' title='bbox 1052 3597 1187 3653; x_wconf 89' lang='lat' dir='ltr'><strong>quos</strong></span> <span class='ocrx_word' id='word_1_260' title='bbox 1207 3581 1493 3653; x_wconf 88' lang='lat' dir='ltr'><strong>judicaturi</strong></span> <span class='ocrx_word' id='word_1_261' title='bbox 1521 3591 1664 3646; x_wconf 88' lang='lat' dir='ltr'><strong>sunt,</strong></span> <span class='ocrx_word' id='word_1_262' title='bbox 1689 3580 1735 3637; x_wconf 90' lang='lat' dir='ltr'><strong>si</strong></span> <span class='ocrx_word' id='word_1_263' title='bbox 1761 3594 1931 3652; x_wconf 89' lang='lat' dir='ltr'><strong>usque</strong></span> 
     </span>
    </p>
   </div>
   <div class='ocr_carea' id='block_1_36' title="bbox 330 3671 1929 3743">
    <p class='ocr_par' dir='ltr' id='par_1_36' title="bbox 330 3671 1929 3743">
     <span class='ocr_line' id='line_1_36' title="bbox 330 3671 1929 3743; baseline 0 -16"><span class='ocrx_word' id='word_1_264' title='bbox 330 3673 392 3727; x_wconf 89' lang='lat' dir='ltr'><strong>in</strong></span> <span class='ocrx_word' id='word_1_265' title='bbox 419 3671 578 3727; x_wconf 90' lang='lat' dir='ltr'><strong>ﬁnem</strong></span> <span class='ocrx_word' id='word_1_266' title='bbox 614 3673 826 3743; x_wconf 88' lang='lat' dir='ltr'><strong>iniquos</strong></span> <span class='ocrx_word' id='word_1_267' title='bbox 855 3674 1186 3738; x_wconf 88' lang='lat' dir='ltr'><strong>invenerint;</strong></span> <span class='ocrx_word' id='word_1_268' title='bbox 1218 3682 1310 3728; x_wconf 93' lang='lat' dir='ltr'><strong>aut</strong></span> <span class='ocrx_word' id='word_1_269' title='bbox 1337 3689 1457 3729; x_wconf 91' lang='lat' dir='ltr'><strong>cum</strong></span> <span class='ocrx_word' id='word_1_270' title='bbox 1489 3674 1682 3743; x_wconf 90' lang='lat' dir='ltr'><strong>quibus</strong></span> <span class='ocrx_word' id='word_1_271' title='bbox 1708 3673 1929 3743; x_wconf 65' lang='lat' dir='ltr'><strong>aequali—</strong></span> 
     </span>
    </p>
   </div>
   <div class='ocr_carea' id='block_1_37' title="bbox 330 3765 1925 3835">
    <p class='ocr_par' dir='ltr' id='par_1_37' title="bbox 330 3765 1925 3835">
     <span class='ocr_line' id='line_1_37' title="bbox 330 3765 1925 3835; baseline -0.001 -15"><span class='ocrx_word' id='word_1_272' title='bbox 330 3775 424 3822; x_wconf 86' lang='lat' dir='ltr'><strong>ter</strong></span> <span class='ocrx_word' id='word_1_273' title='bbox 452 3766 726 3835; x_wconf 86' lang='lat' dir='ltr'><strong>regnaturi</strong></span> <span class='ocrx_word' id='word_1_274' title='bbox 756 3776 901 3832; x_wconf 88' lang='lat' dir='ltr'><strong>sunt,</strong></span> <span class='ocrx_word' id='word_1_275' title='bbox 924 3767 967 3820; x_wconf 93' lang='lat' dir='ltr'><strong>si</strong></span> <span class='ocrx_word' id='word_1_276' title='bbox 997 3775 1052 3822; x_wconf 92' lang='lat' dir='ltr'><strong>et</strong></span> <span class='ocrx_word' id='word_1_277' title='bbox 1079 3766 1154 3820; x_wconf 91' lang='lat' dir='ltr'><strong>illi</strong></span> <span class='ocrx_word' id='word_1_278' title='bbox 1179 3766 1245 3820; x_wconf 93' lang='lat' dir='ltr'><strong>ad</strong></span> <span class='ocrx_word' id='word_1_279' title='bbox 1267 3781 1451 3821; x_wconf 89' lang='lat' dir='ltr'><strong>verum</strong></span> <span class='ocrx_word' id='word_1_280' title='bbox 1484 3766 1650 3821; x_wconf 91' lang='lat' dir='ltr'><strong>Deum</strong></span> <span class='ocrx_word' id='word_1_281' title='bbox 1682 3765 1925 3820; x_wconf 87' lang='lat' dir='ltr'><strong>conversi</strong></span> 
     </span>
    </p>
   </div>
   <div class='ocr_carea' id='block_1_38' title="bbox 330 3855 1930 3927">
    <p class='ocr_par' dir='ltr' id='par_1_38' title="bbox 330 3855 1930 3927">
     <span class='ocr_line' id='line_1_38' title="bbox 330 3855 1930 3927; baseline -0.001 -16"><span class='ocrx_word' id='word_1_282' title='bbox 330 3856 559 3911; x_wconf 81' lang='lat' dir='ltr'><strong>fuerint.</strong></span> <span class='ocrx_word' id='word_1_283' title='bbox 591 3856 851 3912; x_wconf 90' lang='lat' dir='ltr'><strong>Omnibus</strong></span> <span class='ocrx_word' id='word_1_284' title='bbox 891 3865 1067 3911; x_wconf 87' lang='lat' dir='ltr'><strong>tamen</strong></span> <span class='ocrx_word' id='word_1_285' title='bbox 1104 3857 1408 3927; x_wconf 66' lang='lat' dir='ltr'><strong>pratcipitur</strong></span> <span class='ocrx_word' id='word_1_286' title='bbox 1438 3856 1642 3911; x_wconf 88' lang='lat' dir='ltr'><strong>servire</strong></span> <span class='ocrx_word' id='word_1_287' title='bbox 1680 3855 1930 3910; x_wconf 86' lang='lat' dir='ltr'><strong>humanis</strong></span> 
     </span>
    </p>
   </div>
   <div class='ocr_carea' id='block_1_39' title="bbox 332 3946 1929 4019">
    <p class='ocr_par' dir='ltr' id='par_1_39' title="bbox 332 3946 1929 4019">
     <span class='ocr_line' id='line_1_39' title="bbox 332 3946 1929 4019; baseline -0.001 -17"><span class='ocrx_word' id='word_1_288' title='bbox 332 3946 694 4019; x_wconf 86' lang='lat' dir='ltr'><strong>potestatibus</strong></span> <span class='ocrx_word' id='word_1_289' title='bbox 731 3957 891 4017; x_wconf 87' lang='lat' dir='ltr'><strong>atque</strong></span> <span class='ocrx_word' id='word_1_290' title='bbox 930 3949 1192 4011; x_wconf 84' lang='lat' dir='ltr'><strong>terrenis,</strong></span> <span class='ocrx_word' id='word_1_291' title='bbox 1237 3962 1517 4018; x_wconf 83' lang='lat' dir='ltr'><strong>quousque</strong></span> <span class='ocrx_word' id='word_1_292' title='bbox 1556 3957 1675 4017; x_wconf 88' lang='lat' dir='ltr'><strong>post</strong></span> <span class='ocrx_word' id='word_1_293' title='bbox 1720 3957 1929 4017; x_wconf 89' lang='lat' dir='ltr'><strong>tempus</strong></span> 
     </span>
    </p>
   </div>
   <div class='ocr_carea' id='block_1_40' title="bbox 331 4039 1930 4112">
    <p class='ocr_par' dir='ltr' id='par_1_40' title="bbox 331 4039 1930 4112">
     <span class='ocr_line' id='line_1_40' title="bbox 331 4039 1930 4112; baseline 0 -17"><span class='ocrx_word' id='word_1_294' title='bbox 331 4039 696 4112; x_wconf 64' lang='lat' dir='ltr'><strong>pratﬁnitum,</strong></span> <span class='ocrx_word' id='word_1_295' title='bbox 747 4040 890 4111; x_wconf 90' lang='lat' dir='ltr'><strong>quod</strong></span> <span class='ocrx_word' id='word_1_296' title='bbox 947 4041 1247 4112; x_wconf 91' lang='lat' dir='ltr'><strong>signiﬁcant</strong></span> <span class='ocrx_word' id='word_1_297' title='bbox 1287 4041 1618 4110; x_wconf 84' lang='lat' dir='ltr'><strong>septuaginta</strong></span> <span class='ocrx_word' id='word_1_298' title='bbox 1664 4041 1811 4104; x_wconf 92' lang='lat' dir='ltr'><strong>anni,</strong></span> <span class='ocrx_word' id='word_1_299' title='bbox 1862 4040 1930 4095; x_wconf 90' lang='lat' dir='ltr'><strong>ab</strong></span> 
     </span>
    </p>
   </div>
   <div class='ocr_carea' id='block_1_41' title="bbox 332 4132 1931 4205">
    <p class='ocr_par' dir='ltr' id='par_1_41' title="bbox 332 4132 1931 4205">
     <span class='ocr_line' id='line_1_41' title="bbox 332 4132 1931 4205; baseline -0.002 -17"><span class='ocrx_word' id='word_1_300' title='bbox 332 4134 497 4189; x_wconf 86' lang='lat' dir='ltr'><strong>istius</strong></span> <span class='ocrx_word' id='word_1_301' title='bbox 519 4134 701 4189; x_wconf 48' lang='lat' dir='ltr'><strong>saeculi</strong></span> <span class='ocrx_word' id='word_1_302' title='bbox 725 4133 1039 4188; x_wconf 73' lang='lat' dir='ltr'><strong>confusione</strong></span> <span class='ocrx_word' id='word_1_303' title='bbox 1063 4144 1312 4204; x_wconf 86' lang='lat' dir='ltr'><strong>tanquam</strong></span> <span class='ocrx_word' id='word_1_304' title='bbox 1333 4133 1400 4189; x_wconf 92' lang='lat' dir='ltr'><strong>de</strong></span> <span class='ocrx_word' id='word_1_305' title='bbox 1422 4133 1730 4205; x_wconf 84' lang='lat' dir='ltr'><strong>captivitate</strong></span> <span class='ocrx_word' id='word_1_306' title='bbox 1753 4132 1931 4204; x_wconf 83' lang='lat' dir='ltr'><strong>Baby-</strong></span> 
     </span>
    </p>
   </div>
   <div class='ocr_carea' id='block_1_42' title="bbox 327 4225 1928 4292">
    <p class='ocr_par' dir='ltr' id='par_1_42' title="bbox 327 4225 1928 4292">
     <span class='ocr_line' id='line_1_42' title="bbox 327 4225 1928 4292; baseline -0.001 -11"><span class='ocrx_word' id='word_1_307' title='bbox 327 4225 518 4291; x_wconf 70' lang='lat' dir='ltr'><strong>loniar,</strong></span> <span class='ocrx_word' id='word_1_308' title='bbox 552 4227 687 4281; x_wconf 89' lang='lat' dir='ltr'><strong>sicut</strong></span> <span class='ocrx_word' id='word_1_309' title='bbox 727 4225 1028 4282; x_wconf 85' lang='lat' dir='ltr'><strong>Jerusalem</strong></span> <span class='ocrx_word' id='word_1_310' title='bbox 1059 4226 1319 4281; x_wconf 84' lang='lat' dir='ltr'><strong>liberetur</strong></span> <span class='ocrx_word' id='word_1_311' title='bbox 1358 4225 1617 4280; x_wconf 89' lang='lat' dir='ltr'><strong>Ecclesia.</strong></span> <span class='ocrx_word' id='word_1_312' title='bbox 1652 4225 1731 4279; x_wconf 85' lang='lat' dir='ltr'><strong>Ex</strong></span> <span class='ocrx_word' id='word_1_313' title='bbox 1774 4227 1928 4292; x_wconf 87' lang='lat' dir='ltr'><strong>cujus</strong></span> 
     </span>
    </p>
   </div>
   <div class='ocr_carea' id='block_1_43' title="bbox 324 4316 1928 4387">
    <p class='ocr_par' dir='ltr' id='par_1_43' title="bbox 324 4316 1928 4387">
     <span class='ocr_line' id='line_1_43' title="bbox 324 4316 1928 4387; baseline -0.002 -14"><span class='ocrx_word' id='word_1_314' title='bbox 324 4317 657 4387; x_wconf 85' lang='lat' dir='ltr'><strong>captivitatis</strong></span> <span class='ocrx_word' id='word_1_315' title='bbox 681 4317 966 4372; x_wconf 91' lang='lat' dir='ltr'><strong>occasione</strong></span> <span class='ocrx_word' id='word_1_316' title='bbox 989 4317 1087 4387; x_wconf 90' lang='lat' dir='ltr'><strong>ipsi</strong></span> <span class='ocrx_word' id='word_1_317' title='bbox 1110 4316 1269 4372; x_wconf 93' lang='lat' dir='ltr'><strong>etiam</strong></span> <span class='ocrx_word' id='word_1_318' title='bbox 1297 4317 1495 4370; x_wconf 91' lang='lat' dir='ltr'><strong>terreni</strong></span> <span class='ocrx_word' id='word_1_319' title='bbox 1519 4331 1673 4385; x_wconf 87' lang='lat' dir='ltr'><strong>reges</strong></span> <span class='ocrx_word' id='word_1_320' title='bbox 1696 4316 1928 4371; x_wconf 89' lang='lat' dir='ltr'><strong>desertis</strong></span> 
     </span>
    </p>
   </div>
   <div class='ocr_carea' id='block_1_44' title="bbox 326 4410 1923 4481">
    <p class='ocr_par' dir='ltr' id='par_1_44' title="bbox 326 4410 1923 4481">
     <span class='ocr_line' id='line_1_44' title="bbox 326 4410 1923 4481; baseline -0.003 -15"><span class='ocrx_word' id='word_1_321' title='bbox 326 4410 514 4477; x_wconf 82' lang='lat' dir='ltr'><strong>idolis,</strong></span> <span class='ocrx_word' id='word_1_322' title='bbox 543 4426 640 4480; x_wconf 88' lang='lat' dir='ltr'><strong>pro</strong></span> <span class='ocrx_word' id='word_1_323' title='bbox 670 4411 864 4481; x_wconf 90' lang='lat' dir='ltr'><strong>quibus</strong></span> <span class='ocrx_word' id='word_1_324' title='bbox 891 4410 1350 4481; x_wconf 87' lang='lat' dir='ltr'><strong>persequebantur</strong></span> <span class='ocrx_word' id='word_1_325' title='bbox 1377 4410 1733 4475; x_wconf 88' lang='lat' dir='ltr'><strong>Christianos,</strong></span> <span class='ocrx_word' id='word_1_326' title='bbox 1762 4423 1923 4463; x_wconf 92' lang='lat' dir='ltr'><strong>unum</strong></span> 
     </span>
    </p>
   </div>
   <div class='ocr_carea' id='block_1_45' title="bbox 326 4502 1927 4572">
    <p class='ocr_par' dir='ltr' id='par_1_45' title="bbox 326 4502 1927 4572">
     <span class='ocr_line' id='line_1_45' title="bbox 326 4502 1927 4572; baseline -0.002 -15"><span class='ocrx_word' id='word_1_327' title='bbox 326 4520 521 4560; x_wconf 83' lang='lat' dir='ltr'><strong>verum</strong></span> <span class='ocrx_word' id='word_1_328' title='bbox 564 4503 731 4560; x_wconf 90' lang='lat' dir='ltr'><strong>Deum</strong></span> <span class='ocrx_word' id='word_1_329' title='bbox 768 4513 824 4559; x_wconf 92' lang='lat' dir='ltr'><strong>et</strong></span> <span class='ocrx_word' id='word_1_330' title='bbox 851 4502 1121 4557; x_wconf 87' lang='lat' dir='ltr'><strong>Christum</strong></span> <span class='ocrx_word' id='word_1_331' title='bbox 1168 4502 1453 4557; x_wconf 90' lang='lat' dir='ltr'><strong>Dominum</strong></span> <span class='ocrx_word' id='word_1_332' title='bbox 1482 4508 1848 4572; x_wconf 86' lang='lat' dir='ltr'><strong>cognoverunt</strong></span> <span class='ocrx_word' id='word_1_333' title='bbox 1872 4507 1927 4554; x_wconf 91' lang='lat' dir='ltr'><strong>et</strong></span> 
     </span>
    </p>
   </div>
   <div class='ocr_carea' id='block_1_46' title="bbox 325 4593 1925 4665">
    <p class='ocr_par' dir='ltr' id='par_1_46' title="bbox 325 4593 1925 4665">
     <span class='ocr_line' id='line_1_46' title="bbox 325 4593 1925 4665; baseline -0.004 -14"><span class='ocrx_word' id='word_1_334' title='bbox 325 4597 537 4664; x_wconf 83' lang='lat' dir='ltr'><strong>colunt,</strong></span> <span class='ocrx_word' id='word_1_335' title='bbox 561 4612 657 4665; x_wconf 89' lang='lat' dir='ltr'><strong>pro</strong></span> <span class='ocrx_word' id='word_1_336' title='bbox 675 4595 869 4665; x_wconf 90' lang='lat' dir='ltr'><strong>quihus</strong></span> <span class='ocrx_word' id='word_1_337' title='bbox 893 4594 1166 4665; x_wconf 90' lang='lat' dir='ltr'><strong>apostolus</strong></span> <span class='ocrx_word' id='word_1_338' title='bbox 1183 4594 1386 4649; x_wconf 88' lang='lat' dir='ltr'><strong>Paulus</strong></span> <span class='ocrx_word' id='word_1_339' title='bbox 1406 4594 1558 4664; x_wconf 88' lang='lat' dir='ltr'><strong>jubet</strong></span> <span class='ocrx_word' id='word_1_340' title='bbox 1578 4593 1741 4655; x_wconf 85' lang='lat' dir='ltr'><strong>orari,</strong></span> <span class='ocrx_word' id='word_1_341' title='bbox 1760 4593 1925 4647; x_wconf 87' lang='lat' dir='ltr'><strong>etiam</strong></span> 
     </span>
    </p>
   </div>
   <div class='ocr_carea' id='block_1_47' title="bbox 323 4685 1925 4758">
    <p class='ocr_par' dir='ltr' id='par_1_47' title="bbox 323 4685 1925 4758">
     <span class='ocr_line' id='line_1_47' title="bbox 323 4685 1925 4758; baseline -0.002 -15"><span class='ocrx_word' id='word_1_342' title='bbox 323 4705 454 4744; x_wconf 87' lang='lat' dir='ltr'><strong>cum</strong></span> <span class='ocrx_word' id='word_1_343' title='bbox 492 4696 941 4758; x_wconf 85' lang='lat' dir='ltr'><strong>persequerentur</strong></span> <span class='ocrx_word' id='word_1_344' title='bbox 966 4687 1283 4743; x_wconf 84' lang='lat' dir='ltr'><strong>Ecclesiam.</strong></span> <span class='ocrx_word' id='word_1_345' title='bbox 1312 4688 1401 4742; x_wconf 90' lang='lat' dir='ltr'><strong>Sic</strong></span> <span class='ocrx_word' id='word_1_346' title='bbox 1441 4687 1589 4743; x_wconf 91' lang='lat' dir='ltr'><strong>enim</strong></span> <span class='ocrx_word' id='word_1_347' title='bbox 1614 4686 1745 4741; x_wconf 89' lang='lat' dir='ltr'><strong>dicit</strong></span> <span class='ocrx_word' id='word_1_348' title='bbox 1774 4704 1787 4739; x_wconf 89' lang='lat'><strong>:</strong></span> <span class='ocrx_word' id='word_1_349' title='bbox 1823 4685 1925 4740; x_wconf 86' lang='lat' dir='ltr'><strong>0b-</strong></span> 
     </span>
    </p>
   </div>
   <div class='ocr_carea' id='block_1_48' title="bbox 323 4778 1921 4850">
    <p class='ocr_par' dir='ltr' id='par_1_48' title="bbox 323 4778 1921 4850">
     <span class='ocr_line' id='line_1_48' title="bbox 323 4778 1921 4850; baseline -0.002 -15"><span class='ocrx_word' id='word_1_350' title='bbox 323 4797 473 4835; x_wconf 81' lang='lat' dir='ltr'><strong>secro</strong></span> <span class='ocrx_word' id='word_1_351' title='bbox 496 4782 665 4849; x_wconf 82' lang='lat' dir='ltr'><strong>itaque</strong></span> <span class='ocrx_word' id='word_1_352' title='bbox 693 4781 914 4850; x_wconf 87' lang='lat' dir='ltr'><strong>primum</strong></span> <span class='ocrx_word' id='word_1_353' title='bbox 940 4779 1053 4848; x_wconf 80' lang='lat' dir='ltr'><strong>ﬁeri</strong></span> <span class='ocrx_word' id='word_1_354' title='bbox 1090 4778 1468 4847; x_wconf 85' lang='lat' dir='ltr'><strong>deprecationes</strong></span> <span class='ocrx_word' id='word_1_355' title='bbox 1486 4819 1502 4840; x_wconf 90' lang='lat'><strong>,</strong></span> <span class='ocrx_word' id='word_1_356' title='bbox 1531 4778 1851 4832; x_wconf 85' lang='lat' dir='ltr'><strong>adorationes</strong></span> <span class='ocrx_word' id='word_1_357' title='bbox 1877 4780 1921 4845; x_wconf 81' lang='lat'><strong>’,</strong></span> 
     </span>
    </p>
   </div>
   <div class='ocr_carea' id='block_1_49' title="bbox 322 4870 1924 4943">
    <p class='ocr_par' dir='ltr' id='par_1_49' title="bbox 322 4870 1924 4943">
     <span class='ocr_line' id='line_1_49' title="bbox 322 4870 1924 4943; baseline -0.001 -17"><span class='ocrx_word' id='word_1_358' title='bbox 322 4872 760 4942; x_wconf 84' lang='lat' dir='ltr'><strong>interpellationes</strong></span> <span class='ocrx_word' id='word_1_359' title='bbox 782 4912 799 4937; x_wconf 91' lang='lat'><strong>,</strong></span> <span class='ocrx_word' id='word_1_360' title='bbox 830 4871 1109 4943; x_wconf 87' lang='lat' dir='ltr'><strong>gratiarum</strong></span> <span class='ocrx_word' id='word_1_361' title='bbox 1137 4872 1390 4938; x_wconf 75' lang='lat' dir='ltr'><strong>actiones,</strong></span> <span class='ocrx_word' id='word_1_362' title='bbox 1440 4887 1532 4940; x_wconf 86' lang='lat' dir='ltr'><strong>pro</strong></span> <span class='ocrx_word' id='word_1_363' title='bbox 1574 4870 1797 4941; x_wconf 82' lang='lat' dir='ltr'><strong>regibus,</strong></span> <span class='ocrx_word' id='word_1_364' title='bbox 1831 4886 1924 4940; x_wconf 83' lang='lat' dir='ltr'><strong>pro</strong></span> 
     </span>
    </p>
   </div>
   <div class='ocr_carea' id='block_1_50' title="bbox 322 4960 1921 5032">
    <p class='ocr_par' dir='ltr' id='par_1_50' title="bbox 322 4960 1921 5032">
     <span class='ocr_line' id='line_1_50' title="bbox 322 4960 1921 5032; baseline -0.001 -16"><span class='ocrx_word' id='word_1_365' title='bbox 322 4962 562 5016; x_wconf 77' lang='lat' dir='ltr'><strong>euntibus</strong></span> <span class='ocrx_word' id='word_1_366' title='bbox 589 4961 875 5017; x_wconf 70' lang='lat' dir='ltr'><strong>[caminibus</strong></span> <span class='ocrx_word' id='word_1_367' title='bbox 891 5003 907 5026; x_wconf 91' lang='lat'><strong>,</strong></span> <span class='ocrx_word' id='word_1_368' title='bbox 936 4972 983 5015; x_wconf 86' lang='lat' dir='ltr'><strong>et</strong></span> <span class='ocrx_word' id='word_1_369' title='bbox 1009 4962 1238 5016; x_wconf 86' lang='lat' dir='ltr'><strong>omnibus</strong></span> <span class='ocrx_word' id='word_1_370' title='bbox 1263 4962 1348 5032; x_wconf 86' lang='lat' dir='ltr'><strong>qui</strong></span> <span class='ocrx_word' id='word_1_371' title='bbox 1374 4961 1428 5015; x_wconf 89' lang='lat' dir='ltr'><strong>in</strong></span> <span class='ocrx_word' id='word_1_372' title='bbox 1452 4960 1760 5016; x_wconf 86' lang='lat' dir='ltr'><strong>sublimitate</strong></span> <span class='ocrx_word' id='word_1_373' title='bbox 1783 4970 1921 5027; x_wconf 85' lang='lat' dir='ltr'><strong>sunt,</strong></span> 
     </span>
    </p>
   </div>
   <div class='ocr_carea' id='block_1_51' title="bbox 321 5055 1921 5125">
    <p class='ocr_par' dir='ltr' id='par_1_51' title="bbox 321 5055 1921 5125">
     <span class='ocr_line' id='line_1_51' title="bbox 321 5055 1921 5125; baseline -0.001 -16"><span class='ocrx_word' id='word_1_374' title='bbox 321 5064 384 5109; x_wconf 78' lang='lat' dir='ltr'><strong>ut</strong></span> <span class='ocrx_word' id='word_1_375' title='bbox 404 5071 635 5110; x_wconf 79' lang='lat' dir='ltr'><strong>securam</strong></span> <span class='ocrx_word' id='word_1_376' title='bbox 663 5064 711 5108; x_wconf 91' lang='lat' dir='ltr'><strong>et</strong></span> <span class='ocrx_word' id='word_1_377' title='bbox 740 5056 1068 5125; x_wconf 86' lang='lat' dir='ltr'><strong>tranquillam</strong></span> <span class='ocrx_word' id='word_1_378' title='bbox 1092 5056 1243 5109; x_wconf 79' lang='lat' dir='ltr'><strong>vitam</strong></span> <span class='ocrx_word' id='word_1_379' title='bbox 1274 5072 1483 5125; x_wconf 80' lang='lat' dir='ltr'><strong>agamus</strong></span> <span class='ocrx_word' id='word_1_380' title='bbox 1508 5072 1620 5109; x_wconf 86' lang='lat' dir='ltr'><strong>cum</strong></span> <span class='ocrx_word' id='word_1_381' title='bbox 1645 5055 1784 5109; x_wconf 87' lang='lat' dir='ltr'><strong>omni</strong></span> <span class='ocrx_word' id='word_1_382' title='bbox 1812 5056 1921 5123; x_wconf 85' lang='lat' dir='ltr'><strong>pie-</strong></span> 
     </span>
    </p>
   </div>
   <div class='ocr_carea' id='block_1_52' title="bbox 322 5143 1923 5217">
    <p class='ocr_par' dir='ltr' id='par_1_52' title="bbox 322 5143 1923 5217">
     <span class='ocr_line' id='line_1_52' title="bbox 322 5143 1923 5217; baseline 0.001 -18"><span class='ocrx_word' id='word_1_383' title='bbox 322 5153 430 5199; x_wconf 80' lang='lat' dir='ltr'><strong>tate</strong></span> <span class='ocrx_word' id='word_1_384' title='bbox 454 5156 501 5200; x_wconf 85' lang='lat' dir='ltr'><strong>et</strong></span> <span class='ocrx_word' id='word_1_385' title='bbox 542 5145 788 5199; x_wconf 83' lang='lat' dir='ltr'><strong>charitate</strong></span> <span class='ocrx_word' id='word_1_386' title='bbox 816 5144 836 5175; x_wconf 86' lang='grc'>³</span> <span class='ocrx_word' id='word_1_387' title='bbox 870 5146 889 5215; x_wconf 94' lang='grc'>(</span> <span class='ocrx_word' id='word_1_388' title='bbox 906 5145 923 5199; x_wconf 97' lang='grc' dir='ltr'><strong>Ι</strong></span> <span class='ocrx_word' id='word_1_389' title='bbox 954 5143 1088 5198; x_wconf 87' lang='lat' dir='ltr'><strong>Tim.</strong></span> <span class='ocrx_word' id='word_1_390' title='bbox 1120 5161 1177 5209; x_wconf 90' lang='lat' dir='ltr'><strong>ll,</strong></span> <span class='ocrx_word' id='word_1_391' title='bbox 1212 5147 1263 5211; x_wconf 84' lang='lat' dir='ltr'><strong>i,</strong></span> <span class='ocrx_word' id='word_1_392' title='bbox 1299 5144 1394 5217; x_wconf 76' lang='grc'><strong>2).</strong></span> <span class='ocrx_word' id='word_1_393' title='bbox 1425 5143 1607 5215; x_wconf 84' lang='lat' dir='ltr'><strong>itaque</strong></span> <span class='ocrx_word' id='word_1_394' title='bbox 1640 5160 1734 5214; x_wconf 91' lang='lat' dir='ltr'><strong>per</strong></span> <span class='ocrx_word' id='word_1_395' title='bbox 1777 5146 1923 5214; x_wconf 88' lang='lat' dir='ltr'><strong>ipsos</strong></span> 
     </span>
    </p>
   </div>
   <div class='ocr_carea' id='block_1_53' title="bbox 323 5238 1921 5308">
    <p class='ocr_par' dir='ltr' id='par_1_53' title="bbox 323 5238 1921 5308">
     <span class='ocr_line' id='line_1_53' title="bbox 323 5238 1921 5308; baseline 0.001 -18"><span class='ocrx_word' id='word_1_396' title='bbox 323 5239 452 5293; x_wconf 86' lang='lat' dir='ltr'><strong>data</strong></span> <span class='ocrx_word' id='word_1_397' title='bbox 482 5253 583 5307; x_wconf 88' lang='lat' dir='ltr'><strong>pax</strong></span> <span class='ocrx_word' id='word_1_398' title='bbox 615 5248 694 5293; x_wconf 88' lang='lat' dir='ltr'><strong>est</strong></span> <span class='ocrx_word' id='word_1_399' title='bbox 728 5238 1003 5303; x_wconf 65' lang='lat' dir='ltr'><strong>Ecclesim,</strong></span> <span class='ocrx_word' id='word_1_400' title='bbox 1033 5239 1275 5308; x_wconf 87' lang='lat' dir='ltr'><strong>quamvis</strong></span> <span class='ocrx_word' id='word_1_401' title='bbox 1307 5240 1634 5307; x_wconf 87' lang='lat' dir='ltr'><strong>temporalis,</strong></span> <span class='ocrx_word' id='word_1_402' title='bbox 1666 5239 1921 5307; x_wconf 91' lang='lat' dir='ltr'><strong>tranquil-</strong></span> 
     </span>
    </p>
   </div>
   <div class='ocr_carea' id='block_1_54' title="bbox 324 5328 1922 5399">
    <p class='ocr_par' dir='ltr' id='par_1_54' title="bbox 324 5328 1922 5399">
     <span class='ocr_line' id='line_1_54' title="bbox 324 5328 1922 5399; baseline 0.002 -17"><span class='ocrx_word' id='word_1_403' title='bbox 324 5330 449 5383; x_wconf 90' lang='lat' dir='ltr'><strong>litas</strong></span> <span class='ocrx_word' id='word_1_404' title='bbox 485 5328 831 5399; x_wconf 80' lang='lat' dir='ltr'><strong>temporalis&quot;</strong></span> <span class='ocrx_word' id='word_1_405' title='bbox 860 5330 926 5383; x_wconf 89' lang='lat' dir='ltr'><strong>ad</strong></span> <span class='ocrx_word' id='word_1_406' title='bbox 970 5329 1311 5384; x_wconf 68' lang='lat' dir='ltr'><strong>aediﬁcandas</strong></span> <span class='ocrx_word' id='word_1_407' title='bbox 1353 5329 1703 5398; x_wconf 89' lang='lat' dir='ltr'><strong>spiritualiter</strong></span> <span class='ocrx_word' id='word_1_408' title='bbox 1730 5329 1922 5385; x_wconf 88' lang='lat' dir='ltr'><strong>domos</strong></span> 
     </span>
    </p>
   </div>
   <div class='ocr_carea' id='block_1_55' title="bbox 319 5419 1921 5489">
    <p class='ocr_par' dir='ltr' id='par_1_55' title="bbox 319 5419 1921 5489">
     <span class='ocr_line' id='line_1_55' title="bbox 319 5419 1921 5489; baseline 0.001 -14"><span class='ocrx_word' id='word_1_409' title='bbox 319 5429 375 5476; x_wconf 88' lang='lat' dir='ltr'><strong>et</strong></span> <span class='ocrx_word' id='word_1_410' title='bbox 410 5420 730 5489; x_wconf 86' lang='lat' dir='ltr'><strong>plantandos</strong></span> <span class='ocrx_word' id='word_1_411' title='bbox 756 5419 943 5475; x_wconf 85' lang='lat' dir='ltr'><strong>hortos</strong></span> <span class='ocrx_word' id='word_1_412' title='bbox 976 5430 1031 5476; x_wconf 90' lang='lat' dir='ltr'><strong>et</strong></span> <span class='ocrx_word' id='word_1_413' title='bbox 1058 5421 1265 5477; x_wconf 87' lang='lat' dir='ltr'><strong>vineas.</strong></span> <span class='ocrx_word' id='word_1_414' title='bbox 1295 5420 1427 5476; x_wconf 84' lang='lat' dir='ltr'><strong>Nam</strong></span> <span class='ocrx_word' id='word_1_415' title='bbox 1454 5427 1511 5475; x_wconf 89' lang='lat' dir='ltr'><strong>et</strong></span> <span class='ocrx_word' id='word_1_416' title='bbox 1534 5436 1657 5476; x_wconf 88' lang='lat' dir='ltr'><strong>cccc</strong></span> <span class='ocrx_word' id='word_1_417' title='bbox 1685 5430 1736 5476; x_wconf 93' lang='lat' dir='ltr'><strong>tc</strong></span> <span class='ocrx_word' id='word_1_418' title='bbox 1760 5422 1921 5477; x_wconf 89' lang='lat' dir='ltr'><strong>modo</strong></span> 
     </span>
    </p>
   </div>
   <div class='ocr_carea' id='block_1_56' title="bbox 320 5510 1922 5582">
    <p class='ocr_par' dir='ltr' id='par_1_56' title="bbox 320 5510 1922 5582">
     <span class='ocr_line' id='line_1_56' title="bbox 320 5510 1922 5582; baseline 0.002 -19"><span class='ocrx_word' id='word_1_419' title='bbox 320 5525 419 5581; x_wconf 91' lang='lat' dir='ltr'><strong>per</strong></span> <span class='ocrx_word' id='word_1_420' title='bbox 445 5510 605 5564; x_wconf 88' lang='lat' dir='ltr'><strong>istum</strong></span> <span class='ocrx_word' id='word_1_421' title='bbox 635 5524 940 5565; x_wconf 88' lang='lat' dir='ltr'><strong>sermonem</strong></span> <span class='ocrx_word' id='word_1_422' title='bbox 971 5510 1299 5566; x_wconf 64' lang='lat' dir='ltr'><strong>aediﬁcamus</strong></span> <span class='ocrx_word' id='word_1_423' title='bbox 1320 5519 1478 5581; x_wconf 90' lang='lat' dir='ltr'><strong>atque</strong></span> <span class='ocrx_word' id='word_1_424' title='bbox 1504 5512 1822 5582; x_wconf 87' lang='lat' dir='ltr'><strong>plantamus.</strong></span> <span class='ocrx_word' id='word_1_425' title='bbox 1856 5513 1922 5567; x_wconf 83' lang='lat' dir='ltr'><strong>Et</strong></span> 
     </span>
    </p>
   </div>
   <div class='ocr_carea' id='block_1_57' title="bbox 384 5640 1209 5706">
    <p class='ocr_par' dir='ltr' id='par_1_57' title="bbox 384 5640 1209 5706">
     <span class='ocr_line' id='line_1_57' title="bbox 384 5640 1209 5706; baseline 0.001 -16"><span class='ocrx_word' id='word_1_426' title='bbox 384 5643 402 5674; x_wconf 74' lang='grc' dir='ltr'>ί</span> <span class='ocrx_word' id='word_1_427' title='bbox 440 5642 517 5691; x_wconf 88' lang='lat' dir='ltr'><strong>sic</strong></span> <span class='ocrx_word' id='word_1_428' title='bbox 543 5648 654 5692; x_wconf 77' lang='lat' dir='ltr'><strong>Ilss.</strong></span> <span class='ocrx_word' id='word_1_429' title='bbox 681 5647 746 5706; x_wconf 76' lang='lat' dir='ltr'><strong>At</strong></span> <span class='ocrx_word' id='word_1_430' title='bbox 773 5641 916 5704; x_wconf 89' lang='lat' dir='ltr'><strong>editi,</strong></span> <span class='ocrx_word' id='word_1_431' title='bbox 947 5640 1209 5706; x_wconf 77' lang='lat' dir='ltr'><strong>pennixta.</strong></span> 
     </span>
    </p>
   </div>
   <div class='ocr_carea' id='block_1_58' title="bbox 384 5702 1917 5764">
    <p class='ocr_par' dir='ltr' id='par_1_58' title="bbox 384 5702 1917 5764">
     <span class='ocr_line' id='line_1_58' title="bbox 384 5702 1917 5764; baseline 0.001 -12"><span class='ocrx_word' id='word_1_432' title='bbox 384 5706 404 5735; x_wconf 74' lang='lat'>&#39;</span> <span class='ocrx_word' id='word_1_433' title='bbox 439 5710 571 5764; x_wconf 83' lang='lat' dir='ltr'><strong>l.ov.,</strong></span> <span class='ocrx_word' id='word_1_434' title='bbox 618 5703 875 5755; x_wconf 83' lang='lat' dir='ltr'><strong>orationes.</strong></span> <span class='ocrx_word' id='word_1_435' title='bbox 904 5702 1041 5755; x_wconf 49' lang='lat' dir='ltr'><strong>&#39;E&#39;diti</strong></span> <span class='ocrx_word' id='word_1_436' title='bbox 1063 5712 1231 5756; x_wconf 87' lang='lat' dir='ltr'><strong>autem</strong></span> <span class='ocrx_word' id='word_1_437' title='bbox 1251 5702 1334 5755; x_wconf 84' lang='lat' dir='ltr'><strong>alii</strong></span> <span class='ocrx_word' id='word_1_438' title='bbox 1369 5709 1423 5755; x_wconf 84' lang='lat' dir='ltr'><strong>et</strong></span> <span class='ocrx_word' id='word_1_439' title='bbox 1443 5710 1571 5764; x_wconf 63' lang='lat' dir='ltr'><strong>Mss,</strong></span> <span class='ocrx_word' id='word_1_440' title='bbox 1594 5702 1917 5756; x_wconf 82' lang='lat' dir='ltr'><strong>adorationes.</strong></span> 
     </span>
    </p>
   </div>
   <div class='ocr_carea' id='block_1_59' title="bbox 316 5764 945 5829">
    <p class='ocr_par' dir='ltr' id='par_1_59' title="bbox 316 5764 945 5829">
     <span class='ocr_line' id='line_1_59' title="bbox 316 5764 945 5829; baseline -0.002 -14"><span class='ocrx_word' id='word_1_441' title='bbox 316 5773 485 5816; x_wconf 56' lang='grc' dir='ltr'><strong>(ἔπνεε</strong></span> <span class='ocrx_word' id='word_1_442' title='bbox 510 5773 605 5829; x_wconf 86' lang='lat' dir='ltr'><strong>est.</strong></span> <span class='ocrx_word' id='word_1_443' title='bbox 634 5764 945 5829; x_wconf 81' lang='lat' dir='ltr'><strong>proseuchas.</strong></span> 
     </span>
    </p>
   </div>
   <div class='ocr_carea' id='block_1_60' title="bbox 384 5825 1669 5893">
    <p class='ocr_par' dir='ltr' id='par_1_60' title="bbox 384 5825 1669 5893">
     <span class='ocr_line' id='line_1_60' title="bbox 384 5825 1669 5893; baseline 0.003 -20"><span class='ocrx_word' id='word_1_444' title='bbox 384 5832 405 5857; x_wconf 83' lang='grc'>³</span> <span class='ocrx_word' id='word_1_445' title='bbox 444 5825 644 5893; x_wconf 68' lang='lat' dir='ltr'><strong>vulgata</strong></span> <span class='ocrx_word' id='word_1_446' title='bbox 660 5862 678 5887; x_wconf 94' lang='lat'><strong>,</strong></span> <span class='ocrx_word' id='word_1_447' title='bbox 946 5840 965 5878; x_wconf 89' lang='lat'><strong><em>:</em></strong></span> <span class='ocrx_word' id='word_1_448' title='bbox 985 5830 1124 5892; x_wconf 77' lang='lat' dir='ltr'><strong>juxta</strong></span> <span class='ocrx_word' id='word_1_449' title='bbox 1145 5841 1389 5893; x_wconf 61' lang='lat' dir='ltr'><strong>gramm,</strong></span> <span class='ocrx_word' id='word_1_450' title='bbox 1409 5825 1669 5881; x_wconf 72' lang='grc' dir='ltr'><strong>εαηηοιέιί.</strong></span> 
     </span>
    </p>
   </div>
   <div class='ocr_carea' id='block_1_61' title="bbox 382 5889 1231 5956">
    <p class='ocr_par' dir='ltr' id='par_1_61' title="bbox 382 5889 1231 5956">
     <span class='ocr_line' id='line_1_61' title="bbox 382 5889 1231 5956; baseline 0.001 -15"><span class='ocrx_word' id='word_1_451' title='bbox 382 5896 401 5918; x_wconf 80' lang='grc'><strong>⁸</strong></span> <span class='ocrx_word' id='word_1_452' title='bbox 438 5891 510 5941; x_wconf 69' lang='lat' dir='ltr'><strong>sic</strong></span> <span class='ocrx_word' id='word_1_453' title='bbox 668 5891 788 5942; x_wconf 73' lang='lat' dir='ltr'><strong>Editi</strong></span> <span class='ocrx_word' id='word_1_454' title='bbox 814 5904 932 5943; x_wconf 87' lang='lat' dir='ltr'><strong>vero</strong></span> <span class='ocrx_word' id='word_1_455' title='bbox 949 5927 962 5953; x_wconf 91' lang='lat'><strong>,</strong></span> 
     </span>
    </p>
   </div>
   <div class='ocr_carea' id='block_1_62' title="bbox 1802 431 2240 489">
    <p class='ocr_par' dir='ltr' id='par_1_62' title="bbox 1802 431 2240 489">
     <span class='ocr_line' id='line_1_62' title="bbox 1802 431 2240 489; baseline 0.002 -3"><span class='ocrx_word' id='word_1_456' title='bbox 1802 432 1997 489; x_wconf 82' lang='lat' dir='ltr'><strong>LIBER</strong></span> <span class='ocrx_word' id='word_1_457' title='bbox 2036 431 2240 489; x_wconf 84' lang='lat' dir='ltr'><strong>UNUS.</strong></span> 
     </span>
    </p>
   </div>
   <div class='ocr_carea' id='block_1_63' title="bbox 3540 454 3643 511">
    <p class='ocr_par' dir='ltr' id='par_1_63' title="bbox 3540 454 3643 511">
     <span class='ocr_line' id='line_1_63' title="bbox 3540 454 3643 511; baseline 0.01 -1"><span class='ocrx_word' id='word_1_458' title='bbox 3540 454 3643 511; x_wconf 69' lang='lat'><strong>338</strong></span> 
     </span>
    </p>
   </div>
   <div class='ocr_carea' id='block_1_64' title="bbox 2053 544 3629 638">
    <p class='ocr_par' dir='ltr' id='par_1_64' title="bbox 2053 544 3629 638">
     <span class='ocr_line' id='line_1_64' title="bbox 2053 544 3629 638; baseline 0.015 -38"><span class='ocrx_word' id='word_1_459' title='bbox 2053 544 2153 604; x_wconf 87' lang='lat' dir='ltr'><strong>hoc</strong></span> <span class='ocrx_word' id='word_1_460' title='bbox 2191 548 2249 603; x_wconf 94' lang='lat' dir='ltr'><strong>ﬁt</strong></span> <span class='ocrx_word' id='word_1_461' title='bbox 2290 564 2383 619; x_wconf 87' lang='lat' dir='ltr'><strong>per</strong></span> <span class='ocrx_word' id='word_1_462' title='bbox 2411 560 2577 608; x_wconf 90' lang='lat' dir='ltr'><strong>totum</strong></span> <span class='ocrx_word' id='word_1_463' title='bbox 2619 553 2803 610; x_wconf 87' lang='lat' dir='ltr'><strong>orbem</strong></span> <span class='ocrx_word' id='word_1_464' title='bbox 2831 574 3095 615; x_wconf 80' lang='lat' dir='ltr'><strong>terrarum</strong></span> <span class='ocrx_word' id='word_1_465' title='bbox 3130 575 3255 617; x_wconf 81' lang='lat' dir='ltr'><strong>cum</strong></span> <span class='ocrx_word' id='word_1_466' title='bbox 3283 578 3413 634; x_wconf 87' lang='lat' dir='ltr'><strong>pace</strong></span> <span class='ocrx_word' id='word_1_467' title='bbox 3446 581 3629 638; x_wconf 87' lang='lat' dir='ltr'><strong>regum</strong></span> 
     </span>
    </p>
   </div>
   <div class='ocr_carea' id='block_1_65' title="bbox 2049 638 3633 730">
    <p class='ocr_par' dir='ltr' id='par_1_65' title="bbox 2049 638 3633 730">
     <span class='ocr_line' id='line_1_65' title="bbox 2049 638 3633 730; baseline 0.014 -38"><span class='ocrx_word' id='word_1_468' title='bbox 2049 638 2466 697; x_wconf 87' lang='lat' dir='ltr'><strong>christianorum</strong></span> <span class='ocrx_word' id='word_1_469' title='bbox 2486 684 2501 707; x_wconf 95' lang='lat'><strong>,</strong></span> <span class='ocrx_word' id='word_1_470' title='bbox 2542 645 2679 700; x_wconf 90' lang='lat' dir='ltr'><strong>sicut</strong></span> <span class='ocrx_word' id='word_1_471' title='bbox 2708 646 2845 702; x_wconf 88' lang='lat' dir='ltr'><strong>idem</strong></span> <span class='ocrx_word' id='word_1_472' title='bbox 2875 648 3002 705; x_wconf 92' lang='lat' dir='ltr'><strong>dicit</strong></span> <span class='ocrx_word' id='word_1_473' title='bbox 3028 655 3301 722; x_wconf 88' lang='lat' dir='ltr'><strong>apostolus</strong></span> <span class='ocrx_word' id='word_1_474' title='bbox 3325 673 3339 710; x_wconf 91' lang='lat'><strong>:</strong></span> <span class='ocrx_word' id='word_1_475' title='bbox 3370 656 3465 712; x_wconf 87' lang='lat' dir='ltr'><strong>Dei</strong></span> <span class='ocrx_word' id='word_1_476' title='bbox 3488 663 3601 730; x_wconf 81' lang='lat' dir='ltr'><strong>agri</strong></span> <span class='ocrx_word' id='word_1_477' title='bbox 3612 690 3633 701; x_wconf 73' lang='grc' dir='ltr'><strong>ο</strong></span> 
     </span>
    </p>
   </div>
   <div class='ocr_carea' id='block_1_66' title="bbox 2049 730 3280 814">
    <p class='ocr_par' dir='ltr' id='par_1_66' title="bbox 2049 730 3280 814">
     <span class='ocr_line' id='line_1_66' title="bbox 2049 730 3280 814; baseline 0.012 -32"><span class='ocrx_word' id='word_1_478' title='bbox 2049 730 2270 795; x_wconf 86' lang='lat' dir='ltr'><strong>cultura,</strong></span> <span class='ocrx_word' id='word_1_479' title='bbox 2300 732 2395 787; x_wconf 87' lang='lat' dir='ltr'><strong>Dei</strong></span> <span class='ocrx_word' id='word_1_480' title='bbox 2421 734 2691 804; x_wconf 79' lang='lat' dir='ltr'><strong>tediﬁcatio</strong></span> <span class='ocrx_word' id='word_1_481' title='bbox 2717 739 2833 792; x_wconf 86' lang='lat' dir='ltr'><strong>estis</strong></span> <span class='ocrx_word' id='word_1_482' title='bbox 2865 740 2915 812; x_wconf 82' lang='lat' dir='ltr'><strong>(l</strong></span> <span class='ocrx_word' id='word_1_483' title='bbox 2943 740 3061 795; x_wconf 85' lang='lat' dir='ltr'><strong>Cor.</strong></span> <span class='ocrx_word' id='word_1_484' title='bbox 3096 759 3170 807; x_wconf 87' lang='lat' dir='ltr'><strong>ut,</strong></span> <span class='ocrx_word' id='word_1_485' title='bbox 3198 745 3280 814; x_wconf 86' lang='lat'><strong>9).</strong></span> 
     </span>
    </p>
   </div>
   <div class='ocr_carea' id='block_1_67' title="bbox 2119 821 3630 911">
    <p class='ocr_par' dir='ltr' id='par_1_67' title="bbox 2119 821 3630 911">
     <span class='ocr_line' id='line_1_67' title="bbox 2119 821 3630 911; baseline 0.012 -35"><span class='ocrx_word' id='word_1_486' title='bbox 2119 821 2209 877; x_wconf 78' lang='lat'><strong>58.</strong></span> <span class='ocrx_word' id='word_1_487' title='bbox 2250 822 2317 877; x_wconf 88' lang='lat' dir='ltr'><strong>Et</strong></span> <span class='ocrx_word' id='word_1_488' title='bbox 2345 832 2464 893; x_wconf 90' lang='lat' dir='ltr'><strong>post</strong></span> <span class='ocrx_word' id='word_1_489' title='bbox 2488 841 2660 882; x_wconf 91' lang='lat' dir='ltr'><strong>annos</strong></span> <span class='ocrx_word' id='word_1_490' title='bbox 2696 829 2911 898; x_wconf 88' lang='lat' dir='ltr'><strong>quidem</strong></span> <span class='ocrx_word' id='word_1_491' title='bbox 2942 835 3271 905; x_wconf 81' lang='lat' dir='ltr'><strong>septuaginta</strong></span> <span class='ocrx_word' id='word_1_492' title='bbox 3292 877 3308 901; x_wconf 91' lang='lat'><strong>,</strong></span> <span class='ocrx_word' id='word_1_493' title='bbox 3342 852 3477 905; x_wconf 89' lang='lat' dir='ltr'><strong>quos</strong></span> <span class='ocrx_word' id='word_1_494' title='bbox 3511 855 3630 911; x_wconf 87' lang='lat' dir='ltr'><strong>my-</strong></span> 
     </span>
    </p>
   </div>
   <div class='ocr_carea' id='block_1_68' title="bbox 2047 913 3630 999">
    <p class='ocr_par' dir='ltr' id='par_1_68' title="bbox 2047 913 3630 999">
     <span class='ocr_line' id='line_1_68' title="bbox 2047 913 3630 999; baseline 0.013 -32"><span class='ocrx_word' id='word_1_495' title='bbox 2047 913 2183 970; x_wconf 90' lang='lat' dir='ltr'><strong>stice</strong></span> <span class='ocrx_word' id='word_1_496' title='bbox 2228 916 2637 986; x_wconf 88' lang='lat' dir='ltr'><strong>prophetaverat</strong></span> <span class='ocrx_word' id='word_1_497' title='bbox 2676 921 2965 988; x_wconf 87' lang='lat' dir='ltr'><strong>Jeremias,</strong></span> <span class='ocrx_word' id='word_1_498' title='bbox 3012 934 3070 979; x_wconf 90' lang='lat' dir='ltr'><strong>ut</strong></span> <span class='ocrx_word' id='word_1_499' title='bbox 3114 926 3273 983; x_wconf 91' lang='lat' dir='ltr'><strong>ﬁnem</strong></span> <span class='ocrx_word' id='word_1_500' title='bbox 3327 938 3630 999; x_wconf 87' lang='lat' dir='ltr'><strong>temporum</strong></span> 
     </span>
    </p>
   </div>
   <div class='ocr_carea' id='block_1_69' title="bbox 2048 1005 3631 1089">
    <p class='ocr_par' dir='ltr' id='par_1_69' title="bbox 2048 1005 3631 1089">
     <span class='ocr_line' id='line_1_69' title="bbox 2048 1005 3631 1089; baseline 0.013 -31"><span class='ocrx_word' id='word_1_501' title='bbox 2048 1005 2436 1077; x_wconf 78' lang='lat' dir='ltr'><strong>przeﬁguraret,</strong></span> <span class='ocrx_word' id='word_1_502' title='bbox 2464 1020 2641 1066; x_wconf 88' lang='lat' dir='ltr'><strong>tamen</strong></span> <span class='ocrx_word' id='word_1_503' title='bbox 2668 1022 2725 1067; x_wconf 92' lang='lat' dir='ltr'><strong>ut</strong></span> <span class='ocrx_word' id='word_1_504' title='bbox 2755 1015 2865 1082; x_wconf 86' lang='lat' dir='ltr'><strong>ipsa</strong></span> <span class='ocrx_word' id='word_1_505' title='bbox 2894 1016 3057 1086; x_wconf 85' lang='lat' dir='ltr'><strong>ﬁgura</strong></span> <span class='ocrx_word' id='word_1_506' title='bbox 3088 1018 3462 1089; x_wconf 85' lang='lat' dir='ltr'><strong>integraretur,</strong></span> <span class='ocrx_word' id='word_1_507' title='bbox 3495 1023 3631 1079; x_wconf 77' lang='lat' dir='ltr'><strong>facta</strong></span> 
     </span>
    </p>
   </div>
   <div class='ocr_carea' id='block_1_70' title="bbox 2047 1097 3631 1183">
    <p class='ocr_par' dir='ltr' id='par_1_70' title="bbox 2047 1097 3631 1183">
     <span class='ocr_line' id='line_1_70' title="bbox 2047 1097 3631 1183; baseline 0.015 -34"><span class='ocrx_word' id='word_1_508' title='bbox 2047 1103 2131 1150; x_wconf 90' lang='lat' dir='ltr'><strong>est</strong></span> <span class='ocrx_word' id='word_1_509' title='bbox 2172 1097 2226 1152; x_wconf 90' lang='lat' dir='ltr'><strong>in</strong></span> <span class='ocrx_word' id='word_1_510' title='bbox 2261 1097 2558 1156; x_wconf 89' lang='lat' dir='ltr'><strong>Jerusalem</strong></span> <span class='ocrx_word' id='word_1_511' title='bbox 2592 1105 2859 1160; x_wconf 91' lang='lat' dir='ltr'><strong>restitutio</strong></span> <span class='ocrx_word' id='word_1_512' title='bbox 2883 1107 3250 1165; x_wconf 83' lang='lat' dir='ltr'><strong>tediﬁcationis</strong></span> <span class='ocrx_word' id='word_1_513' title='bbox 3279 1114 3460 1183; x_wconf 90' lang='lat' dir='ltr'><strong>templi</strong></span> <span class='ocrx_word' id='word_1_514' title='bbox 3489 1116 3584 1171; x_wconf 85' lang='lat' dir='ltr'><strong>Dei</strong></span> <span class='ocrx_word' id='word_1_515' title='bbox 3615 1135 3631 1172; x_wconf 90' lang='lat'><strong>:</strong></span> 
     </span>
    </p>
   </div>
   <div class='ocr_carea' id='block_1_71' title="bbox 2041 1186 3631 1275">
    <p class='ocr_par' dir='ltr' id='par_1_71' title="bbox 2041 1186 3631 1275">
     <span class='ocr_line' id='line_1_71' title="bbox 2041 1186 3631 1275; baseline 0.014 -35"><span class='ocrx_word' id='word_1_516' title='bbox 2041 1186 2143 1260; x_wconf 85' lang='lat' dir='ltr'><strong>sed</strong></span> <span class='ocrx_word' id='word_1_517' title='bbox 2167 1189 2288 1254; x_wconf 86' lang='lat' dir='ltr'><strong>quia</strong></span> <span class='ocrx_word' id='word_1_518' title='bbox 2314 1199 2479 1246; x_wconf 87' lang='lat' dir='ltr'><strong>totum</strong></span> <span class='ocrx_word' id='word_1_519' title='bbox 2506 1193 2731 1264; x_wconf 90' lang='lat' dir='ltr'><strong>ﬁgurate</strong></span> <span class='ocrx_word' id='word_1_520' title='bbox 2759 1198 3034 1267; x_wconf 87' lang='lat' dir='ltr'><strong>agebatur,</strong></span> <span class='ocrx_word' id='word_1_521' title='bbox 3064 1216 3169 1256; x_wconf 92' lang='lat' dir='ltr'><strong>non</strong></span> <span class='ocrx_word' id='word_1_522' title='bbox 3205 1212 3324 1259; x_wconf 91' lang='lat' dir='ltr'><strong>erat</strong></span> <span class='ocrx_word' id='word_1_523' title='bbox 3347 1204 3497 1261; x_wconf 87' lang='lat' dir='ltr'><strong>ﬁrma</strong></span> <span class='ocrx_word' id='word_1_524' title='bbox 3531 1222 3631 1275; x_wconf 82' lang='lat' dir='ltr'><strong>pax</strong></span> 
     </span>
    </p>
   </div>
   <div class='ocr_carea' id='block_1_72' title="bbox 2044 1278 3630 1362">
    <p class='ocr_par' dir='ltr' id='par_1_72' title="bbox 2044 1278 3630 1362">
     <span class='ocr_line' id='line_1_72' title="bbox 2044 1278 3630 1362; baseline 0.013 -30"><span class='ocrx_word' id='word_1_525' title='bbox 2044 1291 2110 1332; x_wconf 90' lang='lat' dir='ltr'><strong>ac</strong></span> <span class='ocrx_word' id='word_1_526' title='bbox 2149 1278 2367 1336; x_wconf 88' lang='lat' dir='ltr'><strong>libertas</strong></span> <span class='ocrx_word' id='word_1_527' title='bbox 2397 1282 2602 1338; x_wconf 93' lang='lat' dir='ltr'><strong>reddita</strong></span> <span class='ocrx_word' id='word_1_528' title='bbox 2629 1285 2850 1341; x_wconf 72' lang='lat' dir='ltr'><strong>Judazis.</strong></span> <span class='ocrx_word' id='word_1_529' title='bbox 2898 1289 3078 1361; x_wconf 88' lang='lat' dir='ltr'><strong>Itaque</strong></span> <span class='ocrx_word' id='word_1_530' title='bbox 3106 1302 3289 1362; x_wconf 89' lang='lat' dir='ltr'><strong>postea</strong></span> <span class='ocrx_word' id='word_1_531' title='bbox 3318 1310 3349 1349; x_wconf 92' lang='lat' dir='ltr'><strong>a</strong></span> <span class='ocrx_word' id='word_1_532' title='bbox 3378 1295 3630 1353; x_wconf 80' lang='lat' dir='ltr'><strong>Romanis</strong></span> 
     </span>
    </p>
   </div>
   <div class='ocr_carea' id='block_1_73' title="bbox 2045 1370 3629 1459">
    <p class='ocr_par' dir='ltr' id='par_1_73' title="bbox 2045 1370 3629 1459">
     <span class='ocr_line' id='line_1_73' title="bbox 2045 1370 3629 1459; baseline 0.015 -35"><span class='ocrx_word' id='word_1_533' title='bbox 2045 1370 2171 1426; x_wconf 89' lang='lat' dir='ltr'><strong>victi</strong></span> <span class='ocrx_word' id='word_1_534' title='bbox 2197 1380 2341 1441; x_wconf 88' lang='lat' dir='ltr'><strong>sunt,</strong></span> <span class='ocrx_word' id='word_1_535' title='bbox 2373 1383 2426 1430; x_wconf 92' lang='lat' dir='ltr'><strong>et</strong></span> <span class='ocrx_word' id='word_1_536' title='bbox 2452 1376 2717 1433; x_wconf 88' lang='lat' dir='ltr'><strong>tributarii</strong></span> <span class='ocrx_word' id='word_1_537' title='bbox 2744 1378 2890 1436; x_wconf 82' lang='lat' dir='ltr'><strong>iacti.</strong></span> <span class='ocrx_word' id='word_1_538' title='bbox 2917 1383 2993 1437; x_wconf 88' lang='lat' dir='ltr'><strong>Ex</strong></span> <span class='ocrx_word' id='word_1_539' title='bbox 3021 1384 3114 1440; x_wconf 91' lang='lat' dir='ltr'><strong>illo</strong></span> <span class='ocrx_word' id='word_1_540' title='bbox 3141 1401 3271 1443; x_wconf 90' lang='lat' dir='ltr'><strong>sane</strong></span> <span class='ocrx_word' id='word_1_541' title='bbox 3296 1396 3538 1459; x_wconf 85' lang='lat' dir='ltr'><strong>tempore</strong></span> <span class='ocrx_word' id='word_1_542' title='bbox 3565 1407 3629 1447; x_wconf 87' lang='lat' dir='ltr'><strong>ex</strong></span> 
     </span>
    </p>
   </div>
   <div class='ocr_carea' id='block_1_74' title="bbox 2045 1469 3635 1549">
    <p class='ocr_par' dir='ltr' id='par_1_74' title="bbox 2045 1469 3635 1549">
     <span class='ocr_line' id='line_1_74' title="bbox 2045 1469 3635 1549; baseline 0.012 -32"><span class='ocrx_word' id='word_1_543' title='bbox 2045 1478 2152 1533; x_wconf 90' lang='lat' dir='ltr'><strong>quo</strong></span> <span class='ocrx_word' id='word_1_544' title='bbox 2181 1474 2374 1520; x_wconf 88' lang='lat' dir='ltr'><strong>terram</strong></span> <span class='ocrx_word' id='word_1_545' title='bbox 2402 1469 2774 1537; x_wconf 89' lang='lat' dir='ltr'><strong>promissionis</strong></span> <span class='ocrx_word' id='word_1_546' title='bbox 2800 1484 3141 1543; x_wconf 90' lang='lat' dir='ltr'><strong>acceperunt,</strong></span> <span class='ocrx_word' id='word_1_547' title='bbox 3174 1487 3228 1531; x_wconf 94' lang='lat' dir='ltr'><strong>et</strong></span> <span class='ocrx_word' id='word_1_548' title='bbox 3256 1493 3411 1549; x_wconf 89' lang='lat' dir='ltr'><strong>reges</strong></span> <span class='ocrx_word' id='word_1_549' title='bbox 3436 1479 3635 1536; x_wconf 89' lang='lat' dir='ltr'><strong>habere</strong></span> 
     </span>
    </p>
   </div>
   <div class='ocr_carea' id='block_1_75' title="bbox 2045 1560 3631 1640">
    <p class='ocr_par' dir='ltr' id='par_1_75' title="bbox 2045 1560 3631 1640">
     <span class='ocr_line' id='line_1_75' title="bbox 2045 1560 3631 1640; baseline 0.012 -32"><span class='ocrx_word' id='word_1_550' title='bbox 2045 1564 2355 1624; x_wconf 68' lang='lat' dir='ltr'><strong>coeperunt,</strong></span> <span class='ocrx_word' id='word_1_551' title='bbox 2407 1574 2475 1613; x_wconf 89' lang='lat' dir='ltr'><strong>ne</strong></span> <span class='ocrx_word' id='word_1_552' title='bbox 2520 1560 2571 1615; x_wconf 92' lang='lat' dir='ltr'><strong>in</strong></span> <span class='ocrx_word' id='word_1_553' title='bbox 2611 1562 2794 1634; x_wconf 89' lang='lat' dir='ltr'><strong>aliquo</strong></span> <span class='ocrx_word' id='word_1_554' title='bbox 2834 1579 3020 1635; x_wconf 88' lang='lat' dir='ltr'><strong>regum</strong></span> <span class='ocrx_word' id='word_1_555' title='bbox 3048 1580 3267 1623; x_wconf 91' lang='lat' dir='ltr'><strong>suorum</strong></span> <span class='ocrx_word' id='word_1_556' title='bbox 3309 1571 3631 1640; x_wconf 89' lang='lat' dir='ltr'><strong>completum</strong></span> 
     </span>
    </p>
   </div>
   <div class='ocr_carea' id='block_1_76' title="bbox 2045 1650 3630 1732">
    <p class='ocr_par' dir='ltr' id='par_1_76' title="bbox 2045 1650 3630 1732">
     <span class='ocr_line' id='line_1_76' title="bbox 2045 1650 3630 1732; baseline 0.011 -31"><span class='ocrx_word' id='word_1_557' title='bbox 2045 1661 2165 1703; x_wconf 88' lang='lat' dir='ltr'><strong>esse</strong></span> <span class='ocrx_word' id='word_1_558' title='bbox 2194 1650 2583 1708; x_wconf 86' lang='lat' dir='ltr'><strong>arbitrarentur</strong></span> <span class='ocrx_word' id='word_1_559' title='bbox 2627 1656 2769 1725; x_wconf 86' lang='lat' dir='ltr'><strong>quod</strong></span> <span class='ocrx_word' id='word_1_560' title='bbox 2811 1656 2892 1713; x_wconf 88' lang='lat' dir='ltr'><strong>eis</strong></span> <span class='ocrx_word' id='word_1_561' title='bbox 2935 1658 3190 1714; x_wconf 90' lang='lat' dir='ltr'><strong>liberator</strong></span> <span class='ocrx_word' id='word_1_562' title='bbox 3228 1660 3475 1717; x_wconf 91' lang='lat' dir='ltr'><strong>Christus</strong></span> <span class='ocrx_word' id='word_1_563' title='bbox 3505 1678 3630 1732; x_wconf 86' lang='lat' dir='ltr'><strong>pro-</strong></span> 
     </span>
    </p>
   </div>
   <div class='ocr_carea' id='block_1_77' title="bbox 2044 1739 3635 1824">
    <p class='ocr_par' dir='ltr' id='par_1_77' title="bbox 2044 1739 3635 1824">
     <span class='ocr_line' id='line_1_77' title="bbox 2044 1739 3635 1824; baseline 0.011 -33"><span class='ocrx_word' id='word_1_564' title='bbox 2044 1739 2375 1807; x_wconf 86' lang='lat' dir='ltr'><strong>mittebatur,</strong></span> <span class='ocrx_word' id='word_1_565' title='bbox 2409 1745 2649 1813; x_wconf 89' lang='lat' dir='ltr'><strong>apertius</strong></span> <span class='ocrx_word' id='word_1_566' title='bbox 2676 1763 2770 1816; x_wconf 89' lang='lat' dir='ltr'><strong>per</strong></span> <span class='ocrx_word' id='word_1_567' title='bbox 2798 1749 2992 1803; x_wconf 89' lang='lat' dir='ltr'><strong>multas</strong></span> <span class='ocrx_word' id='word_1_568' title='bbox 3016 1750 3321 1819; x_wconf 88' lang='lat' dir='ltr'><strong>prophetias</strong></span> <span class='ocrx_word' id='word_1_569' title='bbox 3346 1754 3635 1824; x_wconf 88' lang='lat' dir='ltr'><strong>propheta-</strong></span> 
     </span>
    </p>
   </div>
   <div class='ocr_carea' id='block_1_78' title="bbox 2044 1832 3634 1911">
    <p class='ocr_par' dir='ltr' id='par_1_78' title="bbox 2044 1832 3634 1911">
     <span class='ocr_line' id='line_1_78' title="bbox 2044 1832 3634 1911; baseline 0.011 -29"><span class='ocrx_word' id='word_1_570' title='bbox 2044 1840 2130 1886; x_wconf 91' lang='lat' dir='ltr'><strong>tus</strong></span> <span class='ocrx_word' id='word_1_571' title='bbox 2170 1841 2251 1886; x_wconf 90' lang='lat' dir='ltr'><strong>est</strong></span> <span class='ocrx_word' id='word_1_572' title='bbox 2293 1832 2568 1900; x_wconf 88' lang='lat' dir='ltr'><strong>Christus;</strong></span> <span class='ocrx_word' id='word_1_573' title='bbox 2614 1852 2719 1891; x_wconf 90' lang='lat' dir='ltr'><strong>non</strong></span> <span class='ocrx_word' id='word_1_574' title='bbox 2757 1841 2932 1895; x_wconf 88' lang='lat' dir='ltr'><strong>solum</strong></span> <span class='ocrx_word' id='word_1_575' title='bbox 2978 1842 3046 1895; x_wconf 89' lang='lat' dir='ltr'><strong>ah</strong></span> <span class='ocrx_word' id='word_1_576' title='bbox 3074 1845 3189 1911; x_wconf 90' lang='lat' dir='ltr'><strong>ipso</strong></span> <span class='ocrx_word' id='word_1_577' title='bbox 3218 1843 3384 1898; x_wconf 89' lang='lat' dir='ltr'><strong>David</strong></span> <span class='ocrx_word' id='word_1_578' title='bbox 3413 1845 3465 1899; x_wconf 93' lang='lat' dir='ltr'><strong>in</strong></span> <span class='ocrx_word' id='word_1_579' title='bbox 3497 1845 3634 1900; x_wconf 82' lang='lat' dir='ltr'><strong>libro</strong></span> 
     </span>
    </p>
   </div>
   <div class='ocr_carea' id='block_1_79' title="bbox 2041 1921 3741 2009">
    <p class='ocr_par' dir='ltr' id='par_1_79' title="bbox 2041 1921 3741 2009">
     <span class='ocr_line' id='line_1_79' title="bbox 2041 1921 3741 2009; baseline 0.011 -34"><span class='ocrx_word' id='word_1_580' title='bbox 2041 1921 2401 1989; x_wconf 83' lang='lat' dir='ltr'><strong>Psalmorum,</strong></span> <span class='ocrx_word' id='word_1_581' title='bbox 2432 1928 2528 1982; x_wconf 90' lang='lat' dir='ltr'><strong>sed</strong></span> <span class='ocrx_word' id='word_1_582' title='bbox 2563 1931 2724 1985; x_wconf 91' lang='lat' dir='ltr'><strong>etiam</strong></span> <span class='ocrx_word' id='word_1_583' title='bbox 2756 1946 2786 1984; x_wconf 87' lang='lat' dir='ltr'><strong>a</strong></span> <span class='ocrx_word' id='word_1_584' title='bbox 2815 1933 3024 1987; x_wconf 65' lang='lat' dir='ltr'><strong>cretei-is</strong></span> <span class='ocrx_word' id='word_1_585' title='bbox 3047 1943 3101 1988; x_wconf 90' lang='lat' dir='ltr'><strong>et</strong></span> <span class='ocrx_word' id='word_1_586' title='bbox 3126 1935 3332 2005; x_wconf 86' lang='lat' dir='ltr'><strong>magnis</strong></span> <span class='ocrx_word' id='word_1_587' title='bbox 3360 1944 3416 1991; x_wconf 90' lang='lat' dir='ltr'><strong>et</strong></span> <span class='ocrx_word' id='word_1_588' title='bbox 3434 1938 3633 1993; x_wconf 89' lang='lat' dir='ltr'><strong>sanctis</strong></span> <span class='ocrx_word' id='word_1_589' title='bbox 3734 1992 3741 2009; x_wconf 72' lang='grc'><strong><em>,</em></strong></span> 
     </span>
    </p>
   </div>
   <div class='ocr_carea' id='block_1_80' title="bbox 2042 2012 3631 2099">
    <p class='ocr_par' dir='ltr' id='par_1_80' title="bbox 2042 2012 3631 2099">
     <span class='ocr_line' id='line_1_80' title="bbox 2042 2012 3631 2099; baseline 0.012 -34"><span class='ocrx_word' id='word_1_590' title='bbox 2042 2012 2348 2083; x_wconf 88' lang='lat' dir='ltr'><strong>pr0phetis,</strong></span> <span class='ocrx_word' id='word_1_591' title='bbox 2395 2032 2563 2089; x_wconf 88' lang='lat' dir='ltr'><strong>usque</strong></span> <span class='ocrx_word' id='word_1_592' title='bbox 2603 2020 2669 2074; x_wconf 90' lang='lat' dir='ltr'><strong>ad</strong></span> <span class='ocrx_word' id='word_1_593' title='bbox 2715 2031 2924 2093; x_wconf 90' lang='lat' dir='ltr'><strong>tempus</strong></span> <span class='ocrx_word' id='word_1_594' title='bbox 2949 2025 3269 2092; x_wconf 87' lang='lat' dir='ltr'><strong>captivitatis</strong></span> <span class='ocrx_word' id='word_1_595' title='bbox 3309 2027 3362 2081; x_wconf 93' lang='lat' dir='ltr'><strong>in</strong></span> <span class='ocrx_word' id='word_1_596' title='bbox 3398 2027 3631 2099; x_wconf 82' lang='lat' dir='ltr'><strong>Babylo-</strong></span> 
     </span>
    </p>
   </div>
   <div class='ocr_carea' id='block_1_81' title="bbox 2042 2103 3631 2190">
    <p class='ocr_par' dir='ltr' id='par_1_81' title="bbox 2042 2103 3631 2190">
     <span class='ocr_line' id='line_1_81' title="bbox 2042 2103 3631 2190; baseline 0.011 -33"><span class='ocrx_word' id='word_1_597' title='bbox 2042 2103 2224 2158; x_wconf 91' lang='lat' dir='ltr'><strong>niam:</strong></span> <span class='ocrx_word' id='word_1_598' title='bbox 2257 2116 2311 2162; x_wconf 93' lang='lat' dir='ltr'><strong>et</strong></span> <span class='ocrx_word' id='word_1_599' title='bbox 2351 2108 2402 2162; x_wconf 93' lang='lat' dir='ltr'><strong>in</strong></span> <span class='ocrx_word' id='word_1_600' title='bbox 2446 2109 2558 2178; x_wconf 89' lang='lat' dir='ltr'><strong>ipsa</strong></span> <span class='ocrx_word' id='word_1_601' title='bbox 2585 2114 2897 2181; x_wconf 85' lang='lat' dir='ltr'><strong>captivitate</strong></span> <span class='ocrx_word' id='word_1_602' title='bbox 2940 2114 3155 2170; x_wconf 84' lang='lat' dir='ltr'><strong>fuerunt</strong></span> <span class='ocrx_word' id='word_1_603' title='bbox 3194 2121 3503 2187; x_wconf 72' lang='lat' dir='ltr'><strong>prophetae,</strong></span> <span class='ocrx_word' id='word_1_604' title='bbox 3534 2121 3631 2190; x_wconf 87' lang='lat' dir='ltr'><strong>qui</strong></span> 
     </span>
    </p>
   </div>
   <div class='ocr_carea' id='block_1_82' title="bbox 2040 2201 3628 2267">
    <p class='ocr_par' dir='ltr' id='par_1_82' title="bbox 2040 2201 3628 2267">
     <span class='ocr_line' id='line_1_82' title="bbox 2040 2201 3628 2267; baseline 0.011 -17"><span class='ocrx_word' id='word_1_605' title='bbox 2040 2206 2321 2253; x_wconf 88' lang='lat' dir='ltr'><strong>venturum</strong></span> <span class='ocrx_word' id='word_1_606' title='bbox 2377 2201 2658 2257; x_wconf 90' lang='lat' dir='ltr'><strong>Dominum</strong></span> <span class='ocrx_word' id='word_1_607' title='bbox 2720 2204 2903 2260; x_wconf 88' lang='lat' dir='ltr'><strong>Jesum</strong></span> <span class='ocrx_word' id='word_1_608' title='bbox 2958 2206 3233 2262; x_wconf 90' lang='lat' dir='ltr'><strong>Christum</strong></span> <span class='ocrx_word' id='word_1_609' title='bbox 3288 2210 3628 2267; x_wconf 89' lang='lat' dir='ltr'><strong>liberatorem</strong></span> 
     </span>
    </p>
   </div>
   <div class='ocr_carea' id='block_1_83' title="bbox 2040 2288 3623 2369">
    <p class='ocr_par' dir='ltr' id='par_1_83' title="bbox 2040 2288 3623 2369">
     <span class='ocr_line' id='line_1_83' title="bbox 2040 2288 3623 2369; baseline 0.012 -30"><span class='ocrx_word' id='word_1_610' title='bbox 2040 2288 2276 2342; x_wconf 92' lang='lat' dir='ltr'><strong>omnium</strong></span> <span class='ocrx_word' id='word_1_611' title='bbox 2290 2292 2690 2361; x_wconf 86' lang='lat' dir='ltr'><strong>prophetarent.</strong></span> <span class='ocrx_word' id='word_1_612' title='bbox 2718 2296 3137 2368; x_wconf 87' lang='lat' dir='ltr'><strong>Etposteaquam</strong></span> <span class='ocrx_word' id='word_1_613' title='bbox 3168 2301 3423 2369; x_wconf 91' lang='lat' dir='ltr'><strong>templum</strong></span> <span class='ocrx_word' id='word_1_614' title='bbox 3446 2311 3623 2358; x_wconf 89' lang='lat' dir='ltr'><strong>trans-</strong></span> 
     </span>
    </p>
   </div>
   <div class='ocr_carea' id='block_1_84' title="bbox 2039 2380 3632 2464">
    <p class='ocr_par' dir='ltr' id='par_1_84' title="bbox 2039 2380 3632 2464">
     <span class='ocr_line' id='line_1_84' title="bbox 2039 2380 3632 2464; baseline 0.011 -31"><span class='ocrx_word' id='word_1_615' title='bbox 2039 2380 2173 2434; x_wconf 88' lang='lat' dir='ltr'><strong>actis</strong></span> <span class='ocrx_word' id='word_1_616' title='bbox 2215 2385 2547 2453; x_wconf 83' lang='lat' dir='ltr'><strong>septuaginta</strong></span> <span class='ocrx_word' id='word_1_617' title='bbox 2586 2387 2742 2442; x_wconf 88' lang='lat' dir='ltr'><strong>anuis</strong></span> <span class='ocrx_word' id='word_1_618' title='bbox 2800 2390 3103 2444; x_wconf 83' lang='lat' dir='ltr'><strong>restitutum</strong></span> <span class='ocrx_word' id='word_1_619' title='bbox 3133 2400 3235 2457; x_wconf 87' lang='lat' dir='ltr'><strong>est,</strong></span> <span class='ocrx_word' id='word_1_620' title='bbox 3276 2401 3452 2447; x_wconf 90' lang='lat' dir='ltr'><strong>tantas</strong></span> <span class='ocrx_word' id='word_1_621' title='bbox 3484 2410 3632 2464; x_wconf 65' lang='lat' dir='ltr'><strong>pres-</strong></span> 
     </span>
    </p>
   </div>
   <div class='ocr_carea' id='block_1_85' title="bbox 2040 2474 3631 2555">
    <p class='ocr_par' dir='ltr' id='par_1_85' title="bbox 2040 2474 3631 2555">
     <span class='ocr_line' id='line_1_85' title="bbox 2040 2474 3631 2555; baseline 0.01 -30"><span class='ocrx_word' id='word_1_622' title='bbox 2040 2485 2194 2526; x_wconf 88' lang='lat' dir='ltr'><strong>suras</strong></span> <span class='ocrx_word' id='word_1_623' title='bbox 2210 2482 2264 2527; x_wconf 90' lang='lat' dir='ltr'><strong>et</strong></span> <span class='ocrx_word' id='word_1_624' title='bbox 2282 2474 2610 2531; x_wconf 78' lang='lat' dir='ltr'><strong>calamitates</strong></span> <span class='ocrx_word' id='word_1_625' title='bbox 2634 2493 2662 2531; x_wconf 90' lang='lat' dir='ltr'><strong>a</strong></span> <span class='ocrx_word' id='word_1_626' title='bbox 2688 2480 2904 2549; x_wconf 85' lang='lat' dir='ltr'><strong>regibus</strong></span> <span class='ocrx_word' id='word_1_627' title='bbox 2926 2481 3178 2538; x_wconf 89' lang='lat' dir='ltr'><strong>Gentium</strong></span> <span class='ocrx_word' id='word_1_628' title='bbox 3195 2484 3363 2539; x_wconf 82' lang='lat' dir='ltr'><strong>Judaei</strong></span> <span class='ocrx_word' id='word_1_629' title='bbox 3386 2488 3631 2555; x_wconf 84' lang='lat' dir='ltr'><strong>perpessi</strong></span> 
     </span>
    </p>
   </div>
   <div class='ocr_carea' id='block_1_86' title="bbox 2040 2568 3627 2643">
    <p class='ocr_par' dir='ltr' id='par_1_86' title="bbox 2040 2568 3627 2643">
     <span class='ocr_line' id='line_1_86' title="bbox 2040 2568 3627 2643; baseline 0.009 -24"><span class='ocrx_word' id='word_1_630' title='bbox 2040 2575 2185 2629; x_wconf 92' lang='lat' dir='ltr'><strong>sunt,</strong></span> <span class='ocrx_word' id='word_1_631' title='bbox 2218 2576 2275 2621; x_wconf 91' lang='lat' dir='ltr'><strong>ut</strong></span> <span class='ocrx_word' id='word_1_632' title='bbox 2303 2568 2663 2640; x_wconf 89' lang='lat' dir='ltr'><strong>intelligerent</strong></span> <span class='ocrx_word' id='word_1_633' title='bbox 2705 2573 2941 2628; x_wconf 90' lang='lat' dir='ltr'><strong>nondum</strong></span> <span class='ocrx_word' id='word_1_634' title='bbox 2986 2577 3198 2632; x_wconf 84' lang='lat' dir='ltr'><strong>venisse</strong></span> <span class='ocrx_word' id='word_1_635' title='bbox 3244 2577 3584 2634; x_wconf 90' lang='lat' dir='ltr'><strong>liberatorem</strong></span> <span class='ocrx_word' id='word_1_636' title='bbox 3611 2620 3627 2643; x_wconf 91' lang='lat'><strong>,</strong></span> 
     </span>
    </p>
   </div>
   <div class='ocr_carea' id='block_1_87' title="bbox 2040 2658 3626 2739">
    <p class='ocr_par' dir='ltr' id='par_1_87' title="bbox 2040 2658 3626 2739">
     <span class='ocr_line' id='line_1_87' title="bbox 2040 2658 3626 2739; baseline 0.01 -30"><span class='ocrx_word' id='word_1_637' title='bbox 2040 2671 2196 2725; x_wconf 87' lang='lat' dir='ltr'><strong>quem</strong></span> <span class='ocrx_word' id='word_1_638' title='bbox 2228 2672 2333 2712; x_wconf 91' lang='lat' dir='ltr'><strong>non</strong></span> <span class='ocrx_word' id='word_1_639' title='bbox 2361 2658 2710 2728; x_wconf 89' lang='lat' dir='ltr'><strong>spiritualiter</strong></span> <span class='ocrx_word' id='word_1_640' title='bbox 2738 2662 3084 2719; x_wconf 91' lang='lat' dir='ltr'><strong>liberaturum</strong></span> <span class='ocrx_word' id='word_1_641' title='bbox 3116 2666 3498 2739; x_wconf 89' lang='lat' dir='ltr'><strong>intelligebant,</strong></span> <span class='ocrx_word' id='word_1_642' title='bbox 3530 2670 3626 2725; x_wconf 88' lang='lat' dir='ltr'><strong>sed</strong></span> 
     </span>
    </p>
   </div>
   <div class='ocr_carea' id='block_1_88' title="bbox 2040 2747 3128 2816">
    <p class='ocr_par' dir='ltr' id='par_1_88' title="bbox 2040 2747 3128 2816">
     <span class='ocr_line' id='line_1_88' title="bbox 2040 2747 3128 2816; baseline 0.008 -16"><span class='ocrx_word' id='word_1_643' title='bbox 2040 2760 2138 2816; x_wconf 89' lang='lat' dir='ltr'><strong>pro</strong></span> <span class='ocrx_word' id='word_1_644' title='bbox 2165 2747 2479 2805; x_wconf 88' lang='lat' dir='ltr'><strong>liberatione</strong></span> <span class='ocrx_word' id='word_1_645' title='bbox 2500 2753 2698 2806; x_wconf 87' lang='lat' dir='ltr'><strong>carnali</strong></span> <span class='ocrx_word' id='word_1_646' title='bbox 2728 2752 3128 2810; x_wconf 88' lang='lat' dir='ltr'><strong>desiderabant.</strong></span> 
     </span>
    </p>
   </div>
   <div class='ocr_carea' id='block_1_89' title="bbox 2109 2837 3630 2904">
    <p class='ocr_par' dir='ltr' id='par_1_89' title="bbox 2109 2837 3630 2904">
     <span class='ocr_line' id='line_1_89' title="bbox 2109 2837 3630 2904; baseline 0.011 -18"><span class='ocrx_word' id='word_1_647' title='bbox 2109 2837 2335 2893; x_wconf 77' lang='lat' dir='ltr'><strong>CAPUT</strong></span> <span class='ocrx_word' id='word_1_648' title='bbox 2374 2839 2539 2895; x_wconf 79' lang='lat' dir='ltr'><strong>XXII.</strong></span> <span class='ocrx_word' id='word_1_649' title='bbox 2584 2871 2657 2881; x_wconf 87' lang='lat'><strong>——</strong></span> <span class='ocrx_word' id='word_1_650' title='bbox 2702 2842 2790 2897; x_wconf 77' lang='lat'><strong>59.</strong></span> <span class='ocrx_word' id='word_1_651' title='bbox 2838 2843 3043 2899; x_wconf 64' lang='lat' dir='ltr'><strong>Elates</strong></span> <span class='ocrx_word' id='word_1_652' title='bbox 3087 2848 3264 2901; x_wconf 86' lang='lat' dir='ltr'><strong>ntundi</strong></span> <span class='ocrx_word' id='word_1_653' title='bbox 3318 2864 3426 2902; x_wconf 71' lang='lat' dir='ltr'><strong>sex.</strong></span> <span class='ocrx_word' id='word_1_654' title='bbox 3471 2848 3630 2904; x_wconf 71' lang='lat' dir='ltr'><strong>Sexta</strong></span> 
     </span>
    </p>
   </div>
   <div class='ocr_carea' id='block_1_90' title="bbox 2036 2930 3629 2994">
    <p class='ocr_par' dir='ltr' id='par_1_90' title="bbox 2036 2930 3629 2994">
     <span class='ocr_line' id='line_1_90' title="bbox 2036 2930 3629 2994; baseline 0.007 -11"><span class='ocrx_word' id='word_1_655' title='bbox 2036 2938 2159 2983; x_wconf 72' lang='lat' dir='ltr'><strong>tetas</strong></span> <span class='ocrx_word' id='word_1_656' title='bbox 2186 2946 2248 2984; x_wconf 77' lang='lat' dir='ltr'><strong>ex</strong></span> <span class='ocrx_word' id='word_1_657' title='bbox 2283 2930 2497 2986; x_wconf 87' lang='lat' dir='ltr'><strong>adventu</strong></span> <span class='ocrx_word' id='word_1_658' title='bbox 2524 2932 2732 2989; x_wconf 85' lang='lat' dir='ltr'><strong>Christi.</strong></span> <span class='ocrx_word' id='word_1_659' title='bbox 2764 2933 2994 2989; x_wconf 83' lang='lat' dir='ltr'><strong>Christus</strong></span> <span class='ocrx_word' id='word_1_660' title='bbox 3024 2935 3228 2991; x_wconf 86' lang='lat' dir='ltr'><strong>Novum</strong></span> <span class='ocrx_word' id='word_1_661' title='bbox 3256 2937 3629 2994; x_wconf 83' lang='lat' dir='ltr'><strong>Testamentum</strong></span> 
     </span>
    </p>
   </div>
   <div class='ocr_carea' id='block_1_91' title="bbox 2036 3022 3631 3099">
    <p class='ocr_par' dir='ltr' id='par_1_91' title="bbox 2036 3022 3631 3099">
     <span class='ocr_line' id='line_1_91' title="bbox 2036 3022 3631 3099; baseline 0.007 -24"><span class='ocrx_word' id='word_1_662' title='bbox 2036 3022 2354 3091; x_wconf 77' lang='lat' dir='ltr'><strong>sempiterna:</strong></span> <span class='ocrx_word' id='word_1_663' title='bbox 2378 3025 2686 3079; x_wconf 83' lang='lat' dir='ltr'><strong>hwreditatis</strong></span> <span class='ocrx_word' id='word_1_664' title='bbox 2714 3029 3065 3099; x_wconf 78' lang='lat' dir='ltr'><strong>manifestans,</strong></span> <span class='ocrx_word' id='word_1_665' title='bbox 3096 3040 3292 3084; x_wconf 86' lang='lat' dir='ltr'><strong>terrena</strong></span> <span class='ocrx_word' id='word_1_666' title='bbox 3314 3040 3631 3085; x_wconf 82' lang='lat' dir='ltr'><strong>contemnere</strong></span> 
     </span>
    </p>
   </div>
   <div class='ocr_carea' id='block_1_92' title="bbox 2036 3113 3628 3191">
    <p class='ocr_par' dir='ltr' id='par_1_92' title="bbox 2036 3113 3628 3191">
     <span class='ocr_line' id='line_1_92' title="bbox 2036 3113 3628 3191; baseline 0.007 -25"><span class='ocrx_word' id='word_1_667' title='bbox 2036 3113 2268 3184; x_wconf 78' lang='lat' dir='ltr'><strong>exemplo</strong></span> <span class='ocrx_word' id='word_1_668' title='bbox 2297 3114 2459 3170; x_wconf 85' lang='lat' dir='ltr'><strong>docet.</strong></span> <span class='ocrx_word' id='word_1_669' title='bbox 2499 3115 2756 3173; x_wconf 86' lang='lat' dir='ltr'><strong>Natitn&#39;tas</strong></span> <span class='ocrx_word' id='word_1_670' title='bbox 2800 3120 2937 3191; x_wconf 85' lang='lat' dir='ltr'><strong>ejus,</strong></span> <span class='ocrx_word' id='word_1_671' title='bbox 2965 3121 3064 3175; x_wconf 88' lang='lat' dir='ltr'><strong>vita</strong></span> <span class='ocrx_word' id='word_1_672' title='bbox 3102 3132 3148 3174; x_wconf 85' lang='lat' dir='ltr'><strong>et</strong></span> <span class='ocrx_word' id='word_1_673' title='bbox 3189 3139 3346 3177; x_wconf 90' lang='lat' dir='ltr'><strong>mors.</strong></span> <span class='ocrx_word' id='word_1_674' title='bbox 3388 3123 3628 3178; x_wconf 83' lang='lat' dir='ltr'><strong>Peractis</strong></span> 
     </span>
    </p>
   </div>
   <div class='ocr_carea' id='block_1_93' title="bbox 2035 3206 3611 3283">
    <p class='ocr_par' dir='ltr' id='par_1_93' title="bbox 2035 3206 3611 3283">
     <span class='ocr_line' id='line_1_93' title="bbox 2035 3206 3611 3283; baseline 0.008 -26"><span class='ocrx_word' id='word_1_675' title='bbox 2035 3218 2164 3273; x_wconf 85' lang='lat' dir='ltr'><strong>ergo</strong></span> <span class='ocrx_word' id='word_1_676' title='bbox 2190 3206 2426 3276; x_wconf 89' lang='lat' dir='ltr'><strong>quinque</strong></span> <span class='ocrx_word' id='word_1_677' title='bbox 2450 3209 2697 3265; x_wconf 73' lang='lat' dir='ltr'><strong>aetatibus</strong></span> <span class='ocrx_word' id='word_1_678' title='bbox 2724 3212 2927 3278; x_wconf 62' lang='lat' dir='ltr'><strong>saeculi,</strong></span> <span class='ocrx_word' id='word_1_679' title='bbox 2964 3228 3189 3282; x_wconf 91' lang='lat' dir='ltr'><strong>quarum</strong></span> <span class='ocrx_word' id='word_1_680' title='bbox 3230 3214 3400 3283; x_wconf 89' lang='lat' dir='ltr'><strong>prima</strong></span> <span class='ocrx_word' id='word_1_681' title='bbox 3431 3224 3514 3270; x_wconf 86' lang='lat' dir='ltr'><strong>est</strong></span> <span class='ocrx_word' id='word_1_682' title='bbox 3541 3216 3611 3271; x_wconf 88' lang='lat' dir='ltr'><strong>ab</strong></span> 
     </span>
    </p>
   </div>
   <div class='ocr_carea' id='block_1_94' title="bbox 2035 3295 3620 3376">
    <p class='ocr_par' dir='ltr' id='par_1_94' title="bbox 2035 3295 3620 3376">
     <span class='ocr_line' id='line_1_94' title="bbox 2035 3295 3620 3376; baseline 0.007 -27"><span class='ocrx_word' id='word_1_683' title='bbox 2035 3295 2189 3351; x_wconf 91' lang='lat' dir='ltr'><strong>initio</strong></span> <span class='ocrx_word' id='word_1_684' title='bbox 2222 3299 2432 3367; x_wconf 90' lang='lat' dir='ltr'><strong>generis</strong></span> <span class='ocrx_word' id='word_1_685' title='bbox 2461 3300 2699 3367; x_wconf 89' lang='lat' dir='ltr'><strong>humani,</strong></span> <span class='ocrx_word' id='word_1_686' title='bbox 2736 3302 2787 3356; x_wconf 92' lang='lat' dir='ltr'><strong>id</strong></span> <span class='ocrx_word' id='word_1_687' title='bbox 2816 3314 2918 3369; x_wconf 85' lang='lat' dir='ltr'><strong>est,</strong></span> <span class='ocrx_word' id='word_1_688' title='bbox 2952 3303 3020 3358; x_wconf 89' lang='lat' dir='ltr'><strong>ab</strong></span> <span class='ocrx_word' id='word_1_689' title='bbox 3059 3304 3250 3369; x_wconf 81' lang='lat' dir='ltr'><strong>Adam,</strong></span> <span class='ocrx_word' id='word_1_690' title='bbox 3281 3306 3372 3376; x_wconf 88' lang='lat' dir='ltr'><strong>qui</strong></span> <span class='ocrx_word' id='word_1_691' title='bbox 3417 3307 3620 3376; x_wconf 78' lang='lat' dir='ltr'><strong>primus</strong></span> 
     </span>
    </p>
   </div>
   <div class='ocr_carea' id='block_1_95' title="bbox 2036 3387 3620 3466">
    <p class='ocr_par' dir='ltr' id='par_1_95' title="bbox 2036 3387 3620 3466">
     <span class='ocr_line' id='line_1_95' title="bbox 2036 3387 3620 3466; baseline 0.007 -25"><span class='ocrx_word' id='word_1_692' title='bbox 2036 3387 2199 3441; x_wconf 91' lang='lat' dir='ltr'><strong>homo</strong></span> <span class='ocrx_word' id='word_1_693' title='bbox 2220 3391 2385 3445; x_wconf 86' lang='lat' dir='ltr'><strong>lactus</strong></span> <span class='ocrx_word' id='word_1_694' title='bbox 2405 3403 2508 3458; x_wconf 72' lang='grc' dir='ltr'><strong>εει,</strong></span> <span class='ocrx_word' id='word_1_695' title='bbox 2537 3408 2703 3463; x_wconf 90' lang='lat' dir='ltr'><strong>usque</strong></span> <span class='ocrx_word' id='word_1_696' title='bbox 2730 3394 2798 3448; x_wconf 90' lang='lat' dir='ltr'><strong>ad</strong></span> <span class='ocrx_word' id='word_1_697' title='bbox 2822 3393 2957 3461; x_wconf 90' lang='lat' dir='ltr'><strong>Noe,</strong></span> <span class='ocrx_word' id='word_1_698' title='bbox 2985 3395 3078 3466; x_wconf 89' lang='lat' dir='ltr'><strong>qui</strong></span> <span class='ocrx_word' id='word_1_699' title='bbox 3102 3395 3227 3451; x_wconf 83' lang='lat' dir='ltr'><strong>fecit</strong></span> <span class='ocrx_word' id='word_1_700' title='bbox 3252 3412 3432 3452; x_wconf 87' lang='lat' dir='ltr'><strong>arcam</strong></span> <span class='ocrx_word' id='word_1_701' title='bbox 3461 3397 3512 3452; x_wconf 94' lang='lat' dir='ltr'><strong>in</strong></span> <span class='ocrx_word' id='word_1_702' title='bbox 3541 3397 3620 3452; x_wconf 85' lang='lat' dir='ltr'><strong>di-</strong></span> 
     </span>
    </p>
   </div>
   <div class='ocr_carea' id='block_1_96' title="bbox 2034 3480 3620 3559">
    <p class='ocr_par' dir='ltr' id='par_1_96' title="bbox 2034 3480 3620 3559">
     <span class='ocr_line' id='line_1_96' title="bbox 2034 3480 3620 3559; baseline 0.008 -25"><span class='ocrx_word' id='word_1_703' title='bbox 2034 3480 2177 3535; x_wconf 87' lang='lat' dir='ltr'><strong>luvio</strong></span> <span class='ocrx_word' id='word_1_704' title='bbox 2204 3482 2355 3554; x_wconf 83' lang='lat' dir='ltr'><strong>(Gen.</strong></span> <span class='ocrx_word' id='word_1_705' title='bbox 2384 3489 2498 3556; x_wconf 75' lang='lat' dir='ltr'><strong>vn);</strong></span> <span class='ocrx_word' id='word_1_706' title='bbox 2527 3486 2651 3542; x_wconf 91' lang='lat' dir='ltr'><strong>inde</strong></span> <span class='ocrx_word' id='word_1_707' title='bbox 2675 3488 2908 3542; x_wconf 86' lang='lat' dir='ltr'><strong>secunda</strong></span> <span class='ocrx_word' id='word_1_708' title='bbox 2935 3496 3017 3544; x_wconf 90' lang='lat' dir='ltr'><strong>est</strong></span> <span class='ocrx_word' id='word_1_709' title='bbox 3041 3503 3212 3559; x_wconf 80' lang='lat' dir='ltr'><strong>usque</strong></span> <span class='ocrx_word' id='word_1_710' title='bbox 3231 3489 3297 3547; x_wconf 88' lang='lat' dir='ltr'><strong>ad</strong></span> <span class='ocrx_word' id='word_1_711' title='bbox 3326 3490 3620 3556; x_wconf 89' lang='lat' dir='ltr'><strong>Abraham,</strong></span> 
     </span>
    </p>
   </div>
   <div class='ocr_carea' id='block_1_97' title="bbox 2035 3572 3620 3656">
    <p class='ocr_par' dir='ltr' id='par_1_97' title="bbox 2035 3572 3620 3656">
     <span class='ocr_line' id='line_1_97' title="bbox 2035 3572 3620 3656; baseline 0.003 -19"><span class='ocrx_word' id='word_1_712' title='bbox 2035 3572 2122 3643; x_wconf 86' lang='lat' dir='ltr'><strong>qui</strong></span> <span class='ocrx_word' id='word_1_713' title='bbox 2154 3584 2304 3645; x_wconf 74' lang='lat' dir='ltr'><strong>Palcr</strong></span> <span class='ocrx_word' id='word_1_714' title='bbox 2337 3575 2508 3636; x_wconf 83' lang='lat' dir='ltr'><strong>dictus</strong></span> <span class='ocrx_word' id='word_1_715' title='bbox 2537 3586 2619 3635; x_wconf 85' lang='lat' dir='ltr'><strong>est</strong></span> <span class='ocrx_word' id='word_1_716' title='bbox 2641 3580 2657 3610; x_wconf 90' lang='grc'>¹</span> <span class='ocrx_word' id='word_1_717' title='bbox 2704 3578 2940 3636; x_wconf 88' lang='lat' dir='ltr'><strong>omnium</strong></span> <span class='ocrx_word' id='word_1_718' title='bbox 2966 3581 3179 3652; x_wconf 89' lang='lat' dir='ltr'><strong>quidem</strong></span> <span class='ocrx_word' id='word_1_719' title='bbox 3218 3586 3457 3656; x_wconf 89' lang='lat' dir='ltr'><strong>gentium</strong></span> <span class='ocrx_word' id='word_1_720' title='bbox 3489 3584 3620 3656; x_wconf 89' lang='lat' dir='ltr'><strong>(Id.</strong></span> 
     </span>
    </p>
   </div>
   <div class='ocr_carea' id='block_1_98' title="bbox 2039 3667 3619 3740">
    <p class='ocr_par' dir='ltr' id='par_1_98' title="bbox 2039 3667 3619 3740">
     <span class='ocr_line' id='line_1_98' title="bbox 2039 3667 3619 3740; baseline 0.008 -21"><span class='ocrx_word' id='word_1_721' title='bbox 2039 3680 2170 3730; x_wconf 89' lang='lat' dir='ltr'><strong>xvn,</strong></span> <span class='ocrx_word' id='word_1_722' title='bbox 2202 3667 2279 3737; x_wconf 78' lang='grc'><strong>4),</strong></span> <span class='ocrx_word' id='word_1_723' title='bbox 2311 3685 2431 3739; x_wconf 71' lang='lat' dir='ltr'><strong>qua:</strong></span> <span class='ocrx_word' id='word_1_724' title='bbox 2461 3669 2617 3724; x_wconf 89' lang='lat' dir='ltr'><strong>ﬁdem</strong></span> <span class='ocrx_word' id='word_1_725' title='bbox 2642 3672 2807 3740; x_wconf 90' lang='lat' dir='ltr'><strong>ipsius</strong></span> <span class='ocrx_word' id='word_1_726' title='bbox 2834 3673 3195 3740; x_wconf 88' lang='lat' dir='ltr'><strong>imitarentur;</strong></span> <span class='ocrx_word' id='word_1_727' title='bbox 3228 3675 3323 3731; x_wconf 89' lang='lat' dir='ltr'><strong>sed</strong></span> <span class='ocrx_word' id='word_1_728' title='bbox 3354 3684 3534 3731; x_wconf 90' lang='lat' dir='ltr'><strong>tamen</strong></span> <span class='ocrx_word' id='word_1_729' title='bbox 3554 3691 3619 3732; x_wconf 82' lang='lat' dir='ltr'><strong>ex</strong></span> 
     </span>
    </p>
   </div>
   <div class='ocr_carea' id='block_1_99' title="bbox 2035 3760 3621 3838">
    <p class='ocr_par' dir='ltr' id='par_1_99' title="bbox 2035 3760 3621 3838">
     <span class='ocr_line' id='line_1_99' title="bbox 2035 3760 3621 3838; baseline 0.008 -28"><span class='ocrx_word' id='word_1_730' title='bbox 2035 3760 2324 3828; x_wconf 86' lang='lat' dir='ltr'><strong>propagine</strong></span> <span class='ocrx_word' id='word_1_731' title='bbox 2353 3762 2529 3815; x_wconf 87' lang='lat' dir='ltr'><strong>carnis</strong></span> <span class='ocrx_word' id='word_1_732' title='bbox 2555 3778 2665 3818; x_wconf 65' lang='lat' dir='ltr'><strong>suae</strong></span> <span class='ocrx_word' id='word_1_733' title='bbox 2686 3766 2707 3795; x_wconf 85' lang='grc'>²</span> <span class='ocrx_word' id='word_1_734' title='bbox 2737 3763 2900 3819; x_wconf 82' lang='lat' dir='ltr'><strong>futuri</strong></span> <span class='ocrx_word' id='word_1_735' title='bbox 2942 3768 3118 3835; x_wconf 67' lang='lat' dir='ltr'><strong>poliuli</strong></span> <span class='ocrx_word' id='word_1_736' title='bbox 3148 3767 3455 3822; x_wconf 76' lang='lat' dir='ltr'><strong>Judteorum</strong></span> <span class='ocrx_word' id='word_1_737' title='bbox 3486 3785 3501 3823; x_wconf 88' lang='lat'><strong>:</strong></span> <span class='ocrx_word' id='word_1_738' title='bbox 3533 3771 3621 3838; x_wconf 91' lang='lat' dir='ltr'><strong>qui</strong></span> 
     </span>
    </p>
   </div>
   <div class='ocr_carea' id='block_1_100' title="bbox 2034 3848 3624 3924">
    <p class='ocr_par' dir='ltr' id='par_1_100' title="bbox 2034 3848 3624 3924">
     <span class='ocr_line' id='line_1_100' title="bbox 2034 3848 3624 3924; baseline 0.009 -25"><span class='ocrx_word' id='word_1_739' title='bbox 2034 3856 2159 3902; x_wconf 91' lang='lat' dir='ltr'><strong>ante</strong></span> <span class='ocrx_word' id='word_1_740' title='bbox 2194 3848 2353 3905; x_wconf 88' lang='lat' dir='ltr'><strong>ﬁdem</strong></span> <span class='ocrx_word' id='word_1_741' title='bbox 2386 3851 2728 3907; x_wconf 89' lang='lat' dir='ltr'><strong>christianam</strong></span> <span class='ocrx_word' id='word_1_742' title='bbox 2763 3856 3033 3924; x_wconf 90' lang='lat' dir='ltr'><strong>gentium,</strong></span> <span class='ocrx_word' id='word_1_743' title='bbox 3068 3873 3206 3912; x_wconf 91' lang='lat' dir='ltr'><strong>unus</strong></span> <span class='ocrx_word' id='word_1_744' title='bbox 3249 3859 3388 3913; x_wconf 90' lang='lat' dir='ltr'><strong>inter</strong></span> <span class='ocrx_word' id='word_1_745' title='bbox 3434 3873 3624 3915; x_wconf 89' lang='lat' dir='ltr'><strong>omnes</strong></span> 
     </span>
    </p>
   </div>
   <div class='ocr_carea' id='block_1_101' title="bbox 2034 3940 3621 4014">
    <p class='ocr_par' dir='ltr' id='par_1_101' title="bbox 2034 3940 3621 4014">
     <span class='ocr_line' id='line_1_101' title="bbox 2034 3940 3621 4014; baseline 0.008 -22"><span class='ocrx_word' id='word_1_746' title='bbox 2034 3940 2270 3993; x_wconf 88' lang='lat' dir='ltr'><strong>omnium</strong></span> <span class='ocrx_word' id='word_1_747' title='bbox 2302 3953 2557 3998; x_wconf 78' lang='lat' dir='ltr'><strong>terrarum</strong></span> <span class='ocrx_word' id='word_1_748' title='bbox 2588 3945 2814 4014; x_wconf 90' lang='lat' dir='ltr'><strong>populus</strong></span> <span class='ocrx_word' id='word_1_749' title='bbox 2842 3962 3005 4001; x_wconf 92' lang='lat' dir='ltr'><strong>unum</strong></span> <span class='ocrx_word' id='word_1_750' title='bbox 3036 3963 3217 4001; x_wconf 90' lang='lat' dir='ltr'><strong>verum</strong></span> <span class='ocrx_word' id='word_1_751' title='bbox 3248 3948 3413 4003; x_wconf 91' lang='lat' dir='ltr'><strong>Deum</strong></span> <span class='ocrx_word' id='word_1_752' title='bbox 3434 3949 3621 4013; x_wconf 89' lang='lat' dir='ltr'><strong>coluit,</strong></span> 
     </span>
    </p>
   </div>
   <div class='ocr_carea' id='block_1_102' title="bbox 2035 4032 3620 4102">
    <p class='ocr_par' dir='ltr' id='par_1_102' title="bbox 2035 4032 3620 4102">
     <span class='ocr_line' id='line_1_102' title="bbox 2035 4032 3620 4102; baseline 0.006 -17"><span class='ocrx_word' id='word_1_753' title='bbox 2035 4045 2102 4086; x_wconf 89' lang='lat' dir='ltr'><strong>ex</strong></span> <span class='ocrx_word' id='word_1_754' title='bbox 2138 4048 2244 4101; x_wconf 90' lang='lat' dir='ltr'><strong>quo</strong></span> <span class='ocrx_word' id='word_1_755' title='bbox 2271 4035 2468 4102; x_wconf 92' lang='lat' dir='ltr'><strong>populo</strong></span> <span class='ocrx_word' id='word_1_756' title='bbox 2497 4032 2741 4090; x_wconf 89' lang='lat' dir='ltr'><strong>Salvator</strong></span> <span class='ocrx_word' id='word_1_757' title='bbox 2776 4035 3024 4092; x_wconf 90' lang='lat' dir='ltr'><strong>Christus</strong></span> <span class='ocrx_word' id='word_1_758' title='bbox 3063 4038 3359 4093; x_wconf 89' lang='lat' dir='ltr'><strong>secundum</strong></span> <span class='ocrx_word' id='word_1_759' title='bbox 3401 4054 3620 4094; x_wconf 88' lang='lat' dir='ltr'><strong>carnem</strong></span> 
     </span>
    </p>
   </div>
   <div class='ocr_carea' id='block_1_103' title="bbox 2035 4123 3620 4188">
    <p class='ocr_par' dir='ltr' id='par_1_103' title="bbox 2035 4123 3620 4188">
     <span class='ocr_line' id='line_1_103' title="bbox 2035 4123 3620 4188; baseline 0.007 -14"><span class='ocrx_word' id='word_1_760' title='bbox 2035 4123 2260 4177; x_wconf 85' lang='lat' dir='ltr'><strong>veniret.</strong></span> <span class='ocrx_word' id='word_1_761' title='bbox 2287 4124 2373 4179; x_wconf 86' lang='lat' dir='ltr'><strong>isti</strong></span> <span class='ocrx_word' id='word_1_762' title='bbox 2405 4125 2548 4179; x_wconf 90' lang='lat' dir='ltr'><strong>enim</strong></span> <span class='ocrx_word' id='word_1_763' title='bbox 2575 4127 2783 4182; x_wconf 87' lang='lat' dir='ltr'><strong>articuli</strong></span> <span class='ocrx_word' id='word_1_764' title='bbox 2809 4128 3033 4184; x_wconf 88' lang='lat' dir='ltr'><strong>duarum</strong></span> <span class='ocrx_word' id='word_1_765' title='bbox 3058 4140 3276 4187; x_wconf 68' lang='lat' dir='ltr'><strong>attalum</strong></span> <span class='ocrx_word' id='word_1_766' title='bbox 3304 4132 3544 4188; x_wconf 87' lang='lat' dir='ltr'><strong>eminent</strong></span> <span class='ocrx_word' id='word_1_767' title='bbox 3565 4133 3620 4187; x_wconf 88' lang='lat' dir='ltr'><strong>in</strong></span> 
     </span>
    </p>
   </div>
   <div class='ocr_carea' id='block_1_104' title="bbox 2032 4213 3619 4287">
    <p class='ocr_par' dir='ltr' id='par_1_104' title="bbox 2032 4213 3619 4287">
     <span class='ocr_line' id='line_1_104' title="bbox 2032 4213 3619 4287; baseline 0.009 -23"><span class='ocrx_word' id='word_1_768' title='bbox 2032 4213 2303 4267; x_wconf 85' lang='lat' dir='ltr'><strong>veteribus</strong></span> <span class='ocrx_word' id='word_1_769' title='bbox 2331 4213 2506 4269; x_wconf 87' lang='lat' dir='ltr'><strong>Libris</strong></span> <span class='ocrx_word' id='word_1_770' title='bbox 2537 4233 2549 4269; x_wconf 89' lang='lat'><strong>:</strong></span> <span class='ocrx_word' id='word_1_771' title='bbox 2584 4217 2912 4287; x_wconf 86' lang='lat' dir='ltr'><strong>reliquarum</strong></span> <span class='ocrx_word' id='word_1_772' title='bbox 2939 4230 3119 4275; x_wconf 87' lang='lat' dir='ltr'><strong>autem</strong></span> <span class='ocrx_word' id='word_1_773' title='bbox 3164 4222 3326 4277; x_wconf 88' lang='lat' dir='ltr'><strong>trium</strong></span> <span class='ocrx_word' id='word_1_774' title='bbox 3358 4223 3411 4278; x_wconf 89' lang='lat' dir='ltr'><strong>in</strong></span> <span class='ocrx_word' id='word_1_775' title='bbox 3442 4224 3619 4278; x_wconf 85' lang='lat' dir='ltr'><strong>Evan-</strong></span> 
     </span>
    </p>
   </div>
   <div class='ocr_carea' id='block_1_105' title="bbox 2030 4304 3618 4385">
    <p class='ocr_par' dir='ltr' id='par_1_105' title="bbox 2030 4304 3618 4385">
     <span class='ocr_line' id='line_1_105' title="bbox 2030 4304 3618 4385; baseline 0.008 -28"><span class='ocrx_word' id='word_1_776' title='bbox 2030 4304 2171 4373; x_wconf 88' lang='lat' dir='ltr'><strong>gelio</strong></span> <span class='ocrx_word' id='word_1_777' title='bbox 2197 4306 2356 4359; x_wconf 91' lang='lat' dir='ltr'><strong>etiam</strong></span> <span class='ocrx_word' id='word_1_778' title='bbox 2388 4306 2762 4375; x_wconf 76' lang='lat' dir='ltr'><strong>declarantur,</strong></span> <span class='ocrx_word' id='word_1_779' title='bbox 2792 4325 2914 4365; x_wconf 90' lang='lat' dir='ltr'><strong>cum</strong></span> <span class='ocrx_word' id='word_1_780' title='bbox 2953 4312 3185 4367; x_wconf 80' lang='lat' dir='ltr'><strong>carnalis</strong></span> <span class='ocrx_word' id='word_1_781' title='bbox 3227 4314 3378 4385; x_wconf 91' lang='lat' dir='ltr'><strong>origo</strong></span> <span class='ocrx_word' id='word_1_782' title='bbox 3407 4315 3618 4370; x_wconf 84' lang='lat' dir='ltr'><strong>Domini</strong></span> 
     </span>
    </p>
   </div>
   <div class='ocr_carea' id='block_1_106' title="bbox 2031 4394 3621 4478">
    <p class='ocr_par' dir='ltr' id='par_1_106' title="bbox 2031 4394 3621 4478">
     <span class='ocr_line' id='line_1_106' title="bbox 2031 4394 3621 4478; baseline 0.009 -27"><span class='ocrx_word' id='word_1_783' title='bbox 2031 4396 2159 4452; x_wconf 89' lang='lat' dir='ltr'><strong>Jesu</strong></span> <span class='ocrx_word' id='word_1_784' title='bbox 2187 4398 2383 4454; x_wconf 87' lang='lat' dir='ltr'><strong>Christi</strong></span> <span class='ocrx_word' id='word_1_785' title='bbox 2410 4394 2863 4458; x_wconf 88' lang='lat' dir='ltr'><strong>commemoratur</strong></span> <span class='ocrx_word' id='word_1_786' title='bbox 2884 4402 3102 4475; x_wconf 79' lang='lat' dir='ltr'><strong>(Matth.</strong></span> <span class='ocrx_word' id='word_1_787' title='bbox 3130 4422 3169 4473; x_wconf 84' lang='grc' dir='ltr'><strong>ι,</strong></span> <span class='ocrx_word' id='word_1_788' title='bbox 3204 4408 3317 4478; x_wconf 83' lang='lat' dir='ltr'><strong>i7).</strong></span> <span class='ocrx_word' id='word_1_789' title='bbox 3345 4407 3477 4464; x_wconf 88' lang='lat' dir='ltr'><strong>Nam</strong></span> <span class='ocrx_word' id='word_1_790' title='bbox 3508 4419 3621 4465; x_wconf 88' lang='lat' dir='ltr'><strong>ter-</strong></span> 
     </span>
    </p>
   </div>
   <div class='ocr_carea' id='block_1_107' title="bbox 2032 4487 3618 4571">
    <p class='ocr_par' dir='ltr' id='par_1_107' title="bbox 2032 4487 3618 4571">
     <span class='ocr_line' id='line_1_107' title="bbox 2032 4487 3618 4571; baseline 0.009 -30"><span class='ocrx_word' id='word_1_791' title='bbox 2032 4487 2101 4543; x_wconf 84' lang='lat' dir='ltr'><strong>tia</strong></span> <span class='ocrx_word' id='word_1_792' title='bbox 2129 4498 2213 4543; x_wconf 91' lang='lat' dir='ltr'><strong>est</strong></span> <span class='ocrx_word' id='word_1_793' title='bbox 2238 4490 2305 4545; x_wconf 89' lang='lat' dir='ltr'><strong>ab</strong></span> <span class='ocrx_word' id='word_1_794' title='bbox 2333 4490 2602 4546; x_wconf 85' lang='lat' dir='ltr'><strong>Abraham</strong></span> <span class='ocrx_word' id='word_1_795' title='bbox 2632 4507 2800 4564; x_wconf 88' lang='lat' dir='ltr'><strong>usque</strong></span> <span class='ocrx_word' id='word_1_796' title='bbox 2830 4495 2896 4550; x_wconf 92' lang='lat' dir='ltr'><strong>ad</strong></span> <span class='ocrx_word' id='word_1_797' title='bbox 2927 4496 3091 4551; x_wconf 86' lang='lat' dir='ltr'><strong>David</strong></span> <span class='ocrx_word' id='word_1_798' title='bbox 3122 4513 3302 4568; x_wconf 89' lang='lat' dir='ltr'><strong>regem</strong></span> <span class='ocrx_word' id='word_1_799' title='bbox 3329 4517 3343 4553; x_wconf 92' lang='lat'><strong>:</strong></span> <span class='ocrx_word' id='word_1_800' title='bbox 3376 4510 3562 4571; x_wconf 90' lang='lat' dir='ltr'><strong>quarta</strong></span> <span class='ocrx_word' id='word_1_801' title='bbox 3588 4517 3618 4555; x_wconf 90' lang='lat' dir='ltr'><strong>a</strong></span> 
     </span>
    </p>
   </div>
   <div class='ocr_carea' id='block_1_108' title="bbox 2032 4578 3617 4659">
    <p class='ocr_par' dir='ltr' id='par_1_108' title="bbox 2032 4578 3617 4659">
     <span class='ocr_line' id='line_1_108' title="bbox 2032 4578 3617 4659; baseline 0.009 -27"><span class='ocrx_word' id='word_1_802' title='bbox 2032 4578 2199 4633; x_wconf 89' lang='lat' dir='ltr'><strong>David</strong></span> <span class='ocrx_word' id='word_1_803' title='bbox 2228 4595 2395 4649; x_wconf 88' lang='lat' dir='ltr'><strong>usque</strong></span> <span class='ocrx_word' id='word_1_804' title='bbox 2415 4580 2483 4635; x_wconf 90' lang='lat' dir='ltr'><strong>ad</strong></span> <span class='ocrx_word' id='word_1_805' title='bbox 2508 4582 2652 4637; x_wconf 93' lang='lat' dir='ltr'><strong>illam</strong></span> <span class='ocrx_word' id='word_1_806' title='bbox 2678 4584 3039 4653; x_wconf 89' lang='lat' dir='ltr'><strong>captivitatem</strong></span> <span class='ocrx_word' id='word_1_807' title='bbox 3064 4602 3166 4658; x_wconf 90' lang='lat' dir='ltr'><strong>qua</strong></span> <span class='ocrx_word' id='word_1_808' title='bbox 3197 4590 3422 4659; x_wconf 92' lang='lat' dir='ltr'><strong>populus</strong></span> <span class='ocrx_word' id='word_1_809' title='bbox 3442 4591 3537 4647; x_wconf 89' lang='lat' dir='ltr'><strong>Dei</strong></span> <span class='ocrx_word' id='word_1_810' title='bbox 3565 4592 3617 4647; x_wconf 92' lang='lat' dir='ltr'><strong>in</strong></span> 
     </span>
    </p>
   </div>
   <div class='ocr_carea' id='block_1_109' title="bbox 2032 4671 3621 4755">
    <p class='ocr_par' dir='ltr' id='par_1_109' title="bbox 2032 4671 3621 4755">
     <span class='ocr_line' id='line_1_109' title="bbox 2032 4671 3621 4755; baseline 0.008 -30"><span class='ocrx_word' id='word_1_811' title='bbox 2032 4671 2377 4743; x_wconf 80' lang='lat' dir='ltr'><strong>Babyloniam</strong></span> <span class='ocrx_word' id='word_1_812' title='bbox 2401 4675 2798 4746; x_wconf 89' lang='lat' dir='ltr'><strong>transmigravit</strong></span> <span class='ocrx_word' id='word_1_813' title='bbox 2829 4680 3048 4749; x_wconf 91' lang='lat' dir='ltr'><strong>:quinta</strong></span> <span class='ocrx_word' id='word_1_814' title='bbox 3070 4680 3137 4735; x_wconf 89' lang='lat' dir='ltr'><strong>ab</strong></span> <span class='ocrx_word' id='word_1_815' title='bbox 3160 4681 3245 4736; x_wconf 91' lang='lat' dir='ltr'><strong>illa</strong></span> <span class='ocrx_word' id='word_1_816' title='bbox 3276 4684 3621 4755; x_wconf 52' lang='lat' dir='ltr'><strong>transmigra.</strong></span> 
     </span>
    </p>
   </div>
   <div class='ocr_carea' id='block_1_110' title="bbox 2031 4762 3615 4841">
    <p class='ocr_par' dir='ltr' id='par_1_110' title="bbox 2031 4762 3615 4841">
     <span class='ocr_line' id='line_1_110' title="bbox 2031 4762 3615 4841; baseline 0.009 -26"><span class='ocrx_word' id='word_1_817' title='bbox 2031 4762 2175 4816; x_wconf 92' lang='lat' dir='ltr'><strong>tione</strong></span> <span class='ocrx_word' id='word_1_818' title='bbox 2203 4778 2370 4832; x_wconf 88' lang='lat' dir='ltr'><strong>usque</strong></span> <span class='ocrx_word' id='word_1_819' title='bbox 2394 4764 2463 4819; x_wconf 92' lang='lat' dir='ltr'><strong>ad</strong></span> <span class='ocrx_word' id='word_1_820' title='bbox 2488 4764 2776 4822; x_wconf 89' lang='lat' dir='ltr'><strong>adventum</strong></span> <span class='ocrx_word' id='word_1_821' title='bbox 2808 4768 3017 4824; x_wconf 90' lang='lat' dir='ltr'><strong>Domini</strong></span> <span class='ocrx_word' id='word_1_822' title='bbox 3042 4771 3212 4825; x_wconf 89' lang='lat' dir='ltr'><strong>nostri</strong></span> <span class='ocrx_word' id='word_1_823' title='bbox 3232 4771 3359 4827; x_wconf 89' lang='lat' dir='ltr'><strong>Jesu</strong></span> <span class='ocrx_word' id='word_1_824' title='bbox 3384 4774 3615 4841; x_wconf 40' lang='lat' dir='ltr'><strong>Christii;</strong></span> 
     </span>
    </p>
   </div>
   <div class='ocr_carea' id='block_1_111' title="bbox 2029 4853 3615 4932">
    <p class='ocr_par' dir='ltr' id='par_1_111' title="bbox 2029 4853 3615 4932">
     <span class='ocr_line' id='line_1_111' title="bbox 2029 4853 3615 4932; baseline 0.007 -25"><span class='ocrx_word' id='word_1_825' title='bbox 2029 4867 2095 4907; x_wconf 89' lang='lat' dir='ltr'><strong>ex</strong></span> <span class='ocrx_word' id='word_1_826' title='bbox 2117 4853 2270 4923; x_wconf 92' lang='lat' dir='ltr'><strong>cujus</strong></span> <span class='ocrx_word' id='word_1_827' title='bbox 2300 4855 2533 4910; x_wconf 86' lang='lat' dir='ltr'><strong>adventu</strong></span> <span class='ocrx_word' id='word_1_828' title='bbox 2560 4868 2711 4912; x_wconf 89' lang='lat' dir='ltr'><strong>sexta</strong></span> <span class='ocrx_word' id='word_1_829' title='bbox 2742 4868 2872 4913; x_wconf 81' lang='lat' dir='ltr'><strong>telas</strong></span> <span class='ocrx_word' id='word_1_830' title='bbox 2900 4861 3077 4929; x_wconf 88' lang='lat' dir='ltr'><strong>agitur</strong></span> <span class='ocrx_word' id='word_1_831' title='bbox 3107 4878 3119 4914; x_wconf 88' lang='lat'><strong>:</strong></span> <span class='ocrx_word' id='word_1_832' title='bbox 3151 4869 3207 4914; x_wconf 94' lang='lat' dir='ltr'><strong>ut</strong></span> <span class='ocrx_word' id='word_1_833' title='bbox 3228 4861 3339 4931; x_wconf 89' lang='lat' dir='ltr'><strong>jam</strong></span> <span class='ocrx_word' id='word_1_834' title='bbox 3370 4864 3615 4932; x_wconf 65' lang='lat' dir='ltr'><strong>Spiritum-</strong></span> 
     </span>
    </p>
   </div>
   <div class='ocr_carea' id='block_1_112' title="bbox 2029 4944 3612 5024">
    <p class='ocr_par' dir='ltr' id='par_1_112' title="bbox 2029 4944 3612 5024">
     <span class='ocr_line' id='line_1_112' title="bbox 2029 4944 3612 5024; baseline 0.008 -26"><span class='ocrx_word' id='word_1_835' title='bbox 2029 4944 2094 4998; x_wconf 89' lang='lat' dir='ltr'><strong>lis</strong></span> <span class='ocrx_word' id='word_1_836' title='bbox 2118 4946 2309 5015; x_wconf 85' lang='lat' dir='ltr'><strong>gratia,</strong></span> <span class='ocrx_word' id='word_1_837' title='bbox 2336 4961 2455 5016; x_wconf 79' lang='lat' dir='ltr'><strong>qua:</strong></span> <span class='ocrx_word' id='word_1_838' title='bbox 2486 4949 2669 5017; x_wconf 82' lang='lat' dir='ltr'><strong>paucis</strong></span> <span class='ocrx_word' id='word_1_839' title='bbox 2712 4957 2838 5004; x_wconf 92' lang='lat' dir='ltr'><strong>tunc</strong></span> <span class='ocrx_word' id='word_1_840' title='bbox 2878 4950 3201 5005; x_wconf 88' lang='lat' dir='ltr'><strong>Patriarchis</strong></span> <span class='ocrx_word' id='word_1_841' title='bbox 3235 4960 3290 5007; x_wconf 92' lang='lat' dir='ltr'><strong>et</strong></span> <span class='ocrx_word' id='word_1_842' title='bbox 3332 4953 3612 5024; x_wconf 83' lang='lat' dir='ltr'><strong>Prophetis</strong></span> 
     </span>
    </p>
   </div>
   <div class='ocr_carea' id='block_1_113' title="bbox 2029 5038 3614 5118">
    <p class='ocr_par' dir='ltr' id='par_1_113' title="bbox 2029 5038 3614 5118">
     <span class='ocr_line' id='line_1_113' title="bbox 2029 5038 3614 5118; baseline 0.007 -27"><span class='ocrx_word' id='word_1_843' title='bbox 2029 5046 2151 5091; x_wconf 85' lang='lat' dir='ltr'><strong>nuta</strong></span> <span class='ocrx_word' id='word_1_844' title='bbox 2178 5047 2312 5101; x_wconf 87' lang='lat' dir='ltr'><strong>erat,</strong></span> <span class='ocrx_word' id='word_1_845' title='bbox 2333 5038 2764 5096; x_wconf 84' lang='lat' dir='ltr'><strong>manifestaretur</strong></span> <span class='ocrx_word' id='word_1_846' title='bbox 2779 5042 3028 5096; x_wconf 87' lang='lat' dir='ltr'><strong>omnibus</strong></span> <span class='ocrx_word' id='word_1_847' title='bbox 3048 5043 3295 5112; x_wconf 87' lang='lat' dir='ltr'><strong>gentibus</strong></span> <span class='ocrx_word' id='word_1_848' title='bbox 3323 5063 3336 5099; x_wconf 89' lang='lat'><strong>:</strong></span> <span class='ocrx_word' id='word_1_849' title='bbox 3368 5061 3437 5101; x_wconf 88' lang='lat' dir='ltr'><strong>ne</strong></span> <span class='ocrx_word' id='word_1_850' title='bbox 3466 5047 3614 5118; x_wconf 84' lang='lat' dir='ltr'><strong>quis-</strong></span> 
     </span>
    </p>
   </div>
   <div class='ocr_carea' id='block_1_114' title="bbox 2028 5134 3617 5210">
    <p class='ocr_par' dir='ltr' id='par_1_114' title="bbox 2028 5134 3617 5210">
     <span class='ocr_line' id='line_1_114' title="bbox 2028 5134 3617 5210; baseline 0.005 -23"><span class='ocrx_word' id='word_1_851' title='bbox 2028 5149 2189 5202; x_wconf 90' lang='lat' dir='ltr'><strong>quam</strong></span> <span class='ocrx_word' id='word_1_852' title='bbox 2214 5134 2380 5205; x_wconf 80' lang='lat' dir='ltr'><strong>Deum</strong></span> <span class='ocrx_word' id='word_1_853' title='bbox 2432 5135 2533 5189; x_wconf 91' lang='lat' dir='ltr'><strong>nisi</strong></span> <span class='ocrx_word' id='word_1_854' title='bbox 2558 5137 2727 5206; x_wconf 86' lang='lat' dir='ltr'><strong>gratis</strong></span> <span class='ocrx_word' id='word_1_855' title='bbox 2751 5136 2973 5201; x_wconf 91' lang='lat' dir='ltr'><strong>coleret,</strong></span> <span class='ocrx_word' id='word_1_856' title='bbox 3002 5153 3121 5190; x_wconf 90' lang='lat' dir='ltr'><strong>non.</strong></span> <span class='ocrx_word' id='word_1_857' title='bbox 3141 5137 3367 5194; x_wconf 89' lang='lat' dir='ltr'><strong>visibilia</strong></span> <span class='ocrx_word' id='word_1_858' title='bbox 3399 5142 3617 5210; x_wconf 69' lang='lat' dir='ltr'><strong>praemia</strong></span> 
     </span>
    </p>
   </div>
   <div class='ocr_carea' id='block_1_115' title="bbox 2027 5224 3613 5296">
    <p class='ocr_par' dir='ltr' id='par_1_115' title="bbox 2027 5224 3613 5296">
     <span class='ocr_line' id='line_1_115' title="bbox 2027 5224 3613 5296; baseline 0.004 -17"><span class='ocrx_word' id='word_1_859' title='bbox 2027 5224 2299 5279; x_wconf 88' lang='lat' dir='ltr'><strong>servitutis</strong></span> <span class='ocrx_word' id='word_1_860' title='bbox 2318 5238 2428 5278; x_wconf 72' lang='lat' dir='ltr'><strong>sure</strong></span> <span class='ocrx_word' id='word_1_861' title='bbox 2448 5237 2499 5280; x_wconf 91' lang='lat' dir='ltr'><strong>et</strong></span> <span class='ocrx_word' id='word_1_862' title='bbox 2524 5226 2804 5296; x_wconf 73' lang='lat' dir='ltr'><strong>praesentis</strong></span> <span class='ocrx_word' id='word_1_863' title='bbox 2825 5226 2947 5280; x_wconf 71' lang='lat' dir='ltr'><strong>vita:</strong></span> <span class='ocrx_word' id='word_1_864' title='bbox 2975 5225 3301 5295; x_wconf 79' lang='lat' dir='ltr'><strong>felicitatem,</strong></span> <span class='ocrx_word' id='word_1_865' title='bbox 3328 5231 3423 5286; x_wconf 88' lang='lat' dir='ltr'><strong>sed</strong></span> <span class='ocrx_word' id='word_1_866' title='bbox 3444 5233 3613 5287; x_wconf 89' lang='lat' dir='ltr'><strong>solam</strong></span> 
     </span>
    </p>
   </div>
   <div class='ocr_carea' id='block_1_116' title="bbox 2028 5316 3619 5387">
    <p class='ocr_par' dir='ltr' id='par_1_116' title="bbox 2028 5316 3619 5387">
     <span class='ocr_line' id='line_1_116' title="bbox 2028 5316 3619 5387; baseline 0.006 -18"><span class='ocrx_word' id='word_1_867' title='bbox 2028 5316 2188 5370; x_wconf 82' lang='lat' dir='ltr'><strong>vitam</strong></span> <span class='ocrx_word' id='word_1_868' title='bbox 2219 5324 2506 5381; x_wconf 79' lang='lat' dir='ltr'><strong>aeternam,</strong></span> <span class='ocrx_word' id='word_1_869' title='bbox 2554 5319 2606 5370; x_wconf 91' lang='lat' dir='ltr'><strong>in</strong></span> <span class='ocrx_word' id='word_1_870' title='bbox 2651 5333 2751 5385; x_wconf 91' lang='lat' dir='ltr'><strong>qua</strong></span> <span class='ocrx_word' id='word_1_871' title='bbox 2800 5317 2917 5386; x_wconf 87' lang='lat' dir='ltr'><strong>ipso</strong></span> <span class='ocrx_word' id='word_1_872' title='bbox 2949 5318 3060 5373; x_wconf 89' lang='lat' dir='ltr'><strong>Deo</strong></span> <span class='ocrx_word' id='word_1_873' title='bbox 3101 5318 3403 5387; x_wconf 85' lang='lat' dir='ltr'><strong>iruerelur,</strong></span> <span class='ocrx_word' id='word_1_874' title='bbox 3429 5322 3496 5378; x_wconf 89' lang='lat' dir='ltr'><strong>ab</strong></span> <span class='ocrx_word' id='word_1_875' title='bbox 3528 5323 3619 5379; x_wconf 82' lang='lat' dir='ltr'><strong>illo</strong></span> 
     </span>
    </p>
   </div>
   <div class='ocr_carea' id='block_1_117' title="bbox 2026 5407 3616 5471">
    <p class='ocr_par' dir='ltr' id='par_1_117' title="bbox 2026 5407 3616 5471">
     <span class='ocr_line' id='line_1_117' title="bbox 2026 5407 3616 5471; baseline 0.003 -8"><span class='ocrx_word' id='word_1_876' title='bbox 2026 5407 2374 5471; x_wconf 87' lang='lat' dir='ltr'><strong>desiderans;</strong></span> <span class='ocrx_word' id='word_1_877' title='bbox 2422 5419 2480 5461; x_wconf 91' lang='lat' dir='ltr'><strong>ut</strong></span> <span class='ocrx_word' id='word_1_878' title='bbox 2509 5408 2608 5463; x_wconf 92' lang='lat' dir='ltr'><strong>hac</strong></span> <span class='ocrx_word' id='word_1_879' title='bbox 2633 5418 2780 5462; x_wconf 88' lang='lat' dir='ltr'><strong>sexta</strong></span> <span class='ocrx_word' id='word_1_880' title='bbox 2817 5416 3152 5464; x_wconf 80' lang='lat' dir='ltr'><strong>tetatemeus</strong></span> <span class='ocrx_word' id='word_1_881' title='bbox 3196 5410 3426 5467; x_wconf 86' lang='lat' dir='ltr'><strong>humana</strong></span> <span class='ocrx_word' id='word_1_882' title='bbox 3454 5429 3616 5468; x_wconf 82' lang='lat' dir='ltr'><strong>reno-</strong></span> 
     </span>
    </p>
   </div>
   <div class='ocr_carea' id='block_1_118' title="bbox 2026 5496 3618 5567">
    <p class='ocr_par' dir='ltr' id='par_1_118' title="bbox 2026 5496 3618 5567">
     <span class='ocr_line' id='line_1_118' title="bbox 2026 5496 3618 5567; baseline 0.003 -15"><span class='ocrx_word' id='word_1_883' title='bbox 2026 5508 2181 5553; x_wconf 88' lang='lat' dir='ltr'><strong>vetur</strong></span> <span class='ocrx_word' id='word_1_884' title='bbox 2207 5496 2273 5551; x_wconf 88' lang='lat' dir='ltr'><strong>ad</strong></span> <span class='ocrx_word' id='word_1_885' title='bbox 2304 5497 2586 5567; x_wconf 87' lang='lat' dir='ltr'><strong>imaginem</strong></span> <span class='ocrx_word' id='word_1_886' title='bbox 2624 5498 2757 5562; x_wconf 92' lang='lat' dir='ltr'><strong>Dei,</strong></span> <span class='ocrx_word' id='word_1_887' title='bbox 2790 5500 2937 5554; x_wconf 89' lang='lat' dir='ltr'><strong>sicut.</strong></span> <span class='ocrx_word' id='word_1_888' title='bbox 2957 5510 3105 5555; x_wconf 89' lang='lat' dir='ltr'><strong>sexta</strong></span> <span class='ocrx_word' id='word_1_889' title='bbox 3137 5501 3226 5557; x_wconf 87' lang='lat' dir='ltr'><strong>die</strong></span> <span class='ocrx_word' id='word_1_890' title='bbox 3256 5503 3418 5559; x_wconf 91' lang='lat' dir='ltr'><strong>homo</strong></span> <span class='ocrx_word' id='word_1_891' title='bbox 3447 5502 3618 5559; x_wconf 84' lang='lat' dir='ltr'><strong>factus</strong></span> 
     </span>
    </p>
   </div>
   <div class='ocr_carea' id='block_1_119' title="bbox 2027 5588 3616 5664">
    <p class='ocr_par' dir='ltr' id='par_1_119' title="bbox 2027 5588 3616 5664">
     <span class='ocr_line' id='line_1_119' title="bbox 2027 5588 3616 5664; baseline 0.003 -19"><span class='ocrx_word' id='word_1_892' title='bbox 2027 5600 2109 5645; x_wconf 91' lang='lat' dir='ltr'><strong>est</strong></span> <span class='ocrx_word' id='word_1_893' title='bbox 2137 5590 2201 5643; x_wconf 90' lang='lat' dir='ltr'><strong>ad</strong></span> <span class='ocrx_word' id='word_1_894' title='bbox 2232 5589 2512 5659; x_wconf 83' lang='lat' dir='ltr'><strong>imaginem</strong></span> <span class='ocrx_word' id='word_1_895' title='bbox 2546 5590 2636 5644; x_wconf 92' lang='lat' dir='ltr'><strong>Dei</strong></span> <span class='ocrx_word' id='word_1_896' title='bbox 2669 5588 2840 5662; x_wconf 83' lang='lat' dir='ltr'><strong>(Gen.</strong></span> <span class='ocrx_word' id='word_1_897' title='bbox 2872 5607 2909 5656; x_wconf 88' lang='grc' dir='ltr'><strong>ι,</strong></span> <span class='ocrx_word' id='word_1_898' title='bbox 2937 5590 3005 5647; x_wconf 77' lang='grc'><strong>27</strong></span> <span class='ocrx_word' id='word_1_899' title='bbox 3028 5592 3068 5664; x_wconf 87' lang='lat'><strong>).</strong></span> <span class='ocrx_word' id='word_1_900' title='bbox 3097 5592 3246 5649; x_wconf 89' lang='lat' dir='ltr'><strong>Tunc</strong></span> <span class='ocrx_word' id='word_1_901' title='bbox 3273 5595 3415 5649; x_wconf 91' lang='lat' dir='ltr'><strong>enim</strong></span> <span class='ocrx_word' id='word_1_902' title='bbox 3447 5604 3501 5649; x_wconf 88' lang='lat' dir='ltr'><strong>et</strong></span> <span class='ocrx_word' id='word_1_903' title='bbox 3530 5594 3616 5649; x_wconf 85' lang='lat' dir='ltr'><strong>lex</strong></span> 
     </span>
    </p>
   </div>
   <div class='ocr_carea' id='block_1_120' title="bbox 2027 5681 3612 5757">
    <p class='ocr_par' dir='ltr' id='par_1_120' title="bbox 2027 5681 3612 5757">
     <span class='ocr_line' id='line_1_120' title="bbox 2027 5681 3612 5757; baseline -0.001 -16"><span class='ocrx_word' id='word_1_904' title='bbox 2027 5683 2301 5754; x_wconf 85' lang='lat' dir='ltr'><strong>impletur,</strong></span> <span class='ocrx_word' id='word_1_905' title='bbox 2338 5681 2463 5736; x_wconf 90' lang='lat' dir='ltr'><strong>dum</strong></span> <span class='ocrx_word' id='word_1_906' title='bbox 2505 5697 2609 5736; x_wconf 90' lang='lat' dir='ltr'><strong>nou</strong></span> <span class='ocrx_word' id='word_1_907' title='bbox 2654 5683 2945 5753; x_wconf 87' lang='lat' dir='ltr'><strong>cupiditate</strong></span> <span class='ocrx_word' id='word_1_908' title='bbox 2988 5699 3168 5741; x_wconf 90' lang='lat' dir='ltr'><strong>rerum</strong></span> <span class='ocrx_word' id='word_1_909' title='bbox 3219 5686 3612 5757; x_wconf 72' lang='lat' dir='ltr'><strong>temporalium,</strong></span> 
     </span>
    </p>
   </div>
   <div class='ocr_carea' id='block_1_121' title="bbox 2105 5820 2579 5882">
    <p class='ocr_par' dir='ltr' id='par_1_121' title="bbox 2105 5820 2579 5882">
     <span class='ocr_line' id='line_1_121' title="bbox 2105 5820 2579 5882; baseline -0.002 -11"><span class='ocrx_word' id='word_1_910' title='bbox 2105 5822 2123 5854; x_wconf 73' lang='grc' dir='ltr'>ι</span> <span class='ocrx_word' id='word_1_911' title='bbox 2145 5830 2275 5882; x_wconf 71' lang='lat' dir='ltr'><strong>Mss,</strong></span> <span class='ocrx_word' id='word_1_912' title='bbox 2298 5820 2579 5873; x_wconf 80' lang='lat' dir='ltr'><strong>electusest.</strong></span> 
     </span>
    </p>
   </div>
   <div class='ocr_carea' id='block_1_122' title="bbox 2099 5883 2931 5951">
    <p class='ocr_par' dir='ltr' id='par_1_122' title="bbox 2099 5883 2931 5951">
     <span class='ocr_line' id='line_1_122' title="bbox 2099 5883 2931 5951; baseline -0.004 -15"><span class='ocrx_word' id='word_1_913' title='bbox 2099 5887 2118 5916; x_wconf 81' lang='lat'><strong>’</strong></span> <span class='ocrx_word' id='word_1_914' title='bbox 2144 5892 2272 5945; x_wconf 73' lang='lat' dir='ltr'><strong>Mss,</strong></span> <span class='ocrx_word' id='word_1_915' title='bbox 2295 5898 2360 5936; x_wconf 68' lang='lat' dir='ltr'><strong>ea;</strong></span> <span class='ocrx_word' id='word_1_916' title='bbox 2382 5883 2607 5951; x_wconf 83' lang='lat' dir='ltr'><strong>progenie</strong></span> <span class='ocrx_word' id='word_1_917' title='bbox 2628 5883 2791 5936; x_wconf 81' lang='lat' dir='ltr'><strong>carnis</strong></span> <span class='ocrx_word' id='word_1_918' title='bbox 2814 5896 2931 5935; x_wconf 77' lang='lat' dir='ltr'><strong>suc.</strong></span> 
     </span>
    </p>
   </div>
  </div>
