4024 6530
455 466 560 524 35)

460 583 552 637 sed
593 577 849 634 charitate
889 573 1026 628 illius
1069 569 1156 640 qtti
1201 566 1484 637 praecepit,
1519 564 1652 617 liunt
1687 571 2036 632 qumcumque

465 671 732 742 przecepit.
759 667 888 732 Quis
925 673 1102 717 autem
1138 676 1242 715 non
1271 658 1552 713 redamare
1576 655 1786 708 aﬂ'ectet
1811 649 2041 721 justissi-

466 778 607 816 nunn
635 771 689 815 et
714 754 1270 814 misericordissimum
1295 752 1481 816 Deum,
1503 749 1592 819 qui
1621 747 1767 817 prior
1795 745 1872 798 sic
1898 757 2042 795 ama-

463 855 535 908 vit
575 849 950 921 itijustissimos
989 854 1047 902 et
1083 843 1492 915 superbissimos
1533 839 1808 902 homines,
1834 843 1893 889 ut
1923 848 2045 903 pro-

467 954 584 1013 pter
627 956 722 996 eos
772 941 1008 994 mitteret
1049 937 1266 993 unicum
1311 934 1524 999 Filium,
1571 948 1665 1001 per
1713 944 1869 1000 quem
1922 924 2047 981 fecit

464 1032 682 1097 omnia;
715 1031 808 1102 qui
845 1046 952 1086 non
992 1029 1075 1085 sui
1114 1025 1428 1088 mutatione,
1455 1023 1548 1079 Sed
1578 1021 1807 1076 hominis
1834 1032 2046 1073 assum-

466 1130 647 1198 ptione
686 1126 848 1181 homo
877 1125 1066 1191 Iactus,
1105 1136 1214 1178 non
1251 1119 1422 1176 solum
1453 1131 1574 1172 cum
1611 1115 1688 1171 eis
1722 1114 1921 1177 vivere,
1953 1109 2047 1165 sed

464 1220 625 1276 etiam
655 1232 754 1288 pro
777 1217 856 1272 eis
881 1223 938 1271 et
960 1214 1028 1270 ab
1049 1214 1126 1270 eis
1147 1218 1328 1283 posset
1355 1208 1558 1265 occidi?

536 1311 624 1367 ω.
659 1310 842 1380 Itaque
871 1322 1066 1364 novum
1091 1313 1468 1361 testamentum
1499 1297 1824 1355 haereditatis
1852 1295 2050 1365 sempi-

469 1412 638 1458 ternas
681 1400 1026 1456 manifestans
1045 1439 1058 1462 ,
1090 1398 1142 1453 in
1171 1411 1277 1468 quo
1303 1403 1587 1451 renovatus
1618 1391 1778 1445 homo
1808 1404 1902 1459 per
1929 1403 2052 1458 gm-

472 1495 598 1548 tiam
627 1493 720 1549 Dei
747 1499 928 1563 ageret
949 1504 1138 1545 novam
1163 1489 1346 1551 vitam,
1380 1485 1481 1540 hoc
1509 1493 1588 1540 est
1615 1483 1774 1538 vitam
1803 1479 2054 1549 spiritua-

473 1584 626 1650 lem;
667 1592 726 1639 ut
771 1590 923 1638 vetus
962 1579 1270 1636 ostenderet
1311 1577 1577 1647 primum,
1622 1575 1674 1629 in
1700 1588 1811 1645 quo.
1829 1570 2057 1628 carnalis

475 1678 700 1747 populus
728 1689 890 1748 agens
916 1683 1148 1730 veterem
1179 1672 1447 1727 hominem
1469 1711 1482 1733 ,
1507 1668 1745 1738 exceptis
1770 1665 1948 1736 paucis
1976 1665 2054 1717 iu-

477 1769 835 1839 telligeutibus
867 1765 1188 1822 Patriarchis
1211 1773 1266 1818 et
1293 1761 1574 1832 Prophetis
1602 1769 1656 1815 et
1683 1757 1951 1812 nonnullis
1981 1755 2056 1809 la-

477 1860 714 1917 tentibus
756 1859 989 1926 sanctis,
1035 1857 1320 1913 carnaliter
1361 1856 1546 1910 vivens
1584 1852 1815 1909 carnalia
1844 1851 2059 1920 pragmia

475 1953 812 2008 desiderabat
851 1967 882 2006 a
917 1951 1140 2006 Domino
1171 1951 1308 2016 Deo,
1345 1957 1400 2003 et
1427 1951 1479 2001 in
1521 1946 1686 2017 ﬁgura
1712 1944 2060 2013 spiritualiqu

477 2044 740 2098 honorum
780 2041 1076 2112 accipiebat
1103 2059 1116 2095 :
1149 2040 1327 2095 omnia
1368 2054 1495 2111 ergo
1525 2039 1660 2092 bona
1691 2045 1901 2090 terrena
1932 2050 2064 2088 con-

481 2131 696 2204 tempsit
743 2131 903 2188 homo
947 2131 1119 2186 factus
1166 2130 1422 2185 Dominus
1461 2127 1741 2190 Christus,
1784 2135 1841 2180 ut
1878 2137 2066 2180 conte-

482 2225 712 2281 mnenda
741 2233 1098 2290 monstraret;
1122 2231 1177 2278 et
1195 2223 1372 2278 omnia
1397 2231 1607 2276 terrena
1629 2219 1878 2275 sustinuit
1898 2217 2033 2272 mala
2049 2259 2065 2284 ,

483 2333 603 2386 quae
643 2316 947 2372 sustinenda
988 2316 1329 2386 pnecipiebat
1363 2333 1375 2368 :
1410 2323 1468 2368 ut
1503 2327 1676 2384 neque
1706 2312 1756 2366 in
1788 2312 1890 2367 illis
1920 2326 2068 2381 quaa-

486 2417 696 2463 reretur
736 2407 959 2462 felicitas
982 2447 997 2471 ,
1045 2421 1214 2477 neque
1240 2407 1292 2460 in
1322 2405 1435 2460 istis
1463 2404 1744 2459 infelicitas
1772 2403 2069 2456 timeretur.

484 2497 652 2554 Natus
697 2498 838 2553 enim
885 2497 953 2553 de
995 2507 1166 2552 matre
1205 2512 1324 2567 quae
1370 2495 1610 2566 quamvis
1655 2510 1685 2549 a
1721 2495 1836 2548 viro
1877 2494 2070 2547 intacta

485 2592 828 2660 conceperit,
872 2606 1190 2661 semperque
1233 2591 1426 2644 intacta
1479 2588 1871 2659 permanserit,
1924 2587 2102 2655 virgo,

486 2684 794 2754 concipiens
813 2725 827 2749 ,
855 2684 1003 2754 virgo
1034 2684 1245 2754 pariens
1268 2726 1283 2750 ,
1318 2683 1466 2752 virgo
1495 2685 1728 2737 moriens
1747 2723 1763 2749 ,
1797 2691 1972 2735 tamen
1998 2679 2076 2732 l'a-

488 2775 587 2831 bro
608 2775 929 2846 desponsata
959 2785 1108 2841 erat,
1139 2791 1351 2829 omnem
1383 2774 1599 2846 typhum
1628 2773 1856 2828 carnalis
1884 2772 2074 2826 nobili-

488 2867 612 2922 tatis
656 2867 928 2922 exstinxit.
975 2866 1144 2921 Natus
1187 2867 1345 2921 etiam
1391 2867 1443 2919 iu
1485 2865 1698 2920 civitate
1726 2863 2074 2930 Bethlehem,

489 2974 612 3028 qua:
637 2959 778 3014 inter
805 2973 994 3013 omnes
1021 2958 1219 3014 Judzete
1244 2957 1490 3012 civitates
1520 2957 1588 3010 ita
1619 2965 1734 3011 erat
1761 2957 1946 3026 exigua
1976 2998 1990 3021 ,
2023 2964 2080 3009 ut

494 3049 758 3119 hodieque
778 3049 901 3104 villa
923 3048 1219 3119 appelletur
1237 3089 1251 3114 ,
1282 3048 1449 3102 uoluit
1469 3064 1787 3118 quemquam
1815 3047 1882 3101 de
1903 3048 2078 3114 cujus-

492 3157 652 3212 quam
697 3151 924 3197 terrena:
967 3141 1197 3196 civitatis
1237 3141 1560 3196 sublimitate
1600 3141 1830 3211 gloriari.
1876 3141 2082 3211 Pauper

495 3232 658 3285 etiam
708 3229 881 3286 factus
926 3239 1042 3297 est,
1089 3231 1238 3302 cujus
1285 3241 1410 3286 sunt
1445 3231 1657 3298 omnia,
1699 3239 1752 3285 et
1793 3247 1886 3300 per
1923 3248 2080 3301 quem

497 3330 675 3377 creata
706 3329 831 3377 sunt
855 3323 1030 3376 omnia
1056 3341 1070 3388 ;
1105 3338 1170 3377 ne
1194 3324 1473 3394 quisquam
1504 3339 1624 3377 cum
1657 3325 1707 3377 in
1740 3340 1859 3378 eum
1892 3324 2081 3378 crude-

500 3420 620 3476 ret,
665 3411 733 3467 de
777 3414 1001 3468 terrenis
1039 3413 1234 3470 divitiis
1276 3415 1500 3470 auderet
1533 3415 1738 3469 extolli.
1779 3415 1957 3470 Noluit
1986 3433 2078 3470 rex

498 3503 567 3557 ab
606 3503 910 3558 hominibus
936 3504 1047 3560 ﬁeri
1073 3523 1086 3570 ;
1119 3507 1240 3575 quia
1268 3505 1579 3561 humilitatis
1602 3509 1922 3563 ostendebat
1945 3510 2082 3563 viam

501 3594 714 3649 miseris
732 3635 747 3659 ,
782 3611 917 3665 quos
943 3597 1010 3650 ab
1032 3612 1097 3650 eo
1122 3599 1138 3629 ¹
1164 3599 1408 3667 superbia
1436 3607 1779 3667 separaverat
1808 3617 1820 3654 :
1845 3602 2085 3669 quamvis

501 3685 882 3754 sempiternum
908 3687 1024 3756 ejus
1046 3703 1265 3758 regnum
1295 3689 1541 3743 universa
1566 3700 1807 3744 creatura
1838 3700 2082 3746 testetur.

501 3777 736 3833 Esurivit
755 3819 769 3844 ,
791 3779 882 3850 qui
910 3795 1096 3835 omnes
1125 3781 1325 3850 pascit;
1358 3781 1522 3835 sitivit
1541 3825 1554 3848 ,
1586 3797 1679 3852 per
1701 3798 1854 3852 quem
1879 3795 2089 3837 creatur

501 3869 678 3924 omnis
707 3880 878 3939 potus,
907 3881 959 3926 et
984 3873 1072 3940 qui
1099 3873 1442 3941 spirituaiiter
1470 3875 1618 3942 panis
1639 3883 1720 3928 est
1742 3874 2090 3929 esurientium

506 3961 732 4032 lorisque
760 3963 1053 4017 sitientium
1090 3981 1103 4016 :
1135 3966 1201 4017 ab
1228 3965 1418 4019 itinere
1450 3966 1689 4020 terrestri
1721 3964 1968 4036 fatigatus
1986 3975 2088 4032 est,

503 4055 593 4124 qui
619 4071 678 4110 se
705 4055 876 4125 ipsum
909 4058 1060 4111 nobis
1083 4057 1219 4110 viam
1243 4057 1367 4112 fecit
1395 4057 1445 4110 in
1471 4059 1664 4112 cmium
1695 4076 1708 4112 :
1738 4060 1883 4113 velut
1906 4059 2095 4112 obmu-

505 4148 608 4201 tuit
637 4155 708 4201 -et
751 4148 1030 4202 obsurduit
1073 4163 1252 4202 coram
1297 4149 1749 4214 conviciantibus,
1800 4166 1896 4219 per
1934 4165 2092 4219 quem

508 4250 688 4294 mutus
715 4242 920 4295 locutus
947 4250 1029 4296 est
1057 4249 1111 4296 et
1135 4241 1328 4296 surdus
1353 4241 1553 4295 audivit
1584 4261 1596 4295 :
1629 4245 1833 4298 vinctus
1862 4253 1972 4308 est,
2007 4244 2094 4312 qui

509 4333 579 4388 de
624 4331 988 4388 inﬂrmitatum
1033 4334 1258 4387 vinculis
1300 4334 1461 4388 solvit
1491 4353 1503 4388 :
1535 4334 1826 4406 ﬂagellatns
1861 4347 1939 4390 est
1961 4378 1974 4402 ,
2005 4337 2096 4405 qui

507 4424 748 4480 omnium
775 4425 1017 4480 dolorum
1045 4423 1250 4496 ﬂagella
1281 4424 1348 4480 de
1369 4424 1640 4480 hominum
1664 4428 1976 4496 corporibus
2006 4444 2099 4484 ex-

509 4517 647 4586 pulit
693 4531 709 4569 :
751 4517 1036 4571 cruciﬁxus
1077 4526 1158 4571 est
1180 4558 1194 4582 ,
1226 4517 1314 4586 qui
1344 4517 1611 4571 cruciatus
1641 4529 1853 4571 nostros
1882 4517 2048 4571 ﬁnivit
2082 4536 2094 4572 :

513 4617 754 4663 mortuus
790 4617 905 4676 est,
952 4609 1042 4679 qui
1080 4617 1319 4663 mortuos
1357 4609 1651 4662 suscitavit.
1688 4608 1791 4664 Sed
1832 4617 1887 4662 et
1920 4625 2098 4662 resur-

511 4703 652 4756 rexit
696 4717 965 4771 nunquam
1003 4701 1324 4768 muriturus,
1372 4715 1440 4754 ne
1481 4700 1548 4754 ab
1587 4700 1679 4754 illo
1717 4700 1994 4770 quisquam
2025 4703 2101 4755 sic

511 4796 746 4850 disceret
796 4802 1019 4848 mortem
1067 4803 1448 4859 contemnere,
1500 4793 1650 4864 quasi
1705 4810 1972 4863 nunquam
2018 4795 2099 4847 vi-

509 4900 696 4945 eturus
723 4887 766 4939 '.

585 4980 811 5037 CAPUT
843 4979 1028 5034 XXIII.
1056 5010 1127 5020 —
1153 4980 1244 5033 41.
1274 4978 1498 5046 Spiritus
1523 4988 1725 5031 sanctus
1751 4978 1832 5030 die
1857 4979 2104 5048 quinqua-

513 5076 704 5146 gesima
751 5082 860 5144 post
893 5072 1306 5127 resurrectionem
1332 5067 1522 5124 Citriin
1547 5070 1750 5122 missus.
1773 5068 1945 5122 Judwi
1972 5088 2104 5138 prte-

514 5167 766 5220 dicntione
804 5166 1160 5233 Apostolorum
1188 5163 1441 5228 conversi,
1472 5163 1586 5215 rita:
1609 5163 1910 5231 evangelica:
1936 5166 2104 5216 studio

514 5259 808 5328 ﬂagrantes.
832 5255 1072 5310 Ecclesia:
1091 5256 1230 5324 apud
1252 5251 1431 5308 Gentes
1453 5271 1541 5324 per
1561 5251 1781 5306 Paulum
1800 5256 2100 5308 constitutae.

518 5349 647 5402 Inde
668 5345 994 5400 conﬁrmatis
1020 5345 1297 5414 discipulis
1317 5386 1332 5409 ,
1361 5355 1711 5400 conversatus
1731 5361 1851 5400 cum
1875 5346 1953 5400 eis
1975 5363 2105 5416 qua-

516 5441 758 5511 draginta
789 5438 976 5493 diebus
1000 5479 1014 5502 ,
1045 5438 1246 5493 eisdem
1272 5438 1636 5509 spectantibus
1656 5438 1897 5493 ascendit
1919 5439 1971 5492 in
1992 5456 2107 5494 cu:-

518 5535 626 5589 lum
651 5549 666 5599 ;
708 5541 760 5586 et
796 5529 1079 5600 completis
1104 5544 1132 5582 a
1162 5531 1550 5586 resurrectione
1578 5530 1956 5600 quinquaginta
1987 5532 2103 5586 die-

521 5630 617 5682 bus
660 5626 803 5682 misit
841 5625 920 5679 eis
950 5619 1203 5690 Spiritum
1241 5631 1483 5678 sanctum
1525 5620 1865 5694 (promiserat
1892 5625 2058 5694 enim)
2087 5667 2100 5691 ,

519 5759 523 5766 “
585 5771 597 5798 ³
634 5771 704 5816 sic
725 5773 833 5815 uss.
861 5770 915 5813 At
941 5759 1082 5816 editi,
1105 5759 1162 5808 ab
1178 5774 1252 5811 ea.

587 5832 605 5860 ³
639 5842 735 5878 am.
763 5835 837 5876 Er.
863 5834 914 5875 et
938 5823 1048 5871 fere
1084 5835 1253 5872 omnes
1291 5829 1416 5878 Mss,
1465 5819 1668 5882 fruntus.
1707 5827 1834 5869 [nus
1861 5822 2108 5872 Vaticanus

520 5897 619 5952 Its,
645 5895 1028 5942 resurrecturus.

1269 453 1355 506 DE
1393 445 1942 505 C\TI‘JCl-i'.l.\NDIS
1980 439 2294 505 RUDIBUS,
2334 439 2391 495 S.
2436 437 2798 494 AUGUSTINI

3623 439 3726 493 310

2149 569 2244 624 per
2285 567 2440 623 quem
2488 551 2676 607 diﬂ‘usa
2716 551 2973 607 charitate
3009 551 3063 605 in
3091 549 3341 606 cordibus
3367 567 3552 606 eorum
3573 593 3591 618 ,
3621 569 3726 607 nun

2149 645 2319 698 solum
2360 645 2476 698 sine
2509 657 2672 698 onere
2691 685 2706 709 ,
2745 641 2838 698 sed
2865 643 3023 697 etiam
3053 657 3172 696 eum
3198 642 3531 712 iucunditate
3557 643 3726 714 legem

2152 743 2368 804 possent
2393 734 2630 805 implere.
2654 733 2784 802 Qum
2809 733 2929 788 data
2954 741 3037 788 est
3063 733 3262 789 Iudaeis
3292 735 3346 788 in
3374 734 3562 790 decem
3591 749 3729 803 prm-

2151 828 2347 898 ceptis,
2393 826 2533 898 quod
2579 827 2847 898 appellant
2887 827 3219 898 deealogum.
3263 827 3395 896 Quae
3439 842 3624 884 rursus
3666 828 3731 882 ad

2151 919 2260 974 duo
2289 919 2596 989 rediguntur
2613 960 2628 984 ,
2659 928 2716 973 ut
2735 919 3018 990 diligamus
3043 919 3207 974 Deum
3233 935 3299 974 ex
3321 929 3432 975 toto
3456 919 3638 988 wrde,
3666 935 3731 976 ex

2156 1023 2262 1069 tota
2309 1016 2483 1070 anima
2504 1056 2520 1081 ,
2560 1031 2624 1069 ex
2657 1022 2765 1068 tota
2795 1021 2973 1068 mente
3000 1031 3014 1079 ;
3045 1020 3100 1068 et
3127 1013 3406 1084 diligamus
3433 1014 3731 1086 proximum

2155 1106 2291 1162 sicut
2329 1121 2427 1161 nos
2470 1107 2635 1176 ipsos.
2671 1105 2800 1160 Nam
2832 1105 2884 1160 in
2915 1104 2998 1160 his
3028 1102 3238 1160 duobus
3269 1105 3548 1177 praeceptis
3572 1114 3733 1160 totam

2157 1197 2349 1266 Legem
2379 1197 2774 1268 Prophetasque
2800 1195 3032 1266 pendere
3051 1237 3066 1262 ,
3100 1195 3214 1264 ipse
3243 1195 3500 1251 Dominus
3529 1205 3585 1252 et
3608 1196 3741 1252 dixit

2159 1289 2212 1343 in
2240 1289 2526 1358 Evangelia
2558 1288 2766 1357 (Matth.
2799 1303 2906 1342 xxn
2930 1329 2945 1353 ,
2975 1286 3172 1358 ’ὅτ-40)
3197 1329 3212 1355 ,
3245 1295 3300 1342 et
3319 1302 3416 1342 suo
3437 1286 3743 1342 manifesta-

2161 1381 2234 1434 vit
2270 1381 2535 1449 exemplo.
2575 1379 2706 1433 Nam
2751 1389 2799 1433 el
2850 1380 3074 1450 populus
3103 1379 3266 1435 Israel
3295 1393 3364 1434 ex
3392 1378 3480 1436 die
3504 1395 3611 1450 quo
3639 1381 3743 1449 pri-

2161 1487 2304 1524 mum
2332 1471 2525 1540 pascha
2549 1471 2599 1524 in
2624 1471 2850 1541 imagine
2874 1471 3231 1533 celebrarunt,
3257 1484 3411 1525 ovem
3437 1471 3746 1526 occidentes
3784 1475 3788 1479 ’

2163 1575 2218 1620 et
2243 1565 2620 1620 manducantes
2638 1607 2652 1630 ,
2682 1565 2834 1634 cujus
2859 1564 3114 1634 sanguine
3139 1572 3320 1635 postes
3347 1580 3534 1619 eorum
3561 1563 3628 1617 ad
3660 1578 3745 1618 sa-

2165 1656 2291 1713 lutis
2333 1657 2552 1711 tutelam
2595 1656 2784 1727 signati
2823 1665 2943 1710 sunt
2983 1655 3175 1728 (Exod.
3207 1655 3314 1726 ιιι)
3339 1672 3354 1721 ;
3384 1671 3450 1710 ex
3480 1656 3595 1725 ipso
3621 1671 3746 1725 ergo

2166 1749 2252 1804 die
2280 1748 2744 1820 quinquagesimus
2764 1747 2878 1803 dies
2900 1747 3147 1816 impletus
3171 1755 3254 1802 est
3273 1788 3288 1813 ,
3318 1756 3372 1801 et
3399 1746 3573 1817 legem
3599 1761 3748 1802 acce-

2170 1849 2360 1910 perunt
2403 1839 2652 1909 scriptam
2694 1838 2858 1908 digito
2899 1839 2988 1892 Dei
3032 1836 3142 1910 (Id.
3183 1853 3310 1903 xix,
3348 1838 3444 1906 xx)
3471 1878 3486 1901 ,
3518 1852 3627 1906 quo
3657 1851 3753 1889 no-

2170 1931 2311 1986 mine
2345 1932 2454 2000 jam
2495 1925 2725 1985 diximus
2753 1929 3035 2000 signiﬁcari
3062 1927 3319 1998 Spiritum
3346 1938 3589 1983 sauctmn
3621 1927 3750 1996 (Su-

2172 2041 2285 2096 pra,
2304 2041 2415 2093 cap.
2447 2039 2512 2077 xx
2532 2065 2547 2090 ,
2577 2039 2628 2076 n.
2660 2021 2749 2094 55)
2786 2040 2798 2076 :
2829 2023 2965 2076 sicut
2990 2028 3110 2092 post
3137 2019 3344 2074 Domini
3374 2020 3675 2089 passionem
3701 2027 3752 2072 ct

2173 2115 2616 2172 resurrectionem
2645 2155 2658 2177 ,
2683 2111 2821 2182 quod
2852 2120 2930 2166 est
2962 2126 3147 2165 verum
3170 2109 3365 2180 pascha
3386 2151 3402 2176 ,
3423 2109 3752 2180 quinquage-

2173 2209 2311 2263 simo
2345 2207 2431 2262 die
2465 2207 2578 2276 ipse
2617 2205 2844 2275 Spiritus
2869 2214 3086 2258 sanctus
3112 2201 3387 2272 discipulis
3412 2201 3609 2256 missus
3628 2210 3710 2256 est
3741 2219 3754 2254 :

2176 2318 2281 2356 non
2317 2300 2424 2371 jam
2466 2299 2687 2371 lapideis
2719 2297 2911 2353 tabulis
2937 2296 3099 2352 corda
3128 2295 3260 2350 dura
3288 2293 3599 2366 significans
3623 2310 3638 2360 ;
3667 2293 3773 2356 sed,

2175 2409 2295 2449 cum
2324 2403 2503 2449 essent
2529 2407 2689 2446 unum
2721 2391 2772 2445 in
2800 2388 3305 2458 locum,congregati
3333 2387 3386 2442 in
3413 2386 3527 2456 ipsa
3549 2384 3762 2440 Ierusa-

2179 2485 2281 2538 lem
2307 2527 2322 2552 ,
2354 2483 2521 2538 factus
2550 2493 2632 2538 est
2660 2482 2837 2536 subito
2865 2480 2931 2535 de
2955 2479 3091 2534 coelo
3121 2493 3291 2533 sonus
3309 2519 3324 2544 ,
3356 2477 3508 2548 quasi
3537 2476 3763 2531 ferretur

2180 2574 2336 2630 ﬂatus
2360 2573 2666 2637 vehemens,
2690 2581 2744 2625 et
2765 2571 2889 2624 visae
2909 2579 3031 2625 sunt
3057 2569 3162 2624 illis
3187 2569 3380 2638 lingua:
3404 2567 3592 2622 divisa.-
3615 2568 3762 2637 quasi

2181 2667 2313 2738 ignis
2335 2707 2348 2730 ,
2386 2673 2441 2720 et
2465 2669 2740 2734 cmperuut
2769 2661 2960 2732 linguis
2991 2661 3163 2731 loqui,
3196 2660 3267 2714 ita
3296 2671 3354 2715 ut
3376 2674 3563 2714 omnes
3590 2659 3678 2729 qui
3701 2659 3761 2711 ad

2181 2759 2302 2812 illos
2328 2764 2605 2816 venerant,
2634 2768 2786 2808 suam
2815 2753 3047 2824 linguam
3068 2752 3291 2822 quisque
3313 2761 3662 2821 cognosceret
3683 2750 3766 2818 (ad

2183 2848 2323 2902 illam
2359 2846 2500 2901 enim
2531 2841 2800 2898 civitatem
2828 2857 2893 2897 ex
2923 2842 3067 2896 omni
3098 2849 3235 2896 terra
3263 2840 3658 2894 conveniebant
3682 2838 3768 2893 .Iu-

2183 2940 2280 2994 dtei
2303 2981 2317 3002 ,
2353 2952 2690 3009 quacumque
2723 2935 2949 3003 dispersi
2989 2940 3174 2997 erant,
3214 2941 3269 2987 et
3302 2932 3542 2986 diversas
3569 2932 3770 3001 linguas

2183 3033 2416 3102 gentium
2438 3032 2769 3084 diversarum
2789 3027 3089 3081 didicerant
3110 3025 3244 3098 [Ασι.
3271 3040 3328 3091 ιι,
3355 3022 3553 3096 141]):
3580 3024 3771 3078 deinde

2184 3140 2305 3180 cum
2353 3132 2462 3177 tota
2504 3121 2695 3176 ﬁducia
2737 3120 3008 3174 Christum
3041 3117 3390 3188 prmdicantes
3411 3158 3425 3182 ,
3456 3117 3507 3169 in
3537 3115 3656 3185 ejus
3682 3131 3773 3169 no-

2186 3219 2331 3272 mine
2369 3217 2531 3270 multa
2574 3215 2722 3284 signa
2766 3212 3068 3276 faciebant,
3110 3211 3182 3264 ita
3223 3219 3281 3264 ut
3315 3209 3600 3279 quemdam
3637 3225 3775 3263 mor-

2189 3321 2334 3364 tuum
2360 3313 2665 3361 transeunte
2695 3305 2850 3359 Petro
2875 3303 3060 3358 umbra
3083 3302 3198 3372 ejus
3225 3302 3489 3372 tetigerit,
3520 3311 3576 3356 et
3604 3315 3774 3356 resur-

2189 3401 2386 3456 rexerit
2411 3397 2521 3468 (Id.
2550 3413 2582 3450 v
2603 3437 2619 3463 ,
2653 3395 2762 3467 I5).

2260 3492 2348 3547 42.
2379 3491 2482 3546 Sed
2505 3506 2624 3544 cum
2652 3490 2892 3543 viderent
2911 3486 3078 3542 Judzei
3103 3495 3245 3540 tanta
3271 3486 3419 3557 signa
3443 3485 3557 3540 ﬁeri
3582 3486 3640 3540 in
3667 3485 3778 3556 ejus

2192 3584 2408 3639 nomine
2431 3625 2446 3650 ,
2489 3598 2646 3653 quem
2689 3581 2877 3651 partim
2914 3596 3009 3650 per
3041 3579 3291 3634 invidiam
3313 3620 3328 3648 ,
3356 3579 3552 3649 partim
3581 3595 3678 3648 per
3697 3595 3782 3634 er-

2193 3691 2369 3730 rorem
2395 3675 2774 3728 cruciﬁxerunt
2794 3715 2808 3739 ,
2837 3673 2926 3725 alii
2949 3671 3132 3726 irritati
3158 3680 3281 3723 sunt
3302 3669 3366 3723 ad
3385 3671 3783 3741 persequendos

2194 3767 2573 3837 pra-dieatores
2615 3765 2730 3834 ejus
2777 3764 3063 3832 Apostolos
3084 3803 3098 3826 ,
3142 3762 3231 3815 alii
3260 3776 3390 3815 vero
3412 3761 3644 3831 idipsum
3667 3777 3778 3815 am-

2197 3859 2334 3929 plius
2360 3857 2685 3910 admirantes
2704 3897 2716 3919 ,
2751 3854 2890 3924 quod
2923 3855 2974 3908 in
3006 3853 3122 3923 ejus
3151 3854 3368 3907 nomine
3388 3894 3404 3919 ,
3429 3867 3594 3922 quem
3620 3852 3783 3907 veluti

2197 3968 2225 4005 a
2271 3967 2331 4005 se
2367 3963 2680 4020 oppressum
2728 3957 2782 4001 et
2826 3947 3021 4000 victum
3062 3946 3326 4008 riserant,
3355 3953 3498 3997 tanta
3529 3944 3785 3998 miracula

2200 4044 2385 4096 lit-rent
2411 4082 2426 4106 ,
2459 4038 2767 4111 paenitendo
2795 4038 3039 4092 conversi
3061 4035 3404 4091 crediderunt
3431 4035 3484 4089 in
3512 4051 3638 4090 eum
3671 4037 3789 4090 mil-

2201 4137 2268 4191 lia
2294 4139 2308 4168 ¹
2336 4135 2664 4191 Iudaeorum.
2697 4133 2807 4187 Non
2839 4139 2992 4185 erant
3013 4131 3122 4199 jam
3155 4129 3228 4183 illi
3253 4129 3561 4199 temporalia
3587 4129 3791 4184 beneﬁ-

2200 4228 2280 4281 cia
2311 4236 2702 4320 .t'errenumque
2745 4237 2965 4291 regnum
3008 4219 3378 4275 desiderantes
3423 4235 3455 4272 a
3500 4221 3649 4284 Deo,
3692 4236 3792 4275 nec

2205 4312 2524 4388 promissum
2563 4331 2741 4385 regem
2767 4313 3037 4368 Christum
3063 4312 3347 4366 carnaliter
3371 4323 3748 4382 exspectantes
3779 4333 3790 4368 :

2203 4410 2300 4466 sed
2343 4409 2711 4463 immortaliter
2752 4406 3109 4476 intelligentes
3146 4414 3200 4460 et
3241 4405 3520 4475 diligentes
3551 4420 3675 4460 eum
3703 4408 3792 4475 qui

2205 4518 2303 4573 pro
2350 4503 2480 4572 ipsis
2525 4502 2594 4556 ab
2635 4500 2765 4568 ipsis
2808 4507 2951 4552 tanta
2992 4499 3288 4553 mortaliter
3325 4498 3582 4569 pertulit,
3625 4507 3678 4552 et
3720 4500 3797 4553 eis

2205 4612 2373 4665 usque
2402 4594 2469 4649 ad
2495 4592 2577 4648 sui
2607 4592 2878 4662 sanguinis
2904 4594 2926 4626 ¹
2958 4600 3170 4662 peccata
3198 4591 3414 4645 donavit
3437 4633 3455 4658 ,
3484 4599 3539 4645 et
3567 4591 3793 4645 immor-

2205 4690 2464 4744 talitatem
2505 4702 2533 4740 a
2576 4700 2634 4741 se
2673 4684 2990 4755 sperandam
3029 4694 3081 4740 et
3110 4684 3516 4739 desiderandam
3543 4684 3797 4754 exemplo

2208 4796 2316 4836 sua:
2345 4777 2748 4834 resurrectionis
2774 4777 3025 4832 ostendit.
3058 4777 3238 4847 Itaque
3259 4776 3369 4846 jam
3395 4778 3594 4832 veteris
3622 4777 3797 4832 homi-

2210 4874 2292 4928 nis
2314 4883 2520 4928 terrena
2541 4872 2804 4928 desideria
2834 4872 3214 4927 mortilicantes
3233 4911 3249 4936 ,
3275 4882 3328 4926 et
3351 4872 3648 4942 spiritttaiis
3673 4871 3801 4925 vita:

2210 4968 2443 5022 novitate
2493 4967 2776 5037 ﬂagrantes
2804 5009 2819 5032 ,
2863 4966 3002 5021 sicut
3047 4973 3371 5036 praeceperat
3413 4966 3464 5018 in
3507 4965 3801 5035 Evangelia

2212 5059 2468 5114 Dominus
2487 5101 2501 5123 ,
2531 5058 2832 5114 vendebant
2855 5057 3032 5112 omnia
3061 5073 3180 5128 qua:
3207 5057 3472 5111 habebant
3495 5099 3510 5122 ,
3545 5065 3600 5112 et
3627 5058 3798 5127 pretia

2210 5169 2389 5208 rerum
2417 5167 2631 5207 suarum
2659 5161 2783 5207 ante
2811 5151 2973 5222 pedes
2993 5151 3368 5222 Apostolorum
3395 5149 3668 5218 ponebant
3693 5193 3710 5218 ,
3745 5161 3801 5204 ut

2211 5245 2311 5315 ipsi
2341 5244 2722 5299 distribuerent
2748 5243 3035 5315 unicuique
3058 5283 3072 5308 ,
3115 5244 3252 5299 sicut
3293 5243 3487 5312 cuique
3515 5258 3654 5312 opus
3687 5254 3804 5299 erat

2213 5335 2324 5407 (Id.
2355 5353 2390 5390 ll
2416 5379 2430 5401 ,
2462 5337 2561 5400 M,
2594 5345 2640 5389 ct
2663 5353 2714 5389 iv
2735 5379 2750 5400 ,
2781 5337 2875 5405 ’54)
2909 5354 2923 5390 :
2952 5335 3300 5405 viventesque
3328 5337 3378 5388 iu
3403 5334 3696 5390 christiana
3723 5336 3806 5390 di-

2215 5427 2442 5482 lectione
2469 5427 2811 5481 concorditer
2833 5469 2847 5493 ,
2874 5442 2978 5480 non
3000 5425 3251 5481 dicebant
3272 5424 3467 5495 aliquid
3495 5440 3676 5484 suum.
3707 5424 3804 5480 sed

2213 5527 2365 5573 erant
2392 5519 2496 5572 illis
2516 5517 2693 5572 omnia
2719 5518 3019 5572 communia
3046 5561 3060 5584 ,
3089 5526 3144 5572 et
3162 5517 3334 5572 anima
3361 5529 3415 5571 et
3439 5532 3534 5572 cor
3555 5534 3723 5572 unum
3751 5517 3802 5570 in

2215 5610 2379 5664 Deum
2405 5608 2514 5682 (Id.
2543 5625 2594 5663 iv
2616 5650 2628 5672 ,
2654 5607 2857 5677 δελ-55).
2883 5608 3082 5664 Deinde
3103 5610 3261 5664 etiam
3287 5609 3382 5676 ipsi
3402 5624 3432 5662 a
3453 5608 3661 5664 Judasis
3678 5623 3804 5662 car-

2280 5703 2294 5732 ¹
2333 5709 2463 5758 t.nv.,
2490 5709 2614 5763 post,
2659 5700 2972 5752 crediderunt
3006 5702 3058 5752 in
3102 5715 3211 5752 eum
3253 5699 3441 5760 ntillia,
3487 5700 3808 5754 addiderunt,

2213 5763 2378 5817 multa.
2407 5780 2466 5812 ex
2491 5778 2586 5813 uno
2615 5763 2781 5814 wdice
2814 5770 2894 5814 his.

2213 5890 2230 5937 ἰ
2276 5830 2296 5858 ι
2333 5829 2413 5876 llic
2437 5829 2482 5876 in
2501 5827 2713 5878 editione
2738 5835 2846 5878 Lov.
2873 5827 3084 5877 additum
3107 5827 3283 5885 fuerat,
3307 5823 3588 5889 emisionem
3611 5837 3629 5874 :
3651 5825 3810 5873 minus

2231 5903 2364 5937 )ene.

2231 5903 2364 5939 )ene.
