4072 6502
269 420 363 478 ΞΗ

268 532 478 588 natibus
504 529 714 586 civibus
742 528 919 583 carnis
944 542 1054 583 suae
1086 528 1509 597 persecutionem
1540 526 1680 596 passi
1701 534 1859 594 atque

266 622 495 694 dispersi
537 628 703 687 sunt,
748 629 809 675 ut
850 620 1005 675 latius
1044 619 1289 675 Christus
1310 633 1497 675 eorum
1523 618 1861 688 dispersione

270 714 686 785 praedicaretur,
737 721 793 768 et
834 712 1167 768 imitarentur
1206 712 1367 766 etiam
1407 712 1505 782 ipsi
1547 711 1859 782 patientiam

272 807 481 863 Domini
506 807 591 865 sui
621 825 637 864 :
662 806 783 878 quia
810 805 901 877 qui
921 818 1017 861 eos
1043 805 1059 836 ⁸
1085 811 1395 859 mansuetus
1426 817 1614 874 passus
1640 801 1854 868 fuerat,

267 898 664 955 mansuefactos
692 913 788 969 pro
815 913 874 954 se
896 897 1004 967 pati
1020 896 1258 967 jubebat.

340 990 431 1045 45.
463 988 544 1044 Ex
569 988 703 1059 ipsis
726 997 1033 1044 sanctorum
1056 985 1484 1057 persecutoribus
1505 984 1676 1039 fuerat
1694 984 1858 1039 etiam

266 1082 542 1152 apostolus
580 1080 779 1141 Paulus
802 1121 817 1146 ,
858 1091 913 1136 et
950 1080 1005 1135 in
1037 1078 1368 1135 Christianos
1406 1078 1634 1132 maxime
1672 1076 1858 1132 saevie-

265 1173 361 1228 bat
401 1190 416 1227 :
461 1171 556 1228 sed
589 1180 771 1242 postea
806 1171 1031 1228 credens
1055 1179 1110 1227 et
1133 1169 1407 1241 apostolus
1430 1169 1631 1232 factus,
1665 1169 1859 1224 missus

264 1276 351 1322 est
373 1275 433 1321 ut
451 1264 713 1321 Gentibus
737 1264 1082 1334 Evangelium
1111 1263 1445 1334 praedicaret,
1471 1263 1714 1333 graviora
1739 1277 1858 1332 per-

265 1371 461 1426 pessus
499 1371 597 1427 pro
630 1356 847 1413 nomine
884 1355 1116 1418 Christi,
1143 1370 1302 1427 quam
1335 1355 1531 1410 fecerat
1555 1364 1741 1409 contra
1762 1368 1859 1409 no-

264 1464 392 1505 men
431 1448 652 1505 Christi.
696 1447 968 1503 Ecclesias
991 1454 1170 1502 autem
1195 1448 1524 1503 constituens
1553 1462 1648 1517 per
1670 1461 1858 1502 omnes

260 1551 454 1607 gentes
473 1556 576 1612 qua
596 1540 939 1612 Evangelium
961 1540 1259 1596 seminabat
1276 1580 1292 1607 ,
1318 1540 1557 1609 impense
1578 1539 1855 1610 prmcipie-

262 1634 390 1699 bat,
422 1641 483 1687 ut
508 1632 758 1702 quoniam
787 1632 887 1701 ipsi
915 1647 980 1687 ex
1012 1631 1273 1686 idolorum
1296 1632 1442 1687 cultu
1462 1632 1737 1687 venientes
1756 1672 1771 1698 ,
1803 1640 1858 1687 et

263 1722 325 1778 sd
358 1738 527 1778 unum
553 1722 725 1779 Deum
755 1724 1038 1778 colendum
1070 1725 1229 1779 rudes
1254 1764 1268 1787 ,
1296 1738 1402 1779 non
1432 1724 1581 1779 facile
1612 1733 1856 1794 poterant

260 1817 426 1871 rebus
464 1817 578 1871 suis
614 1814 845 1871 venditis
885 1824 940 1871 et
975 1815 1271 1871 distributis
1294 1816 1497 1871 servire
1525 1816 1637 1872 Deo
1660 1859 1674 1882 ,
1707 1817 1856 1873 obla-

259 1910 439 1964 tiones
481 1908 719 1964 facerent
762 1908 812 1962 in
858 1924 1119 1979 pauperes
1152 1917 1458 1964 sanctorum
1499 1910 1589 1981 qui
1618 1920 1773 1966 erant
1802 1912 1853 1966 in

259 2000 520 2056 Ecclesiis
554 1998 788 2066 Juda'ae,
833 2014 952 2071 quae
988 1999 1202 2056 Christo
1225 1999 1563 2056 crediderant
1594 2017 1606 2053 :
1636 2003 1706 2055 ita
1737 2002 1857 2057 illos

260 2103 518 2164 tanquam
562 2092 794 2161 milites,
835 2092 954 2147 illos
991 2101 1170 2148 autem
1200 2101 1448 2162 tanquam
1479 2093 1855 2163 stipendiarios

260 2186 619 2257 provinciales
652 2183 945 2255 apostolica
986 2184 1229 2241 doctrina
1264 2185 1580 2251 constituit;
1612 2184 1855 2243 inserens

261 2280 338 2334 eis
365 2279 636 2334 Christum
660 2278 806 2334 velut
831 2277 1059 2348 lapidem
1079 2278 1388 2359 angularem
1412 2319 1426 2343 ,
1453 2278 1590 2334 sicut
1616 2293 1714 2349 per
1734 2293 1858 2347 pro-

260 2371 478 2441 phetam
498 2371 884 2441 praenuntiatus
908 2380 1043 2437 erat,
1075 2371 1127 2426 in
1147 2385 1253 2441 quo
1274 2371 1433 2426 ambo
1451 2371 1604 2442 quasi
1626 2372 1856 2441 parietes

259 2464 328 2519 de
355 2465 570 2519 diverso
594 2462 869 2519 venientes
887 2503 901 2526 ,
932 2463 1002 2518 de
1028 2462 1228 2519 Iudaeis
1255 2462 1508 2518 videlicet
1530 2472 1688 2531 atque
1709 2462 1855 2519 Gen-

262 2557 439 2623 tibus,
477 2571 731 2627 germana
771 2555 1032 2611 charitate
1068 2556 1444 2626 copularentur
1478 2554 1647 2625 (Psal.
1682 2571 1855 2625 cxvu,

260 2647 333 2701 22
353 2689 368 2712 ,
410 2657 459 2701 et
495 2647 624 2703 Isai.
654 2663 848 2713 xxvnt,
882 2647 995 2719 16).
1020 2646 1126 2703 Sed
1157 2656 1339 2717 postea
1367 2647 1639 2717 graviores
1663 2654 1716 2701 et
1740 2660 1856 2702 cre-

264 2738 475 2794 briores
498 2739 896 2808 persecutiones
919 2753 985 2793 ex
1015 2737 1301 2794 incredulis
1328 2737 1577 2808 gentibus
1603 2737 1859 2793 adversus

265 2828 467 2883 Christi
507 2828 795 2885 Ecclesiam
826 2837 1176 2884 surrexerunt
1194 2868 1211 2891 ,
1237 2838 1292 2883 et
1320 2828 1638 2898 implebatur
1663 2828 1715 2882 in
1742 2827 1858 2883 dies

262 2921 508 2991 singulos
534 2923 756 2978 verbum
793 2922 1003 2977 Domini
1034 2922 1402 2992 praedicentis,
1436 2921 1570 2978 Ecce
1597 2938 1689 2993 ego
1714 2923 1858 2977 mitto

260 3029 348 3067 vos
378 3012 512 3067 velut
539 3029 654 3068 oves
686 3014 740 3068 in
768 3014 933 3067 medio
962 3013 1197 3085 luporum
1224 3013 1435 3085 (Matth.
1468 3031 1530 3080 x,
1564 3012 1677 3087 l6).

332 3102 564 3160 CAPUT
601 3103 795 3159 XXIV.
818 3135 889 3145 —
913 3105 1001 3159 44.
1034 3104 1265 3160 Ecclesia
1289 3106 1432 3176 quasi
1460 3106 1573 3160 vitis
1602 3104 1855 3177 pullulat,

259 3208 304 3251 et
330 3206 564 3268 putatur.
588 3196 676 3252 Ea:
692 3198 756 3252 iis
780 3214 894 3267 quae
911 3197 1141 3252 videntur
1159 3197 1367 3268 impleta
1385 3237 1401 3265 ,
1430 3196 1704 3252 credantur
1724 3213 1857 3268 prte-

259 3291 398 3345 dicta
445 3305 560 3360 qua
596 3298 787 3346 restant
809 3290 1065 3361 implenda
1085 3332 1101 3355 ,
1131 3291 1411 3360 prwsertim
1426 3290 1684 3362 judicium
1714 3293 1859 3362 [utu-

261 3398 398 3435 rum.
424 3380 532 3437 Sed
562 3381 652 3435 illa
675 3381 797 3436 vitis
824 3397 945 3451 quae
974 3396 1069 3451 per
1095 3380 1281 3437 orbem
1312 3390 1573 3437 terrarum
1594 3425 1609 3450 ,
1634 3381 1772 3438 sicut
1791 3382 1861 3439 de

260 3473 350 3527 illa
398 3471 812 3543 prophetatum,
855 3481 910 3527 et
952 3473 1020 3528 ab
1055 3472 1174 3542 ipso
1198 3473 1425 3528 Domino
1449 3474 1859 3543 praenuntiatum

259 3573 377 3619 erat
396 3605 414 3630 ,
461 3562 761 3621 fructuosos
790 3563 1034 3633 palmites
1058 3562 1389 3620 dill'undebat
1407 3605 1422 3629 ,
1450 3573 1601 3621 tanto
1628 3566 1859 3636 pullula-

261 3656 351 3711 bat
395 3654 663 3724 amplius,
707 3663 903 3724 quanto
944 3654 1233 3711 uberiore'
1270 3664 1563 3727 martyrum
1606 3657 1864 3727 sanguine

259 3746 561 3817 rigabatur.
608 3744 810 3813 Quibus
848 3762 945 3816 per
984 3761 1174 3801 omnes
1208 3754 1379 3802 terras
1406 3747 1865 3802 innumerabiliter

262 3854 360 3908 pro
387 3837 518 3893 fidei
538 3838 763 3895 veritate
784 3838 1153 3905 morientibus,
1174 3838 1334 3894 etiam
1358 3838 1469 3908 ipsa
1492 3824 1863 3909 persequenda

261 3945 434 4001 regna
464 3939 765 3993 cesserunt,
795 3938 849 3984 et
871 3929 937 3984 ad
961 3927 1233 3985 Christum
1254 3928 1685 3999 cognoscendum
1706 3938 1866 3998 atque

262 4022 637 4091 venerandum
680 4020 850 4077 fracta
894 4022 1162 4093 superbia:
1199 4022 1409 4077 cervice
1438 4036 1693 4076 conversa
1720 4033 1862 4076 sunt.

260 4114 568 4186 Oportebat
611 4124 791 4171 autem
837 4124 898 4169 ut
941 4114 1128 4171 eadem
1174 4113 1333 4181 vitis,
1381 4115 1518 4169 sicut
1562 4129 1591 4168 a
1640 4114 1869 4171 Domino

263 4198 565 4265 identidem
584 4207 898 4278 praedictum
935 4216 1050 4263 erat
1071 4249 1087 4273 ,
1118 4212 1397 4276 putaretur
1420 4247 1433 4271 ,
1464 4214 1519 4261 et
1545 4222 1609 4260 ex
1639 4221 1701 4261 ea
1726 4221 1864 4276 pra:-

263 4302 588 4359 ciderentur
620 4299 947 4356 infructuosa
984 4307 1252 4354 sarmenta
1280 4296 1460 4368 (Joan.
1491 4313 1593 4361 xv,
1622 4297 1679 4367 2)
1703 4338 1719 4364 ,
1748 4296 1866 4368 qui-

264 4395 368 4450 bus
419 4393 657 4449 haareses
695 4401 748 4447 et
785 4391 1071 4447 schismata
1116 4406 1212 4460 per
1252 4390 1366 4445 loca
1405 4390 1537 4444 facta
1578 4398 1741 4455 sunt,
1771 4389 1871 4443 sub

263 4486 474 4543 Christi
516 4484 763 4549 nomine,
809 4498 918 4539 non
946 4482 1113 4553 ipsius
1136 4482 1356 4553 gloriam
1378 4521 1393 4547 ,
1426 4480 1519 4536 sed
1547 4495 1696 4535 suam
1721 4496 1869 4551 qum-

265 4582 551 4646 rentium,
592 4593 689 4648 per
728 4591 957 4648 quorum
1000 4574 1350 4631 adversitates
1388 4576 1557 4645 magis
1599 4574 1873 4643 magisque

266 4678 621 4728 exerceretur
646 4668 904 4735 Ecclesia,
929 4675 981 4722 et
1005 4665 1322 4736 probaretur
1341 4673 1501 4735 atque
1518 4664 1875 4719 illustraretur

264 4774 322 4820 ct
350 4763 602 4819 doctrina
631 4761 748 4833 ejus
777 4770 831 4816 et
861 4759 1133 4831 patientia.

341 4854 442 4910 45.
469 4852 660 4909 Omnia
691 4866 819 4920 ergo
846 4849 992 4915 hmc,
1022 4850 1159 4905 sicut
1187 4858 1334 4903 tanto
1361 4856 1485 4903 ante
1510 4845 1762 4918 praedicta
1795 4849 1876 4903 le-

268 4949 455 5019 gimus
474 4986 491 5013 ,
534 4945 612 5001 sic
656 4953 710 4999 et
738 4944 871 4998 facta
898 4941 1269 5013 cognoscimus
1299 4958 1312 4993 :
1342 4948 1395 4996 et
1425 4938 1875 5009 quemadmodum

269 5038 441 5111 primi
482 5036 794 5100 christiani,
833 5036 956 5105 quia
1003 5032 1236 5088 nondum
1264 5033 1363 5086 ista
1394 5031 1701 5101 provenisse
1726 5028 1877 5085 vide-

270 5131 447 5195 bant,
492 5126 767 5183 miraculis
812 5125 1163 5180 movebantur
1209 5130 1267 5177 ut
1300 5120 1623 5185 crederent;
1666 5122 1745 5175 sic
1779 5134 1879 5174 nos

268 5221 406 5291 quia
443 5218 625 5275 omnia
663 5218 764 5273 ista
792 5216 861 5271 ita
892 5215 1155 5286 completa
1183 5220 1344 5280 sunt,
1372 5212 1512 5268 sicut
1539 5228 1602 5267 ea
1632 5212 1683 5267 in
1704 5212 1881 5267 Libris

273 5314 548 5385 legimus,
580 5312 675 5382 qui
715 5311 872 5379 longe
908 5317 1194 5378 antequam
1230 5306 1346 5362 haec
1374 5306 1724 5377 implerentur
1753 5321 1877 5361 con-

268 5404 475 5474 scripti
503 5412 668 5471 sunt,
696 5402 787 5458 ubi
814 5402 991 5457 omnia
1014 5401 1187 5457 futura
1208 5399 1543 5467 dicebantur,
1576 5408 1630 5454 et
1655 5414 1901 5470 praesen-

1691 411 1891 467 LIBER
1935 411 2129 470 UNUS.

3450 422 3559 475 31ιῖ

1969 540 2086 595 qua:
2108 535 2309 583 restant
2328 569 2343 591 ,
2371 530 2693 585 sustinentes
2713 538 2767 585 et
2794 540 3195 600 perseverantes
3216 534 3267 588 in
3294 532 3553 603 Domino,

1967 618 2082 673 sine
2118 617 2449 676 dubitatione
2492 629 2711 676 ventura
2747 618 3047 678 credamus.
3079 622 3353 694 Siquidem
3378 624 3555 681 adhuc

1966 710 2332 770 tribulationes
2358 712 2547 769 futura:
2569 715 2621 769 in
2647 714 2851 770 eisdem
2876 715 3169 787 Scripturis
3187 719 3435 787 leguntur
3454 761 3468 782 ,
3493 730 3548 773 et

1966 802 2081 871 ipse
2119 803 2337 859 ultimus
2370 803 2553 874 judicii
2588 804 2736 872 dies,
2770 804 2865 862 ubi
2887 819 3075 861 omnes
3102 807 3246 863 cives
3273 809 3551 864 ambarum

1965 893 2175 950 illarum
2196 896 2467 951 civitatum
2494 897 2725 970 receptis
2749 899 3065 971 corporibus
3094 902 3381 957 surrecturi
3404 912 3551 967 sunt,

1964 992 2019 1041 et
2042 987 2302 1044 rationem
2328 989 2451 1043 vitae
2469 1003 2580 1045 suae
2603 997 2729 1046 ante
2748 990 2979 1047 tribunal
2999 990 3193 1046 Christi
3215 991 3411 1061 judicis
3432 993 3553 1048 red-

1963 1077 2144 1134 dituri.
2187 1080 2376 1138 Veniet
2414 1083 2557 1138 enim
2593 1084 2647 1139 in
2673 1084 2915 1141 claritate
2942 1085 3222 1157 potestatis
3241 1126 3255 1151 ,
3282 1085 3373 1156 qui
3401 1086 3551 1156 prius

1964 1171 2019 1232 in
2064 1170 2364 1229 humilitate
2409 1173 2984 1233 bumanitatis'venire
3032 1176 3279 1247 dignatus
3326 1185 3447 1242 est;
3499 1187 3554 1231 et

1962 1278 2150 1320 omnes
2179 1266 2294 1335 pios
2321 1267 2389 1323 ab
2412 1268 2590 1338 impiis
2614 1270 2915 1341 segregabit
2942 1288 2955 1325 :
2990 1286 3097 1325 non
3130 1277 3335 1325 tantum
3364 1271 3443 1325 eis
3463 1272 3551 1339 qui

1963 1356 2015 1409 in
2044 1372 2167 1412 eum
2196 1357 2420 1414 credere
2449 1362 2668 1415 omnino
2697 1363 2984 1417 noluerunt
3004 1405 3017 1426 ,
3046 1362 3141 1417 sed
3170 1362 3329 1417 etiam
3356 1362 3435 1417 eis
3462 1365 3551 1433 qni

1963 1446 2157 1503 frustra
2186 1459 2239 1504 et
2265 1449 2591 1507 infructuose
2616 1453 2959 1508 crediderunt
2988 1454 3038 1507 in
3070 1468 3190 1508 eum
3216 1469 3233 1517 ;
3265 1452 3370 1508 illis
3395 1453 3552 1508 datu-

1960 1554 2053 1594 rus
2104 1554 2325 1619 regnum
2370 1556 2551 1597 secum
2598 1552 2854 1599 mternnm
2886 1585 2901 1609 ,
2956 1545 3060 1597 illis
3112 1550 3290 1599 autem
3340 1559 3551 1613 poenam

1961 1640 2217 1686 teternam
2244 1647 2364 1687 cum
2393 1632 2625 1689 diabolo.
2658 1633 2761 1689 Sed
2794 1636 2933 1689 sicut
2964 1634 3167 1688 nullum
3193 1633 3440 1705 gaudium
3464 1649 3549 1688 re-

1962 1740 2080 1780 rum
2124 1726 2492 1797 temporalium
2521 1744 2586 1781 ex
2614 1727 2787 1797 aliqua
2816 1736 2966 1797 parte
2992 1726 3167 1782 simile
3196 1736 3371 1798 potest
3400 1727 3552 1781 inve-

1961 1817 2063 1871 niri
2124 1817 2319 1889 gaudio
2377 1818 2500 1873 vita:
2543 1828 2802 1882 aeternae,
2853 1834 3011 1887 quam
3064 1818 3231 1873 sancti
3285 1819 3553 1888 accepturi

1959 1918 2122 1975 sunt;
2154 1910 2223 1964 ita
2250 1911 2426 1965 nullus
2452 1910 2721 1966 cruciatus
2752 1922 3028 1980 pmnaram
3059 1909 3430 1981 temporalium
3463 1926 3555 1979 po-

1962 2011 2064 2058 test
2090 2002 2430 2073 sempiternis
2454 2002 2755 2073 iniquorum
2783 2002 3105 2058 cruciatibus
3123 2001 3444 2071 comparari.

2029 2095 2255 2152 CAPUT
2291 2095 2460 2151 XXV.
2492 2123 2563 2136 —-
2586 2096 2675 2152 46.
2712 2095 2865 2151 Fides
2893 2095 3269 2151 resurrectionis
3292 2092 3549 2149 suadetur.

1962 2187 2104 2243 Mors
2147 2196 2389 2259 perpetua
2424 2188 2477 2243 in
2515 2188 2793 2243 lamentis.
2843 2186 2960 2244 Vita
2997 2196 3189 2242 wterna
3240 2196 3551 2241 sanctorum.

1961 2276 2249 2333 Cavendum
2295 2293 2396 2332 non
2442 2287 2639 2332 tantum
2680 2295 2714 2332 a
2770 2276 3019 2348 Paganis,
3069 2276 3291 2343 Iudicis,
3329 2287 3376 2332 et
3404 2278 3559 2332 luere.

1961 2370 2091 2436 ticis,
2110 2368 2198 2422 sed
2212 2369 2361 2422 etiam
2378 2385 2409 2421 a
2424 2369 2572 2423 malis
2588 2367 2907 2423 Christianis.
2930 2370 3158 2424 Societas
3178 2369 3242 2425 sit
3260 2385 3373 2423 cum
3391 2370 3556 2426 bonis:

1961 2476 2062 2514 non
2088 2469 2253 2514 tamen
2279 2476 2394 2531 spes
2418 2461 2472 2514 in
2497 2460 2622 2529 ipsis
2644 2470 2879 2529 ponatur.
2912 2459 3112 2531 Itaque,
3140 2458 3325 2528 frater,
3354 2460 3556 2514 conﬁr-

1960 2565 2047 2605 ma
2079 2559 2131 2606 te
2160 2551 2331 2619 ipsum
2363 2550 2414 2604 in
2440 2550 2558 2620 ejus
2584 2550 2799 2606 nomine
2823 2558 2983 2620 atque
3020 2550 3283 2621 adjutorio
3317 2550 3401 2606 cui
3431 2566 3555 2606 cre-

1960 2641 2061 2710 dis,
2077 2640 2330 2696 adversus
2345 2640 2552 2711 linguas
2567 2655 2750 2695 eorum
2768 2642 2855 2711 qui
2882 2640 3037 2695 fidem
3058 2651 3293 2696 nostram
3310 2640 3555 2708 irrident,

1962 2732 2029 2787 de
2053 2732 2245 2802 quibus
2275 2731 2518 2787 diabolus
2537 2730 2838 2786 seductoria
2867 2731 3022 2786 verba
3044 2730 3547 2801 loquitur,mexime

1963 2825 2150 2880 volens
2179 2823 2405 2880 irridere
2429 2822 2587 2879 fidem
2627 2822 3051 2878 resurrectionis.
3094 2822 3198 2878 Sed
3242 2838 3308 2878 ex
3351 2831 3403 2877 te
3436 2823 3554 2891 ipso

1965 2916 2124 2973 crede
2146 2916 2381 2971 futurum
2411 2924 2463 2973 te
2488 2930 2607 2972 esse
2631 2930 2753 2971 cum
2780 2916 2944 2972 fueris
2968 2958 2983 2982 ,
3012 2915 3224 2985 Quando
3266 2930 3386 2970 cum
3431 2925 3557 2971 ante

1964 3024 2070 3062 non
2098 3007 2282 3071 fueris,
2304 3022 2445 3062 nunc
2468 3022 2588 3063 esse
2619 3016 2671 3063 te
2692 3006 2861 3062 vides.
2891 3006 2988 3063 Ubi
3013 3006 3159 3061 enim
3180 3014 3295 3060 erat
3322 3006 3420 3060 ista
3446 3021 3556 3061 m0-

1963 3102 2043 3157 les
2068 3100 2309 3170 corporis
2343 3101 2416 3154 tui
2447 3109 2501 3155 et
2528 3099 2627 3154 ista
2656 3099 2823 3154 forma
2846 3098 3315 3169 membrorumque
3335 3114 3525 3169 compa
3542 3129 3557 3139 -

1963 3207 2031 3263 go
2054 3200 2177 3247 ante
2214 3204 2410 3261 paucos
2444 3205 2633 3258 annos,
2685 3191 2994 3260 priusquam
3042 3198 3221 3257 natus,
3262 3188 3349 3244 vel
3394 3188 3554 3244 etiam

1964 3285 2271 3357 priusquam
2301 3285 2353 3339 in
2384 3284 2572 3339 matris
2599 3292 2753 3339 utero
2772 3292 3063 3354 conceptus
3087 3283 3275 3339 esses?
3312 3283 3401 3337 ubi
3436 3294 3554 3340 erat

1968 3381 2081 3435 haec
2106 3378 2276 3434 moles
2301 3387 2354 3433 et
2379 3378 2492 3433 haec
2512 3384 2712 3432 statura
2739 3377 2981 3448 corporis
3012 3376 3125 3432 tui?
3152 3376 3340 3433 Nonne
3361 3375 3429 3433 de
3458 3394 3552 3432 oc-

1964 3471 2122 3527 cultis
2154 3470 2312 3541 hujus
2336 3479 2596 3525 creaturae
2617 3469 2865 3535 secretis,
2893 3468 3117 3523 Domino
3142 3467 3253 3523 Deo
3271 3466 3554 3523 invisibili-

1966 3573 2049 3619 ter
2071 3563 2334 3617 formante
2358 3604 2373 3628 ,
2416 3561 2675 3631 processit
2704 3561 2755 3614 in
2789 3559 2962 3615 lucem
2983 3601 2999 3626 ,
3039 3560 3306 3631 certisque
3340 3567 3554 3614 natatum

1967 3656 2310 3711 incrementis
2338 3655 2392 3709 in
2414 3655 2568 3710 istam
2587 3653 3003 3725 magnitudinem
3026 3654 3356 3725 formamque
3378 3668 3559 3709 surre-

1968 3747 2081 3801 xit?
2101 3746 2368 3816 Numquid
2392 3761 2521 3816 ergo
2542 3745 2756 3801 difficile
2776 3754 2857 3801 est
2880 3747 3006 3811 Deo,
3031 3746 3118 3815 qui
3147 3746 3308 3801 etiam
3335 3761 3556 3817 aggeres

1970 3840 2187 3894 nubium
2218 3856 2283 3895 ex
2313 3838 2525 3894 occulto
2551 3839 2603 3893 in
2634 3846 2908 3894 momento
2934 3838 3220 3907 contrahit,
3245 3849 3300 3895 et
3326 3841 3560 3910 contegit

1971 3933 2165 3989 coelum
2193 3934 2245 3986 in
2277 3932 2380 3987 ictu
2412 3930 2699 4002 temporis,
2738 3930 2963 3986 reddere
3008 3930 3164 3985 istam
3210 3930 3560 4001 quantitatem

1970 4024 2212 4094 corporis
2234 4024 2311 4078 tui
2336 4024 2475 4078 sicut
2498 4032 2633 4088 erat,
2658 4022 2746 4093 qui
2768 4037 2887 4077 eam
2909 4022 3083 4079 facere
3108 4022 3278 4093 potuit
3297 4022 3435 4078 sicut
3452 4039 3558 4078 non

1972 4117 2156 4173 erat‘?
2184 4114 2356 4171 Crede
2385 4130 2512 4187 ergo
2552 4115 2757 4171 fortiter
2785 4124 2841 4171 et
2868 4115 3185 4172 inconcusse
3215 4116 3340 4187 quia
3379 4119 3558 4172 omnia

1972 4226 2090 4279 qua:
2116 4209 2364 4264 videntur
2388 4208 2539 4279 quasi
2570 4209 2841 4279 pereundo
2877 4207 3123 4265 humanis
3156 4209 3326 4265 oculis
3349 4210 3557 4267 subtra-

1976 4303 2049 4367 hi,
2082 4303 2227 4357 salva
2266 4313 2319 4358 et
2362 4304 2566 4373 integra
2597 4312 2721 4358 sunt
2758 4303 3159 4373 omnipotentiae
3184 4303 3320 4370 Dei;
3364 4304 3456 4375 qui
3499 4320 3561 4359 ea

1974 4408 2096 4448 cum
2127 4394 2371 4459 voluerit,
2400 4394 2517 4449 sine
2547 4394 2651 4449 ulla
2680 4409 2826 4449 mora
2853 4392 3241 4450 etdifficultate
3268 4395 3560 4465 reparabit,

1976 4499 2037 4539 ea
2065 4484 2320 4539 duntaxat
2347 4499 2466 4553 quae
2490 4483 2693 4553 justitia
2718 4484 2833 4555 ejus
2860 4484 3153 4555 reparanda
3181 4500 3301 4541 esse
3324 4485 3527 4556 judicat
3554 4505 3566 4541 :

1977 4584 2035 4630 ut
2056 4575 2109 4630 in
2131 4576 2215 4629 his
2234 4575 2546 4645 corporibus
2564 4574 2787 4630 reddant
2806 4573 3049 4629 homines
3066 4574 3330 4631 factorum
3346 4590 3563 4631 suorum

1980 4668 2263 4729 rationem.
2290 4668 2342 4721 in
2382 4666 2575 4736 quibus
2600 4681 2662 4720 ea
2690 4666 2958 4732 fecerunt;
2989 4675 3040 4721 et
3067 4666 3118 4720 in
3150 4666 3234 4721 his
3261 4675 3569 4722 mereantur

1980 4742 2072 4812 aut
2107 4759 2575 4814 commutationem
2607 4759 2844 4815 caelestis
2871 4758 3289 4833 incorruptionis
3332 4773 3429 4828 pro
3458 4773 3571 4812 me-

1981 4851 2098 4905 ritis
2120 4850 2351 4919 pietatis,
2374 4857 2466 4904 aut
2485 4849 2883 4920 corruptibilem
2902 4852 2924 4883 '
2952 4849 3193 4921 corporis
3212 4847 3571 4905 conditionem

1985 4958 2083 5013 pro
2106 4945 2310 4999 meritis
2340 4944 2654 5015 iniquitatis,
2687 4961 2791 4999 non
2820 4961 2939 5016 quae
2972 4956 3146 5001 morte
3173 4944 3444 5013 solvatur,
3479 4946 3573 5001 sed

1985 5054 2104 5110 quze
2124 5040 2399 5094 materiam
2427 5039 2768 5109 sempiternis
2797 5038 3071 5094 doloribus
3100 5038 3354 5107 praebeat.

2057 5133 2144 5187 47.
2186 5130 2331 5201 Fuge
2360 5145 2487 5201 ergo
2517 5145 2612 5200 per
2642 5129 2969 5184 immobilem
3001 5128 3158 5185 (idem
3193 5139 3249 5185 et
3270 5145 3447 5187 mores
3476 5130 3575 5187 bo-

1987 5224 2143 5292 nos',
2170 5226 2311 5296 fuge,
2341 5224 2523 5288 frater,
2552 5222 2640 5277 illa
2664 5229 2925 5276 tormenta
2945 5262 2961 5287 ,
2988 5222 3076 5277 ubi
3106 5236 3204 5277 nec
3226 5230 3457 5279 tortores
3480 5224 3578 5281 dc-

1991 5318 2192 5380 ficiunt,
2224 5330 2325 5371 nec
2373 5315 2495 5369 torti
2536 5312 2870 5378 moriuntur;
2910 5312 3103 5384 quibus
3150 5313 3267 5370 sine
3302 5314 3409 5370 fine
3437 5328 3583 5369 mors

1990 5417 2092 5474 est,
2136 5424 2240 5462 non
2292 5420 2448 5476 posse
2489 5405 2543 5460 in
2589 5404 2911 5460 cruciatibus
2962 5407 3116 5460 mori.
3176 5406 3245 5463 Et
3293 5407 3585 5462 cxardesce

277 5499 354 5551 tia
395 5496 507 5566 jam
537 5494 821 5560 videntur,
853 5492 1181 5549 mdiﬁcamur
1208 5490 1275 5547 ad
1307 5489 1465 5547 ﬁdem
1487 5532 1501 5557 ,
1531 5498 1588 5545 ut
1614 5492 1780 5547 etiam
1812 5492 1899 5547 illa
1992 5513 2174 5554 amore
2201 5506 2359 5568 atque
2397 5495 2663 5552 desiderio
2706 5496 3045 5567 sempiterna:
3085 5498 3205 5553 vita:
3250 5508 3585 5561 sanctorum.

351 5676 368 5706 ¹
390 5683 499 5737 sm.
531 5681 583 5725 et
606 5679 702 5729 En.
723 5673 805 5736 qui
829 5681 938 5737 ante
960 5686 1055 5723 eos.
1077 5680 1213 5737 At.ov.,
1237 5673 1319 5737 qui
1344 5684 1430 5737 pro
1454 5671 1539 5737 ris.
1562 5673 1751 5737 Aliquot
1773 5680 1881 5737 Mss.

306 5735 400 5805 qui
420 5750 505 5799 per
525 5749 643 5797 eos;
679 5731 947 5798 et’quidam
967 5771 980 5792 ,
1004 5734 1086 5798 qui
1112 5731 1308 5799 propter
1338 5731 1413 5787 res
1430 5749 1445 5798 ,'
1474 5731 1697 5799 l‘lcrltjlle
1711 5731 1891 5783 habent

307 5812 401 5861 qui
424 5810 521 5848 eos.
878 5856 887 5865 0

354 5864 377 5892 '
417 5871 510 5910 Am.
540 5867 587 5911 et
611 5865 709 5921 Εεο,
737 5865 987 5910 teneriore.

2058 5679 2075 5707 ι
2112 5677 2181 5723 sic
2206 5680 2304 5721 Am.
2330 5679 2404 5737 Er.
2433 5680 2483 5722 ct
2503 5671 2672 5735 plures
2692 5678 2796 5737 Mss.
2818 5680 2871 5723 Αι
2888 5681 3017 5730 ων..
3044 5675 3195 5737 potuit
3216 5688 3329 5726 cum
3348 5687 3441 5725 non
3460 5682 3586 5727 erat.

1995 5738 2301 5787 (Iorbcicnsis
2322 5736 2476 5785 codex
2498 5748 2525 5783 a
2548 5735 2761 5783 secunda
2787 5749 2948 5793 manu,
2977 5735 3051 5786 sic”
3072 5750 3180 5787 cum
3206 5750 3305 5788 non
3318 5744 3442 5787 erat.

2062 5804 2080 5831 ³
2110 5798 2294 5860 Aliquot
2313 5802 2443 5853 Mss,
2464 5796 2807 5860 corruptibilis.

2065 5863 2083 5894 ³
2108 5863 2178 5911 sic
2200 5868 2305 5911 Mss.
2335 5862 2451 5911 Hditl
2473 5873 2607 5922 vero,
2625 5860 2688 5910 tu!
2716 5874 2871 5911 mores
2899 5860 3057 5910 (tonos.
