4072 6512
586 416 691 470 ωδ

589 538 677 583 utn
725 542 821 581 nec
865 539 1089 593 operosa
1133 522 1233 577 erit
1276 522 1435 588 actio,
1484 536 1583 576 nec
1614 522 1827 590 requies
1864 520 2169 584 desidiosa;

590 620 700 672 laus
730 616 830 669 erit
876 616 967 669 Dei
991 614 1106 669 sine
1134 612 1377 675 fastidio,
1410 612 1529 667 sine
1572 611 1782 666 delectu
1817 630 1831 665 :
1873 611 2076 666 nullum
2114 610 2172 665 in

589 711 767 764 animo
796 706 1008 760 txrdium
1031 747 1046 771 ,
1076 705 1252 759 nullus
1290 705 1439 759 labor
1482 703 1533 756 in
1577 717 1837 772 corpore;
1867 703 2008 757 nulla
2038 700 2174 756 iudi-

588 799 761 867 geutia
780 839 795 863 ,
822 812 922 852 nec
954 807 1039 851 tua
1070 797 1155 850 cui
1185 796 1454 851 subveniri
1478 794 1785 867 desideres,
1817 810 1915 849 nec
1944 794 2173 864 proximi

587 891 670 944 cui
698 889 981 944 subvenire
1008 888 1243 943 festines.
1266 887 1465 942 Omnes
1486 886 1691 941 deliciae
1716 887 1857 942 Deus
1882 886 1983 941 erit
2003 896 2058 941 et
2084 901 2173 940 sa-

586 982 739 1034 tietas
758 980 773 1010 ¹
807 990 1004 1033 sancta:
1026 977 1256 1032 civitatis
1282 978 1334 1031 in
1356 978 1447 1031 illo
1474 985 1529 1032 et
1556 976 1622 1030 de
1643 976 1733 1030 illo
1752 976 2019 1045 sapienter
2044 976 2173 1031 bea-

586 1079 745 1140 teque
775 1070 1019 1124 viventis.
1048 1068 1353 1123 Elﬁciemur
1380 1067 1546 1131 enim,
1575 1067 1712 1122 sicut
1736 1067 1804 1122 ab
1824 1067 1917 1122 illo
1943 1067 2174 1137 promis-

588 1176 707 1215 sum
736 1175 1014 1230 speramus
1043 1169 1096 1214 et
1122 1170 1494 1229 exspectamus
1516 1200 1531 1221 ,
1572 1158 1803 1227 aequales
1845 1158 2061 1227 Angelis
2083 1157 2175 1212 Dei

585 1253 743 1321 (Luc.
778 1268 850 1306 xx
871 1292 887 1316 ,
914 1251 1004 1321 56)
1025 1291 1041 1317 ,
1068 1259 1266 1306 etcum
1295 1251 1372 1305 eis
1404 1250 1602 1321 pariter
1631 1250 1718 1305 illa
1751 1248 2009 1304 Trinitate
2049 1264 2174 1318 pero

586 1342 827 1397 fruemur
848 1341 958 1411 jam
991 1358 1085 1410 per
1124 1342 1383 1411 Speciem,
1426 1341 1477 1395 in
1529 1355 1632 1410 qua
1683 1355 1823 1393 nunc
1865 1354 1960 1409 per
2016 1339 2173 1393 [idem

586 1434 923 1487 ambulamus
947 1433 965 1504 (
989 1431 1030 1487 ll
1066 1432 1183 1487 Cor.
1230 1448 1284 1497 v,
1318 1430 1391 1502 7).
1425 1431 1703 1486 Credimus
1731 1431 1871 1484 enim
1902 1430 2040 1500 quod
2068 1445 2175 1483 non

586 1525 852 1586 videmus,
876 1533 933 1577 ut
956 1524 1085 1593 ipsis
1116 1523 1318 1577 meritis
1346 1522 1469 1577 ﬁdei
1489 1523 1649 1577 etiam
1683 1521 1863 1576 videre
1887 1521 2027 1590 quod
2055 1535 2174 1575 cre-

587 1613 764 1669 dimus
792 1622 847 1669 et
868 1613 1133 1670 inhmrere
1166 1630 1505 1679 mereamur;
1538 1622 1595 1668 ut
1621 1613 1977 1683 aequalitatem
2004 1612 2177 1668 Patris

584 1717 641 1762 et
662 1706 785 1763 Filii
805 1719 858 1763 et
878 1707 1105 1777 Spiritus
1126 1709 1317 1773 sancti,
1340 1717 1395 1762 et
1416 1709 1579 1778 ipsius
1600 1707 1875 1762 Trinitatis
1896 1707 2173 1771 unitatem,

587 1800 857 1868 quomodo
878 1800 985 1855 sint
1012 1799 1125 1855 ιιιυο
1148 1800 1246 1855 tria
1272 1816 1410 1855 unus
1440 1800 1599 1863 Deus,
1637 1815 1743 1854 non
1767 1800 1877 1868 jam
1908 1798 2086 1853 verbis
2116 1798 2173 1850 li-

586 1893 673 1947 dei
704 1902 758 1947 et
780 1894 1139 1963 strepentibus
1162 1893 1382 1965 syllabis
1420 1908 1785 1961 personemus,
1809 1891 1902 1945 sed
1931 1899 2175 1946 contem-

591 1982 823 2051 platione
846 1983 1126 2052 purissima
1151 1991 1205 2040 et
1232 1981 1606 2037 ardentissima
1632 1983 1686 2037 in
1714 1982 1803 2037 illo
1828 1982 2040 2038 silentio
2061 1997 2176 2037 sor-

584 2070 850 2127 beamus”.

657 2162 747 2217 48.
772 2162 899 2216 Ιίιιιιι
925 2171 1046 2217 tene
1077 2160 1179 2217 lixa
1210 2162 1263 2216 in
1309 2161 1471 2217 corde
1503 2170 1594 2217 tuo
1615 2202 1630 2227 ,
1678 2170 1734 2217 et
1774 2162 1961 2216 invoca
2010 2163 2176 2216 Deum

588 2253 675 2307 cui
702 2253 901 2319 credis,
933 2262 989 2306 ut
1012 2261 1219 2308 tueatur
1241 2262 1291 2308 te
1315 2252 1570 2308 adversus
1600 2253 1920 2309 tentationes
1942 2251 2173 2308 diaboli:

584 2359 640 2404 et
674 2354 792 2404 esto
832 2354 1017 2403 cautus
1041 2384 1056 2412 ,
1094 2359 1163 2402 ne
1194 2344 1286 2398 tibi
1324 2343 1538 2399 aliunde
1574 2343 1745 2398 hostis
1775 2344 1865 2399 ille
1898 2343 2171 2413 subrepat,

583 2440 673 2510 qui
703 2440 769 2494 ad
797 2440 1045 2494 solatium
1078 2435 1638 2495 malevolentissimum
1665 2434 2019 2489 damnationis
2039 2449 2172 2499 suae,

585 2546 706 2585 cum
737 2531 929 2600 quibus
959 2530 1240 2585 damnetur
1261 2531 1497 2601 inquirit.
1524 2530 1639 2585 Non
1671 2528 1812 2584 enim
1841 2541 1933 2599 per
1958 2540 2051 2584 eos
2080 2540 2170 2579 so-

584 2622 666 2676 los
685 2622 775 2692 qui
806 2621 1154 2675 christianum
1187 2638 1380 2677 nomen
1411 2623 1656 2688 oderunt,
1688 2631 1743 2676 et
1765 2622 1948 2677 dolent
1974 2638 2039 2678 eo
2069 2637 2169 2675 no-

584 2715 730 2769 mine
769 2725 1084 2786 occupzttum
1124 2732 1243 2770 esse
1281 2717 1464 2771 orbem
1509 2727 1791 2780 terrarum,
1822 2725 1872 2771 et
1900 2716 2071 2769 adhuc
2100 2717 2171 2769 si-

584 2806 835 2861 mulacris
886 2816 939 2861 et
972 2809 1358 2861 daemoniorum
1381 2807 1777 2862 curiositatihus
1802 2807 2001 2861 servire
2030 2808 2171 2862 desi-

584 2895 796 2962 derant,
838 2896 997 2949 audet
1028 2897 1115 2951 ille
1142 2906 1348 2952 tentare
1377 2896 1697 2951 christianos
1726 2916 1739 2951 :
1772 2898 1867 2952 sed
1896 2898 2053 2952 etiam
2075 2913 2171 2969 per

585 3001 680 3040 eos
710 3000 845 3056 quos
895 2987 1051 3054 paulo
1092 2995 1217 3041 ante
1260 2988 1815 3053 commemoravinms,
1861 2987 1929 3042 de
1972 2988 2171 3042 unitate

589 3078 866 3140 Ecclesiae,
894 3078 1037 3132 velut
1072 3088 1251 3147 putata
1272 3079 1399 3144 vite,
1432 3080 1810 3150 prmcisos,qui
1829 3080 2065 3134 bmretici
2086 3079 2171 3135 vel

585 3168 906 3223 scltismatici
936 3168 1215 3236 dicuntur,
1253 3181 1475 3224 conatur
1500 3172 1659 3225 etiam
1688 3171 1737 3225 id
1758 3171 1969 3241 quidem
2002 3172 2170 3227 inter-

586 3260 737 3313 dum.
768 3257 873 3313 Sed
913 3268 1088 3313 tamen
1126 3259 1178 3314 id
1209 3261 1366 3314 etiam
1410 3261 1694 3331 aliquando
1723 3270 1945 3316 conatur
1981 3272 2036 3318 et
2077 3278 2171 3333 per

582 3351 798 3405 Judzeos
830 3361 1057 3419 tentare,
1085 3362 1243 3422 atque
1269 3354 1545 3408 seducere.
1578 3355 1681 3410 Sed
1712 3357 1941 3411 maxime
1973 3371 2169 3411 caven-

584 3443 712 3497 dum
755 3453 927 3497 estne
956 3459 1048 3512 per
1077 3442 1320 3499 homines
1359 3447 1450 3515 qui
1490 3455 1611 3501 sunt
1654 3448 1706 3502 in
1751 3448 1860 3517 ipsa
1910 3451 2169 3504 catholica

589 3534 849 3599 Eaclcsia,
878 3550 1011 3604 quos
1037 3536 1179 3589 velut
1206 3536 1406 3605 paleam
1438 3554 1605 3608 usque
1627 3539 1691 3592 ad
1722 3551 1931 3610 tempus
1953 3543 2171 3595 ventila-

589 3626 746 3680 tionis
768 3641 876 3680 sua:
904 3627 1159 3691 sustinet,
1203 3630 1562 3699 unusptisque
1595 3639 1826 3684 tentetur
1851 3642 1905 3686 et
1934 3632 2168 3701 decipia-

584 3727 691 3770 tur.
740 3716 1023 3785 Propterea
1061 3719 1201 3772 enim
1245 3719 1385 3774 Deus
1415 3722 1624 3789 patiens
1653 3732 1734 3775 est
1776 3723 1825 3775 in
1855 3723 1995 3786 illos,
2038 3732 2171 3777 utet

582 3823 799 3861 suorum
830 3808 1119 3862 electorum
1164 3808 1321 3864 (idem
1361 3820 1521 3878 atque
1550 3812 1883 3881 prudentiam
1930 3828 2025 3881 per
2052 3814 2172 3867 illo-

581 3915 698 3953 rum
734 3900 1131 3970 perversitatem
1171 3902 1470 3956 exerceudo
1513 3902 1826 3968 continuet;
1870 3914 1923 3958 et
1952 3905 2072 3973 quia
2103 3904 2170 3959 de

582 4006 805 4046 numero
829 4007 1011 4045 eorum
1043 3992 1193 4045 mttlti
1231 3992 1529 4062 proficiunt,
1554 4002 1609 4047 et
1628 3994 1692 4047 ad
1719 3995 2028 4061 placendum
2062 3996 2170 4049 Deo

582 4082 817 4137 miserati
837 4084 856 4113 ⁸
884 4084 1089 4138 animas
1117 4099 1262 4150 suas,
1302 4100 1495 4153 magno
1536 4086 1734 4154 impetu
1765 4094 2168 4142 convertuntur.

583 4174 700 4229 Non
730 4174 870 4227 enim
901 4191 1086 4229 omnes
1109 4175 1207 4228 sibi
1236 4191 1330 4245 per
1354 4177 1660 4247 patientiam
1687 4177 1779 4231 Dei
1812 4177 2171 4233 thesaurizant

581 4270 712 4319 iram
735 4264 786 4319 in
815 4265 900 4320 die
916 4266 1007 4320 irze
1022 4267 1146 4335 justi
1160 4267 1339 4335 judicii
1358 4268 1469 4335 ejus
1489 4285 1501 4321 :
1523 4268 1613 4321 sed
1635 4271 1826 4321 multos
1844 4270 2027 4324 eadem
2044 4271 2169 4325 Om-

580 4357 869 4427 nipotentis
898 4359 1144 4425 patientia
1176 4358 1415 4426 perducit
1452 4359 1516 4413 ad
1562 4361 1967 4414 saluberrimum
2002 4365 2170 4429 paeni-

585 4450 765 4503 tentiae
814 4450 1051 4504 dolorem
1104 4448 1283 4518 (Rom.
1337 4467 1390 4516 tt,
1434 4453 1489 4515 5,
1530 4450 1607 4520 4).
1653 4451 1802 4515 Quod
1846 4452 2017 4507 donec
2058 4454 2165 4519 liat,

590 4547 869 4593 exercetur
889 4555 986 4609 per
1007 4555 1100 4595 eos
1123 4540 1330 4594 illorum
1356 4542 1441 4610 qui
1460 4541 1569 4609 jam
1588 4553 1785 4595 rectam
1805 4544 1940 4596 viam
1967 4553 2164 4611 tenent,

583 4646 692 4685 non
718 4630 888 4685 solum
919 4630 1195 4684 tolerantia
1218 4672 1232 4694 ,
1261 4630 1354 4685 sed
1383 4631 1542 4686 etiam
1571 4632 1952 4686 misericordia.
1980 4635 2166 4689 Multos

579 4734 711 4791 ergo
738 4721 948 4775 visurus
975 4735 1036 4774 es
1064 4720 1322 4785 ebriosos,
1352 4735 1563 4785 avaros,
1588 4721 1937 4786 fraudatores,
1969 4724 2165 4779 aleato-

579 4829 688 4881 res,
716 4812 1008 4879 adulteros,
1037 4809 1403 4874 fornicatores,
1435 4812 1669 4866 remedia
1697 4814 1951 4884 sacrilega
1981 4816 2078 4869 sibi
2101 4818 2169 4870 al-

578 4906 824 4975 ligantes,
853 4902 1324 4973 prtecantatoribus
1344 4914 1395 4957 et
1414 4904 1801 4959 mathematicis
1816 4907 1899 4960 vel
1919 4922 2138 4974 quarum
2152 4938 2168 4947 -

576 4995 705 5050 libet
725 4997 1005 5066 impiarum
1036 4995 1229 5049 artium
1253 4993 1640 5048 divinatoribus
1660 4994 1887 5050 deditos.
1916 4998 2168 5053 Animad-

580 5103 830 5143 versurus
855 5090 1013 5143 etiam
1032 5087 1173 5159 quod
1205 5088 1307 5141 illa:
1326 5088 1493 5142 turba:
1512 5088 1766 5157 impleant
1794 5090 2046 5145 ecclesias
2073 5108 2168 5161 per

577 5177 697 5232 dies
745 5178 908 5233 festos
949 5181 1408 5244 Christianorum,
1457 5196 1577 5251 qua:
1617 5180 1839 5252 implent
1874 5191 1927 5236 et
1961 5182 2163 5237 theatra

583 5283 680 5335 per
717 5267 829 5320 dies
867 5270 1131 5325 solemnes
1171 5271 1536 5341 Paganorum;
1582 5281 1637 5326 et
1676 5272 1790 5326 haec
1831 5273 2059 5329 videndo
2098 5276 2162 5329 ad

584 5358 894 5411 imitandum
924 5363 1230 5415 tentaberis.
1259 5364 1326 5417 Et
1351 5365 1474 5431 quid
1508 5364 1681 5419 dicam
1704 5406 1719 5431 ,
1750 5366 1955 5421 videbis
1979 5408 1993 5433 ,
2022 5370 2165 5437 quod

579 5448 741 5503 etiam
768 5465 907 5502 nunc
931 5450 1039 5518 jam
1062 5453 1243 5520 utique
1265 5455 1440 5507 nosti?
1470 5472 1573 5510 non
1604 5456 1747 5511 enim
1775 5458 1951 5512 nescis
1970 5460 2166 5514 multos

655 5599 677 5666 ξ
690 5598 827 5666 Editi,
851 5604 1068 5647 societas.
1097 5601 1260 5666 Aptius
1283 5600 1407 5666 forte
1428 5606 1643 5666 quinque
1668 5612 1796 5666 Mss,
1820 5606 2037 5658 satietas.

658 5661 762 5709 ’διο
782 5659 878 5709 duo
894 5666 999 5708 Mss.
1024 5668 1079 5709 At
1115 5659 1252 5716 editi,
1277 5659 1571 5712 sorbeainurl

658 5724 821 5789 item,
842 5720 1129 5789 μηιὶδριζιιιιιξ.
1146 5788 1153 5789 7
1170 5722 1335 5789 melius
1358 5731 1455 5789 Ant.
1484 5731 1555 5771 Er.
1586 5733 1637 5774 et
1659 5726 1843 5789 aliquot
1866 5737 1995 5789 Mss,
2026 5732 2165 5783 mise-

581 5786 695 5835 rati.
721 5784 891 5833 alludit
913 5783 971 5847 ad
994 5783 1111 5832 illud
1142 5781 1473 5846 Fcclesiastici,
1497 5799 1602 5847 ca,-.
1638 5789 1715 5846 50,
1742 5781 1788 5847 ἲ.
1817 5791 1877 5838 “2i
1902 5806 1913 5840 :
1940 5781 2165 5845 Miserere

581 5847 755 5897 animo:
784 5853 879 5897 tua:
902 5844 1097 5907 ριιιι-ιπηδ
1126 5852 1240 5893 Deo.

1439 406 1526 462 DE
1565 405 2103 462 CATECHIZANDIS
2141 406 2456 472 RUDIBUS,
2500 408 2554 462 S.
2600 411 2964 469 AUGUSTI?"

3375 474 3403 499 ,
3739 430 3823 490 an

2279 522 2367 590 qui
2406 523 2740 591 appellantur
2767 527 3039 583 christiani
3060 572 3074 593 ,
3104 530 3218 587 haec
3255 535 3430 590 omnia
3461 538 3596 592 mala
3620 550 3818 610 operari,

2278 626 2398 680 quae
2440 613 2668 675 breviter
2703 621 3136 675 commentaravi.
3168 622 3234 678 Et
3270 626 3591 696 aliquando‘
3627 632 3821 693 tortas»

2277 703 2520 771 graviora
2549 704 2723 760 lacere
2753 707 2997 765 homines
3026 727 3131 766 non
3162 713 3372 784 ignoras
3392 759 3406 783 ,
3438 734 3572 788 quos
3597 726 3729 779 nosti
3750 742 3822 793 ap.

2281 793 2462 861 pellari
2492 793 2827 852 christianos.
2851 798 2955 854 Sed
2983 802 3027 854 si
3053 803 3152 857 hoc
3180 807 3358 861 animo
3377 810 3589 876 venisti,
3621 822 3673 866 ut
3698 820 3821 884 quasi

2279 900 2498 940 securus
2524 888 2645 941 talia
2672 888 2833 945 facias
2854 932 2869 958 ,
2900 894 3123 949 multum
3150 912 3297 951 erras
3322 917 3336 953 :
3362 916 3462 956 nec
3502 903 3592 957 tibi
3623 908 3821 974 proderit

2282 991 2473 1032 nomen
2494 978 2712 1046 Christi,
2734 996 2854 1036 cum
2875 987 3100 1054 cmperit
3126 988 3215 1043 ille
3237 993 3574 1048 severissime
3593 995 3820 1063 judicare,

2279 1069 2370 1137 qui
2417 1070 2566 1139 prius
2593 1071 2838 1142 dignatus
2882 1086 2965 1130 est
3008 1078 3510 1139 misericordissime
3553 1087 3821 1143 subvenire.

2281 1161 2533 1217 Praedixit
2565 1164 2707 1218 enim
2752 1166 2852 1221 ista
2874 1208 2888 1232 ,
2916 1177 2971 1223 et
3002 1170 3076 1224 ait
3108 1170 3158 1225 in
3191 1173 3479 1244 Evangelia
3506 1192 3519 1230 :
3551 1175 3666 1231 Non
3692 1182 3824 1234 omnis

2278 1255 2362 1323 qui
2384 1254 2505 1308 dicit
2532 1257 2655 1309 mihi
2674 1298 2689 1322 ,
2728 1256 2979 1326 Domine,
3018 1261 3237 1319 Domine
3258 1307 3273 1330 ,
3317 1267 3522 1320 intrabit
3559 1270 3613 1323 in
3649 1288 3823 1342 regnum

2279 1346 2557 1409 sclorum;
2585 1348 2673 1402 sed
2701 1350 2743 1403 is
2764 1352 2850 1421 qui
2880 1353 3001 1422 facit
3028 1354 3331 1410 uoluntatem
3363 1356 3535 1414 Patris
3565 1362 3673 1414 mei.
3701 1363 3823 1418 Multi

2279 1438 2446 1493 dicent
2489 1441 2609 1493 mihi
2651 1442 2703 1495 in
2739 1442 2834 1497 illa
2871 1445 2971 1510 die,
3013 1444 3263 1514 Domine,
3310 1448 3556 1518 Domine,
3588 1453 3636 1505 in
3661 1458 3827 1509 nomine

2282 1536 2369 1580 tuo
2405 1529 2817 1587 manducauimus
2861 1542 2907 1588 et
2949 1534 3162 1591 bibimus
3204 1538 3433 1608 (Matth.
3475 1557 3570 1606 vu,
3615 1543 3823 1615 21,22).

2280 1616 2538 1674 Omnibus
2566 1636 2694 1691 ergo
2740 1623 2833 1694 qui
2874 1625 2929 1679 in
2981 1627 3175 1683 talibus
3216 1633 3471 1700 operibus
3501 1647 3824 1703 perseverant,

2278 1709 2549 1767 damnatio
2579 1712 2698 1769 ﬁnis
2726 1724 2828 1770 est.
2855 1716 2988 1772 Cum
3028 1734 3157 1791 ergo
3198 1723 3396 1777 videris
3423 1726 3617 1780 multos
3646 1742 3736 1781 non
3758 1742 3826 1781 so-

2280 1799 2387 1855 lum
2429 1801 2542 1858 haec
2571 1804 2767 1871 facere,
2810 1808 2905 1863 sed
2931 1811 3090 1865 etiam
3118 1812 3405 1870 defendere
3431 1826 3591 1890 atque
3617 1820 3823 1884 suadere.

2281 1902 2404 1950 tene
2432 1903 2484 1950 te
2510 1896 2575 1951 ad
2607 1897 2779 1967 legem
2809 1900 2928 1967 Dei,
2954 1911 3007 1957 et
3036 1918 3141 1958 non
3168 1908 3411 1975 sequaris
3434 1911 3825 1978 praevaricatores

2279 1986 2417 2055 ejus.
2446 1987 2561 2043 Non
2582 1992 2725 2045 enim
2748 1994 3039 2048 secundum
3062 1996 3271 2053 illorum
3291 2014 3532 2069 sensum,
3560 2004 3650 2059 sed
3668 2021 3824 2061 secun-

2280 2079 2405 2135 dum
2425 2081 2565 2136 illius
2584 2085 2859 2139 veritatem
2875 2086 3221 2155 judicaberis.

2350 2172 2440 2229 49.
2479 2171 2814 2246 Coujungere
2839 2178 3011 2245 bonis,
3035 2197 3167 2250 quos
3197 2182 3342 2239 vides
3361 2200 3547 2242 amare
3573 2196 3731 2244 tecum
3755 2205 3823 2245 re-

2279 2279 2398 2336 gem
2435 2275 2603 2321 tuum.
2645 2268 2836 2323 Multos
2868 2272 3009 2325 enim
3040 2272 3349 2330 inventurus
3378 2293 3459 2345 es,
3506 2280 3550 2333 si
3578 2289 3631 2335 et
3663 2291 3710 2335 tu
3733 2282 3825 2337 talis

2278 2372 2400 2414 esse
2422 2360 2668 2430 coeperis.
2687 2361 2821 2417 Nam
2847 2365 2890 2418 si
2917 2364 2968 2417 in
2998 2370 3317 2435 spectaculis
3343 2386 3467 2425 cum
3492 2373 3595 2428 illis
3622 2389 3729 2431 esse
3753 2390 3823 2431 cu-

2279 2450 2462 2518 piebas
2489 2461 2545 2506 et
2582 2453 2659 2507 eis
2700 2453 3017 2522 inhaerere”,
3040 2458 3131 2526 qui
3163 2470 3336 2515 tecum
3374 2463 3460 2517 vel
3486 2465 3735 2534 aurigam.
3760 2467 3823 2520 vel

2279 2550 2584 2597 venatorem
2604 2583 2621 2609 ,
2650 2546 2732 2599 vel
2760 2546 2989 2616 aliquem
3033 2550 3347 2607 histrionem
3378 2554 3542 2610 simul
3581 2558 3819 2622 amabant;

2277 2642 2478 2704 quanto
2501 2636 2670 2708 magis
2698 2644 2749 2690 te
2785 2636 3054 2694 delectare
3092 2641 3253 2696 debet
3295 2658 3482 2699 eorum
3522 2649 3819 2716 eonjunctio,

2276 2727 2366 2795 qui
2393 2737 2567 2782 tecum
2592 2738 2772 2785 amant
2802 2729 2967 2787 Deum
2992 2770 3007 2798 ,
3040 2732 3107 2786 de
3134 2750 3241 2803 qtto
3278 2752 3547 2805 nunquam
3585 2740 3822 2795 erubescet

2275 2828 2482 2873 amator
2525 2822 2661 2890 ejus.
2693 2824 2813 2893 quia
2845 2840 2950 2879 non
2992 2827 3165 2881 solutn
3212 2825 3325 2893 ipse
3363 2843 3471 2881 non
3502 2839 3668 2901 potest
3693 2832 3819 2895 vinci,

2276 2911 2369 2965 sed
2398 2913 2557 2968 etiam
2580 2914 2862 2971 dilectores
2889 2932 3017 2972 suos
3046 2919 3233 2975 reddet
3263 2920 3531 2978 invictos?
3557 2926 3658 2980 Nec
3679 2935 3819 2981 tamen

2276 3001 2436 3057 etiam
2467 3004 2518 3057 in
2544 3005 2673 3074 ipsis
2693 3006 2867 3071 bonis,
2898 3010 2987 3079 qui
3016 3019 3068 3065 te
3100 3013 3181 3066 vel
3213 3015 3521 3082 prtem-dunt
3545 3018 3626 3072 vel
3653 3018 3733 3073 tibi
3753 3033 3821 3072 co-

2277 3092 2531 3149 mitantur
2548 3095 2615 3150 ad
2646 3097 2866 3164 Deum',
2889 3115 3037 3170 spem
3061 3112 3203 3156 tuam
3230 3106 3501 3163 collocare
3527 3109 3698 3173 debes,
3724 3110 3821 3180 quia

2277 3200 2378 3241 nec
2403 3186 2456 3239 in
2485 3196 2536 3241 te
2571 3188 2686 3256 ipso
2723 3188 2887 3244 debes
2913 3203 3395 3267 quantumcumque
3428 3201 3721 3269 proieceris,
3747 3202 3819 3256 scd

2276 3278 2334 3334 in
2363 3278 2452 3331 illo
2471 3279 2559 3349 qui
2587 3295 2679 3335 eos
2705 3290 2758 3336 et
2783 3283 3185 3353 tejustilicando
3215 3289 3346 3344 tales
3383 3291 3529 3347 facit.
3554 3293 3819 3349 Securuses

2274 3367 2417 3422 enim
2448 3368 2515 3422 de
2556 3370 2700 3437 Deo,
2731 3372 2854 3442 quia
2888 3390 2993 3429 non
3022 3386 3257 3432 mutatur
3287 3397 3299 3431 :
3340 3380 3409 3435 de
3442 3382 3654 3440 homine
3678 3398 3821 3439 autem

2275 3475 2434 3515 nemo
2456 3462 2745 3530 prudenter
2770 3480 2989 3522 securus
3016 3480 3119 3524 est.
3151 3471 3257 3527 Sed
3293 3474 3337 3527 si
3365 3474 3488 3531 illos
3516 3479 3603 3548 qui
3624 3479 3818 3533 nondum

2270 3550 2401 3619 justi
2435 3562 2593 3617 sunt,
2624 3570 2804 3611 amare
2833 3557 3093 3614 debemus
3123 3571 3179 3616 ut
3205 3564 3310 3617 sint
3331 3583 3344 3629 ;
3368 3578 3569 3636 quanto
3590 3570 3819 3623 ardentius

2274 3643 2363 3712 qui
2381 3644 2490 3712 jam
2518 3654 2662 3710 sunt,
2690 3650 2902 3703 amandi
2926 3653 3211 3708 sunt?Sed
3234 3656 3378 3711 aliud
3408 3668 3495 3714 est
3521 3660 3723 3731 diligere
3747 3660 3821 3714 bo-

2276 3736 2495 3823 minem,
2524 3739 2665 3793 aliud
2688 3756 2835 3809 spem
2865 3759 3064 3812 ponere
3094 3747 3146 3800 in
3172 3749 3418 3813 homine;
3452 3762 3737 3823 tantumque
3761 3754 3819 3806 in-

2277 3820 2472 3892 terest,
2495 3838 2552 3883 ut
2580 3830 2705 3884 illttd
2735 3833 2872 3887 Deus
2900 3834 3102 3903 jubeat,
3134 3838 3235 3893 hoc
3266 3842 3566 3909 prohibeat.
3600 3845 3649 3899 Si
3668 3820 3817 3897 autem

2274 3919 2477 3987 aliquas
2498 3922 2580 3975 vel
2612 3923 2981 3980 insultatioues
3004 3929 3082 3981 vel
3121 3930 3493 3989 lribulationes
3526 3952 3617 4005 pro
3642 3935 3817 3989 nomine

2273 4008 2470 4064 Christi
2502 4026 2687 4080 passus
2717 4029 2819 4068 non
2859 4015 3118 4072 deieceris
3156 4036 3184 4073 τι
3219 4022 3341 4087 lide,
3384 4041 3485 4079 nec
3506 4042 3536 4080 a
3566 4028 3689 4080 bona
3716 4026 3781 4077 via
3804 4022 3820 4052 ⁸

2276 4101 2597 4166 deviaveris,
2646 4106 2902 4174 majorem
2935 4111 3236 4167 mercedem
3280 4126 3597 4185 accepturus
3633 4132 3718 4172 es:
3750 4117 3816 4187 qui

2273 4204 2449 4246 autem
2470 4194 2519 4247 in
2544 4194 2625 4249 his
2646 4196 2856 4251 diabolo
2869 4203 3146 4268 cesserint,
3162 4205 3319 4258 etiam
3337 4208 3595 4263 minorem
3612 4208 3817 4279 perdunt.

2275 4282 2380 4336 Sed
2413 4283 2627 4339 humilis
2651 4297 2768 4342 esto
2794 4288 2926 4357 Deo,
2957 4299 3016 4344 ut
3045 4307 3147 4347 non
3190 4302 3243 4347 te
3260 4298 3533 4365 permittat
3563 4298 3732 4354 tentari
3758 4297 3817 4350 ul-

2276 4383 2353 4427 tra
2386 4376 2522 4428 vires
2549 4386 2685 4429 tuas.

2345 4466 2571 4521 CAl’U'l‘
2611 4468 2800 4522 XXVI.
2830 4501 2899 4509 —-
2925 4472 3015 4526 50.
3061 4472 3285 4531 Initiatio
3326 4482 3689 4544 caterlmmeni,
3730 4495 3819 4533 tum

2274 4558 2583 4627 expositione
2607 4561 2888 4630 signorum.
2930 4563 3111 4618 Sermo
3148 4569 3448 4638 quandoque
3481 4573 3667 4627 breuior
3702 4572 3820 4624 adlu-

2273 4648 2479 4704 bemlus.
2502 4650 2616 4704 lnci
2620 4658 2690 4719 pit
2709 4670 2871 4706 sermo
2893 4655 3024 4709 alius
3048 4657 3258 4712 brevior.
3285 4660 3452 4717 Filius
3474 4665 3568 4719 Dei
3586 4665 3817 4719 immissi”.

2273 4748 2325 4789 ut
2351 4757 2381 4791 a
2410 4752 2567 4793 morte
2585 4758 2697 4811 qua:
2725 4760 2815 4813 per
2832 4743 3084 4799 Adamum
3114 4749 3317 4804 intravit
3336 4794 3351 4818 ,
3391 4756 3719 4809 liberarentur.
3746 4753 3819 4807 llis

2275 4828 2431 4884 dictis
2450 4871 2466 4894 ,
2500 4831 2904 4902 interrogandus
2930 4845 3011 4889 est
3030 4852 3096 4891 an
3124 4838 3238 4895 haec
3265 4844 3447 4898 credat
3481 4856 3636 4915 atque
3662 4847 3814 4899 obser-

2276 4936 2399 4974 vare
2421 4920 2706 4978 desideret.
2732 4924 2883 4991 Quod
2908 4941 3027 4980 cum
3056 4933 3408 4999 responderit,
3433 4937 3725 4990 solemniter
3741 4934 3819 4986 uti-

2274 5026 2377 5079 que
2390 5012 2678 5081 signandus
2698 5025 2780 5069 est
2794 5026 2847 5071 et
2870 5017 3122 5073 Ecclesia:
3150 5037 3300 5078 more
3326 5028 3647 5082 tractandus.
3669 5027 3737 5080 De
3752 5040 3818 5078 sa-

2273 5116 2547 5159 cramento
2571 5121 2698 5161 sane
2715 5109 2794 5176 (a)
2809 5110 2948 5177 quod
2965 5113 3201 5181 accipit“,
3218 5131 3337 5171 cum
3358 5119 3406 5173 ei
3430 5119 3564 5175 bene
3586 5131 3820 5175 commenta

2274 5195 2455 5250 datum
2480 5196 2657 5261 fuerit,
2686 5200 2951 5268 signacula
2980 5203 3192 5272 quidem
3220 5223 3398 5264 rerum
3418 5211 3705 5266 divinarum
3723 5222 3820 5262 esse

2274 5286 2526 5353 visibilia,
2554 5288 2646 5342 sed
2674 5292 2919 5357 resipsas
2949 5292 3240 5351 invisibiles
3271 5299 3321 5352 in
3340 5302 3420 5355 eis
3444 5301 3713 5366 honorari;
3741 5309 3821 5351 nec

2274 5379 2353 5433 sic
2380 5378 2675 5435 habendam
2705 5398 2825 5439 esse
2851 5384 2992 5439 illam
3010 5389 3242 5456 speciem
3269 5391 3631 5451 benedictione
3652 5392 3819 5448 sancti-

2338 5491 2354 5555 ι
2380 5496 2507 5555 ω,
2528 5490 2787 5555 aliquanto.

2338 5554 2357 5583 ²
2378 5553 2450 5619 sic
2473 5562 2572 5619 Am.
2601 5553 2672 5602 Er.
2700 5564 2751 5604 et
2774 5563 2881 5605 Mss.
2903 5566 2955 5606 At
2973 5565 3103 5608 ιι)νά
3134 5570 3249 5612 Nam
3271 5564 3313 5615 si
3336 5565 3385 5615 in
3408 5566 3681 5619 spectaculis
3700 5570 3738 5614 et
3756 5575 3813 5611 tta-

2273 5612 2499 5691 "i‘:“.?!’“:‘
2520 5614 2803 5691 ἀιξωξρνιιηὶ
2815 5620 3131 5691 certaminum
3162 5612 3768 5691 ίιιίδξέυιιῦὗᾱῖὖὶἰιιὲἓέιςο

2338 5676 2446 5746 ξιτ.
2468 5678 2613 5738 Lugd.
2639 5686 2757 5746 Ven.
2792 5687 2899 5728 Iov.
2926 5685 3168 5746 omittunt,
3195 5687 3297 5739 tibi.
3344 5676 3357 5691 ’
3375 5676 3427 5741 ii,

2336 5736 2358 5803 ξ
2385 5746 2483 5803 Am.
2503 5736 2577 5786 Er.
2602 5748 2654 5789 et
2677 5740 2842 5803 plures
2862 5751 2985 5800 \tss.,
3004 5753 3115 5794 vita.

2336 5799 2356 5867 εξ
2381 5800 2453 5867 sic
2473 5808 2576 5848 διεδ.
2606 5810 2657 5850 At
2674 5799 2809 5867 editi,
2835 5799 3033 5867 accepit.

2338 5860 2410 5915 (It)
2444 5867 2598 5913 Forte.
2623 5864 2751 5915 salis.
