4072 6526
282 433 395 488 5ίῦ

282 565 499 620 ﬁcatam
524 604 539 629 ,
585 560 1038 633 quemadmodum
1080 558 1303 613 habetur
1342 558 1393 611 in
1438 570 1536 610 usu
1579 555 1819 625 quolibet
1859 571 1874 611 :

280 655 574 712 dicendum
595 654 758 709 etiam
778 650 906 722 quid
930 648 1189 720 significet
1206 657 1260 704 ct
1288 661 1466 702 sermo
1497 646 1583 701 ille
1609 661 1768 715 quem
1789 660 1884 698 au-

280 747 454 815 divit,
484 745 611 817 quid
642 745 695 799 in
726 744 823 798 illo
847 742 1119 807 condiat‘,
1147 739 1302 807 cujus
1336 738 1425 793 illa
1457 753 1546 793 res
1573 736 1883 793 similitudi-

284 855 416 895 nem
458 838 612 909 gerit.
656 834 859 891 Deinde
889 832 1188 890 monendus
1224 840 1307 887 est
1342 845 1409 886 ex
1452 829 1552 885 hac
1579 829 1883 899 occasione,

279 942 346 983 ut
376 930 421 983 si
447 928 572 1000 quid
599 927 759 983 etiam
802 927 856 982 iu
886 923 1177 995 Scripturis
1209 921 1391 978 audiat
1431 920 1575 991 quod
1601 920 1885 978 carnaliter

277 1031 481 1088 sonet,
511 1022 718 1077 etiamsi
748 1035 853 1076 non
881 1018 1127 1089 intelligit
1147 1058 1163 1085 ,
1191 1015 1376 1072 credat
1404 1025 1579 1070 tamen
1608 1013 1905 1092 spirituale_

279 1114 490 1186 aliquid
513 1114 824 1185 significari,
846 1112 989 1183 quod
1014 1110 1081 1165 ad
1107 1117 1320 1165 sanctos
1346 1122 1523 1163 mores
1550 1107 1884 1177 futuramque

282 1210 455 1262 vitam
496 1206 778 1277 pertineat.
809 1204 922 1260 lloc
959 1211 1139 1259 autem
1187 1202 1258 1257 ita
1286 1200 1521 1257 breviter
1558 1199 1715 1255 discit
1734 1201 1777 1267 ³,
1822 1208 1883 1254 ut

276 1301 551 1372 quidquid
573 1299 801 1354 audierit
826 1314 891 1353 ex
916 1296 1089 1351 Libris
1108 1293 1379 1350 canonicis
1402 1292 1544 1364 quod
1565 1292 1631 1347 ad
1650 1292 1884 1348 dilectio-

280 1410 418 1449 nem
453 1391 766 1448 :eternitatis
794 1397 850 1445 et
880 1388 1122 1444 veritatis
1143 1395 1197 1441 et
1225 1384 1541 1450 sanctitatis,
1569 1392 1623 1439 et
1648 1382 1715 1438 ad
1741 1382 1881 1438 dile-

276 1487 527 1540 ctionem
573 1481 802 1554 proximi
848 1479 1050 1536 referre
1074 1492 1179 1534 non
1208 1478 1395 1548 possit,
1426 1474 1651 1547 figurate
1677 1474 1880 1529 dictum

278 1576 374 1632 vel
397 1585 604 1645 gestuin
633 1588 753 1629 esse
778 1570 991 1635 credat;
1013 1578 1173 1639 atque
1205 1567 1278 1622 ita
1304 1577 1532 1624 conetur
1561 1564 1879 1635 intelligere,

279 1679 351 1721 ut
373 1666 443 1721 ad
480 1666 623 1720 illam
652 1663 918 1734 geminam
949 1660 1145 1716 referat
1170 1656 1533 1715 dilectionem.
1560 1656 1637 1711 Ita
1667 1669 1797 1709 sane
1824 1662 1882 1708 ut

277 1760 591 1830 proximum
609 1771 714 1812 non
735 1754 1022 1811 carnaliter
1035 1752 1313 1821 intelligat,
1326 1750 1420 1806 sed
1430 1763 1643 1805 omnem
1659 1747 1880 1818 quicum

276 1865 355 1905 eo
375 1850 429 1904 in
447 1848 533 1903 illa
555 1857 737 1903 sancta
757 1845 972 1901 civitate
990 1851 1163 1913 potest
1176 1856 1318 1904 esse,
1335 1840 1450 1896 sive
1465 1841 1597 1909 jam,
1619 1840 1733 1894 sive
1748 1852 1884 1892 non-

277 1942 418 1995 dum
455 1947 711 2011 appareat
741 1954 755 1991 :
787 1945 841 1992 ct
869 1945 927 1991 ut
953 1934 1022 1990 de
1051 1933 1248 1989 nullius
1292 1932 1524 1987 hominis
1548 1929 1883 1986 correctione

277 2032 579 2102 desperet,
616 2043 777 2099 quem
814 2026 1069 2098 patientia
1112 2025 1202 2080 Dei
1252 2023 1398 2078 videt
1436 2022 1636 2090 vivere,
1676 2036 1783 2075 non
1811 2019 1883 2074 ob

277 2123 455 2189 aliud,
484 2122 623 2177 sicut
651 2119 939 2191 Apostolus
959 2118 1056 2184 ait,
1082 2116 1183 2172 nisi
1210 2124 1269 2171 ut
1295 2114 1591 2172 adducatur
1616 2111 1683 2168 ad
1712 2111 1882 2183 pinni-

282 2214 507 2283 tentiam
541 2211 718 2284 (Rom.
747 2227 806 2277 ιι,
832 2212 913 2279 4).

356 2307 449 2363 5!.
480 2305 535 2361 Si
564 2306 752 2375 longus
779 2304 873 2358 tibi
902 2301 1110 2358 videtur
1134 2300 1237 2356 iste
1264 2313 1464 2364 sermo,
1494 2313 1602 2369 quo
1628 2308 1880 2367 tanquam

282 2407 608 2467 praesentem
640 2395 827 2451 rudem
854 2394 1125 2449 hominem
1148 2390 1398 2456 instruxi,
1426 2390 1551 2445 licet
1578 2404 1642 2444 ea
1671 2388 1764 2443 tibi
1793 2387 1880 2443 di-

281 2505 415 2546 cere
439 2488 671 2552 brevius,
693 2486 986 2556 longiorem
1017 2495 1191 2538 tameu
1216 2497 1337 2538 esse
1366 2481 1563 2537 debere
1580 2493 1688 2535 non
1714 2488 1875 2549 puto:

281 2595 590 2651 quanquam
616 2577 842 2633 multum
871 2575 1094 2630 interest
1117 2572 1244 2645 quid
1274 2588 1361 2628 res
1389 2572 1522 2642 ipsa,
1541 2586 1662 2626 cum
1684 2571 1878 2640 agitur,

282 2681 529 2736 moneat,
556 2680 606 2724 et
636 2668 765 2740 quid
793 2665 1097 2722 auditorum
1125 2663 1409 2736 praesentia
1439 2677 1545 2717 non
1575 2662 1748 2716 solum
1776 2658 1883 2715 fer~

286 2783 371 2831 re,
393 2763 488 2820 sed
517 2764 672 2819 etiam
700 2760 1009 2819 desiderare
1036 2773 1098 2815 se
1124 2754 1391 2813 ostendat.
1423 2752 1554 2809 Cum
1584 2762 1762 2808 autem
1787 2767 1880 2807 ce-

288 2857 503 2910 li-ritate
528 2870 657 2925 opus
685 2864 799 2920 est,
832 2852 954 2909 vide
985 2863 1145 2920 quam
1174 2846 1330 2903 facile
1359 2844 1612 2915 explicari
1655 2852 1763 2898 tota
1793 2856 1882 2897 res

284 2950 478 3019 possit.
502 2948 604 3003 Fac
629 2960 812 3001 rursus
838 2945 1028 3000 adesse
1055 2943 1309 3012 aliquem,
1329 2939 1419 3009 qui
1444 2938 1572 2994 velit
1598 2952 1720 2993 esse
1739 2935 1882 2991 chri-

277 3044 495 3097 stianus
515 3059 527 3095 :
546 3056 676 3110 ergo
696 3049 750 3093 et
769 3039 1174 3106 interrogatum,
1193 3032 1324 3087 illud
1345 3030 1485 3101 quod
1506 3028 1751 3098 superior
1797 3043 1884 3082 re—

280 3132 604 3203 spondisse;
627 3130 750 3200 quia
782 3138 838 3184 et
866 3128 908 3182 si
939 3142 1044 3181 non
1076 3125 1177 3179 hoc
1206 3122 1511 3191 reSpondet,
1532 3120 1632 3175 hoc
1660 3134 1885 3175 cumre-

278 3225 560 3296 spondere
588 3223 838 3279 debuisse
866 3218 1152 3277 dicendum
1173 3224 1275 3274 est.
1291 3212 1494 3271 Deinde
1519 3212 1621 3268 hoc
1643 3210 1805 3267 modo
1828 3217 1883 3266 et

277 3328 482 3376 cetera
511 3313 865 3372 contexeuda.

356 3408 451 3465 52.
490 3407 642 3471 Vere,
683 3405 865 3467 frater,
897 3401 984 3457 illa
1015 3414 1205 3472 magna
1235 3407 1290 3454 et
1322 3412 1446 3453 vera
1478 3394 1749 3453 beatitudo
1777 3403 1880 3460 est,

279 3519 409 3571 qua:
438 3500 493 3554 in
515 3499 691 3554 futuro
721 3496 919 3552 saeculo
938 3494 1137 3550 sanctis
1160 3491 1506 3563 promittitur.
1534 3489 1725 3545 Omnia
1755 3500 1884 3540 vero

279 3592 519 3647 visibilia
565 3596 880 3653 transeunt,
911 3594 967 3641 et
1000 3583 1175 3639 omnis
1204 3583 1362 3653 hujus
1401 3580 1585 3637 saeculi
1614 3592 1804 3649 pompa
1830 3584 1886 3631 et

279 3683 498 3739 delicia:
539 3690 594 3736 et
629 3677 912 3734 curiositas
942 3675 1268 3739 interibunt,
1299 3683 1354 3727 et
1385 3686 1564 3727 secum
1597 3669 1665 3724 ad
1714 3668 1882 3722 inter-

280 3779 423 3831 itum
456 3773 671 3828 trahunt
694 3778 959 3824 amatores
987 3782 1133 3821 suos.
1166 3766 1209 3820 A
1239 3779 1347 3835 quo
1373 3763 1613 3828 interitu,
1645 3760 1747 3815 hoc
1766 3768 1881 3823 est,

281 3866 465 3937 jmnis
512 3860 856 3931 sempiternis
902 3859 1041 3913 Deus
1071 3856 1377 3910 misericors
1403 3853 1591 3908 volens
1637 3850 1886 3906 homines

281 3959 524 4013 liberare
544 3995 560 4018 ,
587 3953 633 4007 si
665 3951 765 4007 sibi
811 3950 911 4021 ipsi
954 3964 1060 4003 non
1087 3948 1195 4002 sint
1224 3944 1461 4011 inimici,
1491 3952 1546 3999 et
1579 3957 1687 3997 non
1744 3942 1884 3997 resi-

278 4057 436 4105 stant
466 4042 845 4099 misericordia:
871 4039 1137 4097 Creatoris
1168 4038 1271 4101 sui,
1291 4036 1436 4091 misit
1459 4034 1784 4105 unigenitum
1798 4033 1886 4087 Fi-

279 4143 420 4196 lium
447 4152 601 4191 suum
622 4176 635 4197 ,
667 4134 769 4188 hoc
796 4140 879 4187 est
898 4174 912 4199 ,
940 4130 1175 4185 Verbum
1204 4143 1358 4182 suum
1384 4125 1589 4196 aequale
1618 4124 1756 4190 sibi,
1790 4139 1887 4193 per

279 4230 435 4302 quod
461 4226 697 4283 condidit
722 4224 921 4279 omnia.
946 4223 1008 4277 Et
1038 4235 1261 4276 manens
1289 4218 1502 4289 quidem
1529 4218 1583 4271 in
1608 4215 1886 4271 divinitate

277 4338 410 4387 sua,
441 4329 624 4375 etnon
658 4316 914 4372 recedens
943 4329 972 4368 a
1003 4315 1179 4378 Patre,
1214 4327 1312 4366 nec
1340 4312 1392 4365 in
1418 4310 1596 4380 aliquo
1624 4316 1879 4373 mutatus,

280 4410 617 4469 assumendo
648 4417 824 4463 tamen
855 4406 1147 4467 hominem,
1168 4412 1222 4458 et
1246 4402 1299 4457 in
1327 4416 1489 4457 carne
1518 4398 1766 4454 mortali’
1788 4398 1887 4452 ho-

283 4506 531 4562 minibus
559 4498 865 4571 appetendo
908 4497 1052 4552 venit
1092 4494 1163 4549 ad
1207 4493 1452 4548 homines
1483 4508 1497 4545 :
1530 4500 1588 4545 ut
1624 4489 1885 4561 quemad-

282 4596 513 4654 modum
543 4610 637 4665 per
664 4606 827 4647 unum
858 4588 1126 4643 hominem
1152 4585 1242 4656 qui
1274 4585 1476 4655 primus
1503 4581 1675 4637 factus
1703 4589 1805 4647 est,
1833 4579 1887 4636 id

282 4699 377 4746 est
405 4688 613 4751 Adam,
656 4698 802 4738 mors
847 4680 1065 4736 intravit
1112 4679 1162 4731 in
1193 4690 1363 4747 genus
1407 4675 1734 4736 humanum,
1765 4671 1886 4742 quia

282 4778 572 4837 consensit
601 4775 809 4832 mulieri
837 4788 950 4827 suae
979 4771 1211 4828 seductas
1240 4783 1268 4821 a
1299 4766 1512 4822 diabolo
1532 4806 1547 4832 ,
1579 4773 1638 4819 ut
1683 4778 1888 4834 praece-

284 4885 446 4946 ptum
496 4872 591 4926 Dei
640 4865 1175 4937 transgrederentur;
1225 4860 1303 4914 sic
1352 4874 1446 4929 per
1493 4872 1659 4911 unum
1710 4853 1888 4910 homi-

287 4944 421 5019 nem
467 4961 557 5031 qui
597 4960 758 5013 etiam
803 4956 944 5010 Deus
989 4961 1072 5009 est
1118 4951 1210 5006 Dei
1255 4949 1457 5015 Filius,
1504 4946 1685 5003 Iesum
1733 4944 1889 5000 Chri-

286 5068 473 5118 stum,
519 5051 713 5107 deletis
740 5048 988 5102 munibus
1035 5045 1266 5114 peccatis
1297 5040 1612 5111 praeteritis,
1657 5037 1888 5093 creden-

290 5160 381 5206 tes
425 5148 480 5201 in
515 5159 638 5199 eum
668 5156 855 5195 omnes
898 5140 951 5193 in
992 5147 1247 5192 aeternam
1275 5134 1437 5188 vitam
1482 5129 1890 5202 ingrederentur

293 5239 411 5312 (ιιι.
444 5254 513 5303 v,
549 5233 756 5302 12-19).

365 5400 382 5431 ¹
414 5404 491 5445 Er.
520 5403 573 5443 et
590 5386 989 5447 bov.,condatur.
1014 5386 1187 5447 verius
1205 5390 1310 5430 Mss.
1339 5387 1528 5447 et_Am.,
1553 5375 1761 5447 condiat:
1780 5384 1890 5425 Nam

296 5439 463 5521 agitur
480 5439 572 5505 hic
580 5439 645 5502 de
670 5439 974 5521 sacramento
996 5445 1245 5521 quo
1258 5442 1636 5521 catechumcnus
1658 5439 1888 5521 i‘u‘itiatu'r;

297 5502 645 5583 itinc'pertinet
673 5513 790 5583 illud
831 5510 1073 5580 Augustini
1106 5502 1191 5583 lib",
1232 5502 1895 5583 1Δῳιιξςξξιλλςένὶῌ.ξωιιιξι

307 5562 719 5646 I'sig'iﬁiiii'j'am
742 5576 881 5635 signo
898 5562 1060 5640 crucis
1085 5570 1209 5630 ejus,
1246 5575 1293 5646 et
1331 5564 1592 5646 condis-bar
1632 5562 1739 5646 ejlus
1771 5563 1892 5646 sale,

614 5623 843 5710 abutere
865 5632 1031 5682 matris
1053 5623 1195 5710 mem.
1219 5646 1241 5673 ιι
1280 5636 1385 5710 ιι)ςὲ
1410 5633 1485 5675 est
1507 5637 1651 5687 quam
1676 5623 1751 5710 Illic
1771 5623 1897 5672 dixit

304 5684 873 5771 ξιῖεῖῖειιικοῆάὶαὶρηε
910 5690 1260 5771 sanctiﬁcatum
1284 5684 1311 5737 :'
1324 5684 1546 5751 adeoque
1587 5684 1729 5749 paulo
1751 5698 1896 5748 supra

309 5753 603 5823 ill-agam
628 5758 897 5823 legendum
920 5753 1131 5823 videtur,
1154 5753 1284 5804 satis.

403 5816 479 5879 Sir
503 5816 609 5875 Mss.
638 5816 757 5871 nlui
785 5833 918 5875 vero,
944 5816 1111 5879 discit.

376 5892 397 5920 ⁸
419 5877 616 5951 Aliquot
640 5893 743 5934 Mss.
754 5916 769 5943 ,
802 5877 1030 5931 mortalis.

1668 436 1867 495 unua
1907 424 2105 498 UNUS.

3460 471 3566 526 546

2057 562 2281 622 CAPUT
2325 567 2536 625 XXVII.
2567 602 2636 612 —
2665 573 2752 629 53.
2804 574 3109 644 PrOphelias
3168 578 3353 635 Veteris
3394 582 3572 638 Testa-

1984 659 2140 711 menti
2166 658 2396 729 impletas
2419 663 2555 715 cerni
2584 665 2634 717 in
2662 665 2905 721 Ecclesia.
2937 669 3073 724 Ilinc
3101 672 3303 735 ﬁrmata
3330 672 3456 739 ﬁdes
3484 691 3572 729 eo-

1984 764 2098 802 rum
2126 766 2241 820 qua:
2266 763 2474 807 ventura
2502 764 2693 809 restant
2712 798 2725 821 ,
2747 758 2934 827 judicii
2962 761 3128 815 ultimi
3153 772 3199 816 et
3236 765 3563 819 resurrectio-

1984 838 2083 892 nis.
2112 838 2359 896 Cavenda:
2384 846 2677 899 tentationes
2704 863 2737 899 α
2765 848 2911 902 malis
2947 851 3098 903 etiam
3127 853 3180 905 in
3222 851 3450 907 Ecclesia
3478 870 3569 908 re-

1986 933 2158 1003 pertis.
2191 934 2418 991 Societas
2444 954 2557 991 cum
2585 938 2745 994 bonis.
2777 940 2908 1010 Spes
2948 944 3109 997 omnis
3137 945 3189 997 in
3217 943 3345 999 Deo.
3373 946 3566 1001 Omnia

1984 1024 2126 1079 enim
2151 1027 2167 1058 ¹
2198 1042 2317 1097 quze
2356 1044 2499 1085 nunc
2522 1030 2670 1085 vides
2699 1032 2751 1086 in
2782 1032 3017 1088 Ecclesia
3051 1035 3177 1101 Dei,
3204 1047 3257 1090 et
3284 1036 3382 1091 sub
3403 1036 3567 1091 Chri-

1984 1114 2052 1168 sti
2083 1116 2296 1172 nomine
2319 1134 2416 1188 per
2441 1130 2605 1175 totum
2627 1121 2811 1178 orbem
2839 1130 3096 1179 terrarum
3120 1125 3231 1196 geri
3248 1127 3290 1191 ',
3312 1136 3435 1181 ante
3463 1142 3558 1182 sa;-

1984 1205 2103 1260 cula
2128 1205 2239 1277 jam
2283 1209 2531 1278 praedicta
2562 1221 2718 1278 sunt,
2749 1221 2803 1268 et
2848 1214 2985 1270 sicut
3012 1230 3072 1270 ea
3104 1215 3359 1283 legimus,
3400 1217 3469 1270 ita
3510 1224 3567 1271 et

1983 1298 2254 1365 videmus;
2274 1310 2329 1355 et
2352 1301 2475 1358 inde
2497 1303 2821 1362 :edilicamur
2841 1308 2893 1362 in
2920 1308 3097 1363 fidem.
3122 1306 3339 1363 Pactum
3365 1318 3447 1365 est
3468 1309 3569 1363 ali-

1983 1390 2195 1460 quando
2219 1390 2473 1447 diluvium
2504 1410 2599 1464 per
2622 1405 2785 1451 totam
2812 1405 3033 1465 terram,
3055 1406 3113 1453 ut
3140 1409 3449 1468 peccatores
3467 1400 3563 1455 de-

1984 1480 2225 1536 lerentur
2253 1498 2269 1535 :
2304 1491 2358 1538 et
2385 1493 2558 1539 tamen
2590 1485 2661 1540 illi
2689 1487 2777 1557 qui
2806 1497 3091 1543 evaserunt
3121 1490 3172 1543 in
3203 1504 3356 1556 arca,
3386 1505 3569 1545 sacra-

1986 1581 2222 1625 mentum
2254 1570 2442 1628 futurze
2485 1574 2737 1631 Ecclesia:
2764 1576 3235 1643 demonstrabant,
3268 1594 3387 1648 qua:
3425 1595 3566 1635 nilne

1984 1658 2038 1715 in
2064 1660 2310 1716 arietibus
2334 1664 2514 1718 sa-culi
2544 1674 2722 1733 natat,
2751 1675 2805 1722 et
2846 1682 2942 1737 per
2966 1667 3164 1737 lignqu
3206 1668 3383 1723 crucis
3407 1668 3568 1725 Chri-

1984 1750 2054 1805 sti
2081 1765 2111 1805 a
2139 1753 2506 1811 submersioue
2548 1757 2821 1813 liberatur.
2864 1758 3180 1814 Praadictum
3224 1767 3307 1814 est
3335 1760 3566 1816 Abrahre

1985 1841 2126 1897 fideli
2155 1858 2311 1899 servo
2338 1846 2464 1911 Dei,
2496 1848 2586 1903 uni
2627 1848 2866 1917 homini,
2894 1850 3033 1921 quod
3062 1852 3129 1908 de
3159 1852 3251 1908 illo
3293 1863 3437 1907 esset
3468 1868 3569 1923 po-

1985 1934 2141 2002 pulos
2183 1937 2515 2004 nasciturus,
2548 1941 2636 2010 qui
2666 1941 2866 1996 coleret
2891 1958 3051 1997 unum
3081 1944 3251 1999 Deum
3293 1944 3430 1999 inter
3459 1959 3568 1998 exe—

1987 2032 2129 2081 teras
2169 2037 2354 2095 gentes
2397 2043 2515 2098 qua:
2546 2030 2685 2085 idola
2728 2032 2975 2087 colebant
3006 2050 3019 2085 :
3052 2041 3106 2088 et
3134 2033 3311 2087 omnia
3342 2050 3461 2104 quas
3493 2034 3568 2089 illi

1985 2118 2182 2187 populo
2206 2128 2426 2175 ventura
2454 2122 2701 2191 pnedicla
2727 2132 2853 2177 sunt
2872 2165 2885 2189 ,
2918 2125 2995 2178 sic
3020 2133 3317 2180 evenerunt
3343 2135 3398 2179 ut
3429 2141 3565 2193 prae-

1984 2208 2124 2263 dicta
2150 2220 2292 2263 sunt.
2322 2210 2674 2281 Prophetatus
2699 2223 2780 2268 est
2806 2214 2857 2268 in
2890 2215 2980 2269 illo
3005 2215 3200 2285 populo
3225 2218 3381 2269 etiam
3412 2214 3571 2269 Chri-

1984 2309 2099 2353 SlllS
2141 2314 2233 2355 rex
2264 2302 2498 2356 omnium
2527 2314 2831 2360 sanctorum
2857 2313 2912 2360 et
2938 2306 3079 2361 Deus
3106 2317 3358 2361 venturus
3384 2322 3449 2361 CX
3477 2322 3569 2362 SC-

1986 2392 2129 2447 miue
2170 2393 2332 2462 ipsius
2362 2394 2628 2448 Abraham
2661 2398 2949 2451 secundum
2992 2412 3242 2462 carnem,
3275 2413 3431 2465 quam
3476 2413 3565 2452 as-

1984 2484 2232 2552 sumpsit,
2254 2492 2310 2537 ut
2333 2499 2519 2539 omnes
2536 2487 2694 2539 etiam
2722 2486 2814 2540 filii
2832 2496 3012 2541 essent
3030 2487 3277 2550 Abralnr,
3296 2489 3385 2557 qui
3411 2487 3569 2542 fidem

1984 2575 2101 2644 ejus
2128 2576 2488 2643 imitarentur;
2520 2588 2573 2632 et
2598 2579 2676 2632 sic
2718 2587 2801 2632 est
2831 2578 3024 2632 factum
3060 2595 3073 2631 :
3108 2588 3262 2633 natus
3287 2585 3369 2632 est
3406 2577 3565 2631 Chri-

1986 2678 2100 2722 stus
2122 2668 2189 2723 de
2218 2668 2377 2723 Maria
2406 2670 2643 2739 virgine,
2675 2686 2793 2740 quae
2822 2686 2890 2726 ex
2934 2670 3024 2725 illo
3049 2686 3244 2741 genere
3273 2672 3384 2725 fuit.
3418 2671 3567 2725 Prm-

1985 2760 2183 2816 dictum
2207 2772 2289 2817 est
2318 2777 2413 2831 per
2440 2763 2734 2831 PrOphetas
2760 2763 2898 2833 quod
2923 2764 2989 2817 in
3017 2779 3175 2817 cruce
3201 2778 3452 2832 passurus
3477 2778 3567 2818 es-

1985 2860 2065 2906 set
2089 2851 2156 2906 ab
2186 2852 2372 2906 eodem
2400 2855 2593 2923 populo
2622 2854 2928 2909 Judmnrum
2951 2895 2964 2919 ,
2993 2857 3060 2908 de
3086 2854 3233 2922 cujus
3260 2869 3455 2923 genere
3479 2870 3568 2907 se-

1985 2944 2215 3000 cundum
2243 2960 2456 3000 carnem
2487 2946 2761 3012 veniebat;
2793 2955 2847 3001 et
2886 2947 2961 3001 sic
2990 2952 3073 3001 est
3116 2947 3328 3001 factum.
3362 2947 3566 3001 Praedi-

1985 3046 2129 3091 ctum
2157 3046 2236 3091 cst
2263 3036 2403 3107 quod
2431 3047 2827 3092 resurrecturus
2854 3048 3028 3102 esset;
3057 3038 3347 3092 resurrexit
3372 3055 3384 3091 :
3408 3047 3462 3092 et
3483 3054 3571 3092 se-

1985 3128 2214 3182 cundum
2234 3128 2345 3197 ipsa
2364 3128 2612 3196 przcdicta
2633 3127 3015 3197 Prophetarum
3032 3128 3267 3181 ascendit
3284 3128 3335 3181 in
3350 3127 3565 3192 caelum,

1985 3230 2038 3277 et
2068 3220 2339 3291 discipulis
2364 3222 2474 3276 suis
2503 3220 2756 3291 Spiritqu
2785 3229 3024 3276 sanctum
3052 3220 3215 3275 misit.
3245 3220 3565 3276 Praedictum

1987 3323 2069 3368 est
2092 3330 2196 3367 non
2225 3314 2396 3368 solum
2417 3330 2445 3368 a
2468 3314 2766 3383 Pmphetis,
2790 3313 2883 3369 sed
2912 3314 3073 3369 etiam
3100 3313 3167 3369 ab
3195 3312 3311 3382 ipso
3342 3312 3568 3367 Domino

1985 3403 2112 3459 Jesu
2141 3402 2355 3459 Christo
2374 3446 2388 3469 ,
2420 3404 2561 3473 quod
2596 3405 2831 3459 Ecclesia
2860 3404 2975 3475 ejus
3004 3421 3099 3475 per
3143 3405 3448 3459 universum
3476 3418 3569 3457 oro

1987 3496 2107 3549 bem
2135 3504 2394 3551 terrarum
2437 3505 2580 3551 esset
2604 3495 2779 3551 futura
2800 3538 2815 3563 ,
2846 3512 2943 3566 per
2984 3505 3288 3551 sanctorum
3316 3494 3570 3565 martyria

1987 3587 2371 3658 passionesque
2385 3586 2751 3652 disseminata;
2773 3597 2828 3643 et
2850 3596 2977 3643 tunc
3007 3588 3337 3658 praedictum,
3357 3586 3571 3657 quando

1987 3679 2160 3734 adhuc
2187 3695 2381 3735 nomen
2405 3677 2523 3748 ejus
2547 3688 2602 3733 et
2623 3678 2821 3734 latebat
2842 3688 3051 3749 gentes,
3068 3688 3122 3733 et
3138 3679 3226 3733 ubi
3256 3687 3435 3732 uotum
3453 3686 3570 3732 erat

1989 3771 2306 3825 irridebatur
2327 3786 2341 3824 :
2360 3779 2414 3825 et
2442 3778 2619 3826 tamen
2650 3771 2702 3823 in
2727 3770 3009 3824 virtutibus
3035 3769 3407 3823 miraculorum
3428 3768 3565 3837 ejus,

1988 3862 2101 3917 sive
2128 3877 2247 3932 qua:
2274 3876 2369 3930 per
2396 3876 2455 3916 se
2485 3862 2619 3931 ipse,
2648 3862 2758 3916 sive
2785 3876 2904 3930 quae
2936 3877 3027 3928 per
3056 3874 3239 3914 servos
3267 3873 3391 3913 suos
3423 3859 3567 3925 fecit,

1988 3954 2114 4008 dum
2158 3954 2541 4008 annuntiantur
2569 3952 2684 4007 hazc
2725 3960 2780 4007 et
2824 3952 3146 4015 creduntur,
3172 3952 3281 4021 jam
3324 3950 3567 4005 videmus

1988 4045 2127 4117 quod
2158 4044 2468 4116 praedictum
2496 4054 2579 4099 est
2611 4059 2731 4099 esse
2758 4043 3104 4113 completum,
3138 4057 3394 4112 regesque
3424 4042 3571 4111 ipsos

1991 4151 2181 4206 terrm,
2226 4139 2315 4211 qui
2358 4146 2512 4193 antea
2558 4138 3011 4207 persequebantur
3049 4136 3411 4199 Christianos,
3455 4134 3565 4203 jam

1990 4232 2186 4287 Christi
2212 4230 2410 4285 nomini
2435 4229 2758 4300 subjugatos.
2789 4228 3105 4282 Przedictum
3132 4234 3217 4281 est
3238 4226 3399 4281 etiam
3426 4225 3566 4295 quod

1990 4323 2274 4378 schismata
2322 4330 2377 4376 et
2404 4320 2634 4375 hmreses
2661 4336 2727 4375 ex
2747 4319 2861 4387 ejus
2892 4318 3133 4373 Ecclesia
3167 4324 3346 4372 essent
3392 4317 3571 4372 exitu-

1990 4430 2085 4481 rae,
2110 4422 2165 4468 et
2208 4413 2308 4467 sub
2334 4411 2448 4482 ejus
2498 4411 2711 4466 nomine
2751 4426 2847 4479 per
2871 4410 2984 4464 loca
3012 4410 3098 4464 ubi
3126 4416 3364 4478 possent,
3392 4423 3563 4472 suam,

1991 4520 2097 4561 non
2145 4503 2374 4567 Christi,
2415 4502 2638 4573 gloriam
2684 4501 3019 4572 quazsiturze;
3060 4510 3115 4555 et
3160 4501 3258 4554 ista
3303 4499 3571 4568 completa

1991 4608 2136 4654 sunt.

2064 4687 2151 4742 54.
2184 4684 2447 4754 Numquid
2473 4698 2600 4754 ergo
2627 4683 2713 4737 illa
2743 4698 2862 4753 qua:
2904 4691 3105 4737 restant
3134 4698 3239 4736 non
3276 4689 3399 4737 sunt
3438 4696 3571 4737 ven-

1994 4776 2149 4832 tura?
2176 4776 2504 4830 Manifestum
2550 4784 2632 4830 cst
2659 4775 2780 4845 quia
2810 4775 2949 4828 sicut
2974 4776 3069 4829 ista
3117 4772 3368 4843 praedicta
3408 4788 3572 4827 vene-

1994 4877 2151 4935 runt,
2194 4869 2273 4923 sic
2299 4869 2457 4924 etiam
2509 4867 2595 4921 illa
2624 4875 2851 4921 ventura
2896 4873 3020 4919 sunt
3050 4882 3062 4917 :
3097 4877 3445 4933 quaecumque
3477 4866 3574 4916 tri-

1993 4962 2293 5017 bulationes
2333 4961 2593 5031 iustorum
2624 4958 2798 5013 adhuc
2840 4964 3078 5019 restant;
3111 4965 3163 5009 et
3189 4954 3369 5023 judicii
3414 4954 3570 5020 dies,

1994 5052 2083 5124 qui
2111 5052 2379 5122 separabit
2403 5065 2589 5105 oumes
2619 5049 2811 5117 impios
2840 5063 2869 5101 a
2895 5047 3053 5116 justis
3082 5046 3133 5099 in
3177 5044 3571 5100 resurrectione

1996 5158 2360 5209 mortuorum;
2404 5152 2584 5198 etnon
2611 5144 2782 5197 solum
2811 5154 2905 5195 eos
2934 5140 3022 5209 qui
3058 5146 3183 5193 sunt
3207 5148 3353 5193 extra
3382 5137 3573 5193 Eccle-

1995 5238 2127 5292 siam
2148 5277 2163 5301 ,
2208 5234 2303 5290 sed
2329 5234 2487 5288 etiam
2510 5232 2682 5301 ipsius
2708 5230 2960 5285 Ecclesiae
3001 5228 3180 5298 paleas
3197 5270 3213 5295 ,
3248 5244 3382 5299 quas
3408 5243 3575 5299 opor—

1998 5338 2071 5384 tet
2098 5343 2263 5396 usilue
2288 5326 2354 5381 ad
2385 5325 2726 5380 novissimam
2754 5323 3147 5378 ventilationem
3191 5322 3575 5391 patientissime

1997 5418 2215 5473 sufferat
2234 5458 2249 5482 ,
2277 5416 2342 5471 ad
2372 5416 2546 5485 ignem
2578 5414 2810 5469 debitum
2836 5413 3154 5483 segregabit.
3177 5412 3277 5481 Qui
3303 5423 3479 5469 autem
3508 5414 3579 5467 ir-

1999 5510 2171 5566 rident
2196 5507 2638 5563 resurrectionem
2661 5546 2675 5569 ,
2712 5515 2955 5574 putantes
2995 5504 3136 5575 quod
3163 5520 3290 5560 caro
3316 5504 3413 5559 ista
3453 5506 3576 5574 quia

1999 5601 2289 5672 putrescit,
2320 5613 2597 5669 resurgere
2624 5613 2727 5651 non
2759 5606 2965 5667 potest,
2994 5596 3061 5650 ad
3106 5611 3292 5666 prunas
3324 5596 3375 5650 iu
3404 5612 3464 5650 ea
3493 5612 3574 5650 re-

2000 5691 2287 5750 surrecturi
2318 5699 2442 5745 sunt
2474 5707 2488 5743 :
2520 5697 2576 5745 et
2602 5690 2852 5744 ostendet
2873 5689 2951 5745 eis
2981 5688 3121 5745 Deus
3150 5689 3270 5760 quia
3292 5687 3380 5760 qui
3410 5687 3577 5759 potuit

2070 5808 2083 5837 ¹
2109 5804 2413 5868 (torheicnsis
2428 5810 2527 5858 διδ..
2563 5802 2731 5853 Onmt'a
2759 5814 2887 5868 ergo.

2071 5870 2090 5899 ⁸
2115 5869 2277 5925 Abest,
2300 5866 2422 5929 geri,
2446 5879 2472 5914 a
2494 5872 2601 5916 Mss.
