4024 6536
544 449 646 503 517

547 565 663 615 hzec
690 574 910 630 corpora
928 558 1101 615 facere
1120 567 1403 628 antequam
1427 566 1628 624 essent,
1651 565 1823 627 potest
1847 573 1906 611 ea
1937 557 1987 611 in
2009 572 2121 610 mo-

548 662 725 705 mento
749 651 1029 706 restituere
1052 651 1191 705 sicut
1212 659 1384 706 erant.
1407 649 1606 705 Omnes
1629 659 1807 705 autem
1829 648 2016 703 fideles
2039 664 2127 704 re-

546 742 752 812 gnaturi
780 757 899 796 cum
920 740 1154 807 Christo,
1173 742 1243 796 ita
1272 751 1553 810 resurgent
1580 742 1633 796 in
1658 740 1849 797 eodem
1875 756 2119 810 corpore,

546 842 606 887 ut
652 834 808 888 etiam
851 834 1167 887 commutari
1212 842 1520 887 mereantur
1559 832 1627 887 ad
1672 832 2123 902 incorruptionem

544 924 834 996 angelicam
869 942 883 981 :
917 934 975 979 ut
1003 925 1130 978 fiant
1156 924 1388 994 mquales
1417 923 1634 994 Angelis
1679 924 1807 992 Dei,
1839 925 1976 979 sicut
2023 925 2125 980 Do-

547 1014 721 1070 minus
760 1015 873 1087 ipse
898 1016 1145 1087 promisit
1186 1014 1336 1085 (Luc.
1385 1030 1453 1068 xx
1474 1055 1488 1079 ,
1520 1014 1645 1083 56);
1676 1023 1729 1069 et
1758 1014 1973 1070 laudent
2001 1030 2122 1070 eum

545 1105 662 1160 sine
689 1106 869 1176 aliquo
908 1105 1119 1161 defectu
1161 1114 1215 1161 et
1259 1105 1376 1161 sine
1404 1106 1580 1175 aliquo
1621 1104 1868 1173 fastidio,
1915 1120 2127 1175 semper

550 1197 790 1252 viventes
831 1197 885 1251 in
930 1197 1017 1251 illo
1043 1206 1097 1253 et
1135 1196 1203 1252 de
1244 1196 1372 1262 illo,
1400 1211 1522 1252 cum
1565 1196 1655 1251 tali
1681 1196 1874 1266 gaudio
1915 1206 1968 1252 et
1997 1197 2126 1253 bea-

549 1289 811 1357 titudine,
858 1290 999 1361 quali
1045 1305 1145 1347 nec
1188 1289 1294 1346 dici
1323 1291 1340 1322 ¹
1388 1304 1489 1345 nec
1532 1289 1754 1361 cogitari
1797 1289 1866 1345 ab
1913 1290 2129 1345 homine

550 1390 745 1451 potest.

623 1471 713 1525 55.
746 1470 824 1526 Tu
852 1471 1027 1542 itaque
1053 1471 1279 1528 credens
1316 1472 1416 1527 ista
1436 1513 1451 1538 ,
1481 1486 1612 1528 cave
1640 1472 1961 1528 tentationes
1986 1473 2129 1546 (quia

546 1560 790 1617 diabolus
816 1563 1109 1634 qumritqui
1136 1578 1316 1619 secum
1342 1562 1615 1635 pereant):
1637 1572 1693 1617 ut
1716 1578 1822 1618 non
1848 1565 2018 1618 solum
2039 1581 2131 1633 per

548 1667 646 1707 eos
669 1654 756 1723 qui
796 1663 945 1709 extra
974 1654 1265 1708 Ecclesiam
1305 1661 1464 1720 sunt,
1490 1654 1605 1709 sive
1628 1652 1824 1724 Pagani
1845 1694 1859 1719 ,
1897 1654 2009 1709 sive
2036 1654 2129 1708 Ju-

548 1741 651 1796 ἀωὶ
673 1784 689 1804 ,
730 1743 843 1798 sive
874 1742 1105 1798 hzeretici
1127 1785 1142 1808 ,
1176 1760 1283 1798 non
1331 1753 1383 1799 te
1413 1744 1580 1798 hostis
1624 1743 1713 1799 ille
1754 1744 2006 1809 seducat;
2036 1745 2131 1799 sed

551 1834 712 1887 etiam
741 1849 875 1904 quos
901 1833 954 1889 in
983 1834 1095 1904 ipsa
1126 1834 1360 1889 Ecclesia
1391 1833 1650 1889 catholica
1676 1834 1874 1889 videris
1893 1835 2033 1890 male
2059 1836 2134 1889 vi-

552 1934 757 1992 ventes,
777 1934 868 1979 aut
894 1925 1274 1981 immoderatos
1294 1928 1314 1956 ’
1345 1926 1701 1994 voluptatibus
1721 1925 1921 1980 ventris
1941 1935 1994 1980 et
2014 1937 2131 1995 gut-

554 2017 688 2071 turis
707 2059 723 2083 ,
750 2026 843 2071 aut
869 2017 1165 2088 impudicos
1184 2059 1200 2085 ,
1228 2026 1319 2072 aut
1346 2016 1498 2072 vanis
1526 2016 1922 2072 curiositatibus
1948 2017 2031 2070 vel
2073 2018 2136 2072 il-

554 2108 714 2163 licitis
739 2108 968 2175 deditos,
986 2109 1097 2164 sive
1123 2108 1567 2179 spectaculorum,
1593 2109 1709 2164 sive
1734 2108 2090 2163 remediorum
2113 2108 2134 2139 ⁸

552 2208 645 2254 aut
668 2200 1049 2256 divinationum
1085 2200 1467 2256 diabolicarum
1486 2241 1503 2267 ,
1532 2200 1644 2254 sive
1669 2198 1722 2252 in
1750 2213 1939 2269 pompa
1975 2208 2029 2253 et
2058 2209 2136 2265 ty-

554 2290 663 2359 pho
688 2291 925 2345 avaritize
950 2299 1107 2361 atque
1130 2291 1412 2361 superbia),
1431 2290 1542 2345 sive
1568 2290 1621 2344 in
1647 2289 1822 2359 aliqua
1848 2290 1956 2344 vita
1977 2305 2133 2359 quam

553 2381 643 2435 lex
667 2380 688 2411 ⁸
716 2381 931 2436 damnat
959 2392 1012 2441 et
1038 2383 1219 2452 punit,
1251 2397 1359 2436 non
1398 2397 1492 2437 eos
1516 2381 1741 2437 imiteris
1774 2398 1788 2435 :
1822 2382 1916 2437 sed
1960 2383 2136 2451 potius

552 2474 891 2545 conjungaris
914 2475 1098 2540 bonis,
1128 2492 1264 2546 quos
1290 2478 1601 2533 inventurus
1625 2491 1685 2533 cs
1709 2476 1863 2532 facile
1882 2518 1897 2543 ,
1925 2477 1972 2532 si
1999 2488 2053 2533 et
2081 2488 2135 2534 tu

553 2568 673 2622 talis
695 2569 891 2635 fueris;
921 2580 977 2624 ut
1002 2571 1158 2625 simul
1184 2570 1376 2625 colatis
1403 2580 1458 2625 et
1482 2571 1712 2641 diligatis
1734 2572 1899 2627 Deum
1929 2574 2095 2642 gratis
2120 2590 2132 2625 :

551 2661 671 2730 quia
692 2671 857 2716 totum
884 2662 1162 2733 praamium
1180 2671 1420 2718 nostrum
1444 2663 1558 2735 ipse
1580 2664 1703 2732 erit,
1721 2672 1779 2719 ut
1806 2665 1857 2718 in
1881 2664 1969 2719 illa
1988 2666 2093 2718 vita
2116 2664 2138 2696 ⁸

552 2753 785 2809 bonitate
807 2755 921 2825 ejus
946 2764 1001 2811 et
1027 2756 1418 2824 pulchritudine
1443 2757 1799 2827 perfruamur.
1829 2757 1937 2813 Sed
1957 2773 2139 2812 aman-

548 2846 653 2900 dus
695 2856 810 2913 est,
844 2863 947 2901 non
978 2848 1114 2902 sicut
1142 2848 1339 2918 aliquid
1370 2848 1511 2918 quod
1550 2848 1762 2903 videtur
1803 2849 2011 2913 oculis;
2044 2850 2137 2904 sed

552 2941 690 2995 sicut
731 2948 941 2994 amatur
968 2941 1225 3009 sapientia
1248 2982 1264 3007 ,
1311 2950 1367 2995 et
1404 2941 1598 2997 veritas
1619 2982 1633 3008 ,
1666 2948 1722 2997 et
1763 2941 2048 3007 sanctitas,
2083 2952 2136 2997 et

616 3075 632 3135 ε
659 3072 732 3119 sic
751 3077 855 3135 Mss.
876 3078 928 3121 At
952 3071 1086 3135 editi,
1110 3070 1266 3135 qualis
1287 3085 1374 3122 nec
1392 3071 1508 3124 dici.

617 3134 639 3201 ξ
662 3139 793 3201 bis»)!
816 3130 1146 3201 inmoderati}
1167 3147 1185 3183 :
1211 3134 1419 3201 fortasse
1429 3148 1540 3201 pro,
1562 3134 1615 3185 in
1633 3133 1981 3201 inmoderatis.

617 3194 638 3225 ³
662 3194 795 3250 Editi,
827 3194 923 3243 sive
946 3195 1269 3260 remediorum
1291 3194 1651 3260 sacrilegormn.
1679 3199 1842 3260 Abest,
1867 3196 2140 3260 sacriler-

556 3266 692 3325 rum,
709 3260 897 3325 ayss,
908 3262 963 3325 ut
986 3254 1065 3304 illa
1080 3270 1190 3325 qum
1214 3266 1321 3319 post
1337 3254 1611 3325 adhibetur,
1641 3272 1752 3325 vox,
1771 3254 2139 3317 diabolicarum,

556 3318 694 3379 etad
719 3314 1059 3379 divinationum
1076 3314 1335 3379 referatur,
1363 3327 1414 3369 et
1441 3320 1500 3369 ad
1521 3314 1861 3370 remediorum.

557 3439 589 3487 ὁ
617 3378 638 3407 ’δ
661 3377 970 3485 Cgrbeiensis
1006 3387 1108 3441 31s.,
1147 3379 1227 3430 lea:
1248 3377 1337 3431 Dei
1364 3393 1382 3431 .'
1414 3383 1503 3432 sed
1526 3384 1758 3441 additmn,
1788 3382 1891 3441 Dei,
1918 3394 1945 3431 a
1967 3395 2141 3432 secun-

593 3452 617 3486 a
641 3452 689 3485 ιιι
724 3452 804 3487 nu.

593 3452 617 3486 3
641 3452 804 3488 manu.

616 3503 639 3534 ⁵
660 3501 796 3561 aliti,
820 3498 869 3550 in
892 3498 977 3550 illa
997 3506 1188 3553 retenta
1212 3502 1321 3554 vita.
1349 3505 1511 3566 Abest,
1535 3511 1738 3565 wlerna,
1762 3517 1789 3553 a
1813 3511 1919 3554 Mss.

1413 481 1421 490 -
1506 442 1879 499 ADMONITIO
1919 442 1982 497 IN
2022 442 2566 500 SUBSEUUENTEM
2607 441 2888 500 LIBRUM.

3710 452 3809 507 δίε

2223 558 2425 628 justitia
2446 597 2461 622 ,
2504 567 2557 612 et
2583 556 2812 611 charitas
2836 558 2852 589 ¹
2875 599 2888 622 ,
2920 566 2975 613 et
3004 559 3046 613 si
3093 560 3217 630 quid
3266 561 3407 617 aliud
3440 563 3544 617 tale
3574 561 3801 619 dicitur:

2228 664 2334 704 non
2360 649 2803 719 quemadmodum
2830 659 2954 705 sunt
2978 649 3076 705 ista
3095 651 3146 705 in
3163 652 3464 707 hominibus
3483 652 3607 715 :sed
3619 670 3775 725 quem
3789 688 3806 699 ο

2228 740 2514 794 admodum
2565 749 2688 795 sunt
2730 740 2783 795 in
2839 741 2955 811 ipso
2998 741 3143 797 fonte
3182 742 3601 812 incorruptibilis
3627 755 3686 800 et
3729 746 3808 800 in-

2229 833 2619 888 commutabilis
2636 834 2928 903 sapientiae.
2946 834 3317 907 Quoscumque
3333 852 3461 908 ergo
3481 839 3682 894 videris
3698 839 3807 896 hmo

2231 938 2442 989 amare,
2490 923 2593 979 illis
2619 925 2975 996 conjungere,
3002 935 3063 980 ut
3087 942 3181 996 per
3217 927 3485 982 Christum
3515 928 3607 999 qui
3651 930 3806 985 homo

2178 1080 2193 1091 .
2233 1014 2402 1069 factus
2436 1024 2548 1082 est,
2594 1024 2653 1070 ut
2678 1026 2823 1071 esset
2864 1016 3121 1071 Mediator
3151 1018 3240 1072 Dei
3270 1028 3324 1074 et
3371 1018 3684 1085 hominum,
3728 1037 3807 1074 νυν

2232 1106 2531 1163 concilieris
2575 1108 2703 1163 Deo.
2734 1108 2987 1165 Homines
3030 1119 3207 1165 autem
3240 1125 3555 1180 perversos,
3602 1112 3806 1167 etiamsi

2235 1198 2432 1255 intrent
2469 1200 2696 1268 parietes
2720 1200 2964 1255 ecclesize
2984 1240 2999 1266 ,
3028 1214 3133 1255 non
3162 1215 3257 1256 eos
3285 1201 3560 1255 arbitreris
3590 1202 3810 1256 intratu-

2234 1306 2323 1346 ros
2360 1291 2415 1345 in
2444 1306 2663 1361 regnum
2692 1292 2988 1358 malorum;
3020 1292 3141 1361 quia
3184 1306 3283 1346 suo
3310 1302 3552 1362 tempore
3594 1307 3808 1362 separa-

2238 1382 2448 1447 buntur,
2473 1383 2519 1438 si
2547 1398 2607 1438 se
2632 1384 2684 1437 in
2712 1383 2903 1438 melius
2930 1398 3036 1438 non
3062 1385 3525 1438 commutaverint.
3558 1384 3810 1439 nomines

2232 1488 2361 1544 ergo
2387 1474 2556 1530 bonos
2582 1474 2789 1529 imitare
2808 1515 2823 1538 ,
2850 1474 3020 1528 malos
3047 1474 3212 1529 tolera
3231 1515 3245 1539 ,
3274 1488 3464 1528 omnes
3492 1488 3649 1537 ama;
3676 1488 3808 1543 quo-

2236 1565 2375 1618 niam
2398 1564 2575 1619 nescis
2595 1565 2719 1634 quid
2745 1579 2865 1620 cras
2889 1564 3096 1619 futurus
3119 1564 3188 1618 sit
3211 1565 3303 1633 qui
3331 1564 3487 1619 hodie
3514 1564 3690 1618 malus
3710 1573 3810 1619 est.

2236 1653 2343 1709 Nec
2366 1669 2551 1709 eorum
2580 1669 2726 1709 ames
2754 1654 3096 1723 injustitiam;
3126 1653 3218 1708 sed
3249 1655 3394 1723 ipsos
3421 1653 3544 1708 ideo
3569 1668 3690 1707 ama
3710 1695 3722 1715 ,
3760 1664 3814 1705 ut

2235 1746 2636 1817 apprchendant
2653 1746 2913 1816 justitiam
2946 1764 2960 1801 :
2989 1747 3111 1816 quia
3141 1761 3245 1799 non
3273 1746 3444 1799 solum
3472 1744 3692 1798 dilectio
3724 1744 3813 1797 Dei

2237 1838 2390 1893 nobis
2417 1847 2682 1906 praecepta
2724 1846 2839 1902 est,
2881 1838 2974 1892 sed
3015 1837 3174 1891 etiam
3217 1835 3434 1890 dilectio
3463 1836 3731 1905 proximi,
3763 1836 3812 1889 in

2236 1928 2426 1997 quibus
2448 1928 2655 1982 duobus
2681 1928 2959 1997 praeceptis
2985 1936 3093 1982 tota
3119 1926 3228 1982 Lex
3260 1926 3461 1996 pendet
3500 1937 3554 1980 et
3581 1925 3814 1995 Prophe-

2239 2030 2304 2075 tas
2344 2019 2553 2092 (Matth.
2598 2035 2705 2074 χιιι
2728 2062 2743 2087 ,
2774 2018 2987 2089 57-40).
3018 2019 3187 2086 Quam
3219 2033 3324 2072 non
3355 2019 3539 2087 implet
3586 2018 3687 2071 nisi
3727 2018 3813 2086 qui

2217 2113 2436 2168 donum
2456 2114 2477 2143 '
2506 2110 2773 2181 acceperit
2813 2110 3066 2181 Spiritum
3113 2118 3354 2165 sanctum
3376 2149 3392 2175 ,
3426 2108 3566 2162 Patri
3597 2116 3652 2162 et
3682 2107 3814 2161 Filio

2241 2206 2419 2276 utique
2444 2204 2699 2274 aequalem
2722 2220 2736 2269 ;
2765 2204 2885 2273 quia
2915 2203 3027 2272 ipsa
3052 2202 3286 2257 Trinitas
3316 2202 3459 2255 Deus
3484 2209 3569 2254 est
3591 2217 3605 2252 ς
3630 2200 3684 2254 in
3711 2215 3815 2270 quo

2242 2297 2349 2351 Deo
2376 2310 2502 2367 spes
2526 2296 2698 2349 omnis
2724 2295 2968 2365 ponenda
2996 2303 3098 2350 est.
3130 2294 3186 2348 In
3215 2293 3432 2348 homine
3467 2306 3575 2347 non
3616 2301 3702 2347 est
3728 2308 3817 2361 po-

2241 2389 2433 2452 nenda,
2463 2386 2861 2457 qualiscumque
2890 2384 2978 2439 ille
3004 2383 3182 2439 fuerit.
3210 2383 3368 2438 Aliud
3394 2391 3477 2437 est
3500 2383 3644 2436 enim
3675 2382 3763 2437 ille
3787 2398 3813 2434 a

2239 2496 2345 2548 quo
2377 2478 2762 2549 justificamur,
2791 2476 2933 2531 aliud
2959 2477 3034 2530 illi
3076 2490 3197 2530 cum
3228 2476 3420 2545 quibus
3440 2473 3814 2545 justificamur.

2240 2572 2354 2626 Non
2380 2580 2555 2625 autem
2584 2570 2755 2625 solum
2781 2584 2877 2639 per
2902 2568 3217 2638 cupiditates
3246 2567 3487 2622 diabolus
3513 2575 3706 2631 tentat,
3728 2567 3819 2621 sed

2242 2664 2399 2719 etiam
2424 2678 2523 2734 per
2543 2671 2776 2717 terrores
2801 2661 3206 2716 insultationum
3231 2668 3288 2715 et
3310 2659 3555 2714 dolorum
3581 2668 3638 2713 et
3657 2658 3822 2727 ipsius

2242 2757 2447 2812 mortis.
2476 2755 2740 2825 Quidquid
2781 2763 2959 2809 autem
2991 2753 3153 2809 homo
3194 2766 3381 2823 passus
3408 2751 3569 2807 fuerit
3597 2766 3697 2821 pro
3725 2768 3820 2806 no-

2243 2849 2385 2903 mine
2409 2847 2639 2911 Christi,
2671 2856 2725 2901 et
2752 2861 2847 2916 pro
2872 2859 2968 2914 spe
2994 2846 3116 2899 vita:
3144 2854 3359 2900 (eterna:
3379 2887 3393 2910 ,
3422 2852 3476 2898 et
3503 2858 3823 2913 permanens

2244 2941 2569 3005 toleraverit,
2601 2937 2771 3009 major
2798 2938 2846 2993 ei
2874 2952 3080 2992 merces
3109 2936 3322 2991 dabitur
3355 2953 3367 2988 :
3401 2934 3544 3006 quod
3576 2936 3623 2990 si
3650 2950 3825 2989 cesse-

2244 3035 2313 3090 rit
2339 3033 2584 3099 diabolo,
2626 3048 2745 3087 cum
2777 3032 2867 3085 illo
2893 3030 3252 3097 damnabitur.
3281 3028 3387 3085 Sed
3422 3041 3586 3098 opera
3616 3028 3825 3083 miseri-

2243 3124 2439 3180 cordiae
2481 3138 2601 3179 cum
2634 3123 2715 3193 pia
2761 3122 3059 3176 humilitate
3086 3121 3371 3190 impetrant
3398 3134 3427 3173 a
3460 3117 3730 3183 Domino,
3774 3131 3825 3172 ut

2244 3234 2349 3271 non
2380 3216 2650 3286 permittat
2691 3230 2874 3269 servos
2899 3228 3026 3269 suos
3054 3213 3241 3269 tentari
3268 3213 3387 3284 plus
3412 3226 3577 3282 quam
3606 3222 3828 3282 possunt

2243 3309 2505 3363 Sustinere
2527 3306 2569 3379 (l
2599 3306 2716 3361 Cor.
2750 3322 2800 3371 χ,
2829 3305 2942 3375 15).

2311 3446 2325 3472 ι
2349 3448 2457 3503 Mss.
2476 3442 2723 3499 omittunt,
2748 3444 2790 3489 ct
2809 3437 3050 3503 sanctitas,
3072 3443 3117 3487 et
3130 3433 3339 3503 justitia,
3366 3441 3412 3485 et
3429 3432 3663 3503 charitas.

2307 3504 2328 3535 ²
2350 3502 2457 3553 sola
2483 3503 2631 3551 editio
2654 3508 2761 3551 ων.
2789 3514 2893 3563 pro,
2919 3499 3097 3550 donum
3114 3534 3129 3561 ,
3153 3500 3322 3559 habet,
3349 3499 3627 3547 Dominum.

1304 3709 1429 3718 "‘"
1464 3711 1721 3716 “‘—w
1740 3704 3555 3755 *“**’““"—'—f-:_:1;‘;:;::““_____.____m
3214 3702 3555 3738 “‘““‘-‘-‘-

1708 4122 1774 4177 IN
1814 4118 2365 4188 SUBSEQUENTEM
2404 4116 2681 4175 LIBRUM.

2064 4304 2319 4327 ᾞὉτῖιίςλὍη-τκ

2013 4308 2371 4359 Οῧυέΰῗῗὶῧθῢ

629 4502 844 4558 Librum
869 4502 937 4558 de
955 4502 1293 4557 Continentia
1320 4516 1472 4556 suum
1505 4500 1618 4569 ipse
1637 4499 1877 4569 agnoscit
1903 4498 2225 4567 Augustinus
2255 4496 2306 4550 in
2336 4496 2567 4566 Epistola
2594 4496 2721 4563 262,
2754 4496 2819 4551 ad
2852 4494 3063 4551 Darium
3088 4498 3358 4553 comitem.
3398 4496 3663 4567 Ejusdem
3722 4512 3845 4567 ope-

554 4600 632 4652 ris
682 4595 923 4650 meminit
964 4595 1232 4650 Possidius
1262 4596 1310 4647 in
1346 4593 1596 4655 lndicnlo,
1626 4608 1744 4661 cap.
1777 4590 1860 4655 10,
1894 4599 1945 4644 et
1976 4589 2227 4643 nonnulla
2252 4604 2317 4643 ex
2348 4588 2537 4643 eodem
2578 4590 2712 4645 libro
2741 4598 2989 4659 excerpta
3036 4590 3087 4644 in
3119 4592 3229 4645 suis
3255 4591 3600 4645 collectaneis
3639 4593 3839 4661 profert

562 4685 705 4741 Beda
735 4700 827 4740 seu
854 4685 1061 4749 Florus,
1093 4694 1142 4739 et
1170 4684 1259 4754 qui
1284 4685 1350 4740 ab
1369 4682 1648 4754 Augustini
1670 4691 1910 4752 tempore
1936 4681 2179 4750 pr0prius
2195 4679 2355 4734 distat
2383 4681 2669 4750 Eugypius.
2719 4680 2852 4735 Hinc
2873 4696 3097 4737 censura
3118 4682 3373 4737 refellitur
3419 4682 3683 4737 Desiderii
3719 4684 3843 4738 Era-

561 4778 690 4843 smi,
721 4791 880 4847 quam
908 4777 959 4831 in
989 4776 1160 4830 fronte
1182 4776 1322 4831 Libri
1350 4774 1595 4846 prmfixit,
1627 4772 1794 4829 videri
1843 4772 1942 4827 sibi
1969 4786 2087 4827 esse
2116 4771 2369 4842 Hugonis,
2397 4778 2452 4825 et
2482 4772 2712 4841 phrasim
2735 4787 2958 4843 arguere
2985 4774 3124 4844 quod
3157 4788 3261 4828 non
3308 4775 3377 4829 sit
3399 4777 3705 4845 Augustini.
3736 4776 3836 4831 Sti-

561 4875 653 4930 lus
669 4880 723 4927 et
750 4871 933 4938 dictio,
981 4879 1167 4925 nostro
1193 4870 1404 4940 quidem
1443 4868 1664 4939 judicio,
1712 4866 1900 4921 similis
1927 4864 2145 4920 omnino
2174 4873 2257 4919 est
2302 4864 2588 4919 multorum
2647 4865 2926 4935 Augustini
2964 4864 3301 4929 Semnonum,
3328 4881 3514 4922 eorum
3546 4870 3842 4939 praesertim

565 4980 698 5034 quos
718 4964 906 5035 primis
934 4964 1090 5018 annis
1128 4962 1262 5018 dixit
1285 4963 1398 5017 sive
1421 4960 1659 5016 dictavit.
1689 4958 1839 5013 Hunc
1858 4972 1985 5013 vero
2009 4958 2202 5012 librum
2252 4956 2565 5011 Sermonem
2588 4957 2870 5027 quemdam
2895 4973 3035 5023 esse,
3069 4974 3226 5028 quem
3259 4958 3459 5014 idcirco
3500 4962 3552 5014 in
3580 4961 3840 5016 librorum

565 5071 784 5111 suorum
810 5053 1289 5110 Retractationibus
1316 5052 1587 5123 praeteriit,
1616 5051 1732 5119 ipso
1770 5047 1898 5103 satis
1925 5047 2143 5101 exordio
2168 5045 2485 5101 declaratur.
2512 5047 2601 5101 Sic
2627 5063 2755 5102 vero
2780 5048 3048 5117 appellant
3068 5058 3274 5103 veteres
3293 5049 3431 5113 libri,
3464 5066 3676 5106 necnon
3708 5052 3835 5106 Pos.

572 5149 760 5212 sidius,
789 5148 1058 5219 Eugypius
1094 5154 1149 5202 et
1168 5147 1377 5202 Florus.
1404 5143 1696 5201 Commode
1711 5124 1868 5198 etiam
1898 5140 1948 5193 in
1974 5140 2177 5209 priores
2204 5153 2374 5193 annos
2401 5140 2564 5207 ipsius
2604 5139 2841 5195 revocari
2869 5154 3025 5195 nemo
3072 5141 3380 5209 negaverit;
3409 5140 3838 5213 quandoquidem

566 5250 620 5294 et
646 5239 854 5309 longior
875 5240 1066 5295 Sermo
1094 5252 1195 5304 est,
1220 5250 1274 5295 et
1311 5254 1555 5307 magnam
1603 5244 1805 5309 partem
1830 5243 2013 5290 contra
2047 5230 2383 5295 Maniclmos,
2411 5246 2636 5300 quorum
2666 5232 2910 5287 hmresim
2943 5232 3265 5302 Augustinus
3293 5234 3523 5289 maxime
3552 5234 3704 5289 initio
3730 5247 3836 5286 suae

578 5331 942 5387 conversionis
961 5332 1210 5390 insectari
1236 5333 1463 5389 solebat.
