4024 6522
595 440 693 498 351

590 548 821 603 dixerint
846 545 1025 601 corde.
1058 545 1134 599 Ac
1163 558 1259 613 per
1286 542 1387 598 hoc
1417 542 1665 613 quoniam
1690 544 1856 597 multa
1883 549 2007 597 sunt
2036 554 2167 611 pec-

590 652 706 695 cata
730 640 780 693 in
805 637 1146 692 interioribus
1174 636 1330 691 dictis
1349 678 1363 701 ,
1386 652 1502 706 qua:
1532 651 1635 690 non
1664 644 1788 691 sunt
1815 636 1865 690 in
1885 632 2173 689 exteriori—

590 737 689 790 bus
720 735 906 799 factis;
938 735 1076 789 nulla
1105 742 1230 788 sunt
1262 742 1439 787 autem
1489 731 1542 786 in
1588 731 1940 786 exterioribus
1968 728 2123 783 factis
2152 767 2168 794 ,

589 843 709 896 qua:
738 843 843 881 non
874 826 1177 896 praecedant
1202 826 1253 879 in
1303 824 1642 879 interioribus
1669 822 1826 879 dictis
1852 824 1869 855 ¹
1905 840 1919 878 :
1951 823 2053 878 erit
2106 820 2175 876 ab

588 921 825 989 utrisque
846 921 1048 991 puritas
1074 918 1394 975 innocentire
1418 960 1433 985 ,
1460 918 1506 973 si
1528 918 1730 973 circum
1758 916 2009 973 interiora
2036 914 2174 970 labia

589 1021 818 1081 ponatur
839 1013 1034 1067 ostium
1064 1011 1428 1067 continentiae.

660 1104 714 1157 4.
747 1103 973 1174 Pr0pter
998 1104 1138 1174 quod
1178 1104 1336 1157 etiam
1388 1102 1501 1171 ipse
1542 1116 1637 1157 ore
1674 1100 1891 1171 proprio
1917 1099 2174 1155 Dominus

585 1192 660 1246 ait
689 1210 702 1245 :
737 1191 986 1246 Mundate
1008 1210 1119 1263 qua:
1146 1194 1279 1246 intus
1305 1201 1451 1257 sunt,
1474 1202 1520 1245 et
1545 1207 1659 1262 qua:
1695 1191 1820 1260 foris
1845 1199 1959 1245 sunt
1986 1189 2174 1243 munda

586 1293 734 1338 erunt
755 1283 964 1355 (.llatth.
992 1301 1144 1350 xxm,
1162 1284 1274 1354 26).
1301 1283 1654 1353 ltemquealio
1678 1283 1795 1337 loco
1812 1296 1931 1337 cum
1958 1281 2171 1337 Judteo-

587 1390 707 1429 rum
764 1376 1093 1446 stultiloquia
1167 1376 1461 1441 refutaret,
1537 1376 1658 1446 quia
1710 1375 2169 1430 calumniabantur

587 1468 864 1537 discipulis
887 1469 1003 1538 ejus
1041 1486 1146 1524 non
1194 1470 1314 1524 lotis
1370 1468 1617 1523 manibus
1666 1467 2112 1523 manducantibns
2154 1485 2166 1521 :

591 1559 716 1613 Non
745 1561 879 1630 quod
901 1562 1055 1615 intrat
1082 1564 1134 1616 in
1163 1580 1220 1617 os
1242 1604 1257 1627 ,
1289 1563 1492 1633 inquit,
1532 1562 1820 1631 coinquinat
1868 1562 2121 1615 hominem
2150 1580 2168 1627 ;

586 1652 677 1703 sed
699 1652 834 1720 quod
856 1654 1080 1722 procedit
1100 1670 1161 1707 ex
1180 1670 1265 1707 ore
1285 1696 1300 1720 ,
1324 1653 1416 1708 hoc
1440 1654 1726 1723 coinquinat
1748 1654 2017 1708 hominem.
2039 1654 2172 1720 Quie

587 1743 852 1796 sententia
881 1742 927 1796 si
958 1753 1062 1798 tota
1087 1744 1155 1798 de
1184 1760 1277 1798 ore
1305 1745 1547 1814 corporis
1573 1745 1866 1815 accipiatur
1884 1789 1899 1811 ,
1931 1744 2162 1799 absurda

584 1841 689 1887 est.
714 1833 896 1904 Neque
927 1836 1069 1890 enim
1117 1852 1272 1905 quem
1306 1853 1409 1891 non
1453 1838 1763 1907 coinquinat
1806 1839 1989 1903 cibus,
2020 1837 2168 1893 coin-

584 1925 769 1993 quinat
800 1928 1052 1982 vomitus.
1084 1928 1248 1982 Cibus
1271 1930 1467 1999 quippe
1506 1931 1556 1983 in
1584 1946 1646 1984 os
1695 1930 1893 1997 intrat,
1937 1933 2167 1987 vomitus

587 2029 653 2068 ex
685 2032 776 2070 ore
800 2017 1057 2085 procedit.
1087 2019 1192 2075 Sed
1216 2021 1582 2089 proculdubio
1610 2023 1785 2092 priora
1813 2023 1971 2078 verba
2000 2025 2165 2095 perti-

588 2115 716 2160 nent
739 2106 805 2160 ad
837 2123 896 2160 os
923 2109 1134 2173 carnis,
1166 2109 1252 2163 ubi
1280 2111 1387 2174 ait,
1436 2109 1556 2165 Non
1606 2112 1741 2183 quod
1779 2114 1931 2167 intrat
1976 2115 2030 2168 in
2059 2132 2115 2168 os
2148 2157 2163 2179 ,

584 2197 876 2268 coinquinat
906 2199 1194 2265 hominem;
1223 2201 1519 2270 posteriora
1550 2218 1677 2257 vero
1724 2202 1790 2257 ad
1836 2218 1898 2258 os
1945 2204 2122 2259 cordis
2147 2247 2162 2269 ,

586 2286 675 2339 ubi
706 2289 812 2353 ait,
840 2290 928 2342 sed
951 2291 1085 2360 quod
1113 2292 1335 2361 procedit
1361 2309 1425 2346 ex
1466 2309 1583 2357 ore,
1634 2294 1727 2347 hoc
1770 2296 2058 2364 coinquinat
2082 2297 2166 2351 ho-

583 2378 786 2431 minem.
823 2381 1061 2451 Denique
1089 2398 1211 2437 cum
1233 2384 1300 2437 ab
1324 2384 1413 2438 illo
1434 2387 1703 2453 apostolus
1730 2386 1920 2441 Petrus
1946 2390 2162 2458 exposi-

585 2468 785 2524 tionem
814 2472 957 2526 velut
988 2474 1254 2542 parabolae
1280 2474 1435 2543 hujus
1456 2476 1797 2545 exquireret,
1829 2476 1915 2532 ille
1937 2493 2162 2548 respono

580 2558 661 2612 dit
689 2577 702 2611 :
732 2561 910 2615 Adhuc
928 2572 974 2615 et
999 2578 1084 2616 vos
1103 2565 1212 2619 sine
1233 2566 1487 2619 intellectu
1511 2568 1629 2620 estis
1648 2567 1674 2620 Ρ
1715 2584 1815 2621 non
1838 2568 2121 2640 intelligitis
2144 2612 2161 2636 ,

578 2650 696 2717 quia
725 2668 870 2705 omne
891 2653 1027 2723 quod
1055 2655 1105 2708 in
1133 2672 1188 2709 os
1230 2658 1422 2723 intrat,
1452 2659 1505 2711 in
1552 2669 1769 2712 ventrem
1813 2660 1988 2726 vadit,
2034 2671 2082 2715 et
2110 2663 2163 2717 in

577 2758 823 2796 secessum
850 2746 1131 2801 emittitur?
1157 2747 1252 2801 llic
1280 2758 1427 2803 certe
1456 2750 1506 2804 in
1533 2750 1672 2819 quod
1697 2751 1859 2805 intrat
1887 2752 2038 2806 cibus
2056 2793 2071 2817 ,
2100 2768 2162 2806 os

578 2834 755 2887 carnis
802 2837 1162 2905 agnoscimus.
1212 2838 1268 2892 ln
1317 2840 1397 2893 his
1441 2855 1570 2894 vero
1610 2857 1729 2911 qua:
1776 2841 2050 2912 adjungit,
2106 2850 2164 2898 ut

576 2938 990 2992 agnosceremus
1019 2942 1081 2981 os
1101 2929 1279 2982 cordis
1299 2954 1337 2992 ,κ
1362 2945 1466 2983 non
1511 2940 1826 2999 sequeretur
1853 2934 2020 2987 nostri
2050 2942 2159 2988 tar-

578 3017 720 3072 ditas
748 3019 925 3073 cordis
950 3061 965 3085 ,
1001 3020 1103 3074 nisi
1131 3030 1184 3075 et
1212 3037 1333 3075 cum
1365 3023 1530 3077 tardis
1547 3023 1820 3079 ambulare
1846 3025 2056 3081 Veritas
2081 3026 2161 3081 di-

576 3120 850 3179 gnaretur.
884 3111 972 3165 Ait
995 3112 1137 3165 enim
1160 3155 1174 3179 ,
1208 3113 1336 3180 Quae
1359 3125 1525 3168 autem
1556 3116 1836 3185 procedunt
1863 3117 1927 3171 de
1960 3135 2064 3185 ore,
2101 3119 2164 3173 de

577 3204 729 3256 corde
754 3213 969 3269 exeunt;
998 3213 1251 3275 tanquam
1276 3207 1506 3271 (liceret,
1538 3209 1670 3262 (Inm
1701 3210 1853 3264 audis
1880 3210 1942 3264 de
1965 3228 2068 3275 ore,
2094 3212 2161 3266 de

578 3296 740 3351 corde
759 3298 1009 3367 intelligo.
1040 3298 1330 3368 Utrumque
1352 3300 1472 3355 dico
1496 3317 1510 3366 ;
1544 3302 1637 3355 sed
1660 3302 1884 3357 alterum
1902 3318 1966 3357 ex
1992 3304 2162 3359 altero

578 3402 811 3456 expono.
845 3389 1013 3444 Habet
1036 3404 1097 3445 os
1120 3391 1343 3445 interius
1368 3393 1527 3447 homo
1554 3393 1808 3461 interior,
1840 3404 1894 3449 et
1924 3396 2024 3450 hoc
2053 3396 2163 3450 dis-

578 3480 751 3533 cernit
775 3482 919 3535 auris
947 3482 1170 3536 interior
1194 3500 1206 3534 :
1235 3484 1301 3536 de
1332 3484 1432 3538 hoc
1478 3499 1573 3538 ore
1599 3500 1719 3552 quae
1748 3484 2060 3554 procedunt,
2092 3487 2160 3542 de

575 3570 739 3625 corde
766 3581 1001 3637 exeunt,
1031 3581 1085 3627 et
1113 3590 1172 3628 ea
1214 3576 1555 3644 coinquinant
1610 3577 1900 3632 hominem.
1960 3580 2160 3637 Deinde

571 3661 682 3731 jam
714 3663 904 3717 relicto
926 3665 1033 3718 oris
1060 3666 1274 3721 nomine
1296 3707 1312 3731 ,
1358 3667 1497 3736 quod
1521 3677 1699 3737 potest
1736 3678 1791 3723 et
1828 3669 1895 3724 de
1934 3686 2159 3742 corpore

577 3752 793 3821 intelligi
819 3794 834 3819 ,
862 3756 1097 3823 apertius
1122 3757 1246 3824 quid
1275 3757 1417 3811 dicat
1446 3759 1680 3814 ostendit
1705 3776 1717 3813 :
1747 3759 1827 3813 De
1850 3761 2001 3816 corde
2026 3764 2157 3817 enim

576 3852 777 3905 exeunt,
807 3844 1007 3913 inquit,
1031 3847 1353 3916 cogitationes
1372 3851 1536 3913 matre,
1561 3852 1862 3919 homicidia,
1887 3852 2154 3918 adulteria,

578 3934 968 4003 fornicationes,
1018 3942 1183 4006 furta,
1232 3939 1365 4009 falsa
1421 3941 1739 4008 testimonia,
1793 3942 2156 4010 blasphemiae:

574 4025 681 4075 [nec
698 4034 813 4078 sunt
859 4042 974 4095 qua:
1019 4029 1341 4098 coinquinant
1386 4031 1673 4104 hontinem(
1703 4031 1790 4086 Id.
1818 4050 1917 4100 xv,
1945 4036 2154 4107 11-20).

572 4112 712 4168 Nihil
760 4124 842 4169 est
887 4126 1033 4171 certe
1089 4119 1311 4173 istorum
1361 4124 1662 4189 malorum,
1695 4140 1813 4193 qua:
1855 4128 2155 4195 perpetrari

574 4205 733 4257 etiam
764 4207 1018 4260 membris
1044 4212 1284 4277 corporis
1313 4222 1567 4279 possunt,
1599 4214 1743 4282 quod
1768 4217 2020 4285 cogitatio
2050 4235 2155 4273 non

575 4294 857 4348 antecedat
907 4298 1075 4362 mala,
1128 4308 1180 4352 et
1223 4301 1532 4368 coinquinet
1590 4303 1902 4370 hominem,
1946 4307 2154 4363 etiamsi

575 4384 773 4453 aliquid
813 4384 1065 4455 impediat
1104 4404 1169 4443 ne
1194 4390 1585 4460 subsequantur
1607 4409 1768 4463 opera
1815 4394 2075 4465 ﬂagitiosa
2104 4409 2158 4453 et

572 4476 873 4532 facinorOsa
921 4480 1294 4535 membrorum.
1327 4483 1382 4539 Si
1435 4486 1577 4539 enim
1629 4487 1751 4555 quia
1784 4496 2018 4557 potestas
2049 4507 2153 4546 non

575 4569 733 4623 datur
753 4572 773 4601 ³
800 4613 814 4635 ,
847 4582 998 4625 vacat
1022 4588 1209 4629 manus
1236 4576 1302 4630 ab
1323 4577 1552 4632 hominis
1579 4580 1971 4649 interiectione,
2002 4601 2156 4639 num-

571 4661 698 4731 quid
723 4663 841 4717 ideo
863 4665 1116 4718 mundqu
1144 4675 1226 4720 est
1249 4667 1317 4721 ab
1343 4669 1546 4725 scelere
1569 4687 1663 4725 cor
1704 4673 2026 4728 homicida}?
2048 4676 2156 4730 Aut

570 4752 615 4805 si
642 4768 754 4806 rem
787 4753 1067 4823 subripere
1112 4756 1374 4823 alienam,
1404 4775 1509 4813 non
1557 4771 1611 4815 ut
1649 4764 1768 4832 quis
1789 4764 1899 4819 vult
1937 4776 2109 4835 potest
2136 4811 2152 4830 ,

569 4846 826 4916 numquid
853 4846 974 4901 ideo
1018 4847 1071 4901 in
1107 4849 1217 4917 ipsa
1248 4851 1515 4908 voluntate
1546 4853 1630 4909 fur
1673 4871 1780 4909 non
1811 4858 1936 4911 est?
1967 4859 2069 4913 Aut
2110 4860 2154 4915 si

566 4949 712 4992 casta
740 4946 851 5003 est,
881 4954 1038 5008 quam
1058 4941 1169 4994 vult
1193 4942 1493 4999 adulterare
1522 4961 1625 4999 non
1652 4957 1829 5003 castus
1851 4992 1865 5015 ,
1900 4950 2018 5004 ideo
2036 4968 2153 5007 eam

568 5045 672 5084 non
705 5040 789 5085 est
818 5032 869 5085 in
894 5032 1058 5087 corde
1082 5033 1419 5089 mmehatus?
1447 5038 1552 5091 Aut
1577 5038 1620 5090 si
1647 5041 1902 5094 meretrix
1940 5057 2042 5096 non
2072 5044 2151 5097 in-

566 5124 808 5179 veniatur
833 5125 884 5179 in
913 5123 1147 5193 fornice,
1182 5126 1301 5182 ideo
1327 5130 1415 5199 qui
1444 5144 1559 5184 eam
1589 5133 1778 5200 quzerit
1797 5174 1810 5196 ,
1845 5149 1949 5187 nou
1983 5136 2153 5191 forni-

570 5222 723 5268 catur
744 5216 796 5270 in
842 5217 1062 5271 mente?
1091 5218 1197 5273 Aut
1223 5219 1267 5273 si
1305 5220 1537 5289 cupienti
1571 5239 1666 5292 per
1697 5225 2031 5281 mendacium
2064 5228 2154 5282 lae-

568 5306 701 5361 dere
728 5308 1026 5376 proximum
1047 5349 1063 5376 ,
1094 5317 1303 5380 tempus
1334 5314 1419 5368 vel
1442 5315 1591 5370 locus
1613 5316 1789 5382 desit,
1818 5318 1936 5373 ideo
1962 5320 2151 5376 falsum

566 5397 935 5451 testimonium
968 5414 1073 5453 non
1097 5416 1189 5456 ore
1215 5403 1466 5460 interiore
1482 5406 1591 5475 jam
1615 5407 1748 5463 dixit
1773 5409 1795 5463 ?
1817 5410 1978 5465 Autsi
2008 5414 2155 5482 quis-

573 5503 730 5553 quam
768 5489 1013 5544 homines
1034 5491 1256 5558 timens,
1291 5512 1395 5550 non
1423 5504 1615 5554 audeat
1642 5501 1816 5570 lingua
1842 5505 2019 5559 carnis
2060 5519 2154 5559 so-

574 5593 699 5632 nare
750 5578 1175 5649 blasphemiam,
1229 5585 1348 5641 ideo
1413 5604 1518 5643 non
1561 5601 1644 5645 est
1700 5592 1858 5663 hujus
1905 5595 2152 5653 criminis

576 5683 719 5735 lens,
772 5673 858 5740 qui
916 5671 1046 5726 dicit
1095 5673 1148 5729 in
1204 5677 1368 5733 corde
1394 5693 1527 5747 suo,
1577 5682 1784 5740 Nonest
1803 5686 1940 5743 Deus
1973 5688 2150 5760 (Psal.

632 5821 918 5900 :ficaliquot
932 5827 1165 5900 Mssfditi
1182 5844 1318 5888 vero,
1334 5832 1595 5893 procedant
1605 5837 1662 5900 ab
1678 5838 1974 5900 ulterioribus
1987 5848 2147 5900 dictis.

578 5944 579 5947 η
630 5882 650 5911 ⁸
669 5888 741 5933 6r.
769 5882 978 5939 etatis:
1023 5887 1071 5939 si
1089 5890 1211 5943 enim
1242 5882 1448 5956 potestas
1472 5906 1563 5945 non
1580 5882 1974 5956 datu}?
1987 5882 2140 5976 “qm:

1662 429 1752 486 DE
1790 420 2266 485 CONTINENTIA,
2307 417 2364 476 S.
2406 420 2772 480 AUGUSTINI
3753 438 3842 492 εἰς

2278 547 2410 598 xm,
2477 533 2572 604 1)?
2618 534 2692 589 lta
2738 545 2931 594 caetera
2986 539 3122 595 mala
3171 539 3309 597 iacta
3368 541 3643 600 hominum
3676 586 3691 612 ,
3733 563 3835 618 quin

2284 623 2465 679 nullus
2488 626 2595 695 agit
2621 628 2863 696 corporis
2891 637 3105 697 motus,
3160 646 3280 701 quae
3324 635 3495 689 nescit
3548 636 3688 690 ullus
3728 653 3833 692 cor-

2285 714 2434 784 poris
2457 730 2646 771 sensus
2664 758 2680 783 ,
2704 733 2826 775 reos
2853 735 2981 775 suos
3008 722 3249 778 occultos
3274 724 3506 792 habent;
3533 743 3669 797 quos
3690 729 3836 784 etiam

2278 807 2426 862 solus
2452 808 2692 878 inquinat
2721 809 2774 865 in
2803 812 3124 883 cogitatione
3144 830 3441 874 consensus
3465 860 3482 885 ,
3521 819 3576 874 id
3602 829 3715 886 est,
3740 824 3835 877 oris

2279 897 2548 955 interioris
2574 902 2793 957 verbum
2825 905 3134 976 malignum.
3160 907 3217 963 lu
3245 909 3386 979 quod
3412 911 3609 967 timens
3646 913 3729 968 ille
3755 914 3829 970 de-

2278 991 2582 1048 clinaricor
2628 1008 2820 1061 suum,
2849 999 3044 1054 ostium
3071 1001 3414 1057 continentiae
3464 1004 3668 1061 circum
3712 1008 3834 1064 labia

2277 1084 2388 1138 oris
2419 1084 2572 1153 hujus
2594 1087 2716 1156 poni
2744 1090 2916 1158 poscit
2933 1105 2964 1145 a
2987 1092 3212 1147 Domino
3231 1135 3247 1161 ,
3273 1095 3415 1165 quod
3446 1098 3715 1153 contineat
3736 1115 3837 1166 cor,

2277 1189 2347 1229 ne
2383 1175 2679 1233 declinetur
2717 1179 2769 1233 in
2798 1182 2961 1238 verba
3000 1183 3227 1255 maligna
3260 1187 3577 1243 :contineat
3626 1199 3834 1259 autem,

2276 1283 2383 1323 non
2399 1269 2623 1325 sinendo
2641 1272 3018 1342 cogitationem
3040 1277 3333 1347 procedere
3350 1280 3403 1334 in
3423 1283 3837 1348 consensionem;

2276 1359 2355 1415 sic
2378 1363 2521 1417 enim
2545 1365 2836 1421 secundum
2867 1380 3191 1441 praeceptum
3222 1374 3607 1444 apostolicum,
3640 1392 3744 1433 non
3768 1394 3842 1434 re-

2275 1462 2405 1521 gnat
2430 1465 2702 1524 peccatum
2729 1458 2782 1513 in
2806 1469 2990 1515 nostro
3014 1464 3227 1519 mortali
3248 1480 3492 1536 corpore,
3518 1484 3691 1539 neque
3705 1470 3845 1526 exhi-

2274 1543 2460 1600 bemus
2490 1548 2725 1603 mentbra
2758 1560 2939 1606 nostra
2960 1555 3415 1628 armainiquitatis
3432 1570 3653 1629 peccato
3677 1561 3838 1635 (Rom.

2274 1650 2324 1688 vi
2346 1676 2362 1701 ,
2394 1636 2494 1705 l2,
2527 1639 2638 1710 15).
2671 1644 2716 1695 A
2742 1657 2849 1712 quo
2874 1654 3141 1714 praecepto
3169 1647 3440 1717 implendo
3471 1652 3654 1722 utique
3691 1654 3839 1710 alieni

2273 1738 2431 1794 sunt,
2460 1734 2549 1801 qui
2578 1733 2646 1789 ob
2663 1733 2764 1789 hoc
2778 1735 2842 1789 ad
2873 1738 3199 1806 peccandum
3223 1741 3464 1796 membra
3494 1758 3599 1797 non
3620 1757 3841 1811 movent,

2271 1838 2393 1891 quia
2427 1832 2662 1893 potestas
2693 1828 2832 1881 nulla
2864 1830 3190 1898 permittitur
3215 1848 3229 1886 :
3257 1847 3376 1902 quae
3404 1834 3448 1888 si
3479 1833 3655 1901 adsit,
3682 1836 3841 1905 proti-

2271 1931 2371 1970 nus
2392 1932 2457 1971 ex
2488 1920 2850 1974 membrorum
2873 1921 3020 1976 velut
3065 1937 3335 1980 armorum
3360 1927 3623 1993 motibus,
3651 1931 3763 1998 quis
3791 1931 3836 1985 in

2270 2008 2347 2062 eis
2396 2008 2536 2063 intus
2583 2021 2811 2080 regnet,
2860 2014 3167 2070 ostendunt.
3201 2016 3435 2073 Proinde
3482 2031 3737 2090 quantum
3790 2025 3840 2077 in

2270 2099 2397 2168 ipsis
2419 2108 2527 2161 est,
2558 2102 2795 2156 membra
2825 2118 2919 2158 sua
2943 2104 3200 2162 exhibent
3226 2122 3375 2163 arma
3406 2108 3695 2178 iniquitatis
3720 2128 3836 2183 pec-

2269 2198 2420 2253 cato;
2445 2191 2565 2260 quia
2586 2191 2687 2245 hoc
2714 2193 2930 2261 volunt,
2962 2196 3103 2265 quod
3132 2208 3412 2268 propterea
3436 2215 3541 2254 non
3569 2202 3834 2270 exhibent,

2268 2282 2389 2351 quia
2420 2297 2523 2337 non
2550 2296 2788 2353 possunt.

2339 2373 2392 2428 5.
2434 2374 2511 2427 Ac
2542 2390 2635 2443 per
2665 2377 2763 2431 hoc
2795 2377 2878 2431 illa
2912 2395 3031 2448 quzc
3059 2380 3375 2450 genitalibus
3414 2383 3667 2439 membris
3702 2386 3841 2455 pudi-

2268 2462 2389 2515 citia
2424 2464 2706 2521 refrenatis
2726 2510 2740 2531 ,
2775 2469 2911 2524 solet
2938 2472 3168 2545 maxime
3194 2488 3257 2528 ac
3286 2476 3495 2545 proprie
3521 2476 3838 2532 continentia

2269 2556 2572 2621 nominari,
2611 2559 2752 2612 nulla
2788 2542 3208 2632 transgressione
3234 2564 3483 2630 violatur,
3524 2566 3571 2620 si
3614 2569 3844 2638 superior

2268 2648 2615 2709 Continentia,
2639 2649 2705 2703 de
2729 2666 2830 2719 qua
2855 2650 3061 2722 jamdiu
3089 2653 3376 2724 loquimur,
3403 2656 3453 2709 in
3484 2656 3648 2712 corde
3670 2674 3845 2712 serve-

2273 2746 2377 2791 tur.
2407 2739 2693 2809 Propterea
2725 2743 2979 2798 Dominus
3007 2761 3128 2800 cum
3178 2747 3418 2813 dixisset,
3447 2748 3526 2803 De
3550 2751 3704 2805 corde
3725 2754 3845 2806 enim

2266 2841 2445 2884 exeunt
2485 2834 2811 2903 cogitationes
2857 2838 3045 2902 matre;
3082 2837 3274 2893 deinde
3316 2841 3440 2910 quid
3484 2844 3747 2911 pertineat
3784 2846 3843 2899 ad

2264 2922 2619 2990 Cogitationes
2646 2926 2813 2979 malas
2840 2939 3055 2982 secutus
3082 2928 3340 2998 adjunxit,
3373 2932 3671 2999 homicidia,
3701 2935 3842 2987 adul-

2267 3012 2413 3078 teria,
2463 3021 2516 3066 et
2563 3024 2772 3069 cmtera.
2805 3015 2916 3072 Nec
2961 3018 3092 3072 dixit
3135 3020 3349 3085 omnia;
3393 3021 3485 3076 sed
3537 3024 3846 3093 quibusdam

2266 3105 2503 3174 exempli
2529 3107 2696 3176 gratia
2725 3110 3011 3165 nominatis
3036 3120 3090 3165 et
3115 3112 3215 3165 alia
3248 3113 3587 3185 intelligenda
3618 3131 3847 3171 commo-

2265 3197 2398 3251 nuit.
2432 3197 2667 3265 Quorum
2702 3200 2830 3255 nihil
2860 3213 2942 3256 est
2968 3202 3108 3273 quod
3142 3205 3253 3259 ﬁeri
3286 3207 3487 3275 possit,
3519 3207 3565 3261 si
3595 3208 3733 3262 mala
3762 3225 3847 3265 co-

2264 3290 2449 3360 gitatio
2494 3309 2599 3346 non
2646 3297 3001 3364 pra‘cesserit,
3029 3314 3132 3368 qua
3166 3298 3308 3353 intus
3340 3286 3635 3357 instituitur
3667 3305 3685 3335 ⁸
3716 3306 3849 3375 quod

2264 3380 2394 3435 foris
2423 3382 2636 3453 agitur;
2669 3396 2723 3440 et
2751 3402 2813 3440 ex
2846 3402 2939 3442 ore
2976 3389 3156 3443 cordis
3185 3393 3514 3460 procedens,
3544 3393 3659 3463 jam
3704 3398 3851 3450 coin-

2263 3474 2449 3544 quinat
2477 3475 2771 3544 hominem,
2800 3480 3009 3534 etiamsi
3037 3482 3178 3536 nulla
3208 3482 3455 3539 facultate
3484 3487 3747 3555 permissa
3779 3488 3852 3542 lo-

2263 3567 2337 3621 ris
2384 3583 2478 3636 pcr
2522 3569 2761 3624 membra
2803 3572 3047 3641 corporis
3093 3590 3199 3628 non
3248 3586 3452 3646 agatur.
3484 3578 3669 3632 Posito
3700 3581 3853 3650 igitur

2263 3658 2402 3710 ostio
2431 3660 2775 3715 continentia:
2807 3662 2859 3716 in
2886 3678 2979 3718 ore
3014 3664 3209 3731 cordis,
3256 3668 3395 3722 unde
3430 3660 3623 3723 cuncta
3654 3684 3852 3726 exeunt

2262 3764 2381 3819 qua:
2409 3750 2758 3821 coinquinant
2783 3753 3079 3820 hominem,
3109 3759 3151 3811 si
3184 3758 3255 3812 nil
3287 3761 3388 3815 tale
3420 3761 3542 3816 inde
3575 3766 3853 3832 permitta-

2264 3848 2349 3892 tur
2378 3842 2544 3907 exire,
2583 3844 2825 3912 sequitur
2858 3846 3113 3901 munditia
3146 3864 3247 3917 qua
3288 3850 3453 3918 possit
3478 3852 3585 3920 jam
3620 3854 3857 3922 gaudere

2261 3932 2623 3997 conscientia;
2653 3936 2898 4002 quamvis
2941 3938 3172 3991 nondum
3216 3940 3284 3991 sit
3326 3940 3411 3994 illa
3456 3942 3743 4012 perfectio,
3774 3946 3852 3999 ubi

2262 4035 2367 4075 non
2418 4022 2707 4078 luctabitur
2752 4041 2872 4079 cum
2921 4028 3049 4081 vitio
3094 4030 3444 4085 continentia.
3483 4032 3633 4089 Nunc
3675 4047 3853 4091 autem

2261 4115 2512 4184 quamdiu
2544 4119 2874 4187 concupiscit
2908 4134 3035 4175 caro
3069 4122 3326 4176 adversus
3356 4126 3623 4194 spiritum,
3656 4140 3718 4185 et
3747 4132 3855 4199 spi-

2262 4207 2395 4260 ritus
2424 4206 2679 4261 adversus
2709 4226 2924 4264 carnem
2963 4212 2979 4283 (
3008 4211 3180 4266 (ἐρισι.
3210 4231 3263 4280 v,
3299 4217 3361 4269 l7
3392 4215 3431 4286 ).
3462 4228 3544 4272 sat
3578 4230 3665 4274 est
3704 4222 3857 4275 nobis

2262 4313 2367 4351 non
2411 4300 2713 4356 consentire
2758 4303 2911 4356 malis
2955 4320 3074 4373 qua:
3118 4308 3376 4362 sentimus
3420 4309 3472 4364 in
3510 4310 3689 4365 nobis.
3722 4313 3855 4368 Cum

2259 4396 2435 4442 autem
2468 4388 2527 4443 ﬁt
2555 4390 2652 4444 ista
2680 4394 2981 4457 consensio,
3008 4404 3134 4449 tunc
3163 4398 3271 4451 exit
3299 4415 3361 4452 ex
3391 4415 3483 4455 ere
3505 4403 3687 4457 cordis
3712 4406 3858 4475 quod

2259 4479 2570 4548 Coinquinat
2618 4481 2910 4536 hominem.
2956 4484 3090 4539 Cum
3138 4503 3266 4542 vero
3317 4504 3413 4557 per
3461 4494 3855 4549 continentiam

2259 4571 2544 4626 consensio
2574 4588 2678 4626 non
2707 4583 2923 4648 tenetur
2945 4578 2985 4640 ',
3013 4577 3210 4633 malum
3241 4582 3693 4651 concupiscentire
3735 4602 3859 4640 car-

2259 4664 2418 4731 nalis,
2449 4675 2635 4719 contra
2666 4669 2806 4736 quod
2840 4680 3035 4740 pugnat
3064 4675 3493 4744 concupiscentia
3534 4678 3862 4747 Spiritualis,

2260 4772 2456 4811 nocere
2478 4774 2582 4812 non
2611 4758 2821 4814 sinitur.

2328 4847 2555 4903 CAPUT
2595 4849 2682 4903 Ill.
2705 4881 2772 4890 —
2794 4851 2844 4906 6.
2866 4850 3194 4909 Continentiaa
3214 4873 3382 4928 pugna
3411 4868 3586 4913 contra
3618 4860 3864 4918 libidines

2258 4939 2500 5007 quamdiu
2520 4958 2693 4995 sumus
2719 4942 2770 4995 in
2796 4945 2890 4996 hac
2910 4946 3029 4999 vita.
3061 4945 3244 5017 Pugna
3271 4950 3463 5003 interna
3487 4956 3866 5025 concupisce»-

2259 5036 2443 5084 tiaram
2476 5050 2574 5087 non
2600 5046 2805 5105 experta
2834 5038 2932 5090 nisi
2960 5038 3281 5094 bellatoribus
3310 5044 3562 5097 uirtutum.
3596 5046 3865 5118 Concupi-

2258 5125 2445 5177 scentia
2472 5142 2562 5193 per
2591 5126 2749 5197 legem
2777 5131 3114 5200 cognoscitur,
3150 5135 3350 5187 nonnisi
3379 5153 3467 5205 per
3494 5140 3721 5207 gratiam
3752 5143 3869 5194 nin-

2258 5216 2409 5268 citur.
2456 5215 2797 5286 Pugnandum
2848 5238 2910 5275 ne
2962 5224 3151 5291 peccati
3198 5227 3605 5295 concupiscentia
3654 5244 3865 5303 regnet.

2264 5304 2434 5373 Opera
2461 5309 2628 5361 carnis
2658 5312 3030 5380 mortiﬁcanda.
3059 5314 3165 5369 Sed
3194 5317 3339 5371 aliud
3369 5329 3451 5373 est
3478 5320 3615 5375 bene
3643 5338 3859 5393 pugna-

2258 5412 2339 5461 re,
2366 5398 2505 5467 quod
2534 5415 2675 5455 nunc
2706 5412 2808 5468 est,
2837 5405 3050 5473 quando
3076 5408 3263 5462 mortis
3284 5413 3614 5465 contentioni
3640 5416 3866 5468 resisti-

2260 5497 2345 5544 tur
2372 5490 2411 5555 ³;
2435 5491 2577 5546 aliud
2617 5493 2979 5550 adversarium
3014 5512 3118 5552 non
3149 5498 3369 5568 habere,
3400 5504 3541 5573 quod
3569 5513 3705 5560 tunc
3733 5510 3843 5561 erit

2323 5604 2337 5635 ¹
2360 5603 2670 5655 Michaelinus
2695 5615 2796 5666 MS.,
2812 5608 3130 5662 constituitur.

2320 5666 2341 5697 ³
2365 5673 2465 5714 Duo
2496 5668 2701 5718 Vatimni
2718 5676 2823 5719 Mss.
2844 5679 2896 5721 et
2917 5672 3172 5737 Fuliensis,
3197 5676 3439 5729 consensio
3462 5683 3689 5743 tenam;
3716 5685 3871 5734 onus»

2258 5738 2690 5870 soanft'ilchaelinus
2757 5794 2911 5870 codex
2933 5831 2955 5870 ,Δ
3023 5797 3167 5870 morti
3222 5801 3514 5870 conteruione
3587 5805 3869 5870 resistitur.

2256 5853 2462 5925 \J'aticani
2496 5853 2623 5925 duo.
2670 5855 2839 5925 mentis
2881 5856 3141 5925 intentione
3180 5862 3373 5925 resistit.
3415 5865 3560 5925 Male;
3594 5853 3870 5917 namalhi;

2254 5912 2325 5963 dit
2364 5916 2655 5977 Augustinus
2678 5918 2734 5967 ad
2776 5917 2892 5968 illud
2917 5922 3124 5984 Apostoli
3164 5924 3222 5974 ad
3261 5912 3493 5990 Corinth,
3529 5912 3875 5993 :wtvlri
