4048 6504
164 457 281 512 553

158 567 382 639 quando
407 580 556 621 mors
580 562 865 620 novissima
889 560 1100 616 inimica
1124 556 1426 613 destruetur
1447 551 1487 622 (ι
1507 550 1627 609 Cor.
1656 568 1748 617 xv,

162 664 261 727 55,
285 660 405 731 ‘26).
427 659 561 714 Nam
590 666 646 713 et
672 658 782 727 ipsa
808 652 1135 710 continentia
1163 666 1286 705 cum
1318 649 1490 703 t'renat
1508 646 1756 701 cohibet-

161 771 277 825 qne
302 754 570 817 libidines,
591 750 745 805 simul
772 758 826 803 et
850 748 1053 818 appetit
1074 746 1271 800 bonum
1288 742 1355 797 ad
1370 743 1521 811 cujus
1543 742 1761 795 immor-

163 846 433 899 talitatem
467 840 755 905 tendimus,
779 847 833 893 et
859 838 1061 907 respuit
1086 834 1283 888 malum
1305 846 1426 886 cum
1452 846 1556 901 quo
1587 832 1637 884 in
1663 829 1761 883 hac

162 935 501 991 mortalitate
550 930 942 986 contendimus.
989 928 1134 981 Illius
1185 925 1380 995 quippe
1435 921 1662 978 amatrix
1709 930 1766 975 et

164 1026 461 1095 spectatrix
495 1025 534 1088 ί,
564 1023 725 1092 hujus
750 1036 876 1076 vero
902 1029 954 1073 et
987 1017 1155 1073 hostis
1183 1025 1238 1072 et
1263 1015 1413 1070 testis
1440 1023 1558 1074 est;
1590 1021 1642 1067 et
1668 1011 1765 1081 de-

163 1133 267 1173 cus
312 1124 595 1186 appetens,
637 1123 694 1168 et
753 1112 986 1167 dedecus
1032 1110 1256 1179 fugiens.
1315 1106 1431 1160 Non
1490 1106 1671 1174 utique
1714 1104 1764 1158 in

164 1207 559 1279 cupiditatibus
586 1204 859 1261 lrenandis
886 1201 1211 1258 continentia
1242 1199 1529 1260 laboraret,
1560 1197 1603 1251 si
1634 1196 1766 1251 nihil

166 1314 278 1355 nos
303 1307 490 1356 contra
517 1296 662 1368 quod
693 1296 846 1351 decet
870 1294 1055 1348 liberet
1086 1294 1128 1357 ί,
1157 1291 1203 1346 si
1232 1290 1360 1345 nihil
1392 1298 1587 1343 nostra:
1615 1282 1768 1341 bonai

168 1375 444 1446 voluntati
474 1405 539 1443 ex
573 1388 711 1441 mala
740 1387 1169 1457 concupiscentia
1199 1390 1534 1452 repugnaret.
1562 1380 1771 1435 Clamat

164 1481 468 1551 Apostolus
498 1497 512 1533 :
545 1479 687 1544 Scio,
726 1477 912 1547 inquit,
943 1477 1064 1545 quia
1092 1492 1192 1529 non
1229 1473 1421 1527 habitat
1459 1472 1512 1526 in
1542 1488 1638 1538 me,
1675 1471 1769 1524 hoc

166 1584 250 1630 est
278 1575 331 1628 in
356 1590 513 1627 carne
535 1588 667 1637 mea,
694 1570 899 1624 bonum.
936 1568 1078 1623 Velle
1102 1568 1233 1622 enim
1259 1568 1458 1637 adjacet
1488 1565 1630 1625 mihi,
1655 1580 1771 1634 per-

166 1667 329 1733 ficere
366 1673 536 1717 autem
563 1665 750 1715 bonum
790 1676 890 1715 non
934 1659 1153 1713 invenio.
1180 1658 1333 1713 Nunc
1359 1658 1502 1713 enim
1525 1656 1637 1711 ﬁeri
1671 1656 1768 1710 bo.

167 1775 305 1814 num
335 1768 533 1827 potest,
575 1768 634 1812 ut
668 1757 823 1811 malae
850 1756 1297 1826 concupiscentia:
1327 1771 1433 1810 non
1465 1755 1771 1810 consentia-

169 1861 266 1907 tur
286 1868 301 1912 ;
324 1850 631 1921 perﬁcietur
656 1858 832 1904 autem
858 1849 1081 1915 bonum,
1105 1848 1320 1919 quando
1344 1848 1455 1916 ipsa
1481 1847 1619 1902 mala
1642 1860 1772 1901 con-

169 1944 511 2013 cupiscentia
563 1943 794 1998 Iinietur.
837 1941 1074 2012 Itemque
1122 1943 1261 1996 idem
1310 1941 1498 1996 doctor
1522 1941 1771 1997 Gentium

169 2036 378 2089 clamat
401 2053 414 2087 :
439 2032 770 2089 Condelector
799 2033 898 2104 legi
925 2032 1017 2087 Dei
1043 2033 1316 2088 secundum
1354 2032 1642 2086 interiorem
1676 2031 1772 2086 ho-

170 2126 398 2191 minem;
424 2125 569 2179 video
594 2134 765 2178 autent
791 2126 949 2177 aliam
978 2125 1137 2195 legem
1164 2125 1217 2178 in
1243 2123 1478 2178 membris
1517 2124 1659 2187 meis,
1686 2139 1771 2177 re-

173 2228 492 2290 pugnantem
521 2219 619 2289 legi
650 2218 828 2272 mentis
853 2233 977 2271 mete
999 2216 1173 2288 (Rom.
1201 2232 1297 2279 v11,
1322 2215 1411 2281 18,
1431 2215 1523 2280 22,
1549 2214 1666 2286 25).

256 2312 309 2364 7.
353 2310 501 2363 lianc
550 2322 781 2378 pugnam
830 2324 935 2362 non
983 2307 1332 2376 experiuntur
1377 2306 1429 2360 in
1475 2305 1777 2375 semetipsis

177 2402 286 2455 nisi
334 2400 624 2456 bellatores
670 2402 922 2454 virtutum
967 2399 1431 2469 debellatoresque
1479 2400 1773 2453 vitiorum:

179 2507 288 2546 nec
310 2500 579 2562 expugnat
598 2492 1044 2561 concupiscentiae
1064 2492 1283 2555 malum,
1311 2491 1412 2545 nisi
1439 2490 1778 2545 continentiae

176 2583 409 2638 bonum.
437 2583 572 2637 Sunt
600 2592 780 2637 autem
810 2584 899 2652 qui
945 2584 1115 2653 legem
1156 2584 1247 2638 Dei
1280 2583 1499 2637 omnino
1530 2584 1778 2637 nescien-

177 2686 292 2740 tes,
324 2677 495 2730 malas
522 2676 989 2751 concupiscentias
1016 2691 1116 2731 nec
1147 2676 1198 2730 in
1230 2676 1473 2731 hostibus
1500 2675 1779 2746 deputant,

177 2767 379 2837 eisque
418 2767 700 2821 miserabili
742 2766 980 2822 cmcitate
1018 2766 1336 2833 servientes,
1369 2767 1585 2837 insuper
1614 2766 1776 2820 etiam

185 2858 386 2912 beatos
414 2873 472 2912 se
498 2867 702 2927 putant,
726 2857 973 2912 satiando
994 2873 1086 2913 eas
1111 2859 1287 2927 potius
1311 2873 1468 2927 quam
1491 2857 1777 2913 domando.

174 2949 286 3017 Qui
315 2965 447 3004 vero
474 2966 565 3018 per
590 2949 762 3019 legem
791 2958 1158 3019 cognoverunt
1182 2965 1273 3004 eas
1300 2949 1431 3019 (Per
1460 2948 1619 3021 legem
1647 2951 1782 3005 enim

174 3042 407 3113 cognitio
435 3043 627 3112 peccati
660 3039 769 3114 [ld.
794 3040 1025 3117 111,20];
1054 3049 1128 3105 et,
1156 3039 1628 3111 Concupiscentiam
1647 3082 1664 3107 ,
1695 3040 1780 3095 in-

176 3134 317 3203 quit,
342 3133 641 3197 nesciebam,
673 3134 772 3186 nisi
802 3134 883 3187 lea:
903 3133 1109 3197 diceret,
1140 3131 1261 3187 Non
1293 3134 1635 3203 concupisces,
1667 3130 1777 3206 [Id.

175 3241 278 3289 νη,
308 3223 415 3298 7]),
433 3236 486 3279 et
511 3239 695 3279 carum
715 3233 886 3280 tamen
913 3225 1307 3296 Oppugnatione
1331 3225 1635 3291 vincuntur,
1658 3225 1781 3295 quia

175 3318 285 3372 sub
314 3317 432 3387 lege
455 3318 661 3383 vivunt,
692 3332 795 3387 qua
821 3315 1037 3385 jubetur
1065 3316 1206 3387 quod
1237 3317 1432 3371 bonum
1462 3325 1563 3379 est,
1594 3332 1697 3370 non
1728 3324 1783 3371 et

176 3410 381 3473 datur;
411 3424 518 3463 non
554 3410 734 3462 vivunt
766 3408 865 3462 sub
892 3408 1058 3479 gratia
1079 3449 1093 3473 ,
1131 3424 1249 3478 qua:
1290 3407 1381 3462 dat
1408 3424 1502 3477 per
1526 3408 1782 3477 Spiritum

175 3508 433 3555 sanctum
460 3498 601 3569 quod
627 3515 723 3569 per
744 3498 913 3569 legem
940 3498 1155 3568 jubetur
1179 3516 1192 3552 :
1220 3499 1301 3552 his
1324 3498 1443 3553 ideo
1467 3498 1786 3553 subintravit

178 3593 269 3647 lex
291 3634 307 3657 ,
354 3600 413 3645 ut
453 3591 506 3644 in
546 3591 625 3644 eis
654 3589 948 3644 abundaret
975 3589 1226 3644 delictum
1263 3588 1455 3658 (ΜΛ,
1482 3590 1594 3658 20).
1624 3590 1787 3644 Auxit

182 3683 483 3754 prohibitio
510 3680 997 3752 concupiscentiam
1017 3721 1031 3746 ,
1058 3696 1283 3750 eamque
1321 3680 1447 3735 fecit
1492 3680 1781 3745 invictam;

179 3789 243 3832 ut
281 3775 567 3832 accederet
608 3774 998 3845 prmvaricatio,
1037 3790 1155 3843 qua:
1198 3773 1316 3829 sine
1358 3774 1474 3844 lege
1512 3788 1615 3827 non
1662 3772 1783 3839 fuit,

178 3869 399 3923 etiamsi
425 3876 698 3937 peccatum
726 3865 822 3918 luit
844 3865 884 3917 ³.
916 3863 1013 3919 Ubi
1036 3864 1167 3917 enim
1193 3881 1293 3917 non
1318 3873 1388 3917 est
1414 3863 1511 3925 lex,
1539 3880 1627 3916 nec
1655 3878 1786 3933 pra:-

180 3962 436 4017 raricatio
468 3958 577 4032 (Id.
610 3975 680 4022 1v,
712 3959 826 4020 15).
852 3957 926 4012 Ita
958 3957 1041 4011 lex
1071 3961 1238 4027 gratia
1269 3972 1373 4010 non
1398 3956 1635 4026 juvante,
1659 3973 1784 4027 pro-

184 4053 385 4109 hibens
427 4060 726 4121 peccatum,
760 4051 925 4104 virtus
954 4058 1037 4105 est
1077 4050 1295 4117 insuper
1323 4048 1460 4103 facta
1487 4047 1509 4078 δ
1537 4049 1737 4119 peccati
1767 4065 1783 4104 :

181 4146 336 4199 unde
360 4143 437 4197 ait
464 4143 771 4211 Apostolus,
812 4141 983 4194 Virtus
1012 4141 1203 4209 peccati
1230 4140 1312 4193 les:
1341 4139 1378 4211 (I
1405 4138 1524 4196 Cor.
1552 4157 1642 4208 xv,
1672 4142 1783 4211 56).

182 4237 299 4291 Nec
330 4234 633 4288 mirandum
669 4242 752 4287 est
780 4232 921 4303 quod
959 4232 1187 4286 humana
1220 4232 1500 4287 inﬁrmitas
1529 4233 1689 4287 etiam
1719 4233 1788 4288 de

183 4332 305 4399 lege
336 4328 478 4383 bona
509 4328 654 4381 vires
688 4325 829 4380 malo
868 4325 1101 4391 addidit,
1141 4325 1263 4379 dum
1305 4325 1370 4379 ad
1408 4326 1574 4395 ipsam
1614 4326 1786 4398 legem

185 4420 492 4478 faciendam
533 4418 601 4473 de
647 4419 759 4473 suis
792 4418 993 4471 viribus
1022 4417 1154 4470 ﬁdit.
1185 4416 1438 4487 Ignorans
1467 4421 1661 4487 quippe
1697 4418 1788 4473 Dei

185 4513 450 4585 justitiam
472 4552 486 4576 ,
528 4526 689 4580 quam
719 4510 808 4564 dat
838 4510 1074 4574 inlirmo,
1106 4517 1159 4563 et
1188 4525 1338 4563 suam
1372 4510 1559 4564 volens
1585 4511 1789 4565 consti-

187 4618 378 4669 tuere,
416 4617 519 4673 qua
560 4610 708 4657 caret
750 4601 1013 4666 inﬁrmus,
1040 4596 1258 4667 justitia:
1291 4600 1387 4655 Dci
1418 4616 1520 4653 non
1552 4612 1634 4656 est
1660 4602 1789 4654 sub-

191 4700 391 4767 jectus,
425 4694 684 4765 reprobus
728 4702 783 4748 et
825 4692 1086 4762 superbus
1125 4690 1299 4764 (liam.
1331 4708 1383 4758 x,
1418 4694 1494 4763 '5).
1529 4694 1583 4748 Si
1613 4703 1790 4748 autem

192 4795 280 4847 lex
315 4790 512 4844 factum
550 4786 1033 4858 praevaricatorem,
1064 4794 1310 4855 tanquam
1347 4785 1412 4839 ad
1450 4788 1551 4841 hoc
1577 4788 1794 4857 gravius

194 4886 539 4939 vulneratum
571 4891 627 4934 ut
652 4879 919 4934 desideret
948 4877 1235 4942 medicum,
1266 4886 1513 4947 tanquam
1544 4880 1791 4950 pu'dago-

192 4992 300 5050 gus
328 4973 575 5047 perducit
611 4971 677 5026 ad
715 4970 975 5041 gratiam;
1010 4976 1196 5024 contra
1226 4970 1539 5053 suavitatem
1579 4972 1792 5027 noxiam

196 5115 300 5169 est,
330 5118 488 5172 mors,
527 5100 767 5153 contentio
785 5099 913 5172 tua?
942 5108 1007 5152 tta
1033 5114 1214 5172 nempe
1247 5104 1400 5172 citare
1425 5103 1552 5172 solet
1574 5103 1704 5172 hunc
1726 5101 1797 5172 lo-

199 5164 331 5227 cum,
356 5169 439 5232 qui
463 5180 568 5229 pro,
603 5164 921 5232 contentione,
950 5164 1124 5232 modo,
1144 5164 1412 5232 uictoriam,
1438 5167 1587 5232 habet
1611 5168 1660 5215 in
1688 5167 1796 5216 \ul-

200 5225 350 5293 gata:
374 5225 493 5293 quia
512 5239 727 5290 grreeum
759 5225 919 5293 neicos
936 5240 1047 5293 cum
1079 5227 1380 5293 diphthongo
1402 5230 1653 5291 scriptum,
1677 5242 1795 5279 con-

199 5289 478 5345 (cntionem
497 5289 684 5350 {secus
704 5300 841 5347 vero,
863 5289 1111 5337 victoriam
1135 5289 1389 5350 signiﬁcat.

256 5358 285 5426 ,ι
316 5354 525 5403 vattmni
566 5360 694 5411 Mss,
735 5350 1017 5413 appetitrix.
1050 5349 1195 5401 Forte
1219 5349 1502 5415 legendum,
1544 5360 1797 5417 exspecta-

200 5427 385 5527 Μίῑ
414 5484 466 5527 et
488 5484 620 5535 Lov.,
648 5486 735 5525 nos
755 5480 924 5525 contra
945 5474 1075 5535 quod
1107 5475 1431 5533 contenderet,
1467 5472 1714 5527 detineret.
1742 5486 1798 5529 At

203 5548 329 5598 ωειλ,
352 5553 437 5590 nos
457 5546 628 5589 contra
650 5537 777 5601 qnad
792 5537 926 5601 decet
946 5535 1293 5601 (vel,deceret)
1318 5535 1354 5587 li
1382 5543 1501 5587 cret.
1516 5539 1600 5601 _Sic
1622 5540 1798 5601 passim

203 5604 498 5676 augustinus
521 5597 730 5652 verbum
746 5633 761 5659 ,
786 5597 913 5659 libet,
940 5599 1072 5661 quod
1098 5600 1237 5662 jungi
1259 5597 1424 5650 dativo
1459 5598 1604 5658 solet,
1622 5597 1800 5665 'jungit

268 5674 582 5787 milfynon
614 5720 725 5788 fuit.
760 5722 935 5783 Abest,
967 5734 1088 5784 non,
1130 5722 1194 5772 ab
1227 5722 1443 5774 editione
1475 5723 1651 5772 Erasini
1686 5730 1737 5773 et
1770 5736 1799 5773 a

192 5793 369 5901 milia
393 5859 499 5901 lim.
520 5846 1087 5909 restituimusﬂverbum,
1112 5845 1259 5909 facta.
1292 5851 1521 5899 omissum
1563 5850 1610 5898 in
1635 5848 1795 5901 editis.

199 5916 306 5977 ejus
326 5924 491 5966 tamen
513 5914 628 5963 loco
650 5907 870 5959 nonnulli
887 5917 992 5957 uss.
1020 5907 1219 5970 habent,
1244 5911 1375 5973 facti.

1582 437 1782 493 LIBER
1822 436 2024 493 UNUS.

3350 445 3457 502 551

1873 566 1975 621 qua
2006 549 2251 607 vincebat
2277 553 2727 623 concupiscentia,
2750 556 3003 613 Dominus
3028 559 3118 614 dat
3139 562 3456 622 suavitazcm

1872 642 2167 697 beneﬁcam
2194 660 2296 713 qua
2320 644 2582 701 delectet‘
2600 650 2827 719 amplius
2854 652 3199 720 continentia,
3227 664 3282 709 et
3315 665 3457 712 terra

1874 743 2055 789 nostra
2089 735 2180 791 dat
2221 736 2446 791 fructum
2489 754 2643 793 suum
2675 740 2693 811 (
2724 740 2865 795 Psal.
2908 760 3138 810 Lxxxiv,
3182 747 3314 816 13),
3355 764 3459 818 quo

1874 830 2111 900 pascitur
2136 831 2308 896 miles,
2341 832 2430 901 qui
2458 830 2691 887 debellat
2714 834 2821 888 Deo
2843 836 3061 903 juvante
3087 848 3388 906 peccatum.

1945 922 1999 978 8.
2042 922 2201 978 Tales
2231 924 2428 979 milites
2456 926 2746 995 apostolica
2781 929 2901 983 tuba
2933 930 3031 982 isto
3062 932 3235 985 sonitu
3265 947 3461 988 accen-

1873 1011 1951 1066 dit
1979 1012 2029 1065 in
2061 1015 2304 1083 praelium
2339 1032 2351 1067 :
2385 1014 2504 1068 Non
2535 1034 2655 1087 ergo
2690 1029 2877 1088 regnet,
2908 1019 3095 1088 inquit,
3122 1035 3380 1089 peccatum
3409 1026 3462 1080 its

1874 1115 2038 1158 vestro
2068 1107 2273 1160 mortali
2316 1124 2526 1177 corpore
2563 1110 2631 1161 ad
2670 1109 3003 1165 obediendum
3032 1113 3291 1169 desideriis
3317 1118 3462 1187 ejus;

1875 1213 2032 1265 neque
2056 1199 2380 1255 exhibueritis
2407 1202 2627 1255 membra
2663 1213 2825 1257 vestra
2855 1222 2999 1257 arma
3038 1206 3314 1275 iniquitatis
3349 1225 3458 1278 pec-

1876 1297 1987 1342 cato
2018 1305 2037 1342 :
2066 1290 2155 1343 sed
2182 1290 2408 1345 exhibete
2436 1309 2519 1346 vos
2548 1292 2653 1347 Deo
2692 1304 2929 1362 tanquam
2960 1313 3023 1350 ea:
3056 1300 3264 1352 mortuis
3297 1300 3469 1353 viven-

1877 1388 1969 1445 tes,
1993 1389 2039 1433 et
2063 1382 2285 1435 membra
2305 1394 2466 1436 vestra
2492 1400 2637 1438 arma
2649 1386 2867 1455 justitite
2888 1386 3012 1441 Deo.
3042 1387 3313 1443 Peccatum
3335 1392 3469 1444 enim

1876 1474 2012 1526 vobis
2039 1491 2138 1527 non
2162 1474 2521 1530 dominabitur.
2553 1476 2671 1531 Non
2698 1480 2830 1532 enim
2854 1481 2971 1533 estis
2982 1482 3091 1535 ‘sub
3116 1480 3243 1552 lege,
3268 1483 3356 1536 sed
3376 1484 3468 1536 sub

1876 1566 2041 1635 gratia
2073 1565 2090 1635 (
2122 1566 2272 1620 Rom.
2296 1582 2368 1630 v1,
2395 1567 2557 1623 12-M-
2655 1570 2717 1623 Et
2750 1571 2856 1624 alio
2884 1572 3001 1625 loco
3030 1590 3043 1625 :
3076 1571 3236 1641 Ergo,
3275 1574 3466 1641 inquit,

1877 1660 2081 1728 fratres,
2111 1658 2355 1711 debitores
2379 1676 2551 1714 sumus
2577 1677 2678 1714 non
2708 1663 2869 1725 carni,
2886 1672 2939 1715 ut
2964 1664 3236 1717 secundum
3264 1682 3469 1717 carnem

1878 1748 2121 1802 vivamus.
2163 1750 2222 1803 Si
2274 1751 2406 1803 enim
2450 1752 2723 1805 secundant
2764 1770 2965 1806 carnem
3008 1756 3247 1819 vixeritis,
3281 1758 3469 1809 morie-

1878 1840 2002 1893 mini
2024 1856 2043 1893 :
2063 1840 2109 1895 si
2132 1849 2298 1895 autem
2323 1843 2503 1910 spiritu
2524 1847 2660 1913 facta
2688 1845 2854 1898 carnis
2876 1847 3314 1913 mortiﬁcaveritis,
3340 1849 3471 1901 vive-

1880 1932 1963 1987 tis.
2000 1933 2254 2005 Quotquot
2294 1936 2426 1988 enim
2468 1935 2667 2006 Spiritu
2712 1937 2807 1991 Dei
2849 1950 3088 2009 aguntur,
3131 1941 3185 1994 hi
3221 1942 3318 2010 ﬁlii
3355 1952 3471 1996 sunt

1880 2029 1979 2085 Dei
2008 2032 2026 2102 (
2055 2030 2142 2085 Id.
2176 2048 2291 2100 v111,
2321 2032 2547 2103 12-14).
2581 2033 2635 2088 Id
2665 2049 2793 2105 ergo
2827 2050 2967 2087 nunc
2997 2035 3188 2104 agitur,
3219 2036 3471 2105 quamdiu

1881 2132 1965 2180 est
1988 2125 2226 2178 mortalis
2258 2124 2371 2179 hinc
2393 2125 2499 2178 vita
2527 2134 2706 2179 nostra
2732 2126 2832 2179 sub
2860 2127 3048 2194 gratia,
3077 2141 3145 2180 ne
3172 2137 3471 2195 peccatum,

1881 2215 1934 2270 id
1972 2224 2083 2279 est,
2112 2217 2537 2285 concupiscentia
2588 2218 2788 2285 peccati
2819 2216 2994 2288 (hanc
3028 2219 3172 2272 enim
3216 2218 3315 2272 hoc
3356 2220 3474 2273 loco

1881 2305 2087 2375 peccati
2136 2306 2352 2359 nomine
2394 2304 2691 2378 appellat),
2732 2316 2916 2376 regnet
2955 2308 3006 2360 in
3053 2318 3235 2362 nostro
3264 2310 3473 2362 mortali

1881 2412 2126 2465 corpore.
2152 2396 2299 2452 Tunc
2319 2407 2495 2452 autem
2522 2413 2753 2468 regnare
2774 2398 3095 2462 ostenditur,
3123 2401 3166 2453 si
3194 2399 3476 2455 desideriis

1882 2491 1996 2560 ejus
2025 2490 2289 2545 obeditur.
2314 2491 2408 2545 Est
2435 2506 2563 2561 ergo
2592 2491 2645 2545 in
2671 2490 2828 2545 nobis
2853 2492 3055 2560 peccati
3084 2496 3474 2561 concupiscen-

1884 2584 1976 2650 tia,
2010 2598 2128 2651 qua:
2160 2599 2263 2637 non
2292 2591 2376 2637 est
2404 2583 2755 2651 permittenda
2782 2598 3011 2654 regnare
3041 2602 3053 2637 :
3085 2593 3210 2638 sunt
3234 2585 3351 2652 ejus
3377 2585 3475 2639 dc-

1884 2673 2109 2739 sideria,
2137 2674 2331 2743 quibus
2359 2691 2465 2729 non
2496 2684 2577 2729 est
2601 2673 2982 2738 obediendum,
3015 2690 3083 2730 ne
3106 2676 3476 2731 obedientibus

1883 2775 2089 2836 regnet.
2117 2766 2342 2835 Propler
2370 2766 2512 2837 quod
2553 2767 2791 2822 membra
2823 2775 3006 2821 nostra
3038 2783 3142 2820 non
3186 2767 3285 2821 sibi
3324 2783 3477 2821 usur-

1887 2867 1975 2926 pet
2004 2859 2456 2929 concupiscentia,
2488 2858 2586 2913 sed
2624 2859 2723 2913 sibi
2763 2858 2994 2913 vindicet
3030 2858 3389 2922 continentia;
3421 2868 3479 2913 ut

1884 2953 1993 3003 sint
2020 2965 2166 3002 arma
2195 2949 2415 3017 justiti-.1:
2448 2950 2582 3015 Deo,
2616 2966 2683 3003 ne
2713 2951 2819 3004 sint
2855 2950 3147 3019 iniquitatis
3172 2965 3317 3003 arma
3348 2964 3477 3017 pec-

1885 3053 2009 3096 cato
2033 3060 2045 3094 :
2070 3042 2149 3095 sic
2176 3042 2316 3095 enim
2348 3042 2501 3095 nobis
2529 3051 2802 3110 peccatum
2832 3058 2937 3095 non
2966 3041 3347 3095 dominabitur.
3362 3040 3475 3094 Non

1885 3134 2029 3187 enim
2075 3146 2261 3186 sumus
2300 3132 2401 3187 sub
2444 3132 2580 3200 lege,
2618 3131 2814 3185 bonum
2850 3132 3061 3201 quidem
3098 3130 3338 3201 jubeutc,
3372 3146 3479 3184 non

1888 3234 2065 3279 tamen
2095 3222 2254 3278 dante
2279 3241 2292 3277 :
2317 3223 2412 3279 sed
2440 3238 2627 3278 sumus
2651 3224 2750 3278 sub
2780 3224 2970 3292 gratia,
3002 3240 3119 3293 qua:
3143 3224 3196 3277 id
3223 3223 3363 3294 quod
3394 3224 3480 3280 lex

1882 3314 2035 3386 jubet
2064 3314 2265 3370 iaciens
2295 3331 2391 3369 110s
2422 3330 2624 3381 amare,
2651 3324 2831 3385 potest
2858 3315 3040 3369 liberis
3070 3316 3355 3385 imperare.

1957 3408 2012 3463 9.
2055 3406 2291 3478 Itemque
2317 3423 2438 3460 cum
2462 3406 2709 3461 hortatur
2731 3416 2786 3460 ut
2810 3423 2914 3460 non
2943 3406 3236 3461 secundum
3262 3421 3480 3461 carnem

1888 3498 2149 3563 vivamus,
2179 3514 2247 3555 ne
2276 3499 2588 3565 moriamur,
2620 3498 2713 3553 sed
2740 3499 2931 3567 Spiritu
2964 3498 3096 3551 facta
3124 3500 3302 3553 carnis
3338 3514 3483 3551 mor-

1890 3591 2174 3657 tiﬁcemus,
2205 3602 2263 3647 ut
2293 3593 2565 3657 vivamus;
2596 3592 2719 3647 tuba
2744 3591 2925 3660 utique
2948 3607 3067 3661 qua:
3096 3591 3258 3655 cauit,
3283 3591 3480 3647 bellum

1890 3683 1942 3737 in
1967 3699 2074 3753 quo
2099 3699 2374 3738 versamur
2399 3682 2663 3749 ostendit,
2693 3692 2748 3738 et
2774 3692 2829 3738 ut
2858 3683 3055 3737 acriter
3083 3682 3399 3738 dimicemus
3425 3694 3481 3739 et

1889 3776 2074 3832 hostes
2103 3789 2319 3833 nostros
2345 3780 2749 3845 mortiﬁcemus,
2774 3796 2841 3836 ne
2868 3780 2937 3836 ab
2967 3779 3046 3835 eis
3075 3780 3478 3846 mortiﬁcemur,

1889 3868 2153 3922 accendit.
2177 3868 2277 3937 Qui
2307 3870 2413 3924 sint
2432 3886 2561 3926 vero
2589 3871 2673 3924 isti
2704 3871 2908 3937 hostes,
2935 3874 3064 3926 satis
3091 3871 3367 3927 evidenter
3389 3888 3483 3925 ex-

1890 3959 2104 4029 pressit.
2142 3961 2291 4029 Quos
2326 3961 2469 4016 enim
2511 3977 2541 4014 a
2587 3962 2740 4017 nobis
2782 3962 2949 4017 voluit
2999 3963 3337 4028 mortiﬁcari,
3381 3962 3481 4032 ipsi

1890 4063 2054 4122 sunt,
2098 4055 2303 4109 scilicet
2344 4069 2506 4123 Opera
2549 4054 2743 4109 carnis.
2779 4054 2868 4108 Sic
2906 4054 3051 4109 enim
3092 4055 3201 4108 ait:
3228 4055 3287 4109 Si
3314 4065 3485 4109 autem

1890 4146 2073 4213 spiritu
2102 4150 2239 4218 facta
2264 4147 2431 4201 carnis
2460 4147 2901 4216 morti/icaveritis,
2925 4148 3113 4202 viretis.
3143 4148 3209 4202 Et
3236 4149 3335 4203 ista
3364 4164 3485 4219 qua:

1892 4240 1995 4294 sint
2028 4249 2085 4295 ut
2111 4241 2360 4302 sciamus,
2390 4240 2637 4295 eumdem
2668 4239 2849 4295 itidem
2875 4241 3153 4295 audiamus
3180 4242 3243 4295 ad
3266 4240 3487 4296 Galatas

1893 4333 2212 4387 scribentem
2242 4342 2296 4387 et
2323 4332 2589 4387 dicentem
2618 4351 2631 4387 :
2659 4331 2936 4404 Manifesta
2973 4342 3090 4386 sunt
3128 4344 3294 4387 autem
3331 4350 3487 4403 Opera

1894 4422 2091 4487 carnis,
2128 4438 2240 4489 qua:
2276 4431 2394 4477 sunt
2434 4424 2822 4495 fornicationes,
2863 4424 3214 4488 immunditiis,
3247 4426 3484 4493 luxuria,

1894 4512 2148 4569 idolorum
2190 4516 2432 4582 servitus,
2474 4515 2741 4583 veneficia,
2783 4515 3084 4581 inimicitiae,
3125 4517 3486 4584 contentiones,

1894 4606 2259 4670 aemulationes,
2302 4607 2667 4673 animositates,
2709 4608 3066 4672 dissensiones,
3097 4611 3327 4673 hereses,
3358 4610 3488 4663 invi-

1897 4696 2013 4759 diae,
2041 4697 2322 4765 ebrietates,
2354 4699 2759 4766 comessationes,
2789 4709 2835 4752 et
2867 4700 2946 4755 his
2970 4701 3191 4764 similia;
3216 4717 3328 4773 qua:
3355 4718 3487 4772 prte—

1897 4786 2011 4839 dico
2034 4787 2190 4849 vobis,
2218 4788 2346 4842 sicut
2376 4788 2611 4857 praedixi,
2648 4789 2889 4859 quoniam
2927 4791 3013 4861 qui
3041 4792 3164 4845 talia
3191 4800 3370 4861 agunt,
3400 4808 3486 4846 re-

1897 4895 2051 4949 gnum
2076 4877 2167 4933 Dei
2197 4896 2297 4933 non
2324 4878 2669 4950 possidebunt.
2698 4879 2870 4949 Ipsum
2900 4882 3042 4936 enim
3078 4883 3237 4935 etiam
3275 4882 3345 4935 ibi
3373 4881 3489 4935 bel-

1899 4968 2031 5033 lum,
2080 4977 2138 5022 ut
2181 4968 2297 5024 haec
2343 4968 2547 5024 diceret
2590 4969 2926 5034 ostendebat,
2968 4980 3022 5024 et
3061 4970 3126 5023 ad
3173 4969 3269 5023 hos
3306 4968 3489 5025 hostes

1900 5059 2300 5115 mortiﬁcandos
2325 5060 2514 5114 eadem
2541 5061 2746 5115 caelesti
2777 5068 2831 5115 et
2856 5060 3113 5128 spirituali
3148 5060 3269 5113 tuba
3290 5059 3489 5117 Christi

1902 5151 2099 5206 milites
2141 5151 2425 5206 excitabat.
2461 5150 2631 5220 Supra
2674 5151 2815 5204 enim
2859 5150 3067 5204 dixerat
3093 5150 3259 5219 :Dico
3298 5161 3489 5217 autem,

1900 5243 2083 5313 spiritu
2120 5242 2403 5309 ambulate,
2449 5253 2496 5296 et
2544 5242 2793 5295 desideria
2836 5241 3005 5295 carnis
3052 5259 3115 5295 ne
3160 5244 3489 5315 perfeceritis.

1902 5334 2034 5391 Caro
2060 5335 2193 5391 enim
2216 5336 2523 5407 concupiscit
2547 5334 2786 5389 adversus
2814 5333 3066 5404 spiritum,
3090 5335 3298 5406 spiritus
3322 5346 3490 5390 autent

1901 5430 2141 5482 adversus
2180 5444 2401 5480 carnem.
2448 5425 2577 5480 Ila'c
2618 5426 2748 5479 enim
2792 5425 3003 5479 invicem
3049 5426 3403 5489 adversantur,
3435 5437 3493 5481 ut

1903 5536 2003 5573 non
2039 5536 2097 5572 ea
2134 5534 2248 5589 qua:
2283 5518 2432 5571 vultis
2476 5517 2697 5589 faciatis.
2730 5516 2883 5584 Quod
2920 5516 2966 5569 si
3005 5517 3189 5587 spiritu
3227 5517 3490 5584 ducimini,

1903 5628 2005 5665 non
2052 5612 2170 5665 estis
2216 5610 2307 5665 sub
2352 5611 2479 5680 lege.
2520 5610 2661 5681 Ergo
2704 5610 2801 5665 sub
2840 5609 3007 5680 gratia
3037 5610 3353 5665 constitutos
3384 5610 3493 5665 vult

1904 5704 2065 5759 istum
2104 5704 2361 5758 adversus
2402 5719 2564 5774 opera
2606 5704 2783 5759 carnis
2828 5703 3026 5782 habere
3067 5704 3393 5759 conﬂictum.
3427 5701 3493 5759 Et

1905 5799 2021 5855 hinc
2044 5814 2205 5869 opera
2235 5800 2410 5854 carnis
2440 5808 2496 5853 ut
2523 5798 2933 5863 demonstraret,
2968 5798 3211 5867 adjunxit
3242 5812 3359 5869 qua:
3395 5812 3488 5849 su-

1974 5921 1990 5944 ³
2010 5919 2074 5963 tta
2096 5913 2427 5964 Cistcrcicnsis
2448 5918 2527 5961 Ms.
2558 5919 2610 5961 At
2636 5910 2767 5963 editi.
2794 5909 3068 5960 delectetur.
