4024 6526
581 483 686 538 355

579 616 670 668 pra
697 592 1102 651 commemoravi
1130 609 1140 644 :
1171 588 1442 654 Manifesta
1467 594 1631 637 autent
1655 593 1769 636 sunt
1791 595 1943 650 Opera
1963 575 2150 638 carnis,

578 706 690 760 qua!
729 698 844 743 sunt
885 684 1270 755 fornicationes,
1310 690 1362 734 ct
1390 688 1604 742 cmtera,
1635 675 1747 729 sive
1775 687 1892 742 quae
1921 681 2158 724 comme-

576 780 820 841 moravit,
859 778 972 831 sive
1009 790 1126 845 quze
1164 769 1502 838 intelligenda
1541 763 1888 827 commonuit,
1928 760 2156 814 maxime

574 871 852 940 adjicieus,
879 877 923 921 et
954 869 1031 920 his
1060 865 1266 920 similia.
1293 861 1529 929 Denique
1558 859 1612 912 in
1637 857 1738 910 hoc
1764 853 1946 924 przelio
1969 851 2154 904 adver-

574 977 667 1016 sus
708 961 976 1014 carnalem
1016 957 1244 1026 quodam
1290 953 1446 1007 modo
1487 949 1774 1006 exercitum
1819 945 1961 1009 velut
1997 941 2154 997 aliam

575 1050 874 1121 producens
902 1049 1070 1102 aciem
1100 1045 1428 1117 spiritualem
1461 1061 1473 1096 :
1506 1041 1727 1094 Fructus
1755 1047 1920 1091 autem
1947 1035 2155 1106 spiritus

571 1155 668 1213 est,
704 1143 896 1213 inquit,
927 1141 1166 1203 charitas,
1210 1137 1472 1209 gaudium,
1511 1150 1633 1205 pax,
1664 1130 2038 1202 longanimitas,
2065 1127 2151 1180 be-

571 1234 814 1304 nignitas,
839 1232 1050 1296 bonitas,
1077 1229 1218 1299 ﬁdes,
1245 1225 1592 1291 mansuetudo,
1621 1221 1925 1276 continentia
1947 1233 1967 1274 :
1985 1217 2156 1271 adver-

571 1341 660 1377 sus
686 1322 977 1394 hujusmodi
1001 1337 1101 1374 non
1126 1331 1197 1373 est
1223 1318 1322 1372 lex.
1352 1316 1465 1371 Non
1492 1316 1585 1382 ait,
1614 1314 1872 1367 adversus
1908 1309 2054 1373 huic;
2087 1322 2155 1362 ne

572 1397 688 1470 sola
730 1429 850 1469 esse
899 1420 1210 1484 putarentur
1250 1426 1264 1464 :
1309 1409 1549 1479 quamvis
1593 1414 1646 1458 et
1693 1403 1738 1458 si
1790 1403 1888 1456 hoc
1931 1401 2151 1462 diceret,

571 1507 749 1561 omnia
789 1500 1106 1560 deberenfhs
1144 1500 1471 1569 intelligere,
1509 1513 1628 1568 qua:
1668 1496 1903 1565 ejusdem
1941 1492 2154 1562 generis

575 1599 711 1651 bona
737 1597 969 1665 cogitare
992 1607 1269 1664 possemus
1294 1610 1305 1643 :
1331 1589 1425 1645 sed
1449 1591 1542 1653 ait,
1567 1589 1804 1641 adversus
1827 1584 2155 1653 hujusmodi;

571 1695 627 1740 et
667 1686 782 1741 haec
824 1686 1026 1741 scilicet
1064 1693 1118 1740 et
1149 1697 1498 1754 qua-cumque
1534 1679 1747 1734 similia.
1777 1677 2154 1732 Verumtamen

571 1777 714 1847 quod
760 1779 813 1832 in
850 1778 933 1832 eis
969 1776 1124 1831 bonis
1167 1791 1286 1845 quae
1329 1769 1786 1834 commemoravit,
1823 1768 2006 1822 ultimo
2036 1765 2154 1820 loco
2197 1798 2211 1808 -

573 1871 748 1939 posuit
774 1868 1174 1934 continentiam,
1207 1867 1274 1921 de
1303 1879 1404 1936 qua
1438 1878 1578 1918 nunc
1608 1863 1880 1931 disputare
1915 1858 2155 1927 suscepi-

572 1977 712 2027 mus,
743 1971 797 2016 et
827 1969 1045 2031 pr0pter
1072 1975 1231 2030 quam
1271 1958 1433 2012 multa
1467 1955 1578 2026 jam
1607 1954 1857 2018 diximus,
1889 1951 2155 2021 pracipue

572 2053 738 2108 voluit
759 2067 876 2107 eam
907 2052 1105 2106 nostris
1134 2049 1403 2104 mentibus
1432 2047 1713 2101 inhaerere.
1739 2045 1855 2113 Ipsa
1879 2043 2074 2113 quippe
2099 2041 2152 2094 in

572 2145 676 2198 hoc
718 2144 857 2197 bello
895 2144 1036 2197 valet
1076 2142 1382 2212 plurimum,
1424 2140 1476 2192 in
1513 2153 1619 2208 quo
1656 2136 1911 2192 adversus
1937 2148 2152 2188 carnem

571 2237 792 2306 spiritus
834 2235 1196 2303 concupiscit;
1225 2233 1474 2302 quoniam
1520 2230 1662 2300 ipsas
1689 2228 1866 2282 carnis
1903 2227 2156 2294 concupi-

569 2329 801 2382 scentias
853 2325 1083 2396 quodam
1138 2324 1298 2379 modo
1351 2321 1631 2391 crnciligit.
1678 2318 1831 2374 Unde
1871 2333 1991 2371 cum
2040 2317 2153 2371 haec

568 2418 792 2473 dixisset
815 2419 1126 2487 Apostolus,
1155 2414 1410 2470 continuo
1437 2412 1682 2481 subjecit,
1712 2411 1812 2477 Qui
1837 2420 2004 2462 autem
2025 2406 2153 2461 .Iesu

569 2510 755 2564 Christi
792 2518 938 2574 sunt,
974 2524 1175 2561 carnem
1200 2523 1347 2561 suam
1375 2505 1731 2572 cruci/iurant
1760 2517 1872 2554 cum
1905 2501 2156 2570 passioni-

568 2603 660 2655 bus
685 2611 730 2655 et
761 2599 1176 2671 concupiscentiis
1207 2596 1404 2669 (Galat.
1431 2611 1487 2664 v,
1515 2595 1726 2664 16-24).
1755 2595 1878 2647 llaec
1905 2601 1989 2647 est
2015 2593 2155 2646 actio

571 2693 913 2748 continentiae
939 2710 954 2746 :
985 2694 1063 2746 sic
1090 2705 1253 2760 opera
1285 2690 1302 2721 ¹
1332 2690 1509 2744 carnis
1534 2687 1941 2741 mortiﬁcamur.
1969 2684 2154 2738 Morti-

569 2787 730 2837 licant
749 2799 876 2838 vero
901 2799 1014 2848 eos,
1040 2798 1176 2852 quos
1199 2781 1510 2836 deﬁcientes
1535 2793 1565 2833 a
1587 2779 1911 2834 continentia
1938 2776 2004 2830 ad
2025 2791 2155 2830 con-

567 2877 870 2930 sensionem
895 2872 1371 2944 perpetrandorum
1393 2872 1578 2926 talium
1603 2885 1824 2940 operum
1847 2869 2009 2924 trahit
2026 2884 2157 2924 con-

566 2968 915 3037 cupisceutia.

637 3058 860 3113 CAPUT
893 3055 1155 3111 lV.—10.
1183 3054 1566 3111 Utcontinentia
1577 3053 1763 3108 servari
1791 3056 1966 3124 possit,
1985 3067 2158 3106 caven-

568 3153 635 3204 da
652 3151 974 3220 prtesumptio
1003 3149 1064 3200 de
1086 3147 1306 3218 propriis
1330 3145 1537 3200 viribus.
1571 3145 1744 3200 Vivere
1765 3145 2048 3199 secundum
2063 3144 2155 3198 ho-

571 3242 831 3307 minem,et
850 3241 1006 3292 vivere
1025 3238 1302 3294 secundum
1327 3253 1550 3304 carnem,
1572 3237 1706 3289 idem
1730 3245 1822 3290 est.
1849 3236 2106 3293 Utaulem
2123 3251 2155 3290 a

569 3333 895 3388 continentia
922 3348 1027 3385 non
1070 3330 1415 3395 deliciamus,
1447 3329 1704 3383 adversus
1733 3329 1852 3382 illas
1890 3330 2156 3398 priecipue

568 3427 951 3483 diabolicarum
981 3425 1377 3496 suggestionum
1395 3423 1616 3478 insidias
1637 3423 1854 3494 vigilare
1874 3423 2153 3489 debemus,

572 3538 640 3576 ne
663 3521 732 3575 de
760 3521 953 3574 nostris
979 3519 1178 3572 viribus
1210 3531 1619 3587 praesumamus.
1659 3514 1966 3569 Maledictus
2011 3513 2153 3568 enim

571 3615 733 3667 omnis
760 3614 845 3685 qui
866 3627 1005 3683 spent
1027 3627 1174 3665 suam
1201 3611 1342 3682 ponit
1361 3611 1414 3664 in
1443 3611 1645 3664 homine
1669 3608 1879 3681 (Jerern.
1910 3625 2042 3674 xvu,
2076 3609 2154 3678 5).

575 3706 639 3758 Et
663 3704 782 3774 quis
808 3713 892 3757 est
918 3704 1044 3768 iste,
1077 3703 1178 3756 nisi
1209 3702 1371 3755 homo
1394 3703 1456 3755 ’Υ
1487 3700 1600 3754 Non
1633 3708 1806 3771 potest
1839 3715 1968 3771 ergo
2000 3717 2154 3754 vera-

573 3799 706 3850 citer
732 3796 913 3849 dicere
939 3812 1044 3848 non
1071 3809 1131 3849 se
1151 3810 1300 3864 spem
1333 3809 1531 3864 ponere
1555 3793 1608 3846 in
1639 3792 1854 3848 homine
1876 3834 1890 3859 ,
1919 3793 2010 3863 qui
2035 3808 2154 3847 eam

577 3890 722 3957 ponit
747 3889 798 3941 in
830 3903 908 3943 se.
935 3887 1066 3940 Nam
1090 3894 1144 3940 et
1169 3887 1270 3940 hoc
1298 3885 1592 3940 secundum
1637 3885 1908 3938 hominem
1936 3885 2117 3938 vivere
2138 3925 2154 3950 ,

571 3982 698 4052 quid
727 3990 810 4036 est
838 3981 938 4034 nisi
980 3979 1272 4034 secundum
1305 3994 1521 4033 carnem
1561 3977 1778 4032 vivere?
1810 3978 2005 4032 Audiat
2031 3991 2161 4047 ergo

572 4076 661 4143 qui
689 4075 778 4128 tali
805 4074 1141 4142 suggestione
1171 4081 1420 4137 tentatur,
1452 4080 1508 4127 et
1555 4072 1601 4126 si
1647 4073 1786 4127 ullus
1823 4071 1874 4127 ei
1903 4073 2156 4128 christia-

576 4183 676 4220 nus
715 4180 904 4220 sensus
939 4173 1050 4228 est,
1090 4164 1466 4217 contremiscat
1495 4181 1508 4215 :
1537 4163 1738 4231 audiat,
1796 4164 2043 4234 inquam,
2092 4165 2153 4220 Si

575 4255 854 4311 secundum
873 4271 1076 4308 carnem
1099 4255 1342 4322 viceritis,
1367 4255 1668 4308 moriemini.

651 4347 860 4404 H.Sed
881 4346 1144 4416 quispiam
1170 4346 1412 4400 dicturus
1458 4355 1544 4401 est
1579 4346 1709 4400 mihi
1734 4347 1875 4402 aliud
1911 4363 2032 4404 esse
2064 4364 2152 4402 se-

579 4438 814 4494 cundum
842 4437 1110 4492 hominem
1129 4479 1144 4503 ,
1188 4436 1333 4491 aliud
1360 4437 1656 4492 secundum
1687 4452 1904 4493 carnem
1931 4441 2112 4495 vivere
2143 4457 2158 4495 :

577 4535 704 4602 quia
731 4533 892 4587 homo
923 4531 1167 4586 videlicet
1199 4530 1474 4586 rationalis
1501 4540 1746 4585 creatura
1773 4541 1856 4586 est
1877 4573 1891 4597 ,
1923 4542 1977 4588 et
2008 4535 2061 4587 in
2097 4547 2163 4587 eo

579 4624 852 4677 rationalis
879 4631 965 4677 est
996 4623 1202 4676 animus
1222 4663 1237 4688 ,
1264 4636 1369 4691 quo
1395 4621 1555 4676 distat
1579 4636 1607 4674 a
1635 4635 1863 4692 pecore;
1906 4638 2033 4678 caro
2068 4639 2166 4678 au-

582 4729 689 4771 tem
715 4726 799 4771 est
826 4716 1004 4769 intima
1033 4724 1086 4768 et
1113 4724 1323 4769 terrena
1363 4729 1484 4785 pars
1530 4715 1792 4780 hominis,
1828 4726 1880 4770 et
1923 4716 2042 4771 ideo
2072 4731 2162 4770 se-

578 4809 811 4864 cundum
840 4822 958 4862 eam
990 4807 1165 4862 vivere
1190 4807 1436 4861 vitiosum
1474 4815 1557 4861 est
1585 4823 1598 4858 :
1630 4817 1849 4876 propter
1887 4808 2030 4878 quod
2073 4807 2164 4862 ille

577 4902 668 4971 qui
697 4900 991 4956 secundum
1017 4900 1285 4954 hominem
1315 4900 1474 4962 vivit,
1500 4913 1606 4952 non
1636 4900 1819 4969 utique
1863 4899 2162 4954 secundum

578 5009 830 5059 carnem,
875 4991 967 5046 sed
1000 4991 1176 5062 potius
1204 4990 1500 5045 secundum
1526 5003 1646 5044 eam
1679 4997 1885 5058 partem
1931 4989 2164 5044 hominis

587 5085 714 5138 vivit
753 5099 855 5153 qua
890 5085 1050 5136 homo
1102 5091 1214 5147 est,
1264 5081 1366 5136 hoc
1415 5089 1534 5147 est,
1581 5079 1872 5135 secundum
1917 5081 2163 5150 spiritum

584 5176 794 5240 mentis,
820 5191 928 5245 quo
948 5175 1226 5243 pecoribus
1253 5173 1583 5244 pra-eminet.
1607 5170 1806 5225 Verum
1839 5171 1953 5226 lucc
1981 5172 2164 5241 dispu-

583 5269 712 5321 tatio
739 5268 874 5321 valet
903 5268 1142 5320 fortassis
1169 5264 1370 5336 aliquid
1398 5265 1448 5319 iu
1467 5264 1666 5319 scholis
1684 5262 2161 5334 philosophorum:

585 5375 681 5412 nos
709 5370 888 5412 autem
916 5365 973 5411 ut
1011 5357 1368 5428 intelligamus
1419 5358 1736 5427 Apostolum
1780 5357 2011 5424 Christi,
2042 5357 2166 5412 libri

585 5449 858 5504 christiani
885 5449 1326 5517 quemadmodum
1357 5449 1497 5520 loqui
1525 5451 1762 5518 soleant,
1793 5450 2052 5507 debemus
2073 5450 2167 5505 ad-

589 5551 813 5596 vertere.
856 5540 1015 5596 Fides
1051 5553 1198 5596 certe
1239 5543 1476 5596 omnium
1527 5555 1767 5599 nostrum
1809 5553 1920 5612 est,
1973 5545 2166 5615 quibus

587 5630 828 5687 Christus
855 5633 1032 5687 vivere
1057 5642 1138 5688 est
1164 5633 1206 5702 ³,
1245 5632 1565 5689 hominema
1603 5635 1778 5691 Verbo
1820 5638 1912 5692 Dei
1957 5654 2169 5692 assum-

653 5838 664 5863 ι
691 5832 1022 5883 Cisterciensis
1033 5840 1133 5882 Μελ
1152 5840 1264 5882 "me
1279 5837 1348 5881 est
1362 5831 1486 5880 actio
1501 5827 1812 5892 continentur,
1831 5833 1875 5884 si
1891 5845 2055 5896 opera.

651 5898 668 5927 ²
696 5897 827 5953 Editi,
852 5897 944 5946 ιιιυι
965 5909 1061 5958 ipse
1079 5897 1232 5946 homo.
1261 5897 1408 5944 Abest
1433 5908 1542 5958 vox,
1561 5899 1676 5958 ipse,
1703 5911 1729 5945 a
1756 5906 1859 5950 Mss.

1681 467 1765 521 llE
1804 457 2279 524 CONTINENTIA,
2319 455 2377 512 S.
2419 454 2784 512 AUCUSTINI

3743 454 3837 511 558

2275 581 2420 640 ptum
2443 611 2457 636 ,
2491 586 2596 624 non
2623 570 2802 639 utique
2825 568 2939 622 sine
2963 569 3137 624 anima
3161 569 3427 638 rationali,
3457 569 3596 626 sicut
3625 573 3835 642 quidam

2265 660 2501 715 lueretiei
2533 660 2741 726 volunt;
2773 668 2828 714 et
2855 669 3031 714 tamen
3063 660 3290 731 legimus
3310 701 3327 728 ,
3364 659 3583 715 Verbum
3607 677 3729 714 caro
3755 666 3825 732 [a-

2261 758 2396 802 ctum
2421 759 2492 803 est
2525 748 2698 821 (Joan.
2723 765 2762 814 ι,
2792 749 2902 819 14).
2930 749 3066 818 Quid
3095 751 3180 805 hic
3204 765 3334 806 caro
3362 750 3708 822 intelligenda
3736 764 3834 818 est,

2261 841 2362 896 nisi
2393 840 2590 896 homo?
2618 840 2686 894 Et
2705 841 2885 895 uidebit
2905 843 3068 896 omnis
3082 859 3200 897 caro
3219 843 3441 897 salutare
3460 841 3556 897 Dei
3571 841 3723 915 (Luc.
3749 859 3824 910 tn,

2261 932 2350 1004 6);
2374 933 2502 1004 quid
2543 941 2719 1004 potest
2756 933 3014 1006 intelligi,
3041 936 3174 1001 nisi,
3205 936 3382 991 omnis
3422 936 3627 991 homo?
3673 937 3755 990 Ad
3795 948 3838 991 te

2261 1027 2422 1080 omnis
2450 1042 2570 1080 caro
2609 1029 2767 1080 veniet
2816 1026 2985 1100 (Psal.
3028 1043 3180 1095 ιιιν,
3223 1027 3322 1102 5);
3369 1028 3497 1100 quid
3535 1036 3650 1095 est,
3703 1029 3829 1096 nisi,

2260 1120 2432 1174 omnis
2455 1119 2652 1174 homo?
2670 1117 2870 1173 Dedisti
2889 1122 2932 1175 ei
2961 1129 3253 1192 potestatem
3271 1121 3438 1176 omnis
3461 1121 3632 1176 carnis
3661 1119 3834 1194 (Joan.

2261 1225 2392 1276 xvn,
2419 1210 2455 1264 2
2475 1211 2529 1282 );
2559 1211 2683 1281 quid
2712 1219 2822 1276 est,
2853 1212 2985 1278 nisi,
3013 1212 3187 1267 omnis
3216 1212 3480 1267 hominis?
3501 1211 3585 1267 Ea:
3604 1213 3838 1281 aperibss

2259 1289 2383 1372 legis
2404 1318 2503 1355 non
2519 1303 2884 1372 justiﬁcabitur
2907 1304 3069 1358 omnis
3091 1319 3210 1357 caro
3236 1302 3413 1375 (Rom.
3444 1317 3522 1370 ιιι,
3551 1303 3648 1373 20)
3668 1320 3684 1368 ;
3707 1305 3831 1374 quid

2258 1405 2379 1460 est,
2439 1395 2574 1460 nisi,
2625 1396 2802 1452 nullus
2839 1396 3215 1466 justiﬁcabitur
3256 1396 3450 1450 homo?
3492 1396 3648 1464 Quod
3698 1396 3834 1450 idem

2258 1485 2527 1554 apostolus
2569 1485 2689 1542 alibi
2725 1488 3030 1557 exprimens
3071 1486 3434 1554 manifestius,
3471 1486 3616 1552 Non,
3648 1489 3836 1557 inquit,

2251 1577 2616 1647 justiﬁcabitur
2640 1580 2788 1633 homo
2834 1595 2896 1633 ea:
2934 1580 3166 1649 operibus
3214 1581 3338 1651 legis
3371 1579 3568 1652 (Gatat.
3614 1595 3674 1645 ιι,
3722 1581 3836 1650 16).

2258 1667 2563 1725 Corinthios
2592 1686 2805 1741 quoque
2848 1671 3083 1740 increpat
3119 1670 3305 1726 dicens
3334 1688 3348 1726 :
3374 1670 3564 1725 Nonne
3605 1674 3834 1725 carnales

2257 1761 2394 1828 estis,
2425 1769 2472 1814 et
2513 1762 2785 1815 secundum
2829 1763 3080 1816 hominem
3105 1762 3375 1817 antbulatis
3419 1763 3463 1834 (Ι
3490 1763 3612 1818 Cor.
3638 1779 3715 1827 ιιι,
3747 1763 3838 1832 3)?

2257 1850 2388 1906 Cum
2409 1854 2652 1908 carnales
2692 1869 2786 1908 eos
2825 1854 3074 1920 dixisset,
3109 1871 3214 1909 non
3253 1855 3361 1920 ait,
3397 1856 3701 1911 secundum
3732 1871 3842 1911 car-

2260 1961 2382 2000 nem
2408 1946 2724 2010 ambulatis;
2753 1947 2844 2001 sed
2862 1987 2876 2012 ,
2908 1947 3180 2001 secundum
3201 1948 3493 2002 hominem:
3523 1950 3650 2018 quia
3667 1960 3721 2003 et
3739 1949 3834 2003 hoc

2257 2038 2381 2108 quid
2418 2039 2585 2092 voluit
2618 2039 2874 2108 intelligi,
2904 2038 3040 2106 nisi,
3073 2039 3365 2094 secundum
3411 2039 3677 2095 carnem?
3710 2041 3835 2096 Nam

2260 2131 2440 2199 utique
2483 2130 2526 2183 si
2574 2129 2911 2198 culpabiliter
2959 2130 3172 2200 quidem
3230 2131 3524 2186 secundum
3579 2146 3835 2198 carnem,

2259 2222 2590 2276 laudabiliter
2613 2231 2792 2276 autem
2819 2221 3112 2276 secundum
3139 2221 3410 2276 hominem
3447 2223 3838 2286 ambularetur,

2259 2315 2310 2369 id
2337 2324 2418 2368 est
2437 2357 2452 2381 ,
2482 2315 2770 2382 viveretur,
2800 2331 2904 2369 non
2935 2316 3267 2385 exprobrans
3299 2315 3534 2382 diceret,
3563 2317 3840 2370 secundum

2258 2408 2510 2461 hominem
2552 2398 2841 2461 ambulatis.
2895 2409 3163 2478 Agnoscat
3211 2408 3372 2462 homo
3419 2409 3839 2478 opprobrium‘,

2258 2509 2426 2554 mutet
2468 2501 2830 2569 propositum,
2877 2499 3008 2554 vitet
3059 2499 3352 2554 interitum.
3407 2499 3586 2566 Audi,
3642 2500 3834 2562 homo;

2258 2594 2367 2648 noli
2393 2592 2665 2646 ambulare
2698 2590 2993 2646 secundum
3037 2590 3343 2656 hominem,
3397 2590 3496 2645 sed
3543 2591 3839 2645 secundum

2257 2698 2380 2738 eum
2409 2683 2500 2751 qui
2531 2683 2653 2737 fecit
2681 2683 2947 2736 hominem
2976 2699 2989 2734 :
3020 2681 3089 2736 ab
3111 2696 3176 2736 eo
3201 2683 3288 2750 qui
3321 2679 3446 2735 fecit
3477 2690 3562 2746 te,
3601 2682 3712 2736 noli
3744 2681 3834 2735 de-

2260 2777 2419 2830 iicere
2449 2790 2546 2829 nec
2571 2775 2638 2827 ad
2665 2785 2734 2829 te.
2765 2774 2936 2828 llomo
2962 2775 3102 2828 enim
3133 2773 3379 2839 dicebat,
3405 2773 3495 2843 qui
3526 2782 3711 2828 tamen
3741 2789 3839 2826 non

2258 2869 2549 2924 secundum
2580 2869 2849 2922 hominem
2883 2868 3130 2922 vivebat:
3163 2866 3285 2920 Non
3312 2869 3429 2936 quia
3455 2867 3628 2922 idonei
3669 2885 3838 2922 sumus

2257 2962 2478 3032 cogitare
2499 2961 2692 3030 aliquid
2719 2977 2750 3012 a
2775 2961 2916 3014 nobis
2934 2961 3077 3030 quasi
3094 2976 3156 3014 ea:
3180 2959 3547 3030 nobismetipsis
3571 2976 3591 3024 ;
3619 2961 3714 3014 sed
3733 2964 3840 3030 suf-

2257 3053 2479 3122 ﬁcientia
2507 3061 2679 3106 nostra
2699 3067 2762 3106 ea:
2785 3052 2891 3105 Deo
2911 3061 2984 3105 est
3007 3050 3075 3122 (ιι
3111 3051 3230 3106 Cor.
3265 3067 3342 3117 Ill,
3370 3051 3445 3121 5).
3495 3051 3629 3106 Vide
3667 3052 3716 3106 si
3764 3067 3843 3105 se-

2257 3147 2488 3201 cundum
2515 3147 2784 3200 hominem
2823 3147 3062 3212 vivebat,
3085 3145 3175 3215 qui
3200 3145 3462 3199 veraciter
3487 3143 3590 3198 ista
3612 3145 3840 3200 dicebat.

2259 3239 2567 3293 Admoncns
2593 3253 2720 3309 ergo
2750 3238 3036 3308 Apestolus
3064 3237 3362 3306 hominem,
3387 3252 3453 3292 ne
3482 3238 3629 3291 vivat
3654 3253 3843 3292 secun-

2259 3331 2385 3386 dum
2413 3332 2683 3388 hominem
2707 3373 2723 3399 ,
2754 3333 3022 3387 hominem
3051 3332 3159 3387 Deo
3183 3331 3374 3386 reddit.
3405 3332 3506 3398 Qui
3528 3341 3711 3388 autem
3740 3349 3841 3387 non

2261 3424 2390 3476 vivit
2412 3424 2704 3478 secundum
2733 3423 3025 3490 hominem,
3053 3422 3147 3478 sed
3168 3422 3459 3478 secundum
3483 3424 3653 3478 Deum
3674 3466 3692 3491 ,
3721 3440 3842 3494 pro-

2262 3515 2401 3570 l'ecto
2426 3532 2529 3569 non
2553 3516 2680 3569 vivit
2708 3516 2866 3570 etiam
2903 3515 3198 3570 secundum
3226 3515 3493 3585 seipsum;
3525 3517 3652 3586 quia
3685 3517 3842 3572 homo

2261 3619 2344 3664 est
2369 3619 2423 3664 ct
2443 3610 2578 3680 ipse.
2606 3607 2712 3665 sed
2735 3609 2856 3664 ideo
2883 3608 3080 3664 dicitur
3114 3609 3274 3664 etiam
3307 3607 3604 3663 secundum
3631 3623 3848 3664 carnem

2263 3703 2476 3770 vivere,
2504 3717 2626 3758 cum
2659 3702 2730 3756 ita
2755 3701 2912 3769 vivit;
2945 3702 3072 3772 quia
3113 3709 3169 3756 et
3208 3716 3371 3756 carne
3413 3701 3529 3756 sola
3575 3701 3848 3757 nominata

2265 3797 2573 3866 intelligitur
2619 3795 2801 3865 homo,
2832 3795 2973 3866 quod
2996 3795 3106 3867 jam
3153 3795 3484 3852 ostendimus
3516 3797 3699 3852 :sieut
3740 3797 3848 3852 sola

2263 3890 2439 3943 anima
2461 3889 2731 3944 nominata
2757 3890 3067 3959 intelligitur
3096 3888 3290 3956 homo;
3333 3889 3474 3944 unde
3495 3887 3704 3944 dictum
3734 3901 3844 3954 est,

2269 3980 2446 4034 Omnis
2493 3980 2664 4034 anima
2718 3979 3094 4034 sublimioribus
3149 3979 3476 4050 potestatibus
3537 3978 3747 4034 subdita
3790 3982 3854 4033 sit

2267 4071 2443 4146 (Rom.
2474 4090 2589 4139 xm,
2622 4075 2702 4145 ι),
2728 4074 2781 4128 id
2812 4084 2913 4139 est,
2945 4073 3118 4128 omnis
3145 4072 3342 4138 homo;
3376 4083 3465 4139 et,
3514 4073 3855 4145 Septuaginta

2266 4170 2486 4243 quinque
2519 4169 2702 4222 anima:
2739 4168 3102 4223 descenderunt
3137 4167 3192 4221 in
3235 4165 3524 4238 Egyptian
3544 4183 3662 4220 cum
3690 4165 3853 4219 Jacob

2269 4261 2420 4336 (Gen.
2445 4277 2593 4328 XLVI,
2625 4260 2718 4334 27)
2739 4303 2754 4329 ,
2787 4261 2839 4316 id
2866 4270 2948 4316 est
2969 4302 2985 4328 ,
3027 4259 3359 4330 septuaginta
3402 4260 3640 4329 quinque
3683 4259 3858 4314 homi-

2269 4369 2386 4409 nes.
2413 4352 2533 4408 Noli
2553 4368 2680 4424 ergo
2706 4352 2885 4408 vivere
2914 4352 3205 4407 secundum
3238 4359 3290 4406 te
3319 4350 3494 4420 ipsum
3515 4391 3530 4416 ,
3575 4365 3610 4404 ο
3646 4350 3809 4404 homo
3841 4367 3854 4403 :

2270 4445 2395 4501 inde
2421 4445 2662 4515 perieras
2685 4485 2699 4510 ,
2737 4444 2831 4499 sed
2883 4443 3138 4514 quaasitus
3175 4456 3255 4497 es.
3283 4440 3438 4507 Noli,
3485 4441 3704 4510 inquam
3727 4484 3743 4508 ,
3776 4443 3858 4494 vi-

2269 4552 2394 4592 vere
2418 4535 2708 4590 sccundum
2732 4544 2783 4590 te
2811 4535 2983 4604 ipsum
3014 4551 3028 4586 :
3057 4533 3180 4588 inde
3212 4533 3447 4603 perieras
3466 4574 3480 4598 ,
3513 4542 3568 4587 et
3609 4533 3862 4588 inventus

2269 4643 2329 4684 es
2353 4630 2394 4680 ⁸.
2429 4628 2546 4682 Noli
2575 4627 2752 4682 carnis
2799 4641 3051 4681 accusare
3097 4634 3372 4691 naturam,
3420 4625 3632 4695 quando
3663 4624 3820 4679 audis
3842 4665 3858 4690 ,

2272 4719 2334 4775 Si
2357 4719 2632 4773 secundum
2660 4734 2861 4771 carnem
2883 4718 3126 4784 vixeritis,
3150 4717 3450 4771 moriemini.
3474 4716 3563 4772 Sic
3583 4718 3730 4772 enim
3755 4717 3861 4770 diri

2271 4814 2474 4884 potuit,
2505 4820 2561 4866 et
2605 4811 2883 4865 verissime
2910 4812 3117 4880 potuit,
3148 4810 3206 4865 Si
3255 4809 3548 4864 secundum
3579 4825 3676 4863 vos
3718 4811 3870 4863 vixe-

2273 4907 2389 4961 ritis
2410 4945 2425 4972 ,
2465 4904 2789 4958 moriemini.
2829 4902 2961 4958 Nam
2992 4902 3237 4956 diabolus
3266 4915 3373 4956 non
3400 4901 3560 4955 habet
3608 4917 3827 4956 carnem
3852 4942 3867 4962 ,

2271 5009 2326 5054 et
2373 5008 2548 5053 tamen
2589 4997 2711 5066 quia
2753 4993 3046 5049 secundum
3087 5007 3146 5049 se
3191 4993 3366 5064 ipsum
3421 4993 3604 5048 vivere
3658 4993 3862 5058 voluit,

2271 5094 2322 5146 in
2352 5092 2558 5144 veritate
2577 5107 2677 5144 non
2705 5089 2860 5142 stetit.
2889 5087 3026 5156 Quid
3055 5102 3183 5157 ergo
3228 5087 3422 5140 mirum
3444 5086 3465 5117 ³
3487 5087 3549 5151 si,
3561 5087 3866 5141 secundum

2271 5198 2329 5239 se
2360 5185 2530 5253 ipsum
2561 5183 2745 5236 vivens
2765 5223 2781 5246 ,
2804 5196 2918 5234 cum
2947 5180 3168 5250 loquitur
3193 5179 3532 5252 mendacium,
3576 5178 3638 5232 de
3666 5196 3761 5232 suo
3782 5178 3866 5232 lo-

2271 5276 2440 5346 quitur
2485 5271 2663 5342 (Joan.
2691 5286 2805 5336 vui,
2853 5271 2943 5340 44)
2964 5269 2987 5324 ?
3012 5268 3155 5340 quod
3182 5284 3367 5324 verum
3395 5268 3462 5322 de
3507 5269 3598 5322 illo
3647 5269 3867 5324 Veritas

2273 5366 2430 5422 dixit.

2316 5457 2540 5513 CAPUT
2554 5455 2787 5512 V.—-—-12.
2802 5453 2923 5509 Non
2935 5453 3060 5524 ﬁdat
3076 5453 3139 5507 de
3157 5469 3211 5508 se
3229 5452 3314 5524 qui
3334 5453 3436 5506 vult
3454 5453 3650 5522 peccati
3671 5468 3867 5506 concu-

2274 5601 2305 5638 a
2335 5583 2501 5648 Verbo,
2531 5592 2624 5648 etc,
2643 5583 3022 5648 Genovet‘azanus
3036 5581 3214 5644 codex,
3236 5589 3451 5633 nostrum
3465 5587 3556 5642 est,
3580 5589 3628 5632 ut
3645 5580 3875 5633 Christus

2275 5649 2470 5706 veniret,
2487 5645 2734 5697 homime
2755 5661 2787 5695 (ι
2817 5645 2986 5704 I'erbo,
3005 5653 3100 5695 etc.

2340 5716 2356 5745 ι
2382 5703 2486 5760 sola
2511 5712 2659 5760 editio
2680 5717 2810 5775 non:
2835 5703 3005 5758 suam
3028 5708 3168 5758 Itonia
3187 5703 3513 5775 opprobrium.
3651 5765 3661 5775 _

2341 5777 2360 5805 ¹
2383 5776 2454 5822 sic
2477 5775 2658 5821 habent
2681 5772 2862 5834 aliquot
2879 5779 2981 5818 Mss.
3006 5778 3060 5818 At
3085 5778 3178 5818 εικε
3197 5769 3239 5819 si
3255 5768 3366 5830 quia
3385 5768 3622 5831 perieras,
3644 5768 3871 5820 inperitus

2275 5851 2343 5888 es.
2369 5844 2500 5890 l.ov..
2522 5835 2565 5885 si
2588 5832 2820 5897 perieras,
2841 5832 3056 5883 inventus
3072 5845 3139 5897 es.

2343 5902 2361 5931 ³
2386 5908 2449 5948 lla
2476 5914 2486 5961 ι
2507 5890 2638 5961 iures
2660 5905 2764 5944 Mss.
2785 5890 2837 5945 At
2860 5897 2994 5961 editi,
3029 5895 3150 5954 Quid
3169 5905 3283 5961 ergo
3300 5890 3458 5943 uerius
3495 5906 3513 5944 :
3542 5901 3596 5943 et
3617 5891 3765 5943 iidem
3783 5894 3873 5941 in-

652 5959 671 5989 ³
687 5966 804 6009 Tres
827 5972 953 6017 διεδ,
981 5955 1199 6011 nostrum
1227 5965 1315 6018 est,
1342 5964 1388 6006 ut
1411 5955 1624 6007 Christus
1649 5959 1843 6016 venerit,
1867 5963 1911 6006 et
1937 5955 2172 6009 hominem
2279 5961 2348 6012 ira
2372 5955 2486 6019 pro;
2502 5960 2625 6019 quod
2652 5971 2840 6019 verum,
2861 5958 3061 6017 habent,
3084 5960 3210 6020 quod
3237 5967 3362 6006 nere.
