4048 6514
257 457 356 511 557

257 567 545 641 piscantium
564 565 778 620 uincere.
807 559 1079 614 Excusatio
1108 567 1423 629 pcccatorum
1448 553 1721 606 cohibenda
1754 567 1841 622 per

255 658 631 716 continentiam.
678 654 1052 708 Eacusationes
1101 650 1154 703 in
1200 648 1413 717 peccatis
1441 646 1669 700 diversus.
1719 643 1855 705 Fati

253 750 527 813 accusatio,
580 747 802 817 fortuna:
838 785 853 810 ,
885 741 1096 808 diaboli,
1126 739 1224 794 Dei
1248 754 1366 794 vero
1399 737 1561 807 ipsius
1589 752 1621 789 a
1670 734 1842 789 Mani-

255 841 422 895 cha'is.
449 838 585 893 Cum
612 851 740 908 ergo
764 835 917 891 audis
940 876 956 903 ,
996 832 1272 887 Peccatum
1298 829 1432 885 vobis
1460 845 1563 882 non
1605 824 1838 881 deminu-

256 934 415 995 bitur;
442 930 553 986 noli
574 930 643 984 de
673 940 723 983 te
751 928 913 983 fidere
932 968 948 993 ,
972 934 1032 979 ut
1061 931 1338 995 peccatum
1386 921 1479 975 tibi
1524 937 1628 974 non
1658 920 1839 973 domi—

257 1032 436 1086 netur;
465 1021 562 1077 sed
588 1020 657 1075 de
696 1020 787 1075 illo
833 1017 919 1073 cui
957 1017 1086 1073 dicit
1131 1029 1295 1072 orans
1332 1013 1544 1084 quidam
1576 1018 1795 1065 sanctus
1818 1051 1835 1077 ,

255 1113 448 1168 Itinera
474 1128 587 1166 mea
624 1111 787 1182 dirige
811 1109 1090 1164 secundum
1117 1107 1326 1163 uerbum
1349 1114 1512 1167 tuum,
1534 1112 1580 1157 et
1607 1118 1712 1156 non
1739 1102 1839 1156 do-

254 1206 471 1259 minetur
498 1204 622 1259 mini
649 1202 813 1257 omnis
838 1201 1079 1271 iniquitas
1108 1197 1277 1271 (Psal.
1305 1211 1491 1261 cxvul,
1545 1194 1699 1266 155).
1747 1192 1843 1248 Et-

254 1298 392 1353 enim
419 1310 489 1351 ne
527 1295 667 1350 forte
687 1336 702 1359 ,
732 1308 853 1348 cum
874 1292 1230 1353 audissemus,
1262 1288 1527 1343 Peccatum
1556 1288 1694 1342 vobis
1737 1301 1839 1340 non

255 1391 613 1453 dominabitur,
655 1404 755 1443 nos
788 1388 935 1458 ipsos
976 1385 1384 1448 extolleremus,
1426 1389 1480 1435 et
1506 1380 1708 1435 viribus
1738 1394 1841 1433 no-

254 1485 376 1542 stris
402 1485 506 1539 hoc
548 1482 946 1545 tribueremus,
978 1477 1158 1533 statim
1206 1476 1307 1529 hoc
1344 1474 1475 1528 vidit
1514 1471 1836 1541 Apostolus,

254 1589 407 1647 atque
433 1574 697 1643 subjecit,
728 1570 851 1625 Non
878 1570 1010 1625 enim
1034 1568 1152 1623 estis
1171 1567 1263 1622 sub
1291 1567 1417 1638 lege,
1446 1566 1534 1620 sed
1563 1564 1652 1617 sub
1676 1562 1843 1634 gratia

256 1670 429 1740 (Rom.
452 1684 531 1733 vi,
559 1665 670 1737 14).
718 1664 898 1720 Gratia
944 1662 1124 1732 itaque
1168 1660 1294 1716 facit
1340 1668 1397 1713 ut
1438 1668 1716 1730 peccatum
1745 1658 1841 1712 tibi

258 1778 358 1817 non
386 1761 717 1816 dominetur.
746 1757 864 1813 Noli
893 1771 1021 1826 ergo
1047 1755 1116 1810 de
1146 1763 1197 1809 te
1223 1754 1406 1815 fidere,
1439 1768 1508 1806 ne
1534 1752 1702 1805 multo
1721 1765 1838 1804 am-

260 1854 389 1924 plius
416 1854 545 1908 inde
593 1850 690 1906 tibi
717 1849 1042 1905 dominetur.
1077 1847 1143 1901 Et
1172 1860 1292 1899 cum
1333 1843 1579 1899 audimus
1600 1884 1615 1909 ,
1649 1842 1710 1897 Si
1735 1842 1843 1912 spi-

254 1946 350 1999 ritu
382 1944 609 1997 actiones
649 1941 819 1996 carnis
853 1938 1294 2009 mortiﬁcaveritis,
1344 1936 1550 2001 vinetis;
1588 1951 1695 1989 non
1739 1934 1843 1990 hoc

254 2045 454 2092 tantum
488 2034 686 2090 bonum
718 2031 926 2103 spiritui
954 2039 1178 2097 nostro,
1225 2028 1379 2099 quasi
1424 2043 1523 2098 per
1563 2041 1622 2083 se
1668 2026 1841 2096 ipsum

254 2130 412 2199 possit
432 2129 542 2182 ista
565 2168 580 2195 ,
614 2118 930 2181 tribuamus.
961 2123 1093 2179 Nam
1132 2137 1199 2176 ne
1228 2122 1388 2176 istum
1413 2120 1682 2175 carnalem
1714 2134 1842 2174 sen-

254 2237 366 2277 um
380 2220 579 2289 spiritu
593 2228 805 2272 mortuo
832 2216 1009 2287 potius
1033 2228 1191 2285 quam
1214 2212 1571 2267 mortiﬁcaute
1590 2213 1841 2281 “sapere-

256 2330 397 2379 mus,
425 2314 573 2370 illico
606 2312 845 2377 addidit,
880 2310 1136 2381 Quotquot
1154 2311 1295 2366 enim
1320 2308 1520 2378 Spiritu
1562 2307 1657 2360 Dei
1678 2323 1840 2375 agun-

256 2416 352 2471 tur,
377 2406 429 2459 hi
456 2406 555 2475 lilii
574 2413 690 2459 sunt
705 2401 803 2457 Dei
824 2402 935 2477 (Id.
959 2418 1074 2469 vui,
1096 2403 1184 2469 15,
1208 2402 1319 2470 14).
1351 2401 1532 2470 Itaque
1558 2409 1615 2453 ut
1653 2400 1841 2468 spiritu

260 2510 432 2555 nostro
460 2514 626 2568 opera
647 2498 827 2553 carnis
856 2496 1262 2560 mortificemus,
1285 2494 1484 2564 Spiritu
1515 2494 1605 2549 Dei
1633 2494 1843 2564 agimur

256 2590 341 2661 qui
364 2591 449 2645 dat
475 2590 861 2645 continentiam
884 2630 900 2656 ,
938 2604 1041 2659 qua
1070 2588 1363 2657 fronemus,
1385 2587 1686 2655 domemus,
1720 2586 1839 2641 vin-

259 2698 435 2739 camus
461 2684 978 2753 concupiscentiam.
1683 2695 1691 2703 ‘

329 2777 412 2831 15.
441 2776 498 2830 lu
521 2777 623 2831 hoc
653 2785 759 2830 tam
797 2789 991 2845 magno
1017 2775 1235 2844 prmlio,
1267 2774 1320 2829 in
1361 2788 1470 2844 quo
1507 2773 1637 2827 vivit
1682 2772 1844 2827 homo

259 2866 355 2921 sub
381 2867 576 2938 gratia,
607 2877 661 2923 et
689 2882 811 2922 cum
838 2867 976 2922 bene
1004 2875 1203 2936 pugnat
1233 2866 1448 2935 adjutus
1472 2906 1485 2929 ,
1528 2865 1759 2919 exsultat
1788 2866 1843 2920 in

261 2959 479 3014 Domino
506 2976 628 3013 cum
656 2970 888 3014 tremore
908 3000 923 3025 ,
957 2975 1063 3013 non
1095 2958 1291 3013 desunt
1315 2966 1490 3012 tamen
1522 2958 1681 3012 etiam
1711 2966 1845 3013 stre-

258 3051 371 3103 nuis
397 3050 778 3116 bellatoribus,
816 3060 869 3105 et
894 3065 1114 3119 operum
1142 3049 1321 3103 carnis
1348 3049 1590 3119 quamvis
1632 3048 1843 3103 invictis

256 3142 722 3196 tuortitit-atorilnts
749 3185 763 3204 .
816 3143 989 3211 aliqua
1034 3141 1257 3194 vulnera
1314 3148 1683 3209 peccatorum,
1718 3154 1844 3207 pro-

257 3249 366 3306 pter
388 3255 506 3308 qme
539 3238 775 3291 sananda
800 3236 1036 3305 quotidie
1074 3235 1338 3290 veraciter
1363 3233 1587 3298 dicant,
1634 3232 1841 3285 Dimitte

254 3330 386 3382 nobis
419 3328 589 3381 debita
632 3339 805 3380 nostra
833 3326 1043 3391 (Matth.
1071 3342 1145 3391 Vt,
1172 3323 1260 3396 1'2)
1288 3342 1302 3379 :
1328 3332 1516 3379 contra
1547 3322 1731 3378 eadem
1761 3322 1839 3376 vi:

254 3422 427 3484 tia,et
470 3428 663 3475 contra
718 3419 989 3474 diabolum
1027 3419 1323 3488 principem
1352 3432 1641 3489 regemque
1683 3417 1842 3470 vitio-

252 3530 389 3578 rum,
417 3515 592 3568 multo
616 3512 920 3582 vigilantius
946 3520 998 3566 et
1025 3511 1201 3565 aerius
1233 3511 1348 3579 ipsa
1366 3510 1608 3564 oratione
1634 3516 1841 3562 certan-

251 3614 352 3667 tes,
384 3620 451 3659 ne
483 3604 706 3658 valeant
730 3602 927 3673 aliquid
960 3602 1251 3656 mortiferae
1280 3601 1651 3671 suggestiones
1686 3598 1836 3668 ejus,

246 3699 427 3768 quibus
455 3699 677 3767 instigat
708 3698 928 3767 insuper
951 3705 1284 3766 peccatorem
1317 3694 1383 3749 ad
1405 3709 1499 3748 sua
1530 3691 1834 3748 excusanda

250 3791 413 3857 potius
436 3806 603 3861 quam
635 3788 933 3844 accusanda
962 3798 1213 3859 peccata;
1261 3802 1326 3842 ac
1370 3786 1448 3841 sic
1494 3785 1586 3840 illa
1616 3786 1838 3839 vulnera

250 3897 346 3934 non
375 3882 536 3936 modo
560 3896 672 3936 non
703 3889 979 3944 sanentur,
1013 3894 1199 3934 verum
1231 3878 1391 3932 etiam
1412 3918 1426 3942 ,
1459 3877 1559 3932 etsi
1592 3876 1839 3931 mortife-

252 3989 305 4026 ra
332 3989 433 4027 non
456 3980 621 4029 erant
643 4012 658 4036 ,
681 3972 919 4041 graviter
940 3979 993 4026 et
1011 3970 1277 4025 lethaliter
1304 3969 1628 4039 infligantur.
1664 3969 1731 4021 Et
1751 3967 1841 4023 hic

246 4080 368 4135 ergo
391 4066 639 4120 cautiore
685 4077 823 4132 opus
851 4072 934 4117 est
980 4060 1310 4117 continentia
1332 4102 1345 4125 ,
1381 4076 1483 4129 qua
1524 4059 1839 4114 cohibeatur

246 4156 501 4225 superbus
545 4154 783 4209 hominis
812 4152 1101 4224 appetitus,
1135 4167 1241 4222 quo
1269 4152 1440 4221 placet
1482 4151 1583 4206 sibi
1627 4158 1678 4205 et
1733 4164 1837 4204 non

247 4250 350 4302 vult
374 4246 663 4318 culpabilis
705 4246 960 4309 inveniri,
992 4245 1415 4313 dedignaturque
1455 4258 1579 4297 cum
1616 4250 1834 4311 peccat,

244 4341 480 4395 convinci
512 4337 661 4410 quod
692 4338 807 4407 ipse
841 4338 1169 4407 peccaverit;
1216 4352 1321 4390 non
1373 4334 1573 4389 salubri
1622 4334 1837 4388 humili—

248 4441 348 4485 tate
371 4431 678 4500 suscipiens
704 4429 1097 4483 accusationem
1144 4427 1264 4493 sui,
1309 4426 1401 4481 sed
1433 4426 1837 4480 excusationem

246 4525 411 4593 potius
450 4523 675 4577 ruinosa
706 4520 941 4576 elatione
974 4520 1318 4589 conquirens.
1350 4518 1432 4572 Ad
1465 4517 1605 4572 hanc
1643 4533 1839 4587 super-

246 4620 377 4672 biam
420 4615 825 4681 coercendam,
870 4613 1253 4669 continentiam
1304 4612 1491 4681 petivit
1529 4626 1559 4665 a
1612 4612 1840 4666 Domino

245 4710 326 4762 ille
345 4753 358 4773 ,
386 4710 542 4778 cujus
565 4706 814 4775 superius
844 4704 1002 4758 verba
1029 4704 1138 4773 jam
1190 4704 1375 4772 posui,
1407 4712 1461 4759 et
1488 4705 1625 4757 sicut
1652 4704 1796 4773 potui
1823 4743 1838 4768 ,

244 4799 636 4854 commendavi.
671 4796 907 4866 Namque
935 4810 1056 4849 cum
1104 4794 1340 4857 dixisset,
1396 4792 1555 4857 Pone,
1602 4794 1837 4862 Domine,

244 4891 522 4943 custodiam
550 4889 632 4941 ori
662 4904 793 4953 meo,
837 4897 884 4941 et
927 4887 1111 4940 ostium
1137 4886 1458 4939 continentia:
1487 4886 1673 4939 circum
1702 4885 1840 4938 labia

249 4999 387 5047 mea;
419 5000 483 5037 ne
530 4981 758 5035 declines
806 4995 894 5032 cor
932 4995 1100 5031 meum
1142 4978 1194 5031 in
1221 4977 1368 5031 verba
1404 4978 1666 5047 maligna;
1694 4977 1840 5033 unde

249 5076 343 5130 hoc
412 5074 624 5130 diceret
670 5071 970 5127 evidentius
1023 5070 1328 5139 explicans,
1359 5070 1428 5123 ad
1488 5069 1839 5136 excusandas,

250 5167 411 5236 inquit
436 5208 453 5233 ,
483 5163 837 5219 excusationes
857 5162 909 5215 in
933 5162 1151 5230 peccatis
1172 5161 1342 5232 (Ρεαι.
1369 5177 1490 5228 CXL,
1515 5161 1567 5225 3,
1598 5162 1674 5233 4).
1703 5159 1841 5227 Quid

247 5259 383 5313 enim
410 5257 704 5328 malignius
747 5254 831 5309 his
859 5254 1069 5321 verbis,
1097 5255 1291 5324 quibus
1336 5255 1508 5310 malus
1548 5256 1744 5310 malum
1784 5269 1844 5309 se

247 5358 432 5421 negat,
485 5350 653 5403 etiam
695 5347 764 5402 de
792 5361 953 5417 opere
993 5348 1136 5400 malo
1164 5346 1439 5401 convictus
1465 5345 1607 5416 quod
1647 5360 1844 5415 negare

248 5457 349 5495 non
381 5440 605 5495 valeat?
630 5438 697 5492 Et
721 5436 974 5508 quoniam
1006 5436 1201 5491 factum
1236 5452 1342 5490 non
1392 5446 1567 5506 potest
1616 5446 1801 5507 tegere
1824 5479 1839 5504 ,

248 5547 341 5588 nec
368 5531 714 5588 benefactum
744 5537 919 5599 potest
956 5527 1156 5596 dicere,
1193 5537 1247 5584 et
1290 5543 1318 5582 a
1373 5542 1431 5583 se
1470 5526 1664 5583 factum
1702 5529 1846 5584 videt

249 5633 429 5693 patere
452 5663 469 5688 ,
502 5620 700 5692 quaerit
725 5620 780 5675 in
805 5620 966 5674 alium
996 5618 1199 5676 referre
1238 5619 1381 5690 quod
1412 5618 1557 5686 fecit,
1591 5630 1839 5690 tanquam

250 5715 368 5770 inde
392 5714 568 5786 possit
592 5713 800 5768 auferre
826 5712 964 5783 quod
989 5714 1200 5768 meruit.
1231 5713 1427 5770 Nolens
1452 5727 1508 5769 se
1527 5727 1646 5769 esse
1673 5729 1842 5781 reum,

306 5912 323 5941 ε
341 5914 414 5958 Sic
439 5916 547 5956 Mss.
580 5916 637 5959 At
651 5909 786 5969 editi,
813 5907 1095 5969 t'it'i/imnte.

1670 434 1873 490 LIBER
1913 433 2113 491 UNUS.

3412 478 3415 480 ·
3433 455 3538 512 358

1950 548 2096 603 addit
2112 552 2286 620 potius
2298 552 2363 607 ad
2382 560 2606 620 reatum,
2624 566 2779 613 etsua
2796 561 3102 618 excusando
3116 579 3221 620 non
3234 573 3538 626 accusando

1947 644 2412 715 peccata,'ignorat
2426 661 2529 700 non
2550 664 2608 703 se
2624 664 2839 719 poenam
2859 668 3159 721 removere,
3184 660 3279 715 sed
3296 663 3523 718 veniam.

1947 732 2100 801 Apud
2150 734 2393 792 homines
2422 739 2566 793 enim
2588 740 2816 810 judices,
2845 747 3097 815 quoniam
3136 750 3245 805 falli
3277 765 3530 823 possunt,

1944 839 2275 897 quacumque
2289 830 2429 884 velut
2443 847 2668 902 purgare
2683 833 2886 890 fallacia
2896 838 3036 907 quod
3054 856 3328 912 perperam
3340 844 3538 902 factum

1944 924 2059 985 est,
2088 919 2343 987 prodesse
2367 922 2566 992 aliquid
2590 924 2801 980 videtur
2827 927 2895 982 ad
2931 937 3177 1000 tempus:
3201 936 3340 1004 apud
3363 938 3531 994 Deum

1944 1016 2120 1061 autem
2143 1048 2156 1073 ,
2179 1009 2269 1079 qui
2291 1011 2397 1065 falli
2423 1028 2530 1067 non
2553 1022 2759 1084 potest,
2795 1032 2902 1071 non
2931 1028 3015 1074 est
3041 1021 3343 1081 adhibenda
3372 1026 3532 1085 fallax

1944 1098 2204 1165 defensio,
2232 1103 2327 1157 sed
2352 1119 2511 1160 verax
2537 1107 2802 1164 confessio
2824 1121 3192 1180 peccatorum.

1980 1246 1983 1247 ν
2017 1193 2105 1246 14.
2138 1193 2207 1247 Et
2229 1195 2316 1248 alii
2337 1196 2555 1265 quidem
2589 1201 2681 1270 qui
2722 1213 2821 1256 sua
2856 1219 3257 1267 consueverunt
3279 1228 3537 1274 excusare

1946 1291 2185 1350 peccata,
2225 1284 2332 1339 fato
2371 1302 2430 1342 se
2466 1289 2535 1344 ad
2586 1294 2917 1360 peccandum
2955 1311 3253 1367 queruntur
3297 1306 3535 1374 impelli,

1947 1382 2194 1443 tanquam
2228 1376 2328 1430 hoc
2357 1377 2695 1436 decreverint
2712 1384 2886 1440 sidera
2908 1428 2923 1453 ,
2957 1397 3011 1442 et
3033 1391 3230 1446 caelum
3260 1394 3408 1463 prius
3452 1408 3533 1452 ta-

1945 1464 2015 1520 lia
2038 1466 2373 1524 decernendo
2400 1477 2718 1543 peccaverit,
2743 1487 2799 1531 ut
2829 1477 2993 1535 homo
3028 1493 3211 1551 postea
3235 1486 3359 1541 talia
3385 1504 3534 1544 com-

1944 1557 2205 1612 mitteudo
2235 1573 2495 1629 peccaret.
2519 1565 2621 1619 Alii
2643 1567 2868 1623 fortunae
2885 1572 3089 1627 malunt
3105 1575 3369 1645 imputare
3388 1583 3530 1650 quod

1945 1658 2209 1716 peccant:
2238 1652 2327 1720 qui
2349 1653 2527 1708 omnia
2559 1655 2790 1713 fortuitis
2833 1661 3046 1716 casibus
3074 1666 3263 1735 agitari
3302 1679 3529 1739 putant;

1946 1754 2045 1794 nec
2076 1748 2253 1833 tamen
2289 1742 2392 1797 hoc
2432 1758 2491 1800 se
2531 1746 2745 1803 fortuita
2792 1753 3130 1821 temeritate,
3185 1759 3278 1813 sed
3319 1776 3535 1833 perspe-

1943 1840 2029 1884 cta
2058 1832 2265 1888 ratione
2293 1849 2482 1905 sapere
2507 1848 2667 1908 atque
2695 1854 3002 1899 asseverare
3024 1847 3370 1904 contendunt.
3394 1832 3536 1919 Qua-

1945 1921 2010 1976 lis
2034 1938 2162 1993 ergo
2187 1923 2455 1982 dementia
2481 1938 2597 1996 est,
2621 1930 3009 2001 disputationes
3042 1952 3166 1993 suas
3201 1942 3394 1997 rationi
3441 1947 3537 2000 tri-

1944 2013 2108 2071 buere
2127 2056 2142 2083 ,
2173 2026 2228 2073 et
2248 2019 2487 2091 actiones
2513 2036 2638 2078 suas
2663 2025 2875 2081 casibus
2899 2028 3340 2100 subjugareiAlii
3364 2044 3534 2093 totum

1944 2105 2087 2175 quod
2112 2108 2252 2164 male
2279 2107 2497 2177 faciunt,
2536 2113 2589 2167 in
2619 2113 2889 2171 diabolum
2918 2119 3159 2177 referunt
3188 2141 3201 2176 :
3226 2140 3327 2179 nec
3352 2127 3538 2182 volunt

1944 2213 2065 2253 cum
2098 2199 2190 2255 illo
2220 2200 2419 2259 habere
2460 2205 2543 2262 vel
2577 2217 2817 2277 partem,
2846 2226 2967 2265 cum
2999 2213 3147 2269 illum
3178 2216 3278 2271 sibi
3304 2221 3531 2275 occultis

1944 2292 2373 2362 suggestionibus
2415 2299 2554 2352 mala
2604 2302 2841 2358 suasisse
2895 2307 3153 2375 suspicari
3194 2312 3431 2379 possint,
3478 2329 3537 2368 se

1943 2392 2123 2438 autem
2178 2383 2288 2439 illis
2336 2389 2798 2458 suggestionibus,
2863 2395 3236 2467 undecumque
3299 2400 3533 2468 fuerint,

1944 2473 2282 2531 consensisse
2307 2475 2551 2534 dubitare
2581 2496 2685 2535 non
2718 2483 2941 2551 possint.
2973 2484 3107 2541 Sunt
3130 2488 3289 2543 etiam
3323 2492 3411 2561 qui
3434 2508 3534 2548 ex-

1945 2567 2275 2623 cusationem
2306 2584 2457 2624 suam
2477 2572 2772 2627 extendunt
2802 2574 2853 2628 in
2872 2580 3267 2634 accusationem
3294 2582 3387 2637 Dei
3408 2624 3421 2646 ,
3449 2584 3537 2638 di-

1946 2657 2074 2711 vino
2111 2657 2314 2728 judicio
2364 2661 2582 2727 miseri,
2637 2678 2735 2718 suo
2775 2674 2956 2721 autem
2998 2668 3176 2725 furore
3217 2671 3536 2742 blaSphemi.

1947 2745 2156 2802 Etenim
2187 2749 2445 2806 adversus
2464 2767 2584 2807 eum
2615 2769 2679 2809 ex
2710 2758 2978 2811 contrario
2997 2760 3255 2830 principio
3279 2762 3538 2821 inducunt

1947 2840 2073 2895 mali
2102 2842 2455 2898 substantiam
2491 2845 2839 2901 rebellantem
2859 2889 2874 2912 ,
2912 2851 2996 2904 cui
3021 2866 3127 2906 non
3158 2855 3419 2921 potuisset
3446 2873 3535 2911 re-

1947 2931 2158 2997 sistere,
2189 2932 2290 2987 nisi
2312 2933 2623 2989 substantia:
2645 2946 2957 3008 naturaeque
2986 2956 3097 2995 sure
3121 2952 3324 3011 partem
3353 2946 3530 3003 eidem

1946 3023 2228 3079 rebellanti
2294 3028 2761 3084 eontaminandam
2815 3035 3371 3108 corrumpendamque
3437 3043 3540 3094 mi-

1947 3116 2176 3171 scuisset
2208 3136 2221 3171 :
2254 3126 2308 3171 et
2336 3129 2461 3172 tunc
2499 3134 2557 3173 se
2587 3135 2811 3188 peccare
2840 3122 3056 3189 dicunt,
3107 3128 3319 3196 quando
3350 3140 3538 3186 natura

1947 3208 2073 3263 mali
2102 3210 2356 3278 praevalet
2380 3222 2584 3265 natura:
2613 3211 2729 3266 Dei.
2750 3212 2877 3267 litae
2894 3214 3307 3273 Manichaeorum
3335 3230 3417 3274 est
3437 3221 3539 3276 im-

1947 3299 2295 3354 mundissima
2337 3300 2573 3368 insania,
2617 3318 2842 3372 quorum
2891 3307 3319 3364 machinamenta
3349 3312 3541 3368 diabo-

1947 3389 2046 3444 lica
2073 3391 2322 3444 facillime
2348 3392 2545 3447 veritas
2585 3392 2885 3449 indubitata
2931 3376 3228 3466 subvertit,
3278 3418 3397 3471 qua!
3442 3404 3538 3459 Dei

1946 3490 2191 3535 naturam
2253 3482 2779 3537 incontaminabilem
2849 3495 3011 3556 atque
3081 3488 3540 3560 incorruptibilem

1945 3574 2247 3628 confitetur.
2277 3574 2413 3643 Quid
2445 3584 2619 3630 autem
2659 3575 2937 3647 flagitiosze
2975 3583 3444 3641 contaminationis
3485 3599 3541 3643 et

1944 3667 2304 3737 corruptionis
2332 3668 2400 3724 de
2430 3668 2546 3723 istis
2577 3669 2767 3724 merito
2814 3685 2921 3725 non
2961 3673 3219 3737 creditur,
3267 3690 3297 3729 a
3346 3679 3542 3747 quibus

1945 3758 2116 3824 Deus,
2148 3758 2239 3829 qui
2266 3774 2475 3815 summe
2509 3767 2668 3830 atque
2694 3760 3185 3831 incomparabiliter
3215 3767 3390 3823 bonus
3425 3778 3538 3835 est,

1943 3852 2371 3907 contaminabilis
2395 3860 2451 3907 et
2475 3854 2836 3922 corruptibilis
2864 3855 3144 3910 creditur?

2015 3941 2239 3997 CAPUT
2270 3942 2307 3996 γ
2315 3942 2355 3997 1.
2380 3973 2453 3983 —-
2480 3944 2566 3999 15.
2599 3942 2790 3998 Contra
2813 3944 2944 3998 alios
2971 3945 3058 4015 qui
3083 3954 3138 3999 ut
3172 3963 3226 4001 se
3257 3962 3529 4018 excusent,

1945 4033 2117 4087 dicunt
2140 4033 2338 4105 placere
2366 4032 2479 4088 Deo
2496 4043 2722 4104 peccata.
2743 4033 2880 4089 Deus
2904 4042 2951 4088 et
2973 4035 3037 4089 de
3062 4037 3210 4091 matis
3235 4042 3357 4109 facit
3385 4040 3537 4096 bona.

1947 4123 2116 4179 llomo
2140 4140 2255 4177 cum
2295 4133 2538 4195 potestate
2579 4125 2821 4196 peccandi
2857 4130 3053 4198 factus,
3096 4146 3189 4200 pro
3214 4132 3423 4199 prtemio
3448 4148 3541 4185 ac-

1944 4227 2182 4287 cepturus
2220 4234 2321 4272 non
2351 4234 2500 4289 posse
2538 4235 2768 4291 peccare.
2796 4219 2934 4275 Sunt
2972 4231 3027 4277 et
3067 4223 3158 4293 qui
3188 4239 3254 4279 eo
3300 4226 3461 4281 modo
3486 4226 3539 4282 in

1944 4310 2287 4366 excusatione
2308 4320 2647 4382 peccatorum
2667 4327 2883 4367 suorum
2902 4324 3158 4370 accusant
3173 4316 3363 4384 Deum,
3381 4328 3440 4373 ut
3459 4319 3541 4376 di-

1944 4411 2069 4457 cant
2088 4404 2137 4459 ei
2161 4403 2373 4473 placere
2402 4413 2638 4473 peccata.
2664 4404 2795 4460 Nam
2818 4407 2864 4460 si
2892 4407 3256 4479 displicerent,
3276 4410 3540 4482 inquiunt,

1946 4497 2090 4551 nullo
2145 4496 2306 4552 modo
2362 4512 2425 4553 ea
2476 4497 2591 4552 ﬁeri
2646 4499 3166 4571 omnipotentissima
3217 4506 3398 4575 utique
3442 4523 3541 4577 po-

1948 4597 2139 4644 testate
2161 4589 2510 4659 permitterel.
2530 4590 2691 4667 Quasi
2715 4607 2843 4647 vero
2866 4603 3081 4663 peccata
3106 4594 3250 4651 Deus
3275 4596 3535 4667 impunita

1946 4696 2067 4736 esse
2094 4682 2427 4751 permiserit,
2458 4683 2617 4736 etiam
2642 4683 2693 4737 in
2722 4683 2800 4737 eis
2828 4700 2963 4753 quos
2978 4701 3018 4755 _a
3049 4687 3312 4756 supplicio
3344 4691 3544 4761 sempi-

1949 4782 2101 4828 terno
2132 4773 2450 4829 remissione
2496 4773 2689 4829 liberat
2730 4786 3092 4845 peccatorum.
3135 4779 3317 4836 Nullus
3346 4783 3543 4853 quippe

1948 4866 2140 4920 debittc
2166 4866 2428 4936 gravioris
2458 4882 2631 4937 pinna:
2670 4867 2863 4938 accipit
2893 4870 3141 4937 veniam,
3171 4873 3271 4926 nisi
3299 4874 3539 4943 qualem-

1947 4975 2176 5029 cumque
2197 5002 2210 5023 ,
2238 4959 2338 5015 etsi
2368 4958 2526 5030 longe
2549 4960 2810 5015 minorem
2841 4977 3001 5029 quam
3033 4962 3293 5028 debebat,
3320 4965 3545 5022 solverit

1950 5068 2161 5122 poenam
2191 5071 2204 5107 :
2229 5062 2386 5122 atque
2427 5053 2497 5106 ita
2547 5053 2848 5125 impartitur
2879 5055 3095 5124 largitas
3122 5056 3503 5113 misericordiae
3524 5102 3540 5126 ,

1950 5154 2008 5200 ut
2037 5160 2142 5201 non
2182 5145 2516 5214 relinquatur
2544 5146 2704 5199 etiam
2744 5144 2951 5215 iustitia
2981 5145 3295 5216 disciplima.
3327 5149 3460 5206 Nam
3489 5161 3545 5208 et

1951 5246 2222 5310 peccatum
2252 5236 2394 5309 quod
2437 5237 2660 5291 inultum
2704 5237 2934 5306 videtur,
2962 5238 3124 5296 habet
3162 5242 3535 5315 pedissequam

1952 5344 2162 5398 poenam
2191 5343 2342 5383 suam
2363 5368 2379 5394 ,
2406 5336 2467 5384 ut
2491 5343 2650 5384 nemo
2680 5327 2749 5384 de
2775 5328 3013 5387 admisso
3036 5331 3139 5386 nisi
3161 5342 3253 5388 aut
3280 5338 3543 5393 amaritu-

1950 5420 2076 5476 dine
2113 5420 2329 5488 doleat,
2360 5430 2452 5475 aut
2490 5419 2729 5476 caecitate
2771 5436 2880 5476 non
2917 5422 3117 5480 doleat.
3157 5424 3304 5481 Sicut
3330 5443 3458 5499 ergo
3490 5439 3544 5484 tu

1951 5514 2085 5571 dicis
2105 5556 2121 5582 ,
2150 5514 2256 5571 Cur
2286 5514 2544 5585 permittit
2573 5514 2673 5568 ista
2694 5557 2709 5582 ,
2739 5515 2783 5570 si
2812 5514 3132 5586 displicent?
3164 5520 3235 5575 ita
3265 5537 3364 5591 ego
3385 5522 3540 5590 dico,

1952 5609 2058 5664 Cur
2087 5610 2236 5677 punit
2260 5610 2356 5663 ista
2374 5649 2389 5672 ,
2417 5608 2462 5663 si
2489 5607 2743 5680 placent?
2774 5611 2850 5664 Ac
2881 5626 2975 5681 per
2997 5610 3100 5667 hoc
3128 5613 3267 5667 sicut
3292 5630 3390 5685 ego
3410 5632 3545 5671 eon-

1956 5703 2109 5758 fueor
2132 5702 2271 5773 quod
2299 5703 2518 5759 omnino
2546 5704 2648 5759 ista
2675 5719 2782 5758 non
2812 5702 3035 5765 fierent,
3068 5706 3168 5760 nisi
3200 5706 3268 5759 ab
3290 5706 3537 5778 Omnipo-

1958 5806 2100 5850 tente
2145 5794 2617 5864 permitterentur;
2652 5796 2723 5849 ita
2773 5804 2827 5849 tu
2872 5795 3127 5850 confitere
3158 5795 3396 5852 facienda
3440 5814 3544 5855 non

1955 5900 2075 5942 esse
2107 5903 2224 5957 quae
2265 5903 2292 5940 a
2336 5888 2478 5953 justo
2528 5888 2936 5955 puniantur:ut
2982 5903 3089 5942 non
3140 5888 3381 5944 faciendo
3428 5904 3547 5949 auat
