  <div class='ocr_page' id='page_1' title='image "/cluster/home/n/w/nwhite01/storage/ocr_20150623/40-41/uc1.31175026811482/187.png"; bbox 0 0 4024 6498; ppageno 0'>
   <div class='ocr_carea' id='block_1_1' title="bbox 523 425 624 481">
    <p class='ocr_par' dir='ltr' id='par_1_1' title="bbox 523 425 624 481">
     <span class='ocr_line' id='line_1_1' title="bbox 523 425 624 481; baseline -0.02 0"><span class='ocrx_word' id='word_1_1' title='bbox 523 425 624 481; x_wconf 75' lang='lat'><strong>559</strong></span> 
     </span>
    </p>
   </div>
   <div class='ocr_carea' id='block_1_2' title="bbox 522 522 2098 610">
    <p class='ocr_par' dir='ltr' id='par_1_2' title="bbox 522 522 2098 610">
     <span class='ocr_line' id='line_1_2' title="bbox 522 522 2098 610; baseline -0.009 -19"><span class='ocrx_word' id='word_1_2' title='bbox 522 537 699 610; x_wconf 99' lang='lat' dir='ltr'><strong>punit,</strong></span> <span class='ocrx_word' id='word_1_3' title='bbox 730 542 1029 588; x_wconf 82' lang='lat' dir='ltr'><strong>mereamur</strong></span> <span class='ocrx_word' id='word_1_4' title='bbox 1065 525 1133 582; x_wconf 88' lang='lat' dir='ltr'><strong>ab</strong></span> <span class='ocrx_word' id='word_1_5' title='bbox 1176 540 1242 581; x_wconf 90' lang='lat' dir='ltr'><strong>eo</strong></span> <span class='ocrx_word' id='word_1_6' title='bbox 1285 523 1496 580; x_wconf 85' lang='lat' dir='ltr'><strong>discere</strong></span> <span class='ocrx_word' id='word_1_7' title='bbox 1534 538 1632 578; x_wconf 91' lang='lat' dir='ltr'><strong>cur</strong></span> <span class='ocrx_word' id='word_1_8' title='bbox 1676 522 1935 594; x_wconf 87' lang='lat' dir='ltr'><strong>permittit</strong></span> <span class='ocrx_word' id='word_1_9' title='bbox 1976 535 2098 577; x_wconf 89' lang='lat' dir='ltr'><strong>esse</strong></span> 
     </span>
    </p>
   </div>
   <div class='ocr_carea' id='block_1_3' title="bbox 520 614 2103 699">
    <p class='ocr_par' dir='ltr' id='par_1_3' title="bbox 520 614 2103 699">
     <span class='ocr_line' id='line_1_3' title="bbox 520 614 2103 699; baseline -0.011 -16"><span class='ocrx_word' id='word_1_10' title='bbox 520 644 637 699; x_wconf 62' lang='lat' dir='ltr'><strong>quae</strong></span> <span class='ocrx_word' id='word_1_11' title='bbox 658 625 854 694; x_wconf 89' lang='lat' dir='ltr'><strong>puniat.</strong></span> <span class='ocrx_word' id='word_1_12' title='bbox 881 621 1227 691; x_wconf 71' lang='lat' dir='ltr'><strong>Perfectorum</strong></span> <span class='ocrx_word' id='word_1_13' title='bbox 1246 626 1318 672; x_wconf 81' lang='lat' dir='ltr'><strong>est</strong></span> <span class='ocrx_word' id='word_1_14' title='bbox 1339 617 1482 671; x_wconf 88' lang='lat' dir='ltr'><strong>enim</strong></span> <span class='ocrx_word' id='word_1_15' title='bbox 1500 656 1517 682; x_wconf 95' lang='lat'><strong>,</strong></span> <span class='ocrx_word' id='word_1_16' title='bbox 1542 616 1679 670; x_wconf 86' lang='lat' dir='ltr'><strong>sicut</strong></span> <span class='ocrx_word' id='word_1_17' title='bbox 1702 614 1955 683; x_wconf 91' lang='lat' dir='ltr'><strong>scriptum</strong></span> <span class='ocrx_word' id='word_1_18' title='bbox 1984 620 2067 666; x_wconf 90' lang='lat' dir='ltr'><strong>est</strong></span> <span class='ocrx_word' id='word_1_19' title='bbox 2086 653 2103 679; x_wconf 96' lang='lat'><strong>,</strong></span> 
     </span>
    </p>
   </div>
   <div class='ocr_carea' id='block_1_4' title="bbox 518 701 2106 782">
    <p class='ocr_par' dir='ltr' id='par_1_4' title="bbox 518 701 2106 782">
     <span class='ocr_line' id='line_1_4' title="bbox 518 701 2106 782; baseline -0.009 -10"><span class='ocrx_word' id='word_1_20' title='bbox 518 718 711 774; x_wconf 87' lang='lat' dir='ltr'><strong>solidus</strong></span> <span class='ocrx_word' id='word_1_21' title='bbox 734 714 870 768; x_wconf 87' lang='lat' dir='ltr'><strong>cibus</strong></span> <span class='ocrx_word' id='word_1_22' title='bbox 891 710 1076 782; x_wconf 84' lang='lat' dir='ltr'><strong>(Hebr.</strong></span> <span class='ocrx_word' id='word_1_23' title='bbox 1109 726 1163 777; x_wconf 79' lang='grc' dir='ltr'>ν,</span> <span class='ocrx_word' id='word_1_24' title='bbox 1191 708 1279 778; x_wconf 72' lang='grc'><strong>14)</strong></span> <span class='ocrx_word' id='word_1_25' title='bbox 1307 726 1322 762; x_wconf 91' lang='lat'><strong>:</strong></span> <span class='ocrx_word' id='word_1_26' title='bbox 1352 708 1406 762; x_wconf 92' lang='lat' dir='ltr'><strong>in</strong></span> <span class='ocrx_word' id='word_1_27' title='bbox 1432 705 1617 778; x_wconf 81' lang='lat' dir='ltr'><strong>quohi</strong></span> <span class='ocrx_word' id='word_1_28' title='bbox 1648 705 1737 776; x_wconf 91' lang='lat' dir='ltr'><strong>qui</strong></span> <span class='ocrx_word' id='word_1_29' title='bbox 1770 706 1903 759; x_wconf 83' lang='lat' dir='ltr'><strong>bene</strong></span> <span class='ocrx_word' id='word_1_30' title='bbox 1929 701 2106 774; x_wconf 76' lang='lat' dir='ltr'><strong>profe-</strong></span> 
     </span>
    </p>
   </div>
   <div class='ocr_carea' id='block_1_5' title="bbox 519 795 2105 876">
    <p class='ocr_par' dir='ltr' id='par_1_5' title="bbox 519 795 2105 876">
     <span class='ocr_line' id='line_1_5' title="bbox 519 795 2105 876; baseline -0.008 -13"><span class='ocrx_word' id='word_1_31' title='bbox 519 818 705 863; x_wconf 89' lang='lat' dir='ltr'><strong>cerunt</strong></span> <span class='ocrx_word' id='word_1_32' title='bbox 726 848 741 870; x_wconf 94' lang='lat'><strong>,</strong></span> <span class='ocrx_word' id='word_1_33' title='bbox 765 806 876 876; x_wconf 90' lang='lat' dir='ltr'><strong>jam</strong></span> <span class='ocrx_word' id='word_1_34' title='bbox 907 803 1211 873; x_wconf 87' lang='lat' dir='ltr'><strong>intelligunt</strong></span> <span class='ocrx_word' id='word_1_35' title='bbox 1234 800 1302 855; x_wconf 89' lang='lat' dir='ltr'><strong>ad</strong></span> <span class='ocrx_word' id='word_1_36' title='bbox 1334 798 1776 868; x_wconf 90' lang='lat' dir='ltr'><strong>omnipotentiam</strong></span> <span class='ocrx_word' id='word_1_37' title='bbox 1802 797 1899 851; x_wconf 86' lang='lat' dir='ltr'><strong>Dei</strong></span> <span class='ocrx_word' id='word_1_38' title='bbox 1932 795 2105 865; x_wconf 87' lang='lat' dir='ltr'><strong>potius</strong></span> 
     </span>
    </p>
   </div>
   <div class='ocr_carea' id='block_1_6' title="bbox 520 887 2109 968">
    <p class='ocr_par' dir='ltr' id='par_1_6' title="bbox 520 887 2109 968">
     <span class='ocr_line' id='line_1_6' title="bbox 520 887 2109 968; baseline -0.007 -15"><span class='ocrx_word' id='word_1_39' title='bbox 520 899 571 953; x_wconf 88' lang='lat' dir='ltr'><strong>id</strong></span> <span class='ocrx_word' id='word_1_40' title='bbox 603 898 953 968; x_wconf 84' lang='lat' dir='ltr'><strong>pertinuisse,</strong></span> <span class='ocrx_word' id='word_1_41' title='bbox 984 902 1044 948; x_wconf 91' lang='lat' dir='ltr'><strong>ut</strong></span> <span class='ocrx_word' id='word_1_42' title='bbox 1083 908 1151 947; x_wconf 74' lang='lat' dir='ltr'><strong>ex</strong></span> <span class='ocrx_word' id='word_1_43' title='bbox 1195 891 1363 947; x_wconf 83' lang='lat' dir='ltr'><strong>libero</strong></span> <span class='ocrx_word' id='word_1_44' title='bbox 1407 888 1629 944; x_wconf 85' lang='lat' dir='ltr'><strong>arbitrio</strong></span> <span class='ocrx_word' id='word_1_45' title='bbox 1672 887 1960 951; x_wconf 69' lang='lat' dir='ltr'><strong>voluntatis</strong></span> <span class='ocrx_word' id='word_1_46' title='bbox 2011 900 2109 942; x_wconf 86' lang='lat' dir='ltr'><strong>ve-</strong></span> 
     </span>
    </p>
   </div>
   <div class='ocr_carea' id='block_1_7' title="bbox 520 980 2107 1053">
    <p class='ocr_par' dir='ltr' id='par_1_7' title="bbox 520 980 2107 1053">
     <span class='ocr_line' id='line_1_7' title="bbox 520 980 2107 1053; baseline -0.008 -8"><span class='ocrx_word' id='word_1_47' title='bbox 520 990 713 1045; x_wconf 88' lang='lat' dir='ltr'><strong>nientia</strong></span> <span class='ocrx_word' id='word_1_48' title='bbox 747 987 883 1042; x_wconf 89' lang='lat' dir='ltr'><strong>mala</strong></span> <span class='ocrx_word' id='word_1_49' title='bbox 915 999 1036 1039; x_wconf 88' lang='lat' dir='ltr'><strong>esse</strong></span> <span class='ocrx_word' id='word_1_50' title='bbox 1058 984 1405 1053; x_wconf 77' lang='lat' dir='ltr'><strong>permitteret.</strong></span> <span class='ocrx_word' id='word_1_51' title='bbox 1431 982 1598 1036; x_wconf 85' lang='lat' dir='ltr'><strong>Tanta</strong></span> <span class='ocrx_word' id='word_1_52' title='bbox 1619 980 1813 1050; x_wconf 86' lang='lat' dir='ltr'><strong>quippe</strong></span> <span class='ocrx_word' id='word_1_53' title='bbox 1846 980 1861 1011; x_wconf 82' lang='grc'>¹</span> <span class='ocrx_word' id='word_1_54' title='bbox 1886 988 1967 1034; x_wconf 85' lang='grc' dir='ltr'><strong>εει</strong></span> <span class='ocrx_word' id='word_1_55' title='bbox 1991 993 2107 1032; x_wconf 83' lang='lat' dir='ltr'><strong>om-</strong></span> 
     </span>
    </p>
   </div>
   <div class='ocr_carea' id='block_1_8' title="bbox 523 1068 2105 1149">
    <p class='ocr_par' dir='ltr' id='par_1_8' title="bbox 523 1068 2105 1149">
     <span class='ocr_line' id='line_1_8' title="bbox 523 1068 2105 1149; baseline -0.006 -15"><span class='ocrx_word' id='word_1_56' title='bbox 523 1082 767 1149; x_wconf 90' lang='lat' dir='ltr'><strong>nipotens</strong></span> <span class='ocrx_word' id='word_1_57' title='bbox 794 1077 909 1147; x_wconf 88' lang='lat' dir='ltr'><strong>ejus</strong></span> <span class='ocrx_word' id='word_1_58' title='bbox 932 1076 1162 1139; x_wconf 87' lang='lat' dir='ltr'><strong>bonitas,</strong></span> <span class='ocrx_word' id='word_1_59' title='bbox 1190 1084 1250 1128; x_wconf 86' lang='lat' dir='ltr'><strong>ut</strong></span> <span class='ocrx_word' id='word_1_60' title='bbox 1270 1073 1431 1128; x_wconf 89' lang='lat' dir='ltr'><strong>etiam</strong></span> <span class='ocrx_word' id='word_1_61' title='bbox 1461 1071 1529 1125; x_wconf 91' lang='lat' dir='ltr'><strong>de</strong></span> <span class='ocrx_word' id='word_1_62' title='bbox 1552 1070 1708 1124; x_wconf 88' lang='lat' dir='ltr'><strong>malis</strong></span> <span class='ocrx_word' id='word_1_63' title='bbox 1738 1070 1905 1139; x_wconf 86' lang='lat' dir='ltr'><strong>possit</strong></span> <span class='ocrx_word' id='word_1_64' title='bbox 1926 1068 2105 1124; x_wconf 83' lang='lat' dir='ltr'><strong>facere</strong></span> 
     </span>
    </p>
   </div>
   <div class='ocr_carea' id='block_1_9' title="bbox 522 1159 2102 1238">
    <p class='ocr_par' dir='ltr' id='par_1_9' title="bbox 522 1159 2102 1238">
     <span class='ocr_line' id='line_1_9' title="bbox 522 1159 2102 1238; baseline -0.009 -11"><span class='ocrx_word' id='word_1_65' title='bbox 522 1173 661 1227; x_wconf 87' lang='lat' dir='ltr'><strong>bona</strong></span> <span class='ocrx_word' id='word_1_66' title='bbox 678 1213 693 1236; x_wconf 93' lang='lat'><strong>,</strong></span> <span class='ocrx_word' id='word_1_67' title='bbox 716 1171 832 1226; x_wconf 86' lang='lat' dir='ltr'><strong>sive</strong></span> <span class='ocrx_word' id='word_1_68' title='bbox 861 1165 1183 1238; x_wconf 89' lang='lat' dir='ltr'><strong>ignoscendo</strong></span> <span class='ocrx_word' id='word_1_69' title='bbox 1205 1206 1220 1230; x_wconf 93' lang='lat'><strong>,</strong></span> <span class='ocrx_word' id='word_1_70' title='bbox 1248 1166 1360 1219; x_wconf 83' lang='lat' dir='ltr'><strong>sive</strong></span> <span class='ocrx_word' id='word_1_71' title='bbox 1379 1162 1618 1219; x_wconf 89' lang='lat' dir='ltr'><strong>sanando</strong></span> <span class='ocrx_word' id='word_1_72' title='bbox 1636 1202 1651 1227; x_wconf 93' lang='lat'><strong>,</strong></span> <span class='ocrx_word' id='word_1_73' title='bbox 1682 1162 1794 1215; x_wconf 87' lang='lat' dir='ltr'><strong>sive</strong></span> <span class='ocrx_word' id='word_1_74' title='bbox 1815 1160 1881 1215; x_wconf 89' lang='lat' dir='ltr'><strong>ad</strong></span> <span class='ocrx_word' id='word_1_75' title='bbox 1903 1159 2102 1214; x_wconf 91' lang='lat' dir='ltr'><strong>utilita-</strong></span> 
     </span>
    </p>
   </div>
   <div class='ocr_carea' id='block_1_10' title="bbox 523 1253 2103 1332">
    <p class='ocr_par' dir='ltr' id='par_1_10' title="bbox 523 1253 2103 1332">
     <span class='ocr_line' id='line_1_10' title="bbox 523 1253 2103 1332; baseline -0.008 -14"><span class='ocrx_word' id='word_1_76' title='bbox 523 1274 604 1318; x_wconf 87' lang='lat' dir='ltr'><strong>tes</strong></span> <span class='ocrx_word' id='word_1_77' title='bbox 649 1264 859 1332; x_wconf 83' lang='lat' dir='ltr'><strong>piorum</strong></span> <span class='ocrx_word' id='word_1_78' title='bbox 904 1258 1202 1329; x_wconf 78' lang='lat' dir='ltr'><strong>coaptando</strong></span> <span class='ocrx_word' id='word_1_79' title='bbox 1246 1266 1409 1327; x_wconf 84' lang='lat' dir='ltr'><strong>atque</strong></span> <span class='ocrx_word' id='word_1_80' title='bbox 1451 1254 1739 1321; x_wconf 90' lang='lat' dir='ltr'><strong>vertendo,</strong></span> <span class='ocrx_word' id='word_1_81' title='bbox 1782 1254 1896 1309; x_wconf 90' lang='lat' dir='ltr'><strong>sive</strong></span> <span class='ocrx_word' id='word_1_82' title='bbox 1942 1253 2103 1307; x_wconf 89' lang='lat' dir='ltr'><strong>etiam</strong></span> 
     </span>
    </p>
   </div>
   <div class='ocr_carea' id='block_1_11' title="bbox 519 1343 2102 1424">
    <p class='ocr_par' dir='ltr' id='par_1_11' title="bbox 519 1343 2102 1424">
     <span class='ocr_line' id='line_1_11' title="bbox 519 1343 2102 1424; baseline -0.009 -15"><span class='ocrx_word' id='word_1_83' title='bbox 519 1354 815 1424; x_wconf 82' lang='lat' dir='ltr'><strong>justissime</strong></span> <span class='ocrx_word' id='word_1_84' title='bbox 846 1349 1183 1405; x_wconf 89' lang='lat' dir='ltr'><strong>vindicando.</strong></span> <span class='ocrx_word' id='word_1_85' title='bbox 1207 1348 1395 1403; x_wconf 84' lang='lat' dir='ltr'><strong>Omnia</strong></span> <span class='ocrx_word' id='word_1_86' title='bbox 1420 1361 1651 1416; x_wconf 81' lang='lat' dir='ltr'><strong>namque</strong></span> <span class='ocrx_word' id='word_1_87' title='bbox 1675 1346 1772 1398; x_wconf 88' lang='lat' dir='ltr'><strong>ista</strong></span> <span class='ocrx_word' id='word_1_88' title='bbox 1800 1343 1934 1399; x_wconf 90' lang='lat' dir='ltr'><strong>bona</strong></span> <span class='ocrx_word' id='word_1_89' title='bbox 1957 1350 2102 1409; x_wconf 91' lang='lat' dir='ltr'><strong>sunt,</strong></span> 
     </span>
    </p>
   </div>
   <div class='ocr_carea' id='block_1_12' title="bbox 524 1438 2105 1513">
    <p class='ocr_par' dir='ltr' id='par_1_12' title="bbox 524 1438 2105 1513">
     <span class='ocr_line' id='line_1_12' title="bbox 524 1438 2105 1513; baseline -0.009 -11"><span class='ocrx_word' id='word_1_90' title='bbox 524 1457 580 1503; x_wconf 91' lang='lat' dir='ltr'><strong>et</strong></span> <span class='ocrx_word' id='word_1_91' title='bbox 608 1448 717 1501; x_wconf 87' lang='lat' dir='ltr'><strong>Deo</strong></span> <span class='ocrx_word' id='word_1_92' title='bbox 744 1446 884 1500; x_wconf 92' lang='lat' dir='ltr'><strong>bono</strong></span> <span class='ocrx_word' id='word_1_93' title='bbox 926 1452 1085 1513; x_wconf 88' lang='lat' dir='ltr'><strong>atque</strong></span> <span class='ocrx_word' id='word_1_94' title='bbox 1112 1442 1475 1512; x_wconf 88' lang='lat' dir='ltr'><strong>omnipotente</strong></span> <span class='ocrx_word' id='word_1_95' title='bbox 1505 1438 1814 1507; x_wconf 85' lang='lat' dir='ltr'><strong>dignissima</strong></span> <span class='ocrx_word' id='word_1_96' title='bbox 1847 1454 1860 1489; x_wconf 89' lang='lat'><strong>:</strong></span> <span class='ocrx_word' id='word_1_97' title='bbox 1896 1451 1991 1490; x_wconf 90' lang='lat' dir='ltr'><strong>nec</strong></span> <span class='ocrx_word' id='word_1_98' title='bbox 2023 1443 2105 1489; x_wconf 86' lang='lat' dir='ltr'><strong>ta-</strong></span> 
     </span>
    </p>
   </div>
   <div class='ocr_carea' id='block_1_13' title="bbox 524 1524 2105 1600">
    <p class='ocr_par' dir='ltr' id='par_1_13' title="bbox 524 1524 2105 1600">
     <span class='ocr_line' id='line_1_13' title="bbox 524 1524 2105 1600; baseline -0.008 -9"><span class='ocrx_word' id='word_1_99' title='bbox 524 1554 646 1593; x_wconf 89' lang='lat' dir='ltr'><strong>men</strong></span> <span class='ocrx_word' id='word_1_100' title='bbox 692 1538 825 1590; x_wconf 84' lang='lat' dir='ltr'><strong>fiunt</strong></span> <span class='ocrx_word' id='word_1_101' title='bbox 867 1536 966 1589; x_wconf 90' lang='lat' dir='ltr'><strong>nisi</strong></span> <span class='ocrx_word' id='word_1_102' title='bbox 1013 1535 1082 1589; x_wconf 88' lang='lat' dir='ltr'><strong>de</strong></span> <span class='ocrx_word' id='word_1_103' title='bbox 1123 1533 1298 1587; x_wconf 88' lang='lat' dir='ltr'><strong>malis.</strong></span> <span class='ocrx_word' id='word_1_104' title='bbox 1338 1531 1472 1599; x_wconf 82' lang='lat' dir='ltr'><strong>Quid</strong></span> <span class='ocrx_word' id='word_1_105' title='bbox 1521 1530 1679 1600; x_wconf 78' lang='lat' dir='ltr'><strong>igitur</strong></span> <span class='ocrx_word' id='word_1_106' title='bbox 1721 1528 1945 1592; x_wconf 91' lang='lat' dir='ltr'><strong>melius,</strong></span> <span class='ocrx_word' id='word_1_107' title='bbox 1978 1524 2105 1596; x_wconf 88' lang='lat' dir='ltr'><strong>quid</strong></span> 
     </span>
    </p>
   </div>
   <div class='ocr_carea' id='block_1_14' title="bbox 523 1618 2107 1699">
    <p class='ocr_par' dir='ltr' id='par_1_14' title="bbox 523 1618 2107 1699">
     <span class='ocr_line' id='line_1_14' title="bbox 523 1618 2107 1699; baseline -0.008 -16"><span class='ocrx_word' id='word_1_108' title='bbox 523 1629 939 1699; x_wconf 90' lang='lat' dir='ltr'><strong>omnipotentius</strong></span> <span class='ocrx_word' id='word_1_109' title='bbox 984 1642 1049 1680; x_wconf 89' lang='lat' dir='ltr'><strong>eo</strong></span> <span class='ocrx_word' id='word_1_110' title='bbox 1097 1625 1188 1695; x_wconf 91' lang='lat' dir='ltr'><strong>qui</strong></span> <span class='ocrx_word' id='word_1_111' title='bbox 1233 1638 1357 1678; x_wconf 92' lang='lat' dir='ltr'><strong>cum</strong></span> <span class='ocrx_word' id='word_1_112' title='bbox 1405 1622 1529 1677; x_wconf 88' lang='lat' dir='ltr'><strong>mali</strong></span> <span class='ocrx_word' id='word_1_113' title='bbox 1573 1620 1703 1675; x_wconf 88' lang='lat' dir='ltr'><strong>nihil</strong></span> <span class='ocrx_word' id='word_1_114' title='bbox 1750 1619 1941 1684; x_wconf 80' lang='lat' dir='ltr'><strong>faciat,</strong></span> <span class='ocrx_word' id='word_1_115' title='bbox 1971 1618 2107 1672; x_wconf 86' lang='lat' dir='ltr'><strong>bene</strong></span> 
     </span>
    </p>
   </div>
   <div class='ocr_carea' id='block_1_15' title="bbox 523 1710 2107 1783">
    <p class='ocr_par' dir='ltr' id='par_1_15' title="bbox 523 1710 2107 1783">
     <span class='ocr_line' id='line_1_15' title="bbox 523 1710 2107 1783; baseline -0.007 -8"><span class='ocrx_word' id='word_1_116' title='bbox 523 1724 682 1776; x_wconf 89' lang='lat' dir='ltr'><strong>etiam</strong></span> <span class='ocrx_word' id='word_1_117' title='bbox 709 1721 777 1775; x_wconf 90' lang='lat' dir='ltr'><strong>de</strong></span> <span class='ocrx_word' id='word_1_118' title='bbox 801 1720 955 1774; x_wconf 88' lang='lat' dir='ltr'><strong>malis</strong></span> <span class='ocrx_word' id='word_1_119' title='bbox 981 1718 1143 1773; x_wconf 81' lang='lat' dir='ltr'><strong>facit?</strong></span> <span class='ocrx_word' id='word_1_120' title='bbox 1173 1716 1415 1771; x_wconf 83' lang='lat' dir='ltr'><strong>Clamant</strong></span> <span class='ocrx_word' id='word_1_121' title='bbox 1441 1714 1507 1768; x_wconf 88' lang='lat' dir='ltr'><strong>ad</strong></span> <span class='ocrx_word' id='word_1_122' title='bbox 1532 1729 1655 1769; x_wconf 89' lang='lat' dir='ltr'><strong>eum</strong></span> <span class='ocrx_word' id='word_1_123' title='bbox 1677 1712 1768 1783; x_wconf 90' lang='lat' dir='ltr'><strong>qui</strong></span> <span class='ocrx_word' id='word_1_124' title='bbox 1796 1713 1934 1766; x_wconf 89' lang='lat' dir='ltr'><strong>male</strong></span> <span class='ocrx_word' id='word_1_125' title='bbox 1965 1710 2107 1765; x_wconf 85' lang='lat' dir='ltr'><strong>fece-</strong></span> 
     </span>
    </p>
   </div>
   <div class='ocr_carea' id='block_1_16' title="bbox 523 1804 2101 1877">
    <p class='ocr_par' dir='ltr' id='par_1_16' title="bbox 523 1804 2101 1877">
     <span class='ocr_line' id='line_1_16' title="bbox 523 1804 2101 1877; baseline -0.006 -9"><span class='ocrx_word' id='word_1_126' title='bbox 523 1823 674 1877; x_wconf 87' lang='lat' dir='ltr'><strong>runt,</strong></span> <span class='ocrx_word' id='word_1_127' title='bbox 708 1813 914 1867; x_wconf 76' lang='lat' dir='ltr'><strong>Dimitte</strong></span> <span class='ocrx_word' id='word_1_128' title='bbox 953 1811 1095 1865; x_wconf 87' lang='lat' dir='ltr'><strong>nobis</strong></span> <span class='ocrx_word' id='word_1_129' title='bbox 1141 1810 1305 1863; x_wconf 86' lang='lat' dir='ltr'><strong>debita</strong></span> <span class='ocrx_word' id='word_1_130' title='bbox 1349 1817 1519 1863; x_wconf 89' lang='lat' dir='ltr'><strong>nostra</strong></span> <span class='ocrx_word' id='word_1_131' title='bbox 1569 1806 1781 1877; x_wconf 78' lang='lat' dir='ltr'><strong>(Matth.</strong></span> <span class='ocrx_word' id='word_1_132' title='bbox 1832 1821 1916 1869; x_wconf 68' lang='grc' dir='ltr'><strong>γι,</strong></span> <span class='ocrx_word' id='word_1_133' title='bbox 1962 1804 2050 1872; x_wconf 73' lang='lat'><strong>12)</strong></span> <span class='ocrx_word' id='word_1_134' title='bbox 2087 1819 2101 1858; x_wconf 90' lang='lat'><strong>:</strong></span> 
     </span>
    </p>
   </div>
   <div class='ocr_carea' id='block_1_17' title="bbox 524 1896 2103 1974">
    <p class='ocr_par' dir='ltr' id='par_1_17' title="bbox 524 1896 2103 1974">
     <span class='ocr_line' id='line_1_17' title="bbox 524 1896 2103 1974; baseline -0.006 -15"><span class='ocrx_word' id='word_1_135' title='bbox 524 1903 772 1970; x_wconf 82' lang='lat' dir='ltr'><strong>exaudit,</strong></span> <span class='ocrx_word' id='word_1_136' title='bbox 802 1904 1046 1974; x_wconf 76' lang='lat' dir='ltr'><strong>ignoscit.</strong></span> <span class='ocrx_word' id='word_1_137' title='bbox 1078 1901 1384 1956; x_wconf 83' lang='lat' dir='ltr'><strong>Nocuerunt</strong></span> <span class='ocrx_word' id='word_1_138' title='bbox 1420 1914 1517 1953; x_wconf 88' lang='lat' dir='ltr'><strong>sua</strong></span> <span class='ocrx_word' id='word_1_139' title='bbox 1546 1898 1683 1952; x_wconf 87' lang='lat' dir='ltr'><strong>mala</strong></span> <span class='ocrx_word' id='word_1_140' title='bbox 1724 1896 2103 1967; x_wconf 84' lang='lat' dir='ltr'><strong>peccantibus:</strong></span> 
     </span>
    </p>
   </div>
   <div class='ocr_carea' id='block_1_18' title="bbox 523 1990 2106 2062">
    <p class='ocr_par' dir='ltr' id='par_1_18' title="bbox 523 1990 2106 2062">
     <span class='ocr_line' id='line_1_18' title="bbox 523 1990 2106 2062; baseline -0.007 -9"><span class='ocrx_word' id='word_1_141' title='bbox 523 1997 773 2053; x_wconf 89' lang='lat' dir='ltr'><strong>subvenit</strong></span> <span class='ocrx_word' id='word_1_142' title='bbox 825 2012 1011 2052; x_wconf 90' lang='lat' dir='ltr'><strong>eorum</strong></span> <span class='ocrx_word' id='word_1_143' title='bbox 1061 1994 1409 2062; x_wconf 87' lang='lat' dir='ltr'><strong>medeturque</strong></span> <span class='ocrx_word' id='word_1_144' title='bbox 1458 1991 1816 2061; x_wconf 79' lang='lat' dir='ltr'><strong>languoribus.</strong></span> <span class='ocrx_word' id='word_1_145' title='bbox 1871 1990 2106 2044; x_wconf 69' lang='lat' dir='ltr'><strong>Saeviunt</strong></span> 
     </span>
    </p>
   </div>
   <div class='ocr_carea' id='block_1_19' title="bbox 524 2080 2104 2154">
    <p class='ocr_par' dir='ltr' id='par_1_19' title="bbox 524 2080 2104 2154">
     <span class='ocr_line' id='line_1_19' title="bbox 524 2080 2104 2154; baseline -0.004 -13"><span class='ocrx_word' id='word_1_146' title='bbox 524 2103 740 2143; x_wconf 88' lang='lat' dir='ltr'><strong>suorum</strong></span> <span class='ocrx_word' id='word_1_147' title='bbox 784 2086 966 2142; x_wconf 78' lang='lat' dir='ltr'><strong>hostes</strong></span> <span class='ocrx_word' id='word_1_148' title='bbox 998 2104 1012 2140; x_wconf 91' lang='lat'><strong>:</strong></span> <span class='ocrx_word' id='word_1_149' title='bbox 1042 2085 1110 2141; x_wconf 89' lang='lat' dir='ltr'><strong>de</strong></span> <span class='ocrx_word' id='word_1_150' title='bbox 1154 2085 1368 2139; x_wconf 91' lang='lat' dir='ltr'><strong>illorum</strong></span> <span class='ocrx_word' id='word_1_151' title='bbox 1415 2083 1618 2137; x_wconf 66' lang='lat' dir='ltr'><strong>saevitia</strong></span> <span class='ocrx_word' id='word_1_152' title='bbox 1660 2080 1784 2136; x_wconf 91' lang='lat' dir='ltr'><strong>facit</strong></span> <span class='ocrx_word' id='word_1_153' title='bbox 1823 2091 2104 2154; x_wconf 85' lang='lat' dir='ltr'><strong>martyres.</strong></span> 
     </span>
    </p>
   </div>
   <div class='ocr_carea' id='block_1_20' title="bbox 525 2171 2106 2243">
    <p class='ocr_par' dir='ltr' id='par_1_20' title="bbox 525 2171 2106 2243">
     <span class='ocr_line' id='line_1_20' title="bbox 525 2171 2106 2243; baseline -0.004 -11"><span class='ocrx_word' id='word_1_154' title='bbox 525 2179 803 2233; x_wconf 80' lang='lat' dir='ltr'><strong>Postremo</strong></span> <span class='ocrx_word' id='word_1_155' title='bbox 829 2182 989 2232; x_wconf 87' lang='lat' dir='ltr'><strong>etiam</strong></span> <span class='ocrx_word' id='word_1_156' title='bbox 1017 2176 1339 2232; x_wconf 89' lang='lat' dir='ltr'><strong>condemnat</strong></span> <span class='ocrx_word' id='word_1_157' title='bbox 1366 2188 1460 2229; x_wconf 92' lang='lat' dir='ltr'><strong>eos</strong></span> <span class='ocrx_word' id='word_1_158' title='bbox 1485 2188 1619 2243; x_wconf 91' lang='lat' dir='ltr'><strong>quos</strong></span> <span class='ocrx_word' id='word_1_159' title='bbox 1652 2172 1992 2226; x_wconf 87' lang='lat' dir='ltr'><strong>damnatione</strong></span> <span class='ocrx_word' id='word_1_160' title='bbox 2016 2171 2106 2242; x_wconf 90' lang='lat' dir='ltr'><strong>ju-</strong></span> 
     </span>
    </p>
   </div>
   <div class='ocr_carea' id='block_1_21' title="bbox 523 2262 2106 2338">
    <p class='ocr_par' dir='ltr' id='par_1_21' title="bbox 523 2262 2106 2338">
     <span class='ocr_line' id='line_1_21' title="bbox 523 2262 2106 2338; baseline -0.004 -15"><span class='ocrx_word' id='word_1_161' title='bbox 523 2270 868 2338; x_wconf 83' lang='lat' dir='ltr'><strong>tlicatdignos</strong></span> <span class='ocrx_word' id='word_1_162' title='bbox 889 2284 902 2320; x_wconf 90' lang='lat'><strong>:</strong></span> <span class='ocrx_word' id='word_1_163' title='bbox 923 2283 1017 2322; x_wconf 90' lang='lat' dir='ltr'><strong>sua</strong></span> <span class='ocrx_word' id='word_1_164' title='bbox 1046 2268 1167 2322; x_wconf 90' lang='lat' dir='ltr'><strong>licet</strong></span> <span class='ocrx_word' id='word_1_165' title='bbox 1194 2266 1267 2319; x_wconf 90' lang='lat' dir='ltr'><strong>illi</strong></span> <span class='ocrx_word' id='word_1_166' title='bbox 1299 2265 1435 2319; x_wconf 85' lang='lat' dir='ltr'><strong>mala</strong></span> <span class='ocrx_word' id='word_1_167' title='bbox 1463 2264 1748 2334; x_wconf 88' lang='lat' dir='ltr'><strong>patiantur,</strong></span> <span class='ocrx_word' id='word_1_168' title='bbox 1776 2262 1900 2317; x_wconf 80' lang='lat' dir='ltr'><strong>facit</strong></span> <span class='ocrx_word' id='word_1_169' title='bbox 1929 2272 2106 2317; x_wconf 82' lang='lat' dir='ltr'><strong>tamen</strong></span> 
     </span>
    </p>
   </div>
   <div class='ocr_carea' id='block_1_22' title="bbox 525 2356 2102 2432">
    <p class='ocr_par' dir='ltr' id='par_1_22' title="bbox 525 2356 2102 2432">
     <span class='ocr_line' id='line_1_22' title="bbox 525 2356 2102 2432; baseline -0.004 -17"><span class='ocrx_word' id='word_1_170' title='bbox 525 2363 613 2417; x_wconf 90' lang='lat' dir='ltr'><strong>ille</strong></span> <span class='ocrx_word' id='word_1_171' title='bbox 637 2361 779 2432; x_wconf 88' lang='lat' dir='ltr'><strong>quod</strong></span> <span class='ocrx_word' id='word_1_172' title='bbox 811 2361 1008 2415; x_wconf 89' lang='lat' dir='ltr'><strong>bonum</strong></span> <span class='ocrx_word' id='word_1_173' title='bbox 1047 2367 1151 2415; x_wconf 88' lang='lat' dir='ltr'><strong>est.</strong></span> <span class='ocrx_word' id='word_1_174' title='bbox 1192 2358 1307 2412; x_wconf 86' lang='lat' dir='ltr'><strong>Non</strong></span> <span class='ocrx_word' id='word_1_175' title='bbox 1349 2366 1523 2427; x_wconf 88' lang='lat' dir='ltr'><strong>potest</strong></span> <span class='ocrx_word' id='word_1_176' title='bbox 1567 2357 1705 2410; x_wconf 91' lang='lat' dir='ltr'><strong>enim</strong></span> <span class='ocrx_word' id='word_1_177' title='bbox 1751 2356 1948 2409; x_wconf 91' lang='lat' dir='ltr'><strong>bonum</strong></span> <span class='ocrx_word' id='word_1_178' title='bbox 1995 2370 2102 2409; x_wconf 92' lang='lat' dir='ltr'><strong>non</strong></span> 
     </span>
    </p>
   </div>
   <div class='ocr_carea' id='block_1_23' title="bbox 521 2447 2109 2522">
    <p class='ocr_par' dir='ltr' id='par_1_23' title="bbox 521 2447 2109 2522">
     <span class='ocr_line' id='line_1_23' title="bbox 521 2447 2109 2522; baseline -0.004 -15"><span class='ocrx_word' id='word_1_179' title='bbox 521 2468 671 2518; x_wconf 87' lang='lat' dir='ltr'><strong>esse,</strong></span> <span class='ocrx_word' id='word_1_180' title='bbox 702 2451 845 2522; x_wconf 89' lang='lat' dir='ltr'><strong>quod</strong></span> <span class='ocrx_word' id='word_1_181' title='bbox 871 2452 1071 2521; x_wconf 88' lang='lat' dir='ltr'><strong>justum</strong></span> <span class='ocrx_word' id='word_1_182' title='bbox 1101 2460 1184 2505; x_wconf 89' lang='lat' dir='ltr'><strong>est</strong></span> <span class='ocrx_word' id='word_1_183' title='bbox 1211 2467 1225 2503; x_wconf 88' lang='lat'><strong>:</strong></span> <span class='ocrx_word' id='word_1_184' title='bbox 1249 2458 1305 2504; x_wconf 90' lang='lat' dir='ltr'><strong>et</strong></span> <span class='ocrx_word' id='word_1_185' title='bbox 1347 2449 1528 2517; x_wconf 85' lang='lat' dir='ltr'><strong>utique</strong></span> <span class='ocrx_word' id='word_1_186' title='bbox 1566 2448 1705 2502; x_wconf 92' lang='lat' dir='ltr'><strong>sicut</strong></span> <span class='ocrx_word' id='word_1_187' title='bbox 1744 2447 1999 2517; x_wconf 89' lang='lat' dir='ltr'><strong>injustum</strong></span> <span class='ocrx_word' id='word_1_188' title='bbox 2026 2454 2109 2501; x_wconf 87' lang='lat' dir='ltr'><strong>est</strong></span> 
     </span>
    </p>
   </div>
   <div class='ocr_carea' id='block_1_24' title="bbox 522 2540 1871 2616">
    <p class='ocr_par' dir='ltr' id='par_1_24' title="bbox 522 2540 1871 2616">
     <span class='ocr_line' id='line_1_24' title="bbox 522 2540 1871 2616; baseline -0.004 -19"><span class='ocrx_word' id='word_1_189' title='bbox 522 2556 795 2616; x_wconf 86' lang='lat' dir='ltr'><strong>peccatum</strong></span> <span class='ocrx_word' id='word_1_190' title='bbox 817 2586 830 2609; x_wconf 92' lang='lat'><strong>,</strong></span> <span class='ocrx_word' id='word_1_191' title='bbox 865 2545 935 2598; x_wconf 86' lang='lat' dir='ltr'><strong>ita</strong></span> <span class='ocrx_word' id='word_1_192' title='bbox 963 2544 1166 2614; x_wconf 90' lang='lat' dir='ltr'><strong>justum</strong></span> <span class='ocrx_word' id='word_1_193' title='bbox 1188 2550 1270 2596; x_wconf 88' lang='lat' dir='ltr'><strong>est</strong></span> <span class='ocrx_word' id='word_1_194' title='bbox 1299 2540 1505 2612; x_wconf 85' lang='lat' dir='ltr'><strong>peccati</strong></span> <span class='ocrx_word' id='word_1_195' title='bbox 1531 2540 1871 2609; x_wconf 89' lang='lat' dir='ltr'><strong>supplicium.</strong></span> 
     </span>
    </p>
   </div>
   <div class='ocr_carea' id='block_1_25' title="bbox 593 2628 2106 2704">
    <p class='ocr_par' dir='ltr' id='par_1_25' title="bbox 593 2628 2106 2704">
     <span class='ocr_line' id='line_1_25' title="bbox 593 2628 2106 2704; baseline -0.005 -12"><span class='ocrx_word' id='word_1_196' title='bbox 593 2638 680 2692; x_wconf 83' lang='grc'><strong>16.</strong></span> <span class='ocrx_word' id='word_1_197' title='bbox 722 2637 835 2691; x_wconf 87' lang='grc' dir='ltr'>Νοιι</span> <span class='ocrx_word' id='word_1_198' title='bbox 862 2644 1037 2690; x_wconf 86' lang='lat' dir='ltr'><strong>autem</strong></span> <span class='ocrx_word' id='word_1_199' title='bbox 1085 2641 1327 2704; x_wconf 88' lang='lat' dir='ltr'><strong>potestas</strong></span> <span class='ocrx_word' id='word_1_200' title='bbox 1358 2634 1466 2686; x_wconf 90' lang='lat' dir='ltr'><strong>Deo</strong></span> <span class='ocrx_word' id='word_1_201' title='bbox 1508 2630 1709 2695; x_wconf 85' lang='lat' dir='ltr'><strong>defuit,</strong></span> <span class='ocrx_word' id='word_1_202' title='bbox 1740 2630 1898 2685; x_wconf 90' lang='lat' dir='ltr'><strong>talem</strong></span> <span class='ocrx_word' id='word_1_203' title='bbox 1928 2628 2106 2685; x_wconf 80' lang='lat' dir='ltr'><strong>facere</strong></span> 
     </span>
    </p>
   </div>
   <div class='ocr_carea' id='block_1_26' title="bbox 520 2722 2104 2799">
    <p class='ocr_par' dir='ltr' id='par_1_26' title="bbox 520 2722 2104 2799">
     <span class='ocr_line' id='line_1_26' title="bbox 520 2722 2104 2799; baseline -0.005 -16"><span class='ocrx_word' id='word_1_204' title='bbox 520 2729 923 2799; x_wconf 81' lang='lat' dir='ltr'><strong>hominemqui</strong></span> <span class='ocrx_word' id='word_1_205' title='bbox 969 2741 1194 2797; x_wconf 88' lang='lat' dir='ltr'><strong>peccare</strong></span> <span class='ocrx_word' id='word_1_206' title='bbox 1239 2740 1345 2779; x_wconf 92' lang='lat' dir='ltr'><strong>non</strong></span> <span class='ocrx_word' id='word_1_207' title='bbox 1391 2722 1725 2794; x_wconf 89' lang='lat' dir='ltr'><strong>posset:sed</strong></span> <span class='ocrx_word' id='word_1_208' title='bbox 1768 2722 1954 2776; x_wconf 89' lang='lat' dir='ltr'><strong>maluit</strong></span> <span class='ocrx_word' id='word_1_209' title='bbox 1979 2736 2104 2777; x_wconf 92' lang='lat' dir='ltr'><strong>eum</strong></span> 
     </span>
    </p>
   </div>
   <div class='ocr_carea' id='block_1_27' title="bbox 519 2816 2104 2888">
    <p class='ocr_par' dir='ltr' id='par_1_27' title="bbox 519 2816 2104 2888">
     <span class='ocr_line' id='line_1_27' title="bbox 519 2816 2104 2888; baseline -0.004 -12"><span class='ocrx_word' id='word_1_210' title='bbox 519 2823 677 2877; x_wconf 86' lang='lat' dir='ltr'><strong>talem</strong></span> <span class='ocrx_word' id='word_1_211' title='bbox 710 2822 918 2887; x_wconf 89' lang='lat' dir='ltr'><strong>facere,</strong></span> <span class='ocrx_word' id='word_1_212' title='bbox 950 2820 1034 2874; x_wconf 92' lang='lat' dir='ltr'><strong>cui</strong></span> <span class='ocrx_word' id='word_1_213' title='bbox 1078 2818 1352 2888; x_wconf 86' lang='lat' dir='ltr'><strong>adjaceret</strong></span> <span class='ocrx_word' id='word_1_214' title='bbox 1397 2830 1653 2886; x_wconf 88' lang='lat' dir='ltr'><strong>peccare,</strong></span> <span class='ocrx_word' id='word_1_215' title='bbox 1680 2816 1726 2870; x_wconf 88' lang='lat' dir='ltr'><strong>si</strong></span> <span class='ocrx_word' id='word_1_216' title='bbox 1767 2816 1963 2882; x_wconf 90' lang='lat' dir='ltr'><strong>vellet;</strong></span> <span class='ocrx_word' id='word_1_217' title='bbox 1996 2828 2104 2870; x_wconf 87' lang='lat' dir='ltr'><strong>non</strong></span> 
     </span>
    </p>
   </div>
   <div class='ocr_carea' id='block_1_28' title="bbox 518 2908 2102 2983">
    <p class='ocr_par' dir='ltr' id='par_1_28' title="bbox 518 2908 2102 2983">
     <span class='ocr_line' id='line_1_28' title="bbox 518 2908 2102 2983; baseline -0.007 -13"><span class='ocrx_word' id='word_1_218' title='bbox 518 2928 770 2983; x_wconf 84' lang='lat' dir='ltr'><strong>peccare,</strong></span> <span class='ocrx_word' id='word_1_219' title='bbox 800 2913 844 2967; x_wconf 91' lang='lat' dir='ltr'><strong>si</strong></span> <span class='ocrx_word' id='word_1_220' title='bbox 870 2912 1035 2966; x_wconf 91' lang='lat' dir='ltr'><strong>nollet</strong></span> <span class='ocrx_word' id='word_1_221' title='bbox 1060 2927 1074 2965; x_wconf 88' lang='lat'><strong>:</strong></span> <span class='ocrx_word' id='word_1_222' title='bbox 1099 2910 1203 2964; x_wconf 89' lang='lat' dir='ltr'><strong>hoc</strong></span> <span class='ocrx_word' id='word_1_223' title='bbox 1232 2908 1523 2979; x_wconf 87' lang='lat' dir='ltr'><strong>prohibens</strong></span> <span class='ocrx_word' id='word_1_224' title='bbox 1541 2947 1558 2974; x_wconf 91' lang='lat'><strong>,</strong></span> <span class='ocrx_word' id='word_1_225' title='bbox 1589 2908 1714 2962; x_wconf 93' lang='lat' dir='ltr'><strong>illud</strong></span> <span class='ocrx_word' id='word_1_226' title='bbox 1746 2908 2102 2979; x_wconf 70' lang='lat' dir='ltr'><strong>principiens:</strong></span> 
     </span>
    </p>
   </div>
   <div class='ocr_carea' id='block_1_29' title="bbox 519 3000 2104 3074">
    <p class='ocr_par' dir='ltr' id='par_1_29' title="bbox 519 3000 2104 3074">
     <span class='ocr_line' id='line_1_29' title="bbox 519 3000 2104 3074; baseline -0.003 -16"><span class='ocrx_word' id='word_1_227' title='bbox 519 3015 577 3060; x_wconf 92' lang='lat' dir='ltr'><strong>ut</strong></span> <span class='ocrx_word' id='word_1_228' title='bbox 607 3005 752 3074; x_wconf 89' lang='lat' dir='ltr'><strong>prius</strong></span> <span class='ocrx_word' id='word_1_229' title='bbox 779 3004 856 3057; x_wconf 89' lang='lat' dir='ltr'><strong>illi</strong></span> <span class='ocrx_word' id='word_1_230' title='bbox 886 3010 1032 3057; x_wconf 90' lang='lat' dir='ltr'><strong>esset</strong></span> <span class='ocrx_word' id='word_1_231' title='bbox 1074 3000 1275 3055; x_wconf 90' lang='lat' dir='ltr'><strong>bonum</strong></span> <span class='ocrx_word' id='word_1_232' title='bbox 1321 3000 1567 3053; x_wconf 90' lang='lat' dir='ltr'><strong>meritum</strong></span> <span class='ocrx_word' id='word_1_233' title='bbox 1614 3015 1717 3053; x_wconf 92' lang='lat' dir='ltr'><strong>non</strong></span> <span class='ocrx_word' id='word_1_234' title='bbox 1759 3014 2019 3069; x_wconf 86' lang='lat' dir='ltr'><strong>peccare,</strong></span> <span class='ocrx_word' id='word_1_235' title='bbox 2049 3013 2104 3056; x_wconf 91' lang='lat' dir='ltr'><strong>ct</strong></span> 
     </span>
    </p>
   </div>
   <div class='ocr_carea' id='block_1_30' title="bbox 519 3092 2103 3167">
    <p class='ocr_par' dir='ltr' id='par_1_30' title="bbox 519 3092 2103 3167">
     <span class='ocr_line' id='line_1_30' title="bbox 519 3092 2103 3167; baseline -0.003 -16"><span class='ocrx_word' id='word_1_236' title='bbox 519 3108 701 3167; x_wconf 87' lang='lat' dir='ltr'><strong>postea</strong></span> <span class='ocrx_word' id='word_1_237' title='bbox 741 3097 944 3166; x_wconf 81' lang='lat' dir='ltr'><strong>justum</strong></span> <span class='ocrx_word' id='word_1_238' title='bbox 988 3093 1267 3164; x_wconf 71' lang='lat' dir='ltr'><strong>praemium</strong></span> <span class='ocrx_word' id='word_1_239' title='bbox 1312 3108 1421 3147; x_wconf 91' lang='lat' dir='ltr'><strong>non</strong></span> <span class='ocrx_word' id='word_1_240' title='bbox 1471 3106 1630 3162; x_wconf 89' lang='lat' dir='ltr'><strong>posse</strong></span> <span class='ocrx_word' id='word_1_241' title='bbox 1675 3107 1918 3162; x_wconf 88' lang='lat' dir='ltr'><strong>peccare.</strong></span> <span class='ocrx_word' id='word_1_242' title='bbox 1971 3092 2103 3147; x_wconf 81' lang='lat' dir='ltr'><strong>Nam</strong></span> 
     </span>
    </p>
   </div>
   <div class='ocr_carea' id='block_1_31' title="bbox 517 3182 2105 3255">
    <p class='ocr_par' dir='ltr' id='par_1_31' title="bbox 517 3182 2105 3255">
     <span class='ocr_line' id='line_1_31' title="bbox 517 3182 2105 3255; baseline -0.005 -9"><span class='ocrx_word' id='word_1_243' title='bbox 517 3192 676 3246; x_wconf 89' lang='lat' dir='ltr'><strong>etiam</strong></span> <span class='ocrx_word' id='word_1_244' title='bbox 708 3189 841 3243; x_wconf 88' lang='lat' dir='ltr'><strong>tales</strong></span> <span class='ocrx_word' id='word_1_245' title='bbox 865 3196 1078 3241; x_wconf 91' lang='lat' dir='ltr'><strong>sanctos</strong></span> <span class='ocrx_word' id='word_1_246' title='bbox 1103 3199 1229 3239; x_wconf 89' lang='lat' dir='ltr'><strong>suos</strong></span> <span class='ocrx_word' id='word_1_247' title='bbox 1258 3185 1310 3239; x_wconf 92' lang='lat' dir='ltr'><strong>in</strong></span> <span class='ocrx_word' id='word_1_248' title='bbox 1339 3183 1443 3238; x_wconf 86' lang='lat' dir='ltr'><strong>fine</strong></span> <span class='ocrx_word' id='word_1_249' title='bbox 1474 3182 1709 3239; x_wconf 88' lang='lat' dir='ltr'><strong>facturus</strong></span> <span class='ocrx_word' id='word_1_250' title='bbox 1732 3193 1845 3250; x_wconf 90' lang='grc' dir='ltr'>εει,</span> <span class='ocrx_word' id='word_1_251' title='bbox 1875 3185 1965 3255; x_wconf 91' lang='lat' dir='ltr'><strong>qui</strong></span> <span class='ocrx_word' id='word_1_252' title='bbox 1989 3201 2105 3241; x_wconf 90' lang='lat' dir='ltr'><strong>om-</strong></span> 
     </span>
    </p>
   </div>
   <div class='ocr_carea' id='block_1_32' title="bbox 446 3275 2101 3357">
    <p class='ocr_par' dir='ltr' id='par_1_32' title="bbox 446 3275 2101 3357">
     <span class='ocr_line' id='line_1_32' title="bbox 446 3275 2101 3357; baseline -0.004 -19"><span class='ocrx_word' id='word_1_253' title='bbox 446 3352 449 3357; x_wconf 18' lang='grc' dir='ltr'><em>Α</em></span> <span class='ocrx_word' id='word_1_254' title='bbox 521 3284 647 3338; x_wconf 82' lang='grc' dir='ltr'><strong>ιιίηο</strong></span> <span class='ocrx_word' id='word_1_255' title='bbox 668 3296 892 3352; x_wconf 88' lang='lat' dir='ltr'><strong>peccare</strong></span> <span class='ocrx_word' id='word_1_256' title='bbox 920 3294 1025 3334; x_wconf 89' lang='lat' dir='ltr'><strong>non</strong></span> <span class='ocrx_word' id='word_1_257' title='bbox 1066 3277 1289 3348; x_wconf 87' lang='lat' dir='ltr'><strong>possint.</strong></span> <span class='ocrx_word' id='word_1_258' title='bbox 1322 3276 1477 3331; x_wconf 87' lang='lat' dir='ltr'><strong>Tales</strong></span> <span class='ocrx_word' id='word_1_259' title='bbox 1515 3275 1677 3330; x_wconf 83' lang='lat' dir='ltr'><strong>habet</strong></span> <span class='ocrx_word' id='word_1_260' title='bbox 1717 3277 1912 3346; x_wconf 86' lang='lat' dir='ltr'><strong>quippe</strong></span> <span class='ocrx_word' id='word_1_261' title='bbox 1941 3279 2101 3333; x_wconf 84' lang='lat' dir='ltr'><strong>etiam</strong></span> 
     </span>
    </p>
   </div>
   <div class='ocr_carea' id='block_1_33' title="bbox 442 3358 2104 3441">
    <p class='ocr_par' dir='ltr' id='par_1_33' title="bbox 442 3358 2104 3441">
     <span class='ocr_line' id='line_1_33' title="bbox 442 3358 2104 3441; baseline -0.004 -11"><span class='ocrx_word' id='word_1_262' title='bbox 442 3358 445 3363; x_wconf 21' lang='grc' dir='ltr'><strong><em>ί</em></strong></span> <span class='ocrx_word' id='word_1_263' title='bbox 517 3389 660 3429; x_wconf 90' lang='lat' dir='ltr'><strong>nunc</strong></span> <span class='ocrx_word' id='word_1_264' title='bbox 702 3372 933 3441; x_wconf 81' lang='lat' dir='ltr'><strong>Angelos</strong></span> <span class='ocrx_word' id='word_1_265' title='bbox 961 3385 1085 3426; x_wconf 88' lang='lat' dir='ltr'><strong>suos</strong></span> <span class='ocrx_word' id='word_1_266' title='bbox 1107 3411 1120 3433; x_wconf 93' lang='lat'><strong>,</strong></span> <span class='ocrx_word' id='word_1_267' title='bbox 1153 3383 1286 3439; x_wconf 90' lang='lat' dir='ltr'><strong>quos</strong></span> <span class='ocrx_word' id='word_1_268' title='bbox 1315 3368 1367 3423; x_wconf 91' lang='lat' dir='ltr'><strong>in</strong></span> <span class='ocrx_word' id='word_1_269' title='bbox 1398 3368 1487 3422; x_wconf 91' lang='lat' dir='ltr'><strong>illo</strong></span> <span class='ocrx_word' id='word_1_270' title='bbox 1514 3368 1591 3423; x_wconf 91' lang='lat' dir='ltr'><strong>sic</strong></span> <span class='ocrx_word' id='word_1_271' title='bbox 1630 3382 1870 3422; x_wconf 89' lang='lat' dir='ltr'><strong>amamus</strong></span> <span class='ocrx_word' id='word_1_272' title='bbox 1889 3408 1904 3433; x_wconf 95' lang='lat'><strong>,</strong></span> <span class='ocrx_word' id='word_1_273' title='bbox 1932 3375 1991 3423; x_wconf 89' lang='lat' dir='ltr'><strong>ut</strong></span> <span class='ocrx_word' id='word_1_274' title='bbox 2034 3367 2104 3424; x_wconf 91' lang='lat' dir='ltr'><strong>de</strong></span> 
     </span>
    </p>
   </div>
   <div class='ocr_carea' id='block_1_34' title="bbox 519 3460 2099 3533">
    <p class='ocr_par' dir='ltr' id='par_1_34' title="bbox 519 3460 2099 3533">
     <span class='ocr_line' id='line_1_34' title="bbox 519 3460 2099 3533; baseline -0.004 -12"><span class='ocrx_word' id='word_1_275' title='bbox 519 3467 666 3521; x_wconf 89' lang='lat' dir='ltr'><strong>nullo</strong></span> <span class='ocrx_word' id='word_1_276' title='bbox 691 3480 877 3521; x_wconf 91' lang='lat' dir='ltr'><strong>eorum</strong></span> <span class='ocrx_word' id='word_1_277' title='bbox 922 3479 988 3518; x_wconf 89' lang='lat' dir='ltr'><strong>ne</strong></span> <span class='ocrx_word' id='word_1_278' title='bbox 1016 3461 1288 3533; x_wconf 89' lang='lat' dir='ltr'><strong>peccando</strong></span> <span class='ocrx_word' id='word_1_279' title='bbox 1319 3461 1409 3515; x_wconf 86' lang='lat' dir='ltr'><strong>fiat</strong></span> <span class='ocrx_word' id='word_1_280' title='bbox 1449 3460 1691 3517; x_wconf 86' lang='lat' dir='ltr'><strong>diabolus</strong></span> <span class='ocrx_word' id='word_1_281' title='bbox 1730 3461 2099 3517; x_wconf 85' lang='lat' dir='ltr'><strong>formidemus.</strong></span> 
     </span>
    </p>
   </div>
   <div class='ocr_carea' id='block_1_35' title="bbox 518 3553 2100 3627">
    <p class='ocr_par' dir='ltr' id='par_1_35' title="bbox 518 3553 2100 3627">
     <span class='ocr_line' id='line_1_35' title="bbox 518 3553 2100 3627; baseline -0.003 -14"><span class='ocrx_word' id='word_1_282' title='bbox 518 3557 671 3627; x_wconf 85' lang='lat' dir='ltr'><strong>Quod</strong></span> <span class='ocrx_word' id='word_1_283' title='bbox 696 3557 765 3613; x_wconf 92' lang='lat' dir='ltr'><strong>de</strong></span> <span class='ocrx_word' id='word_1_284' title='bbox 795 3557 1006 3611; x_wconf 89' lang='lat' dir='ltr'><strong>nemine</strong></span> <span class='ocrx_word' id='word_1_285' title='bbox 1032 3555 1248 3609; x_wconf 89' lang='lat' dir='ltr'><strong>homine</strong></span> <span class='ocrx_word' id='word_1_286' title='bbox 1270 3555 1415 3625; x_wconf 84' lang='lat' dir='ltr'><strong>justo</strong></span> <span class='ocrx_word' id='word_1_287' title='bbox 1442 3554 1494 3607; x_wconf 94' lang='lat' dir='ltr'><strong>iu</strong></span> <span class='ocrx_word' id='word_1_288' title='bbox 1523 3553 1681 3624; x_wconf 89' lang='lat' dir='ltr'><strong>hujus</strong></span> <span class='ocrx_word' id='word_1_289' title='bbox 1708 3555 1831 3609; x_wconf 74' lang='lat' dir='ltr'><strong>vita:</strong></span> <span class='ocrx_word' id='word_1_290' title='bbox 1859 3555 2100 3610; x_wconf 88' lang='lat' dir='ltr'><strong>mortali-</strong></span> 
     </span>
    </p>
   </div>
   <div class='ocr_carea' id='block_1_36' title="bbox 518 3647 2100 3720">
    <p class='ocr_par' dir='ltr' id='par_1_36' title="bbox 518 3647 2100 3720">
     <span class='ocr_line' id='line_1_36' title="bbox 518 3647 2100 3720; baseline -0.001 -16"><span class='ocrx_word' id='word_1_291' title='bbox 518 3659 626 3705; x_wconf 89' lang='lat' dir='ltr'><strong>tate</strong></span> <span class='ocrx_word' id='word_1_292' title='bbox 650 3649 1040 3720; x_wconf 70' lang='lat' dir='ltr'><strong>praesumimus.</strong></span> <span class='ocrx_word' id='word_1_293' title='bbox 1064 3647 1222 3702; x_wconf 88' lang='lat' dir='ltr'><strong>Tales</strong></span> <span class='ocrx_word' id='word_1_294' title='bbox 1244 3656 1421 3701; x_wconf 89' lang='lat' dir='ltr'><strong>autem</strong></span> <span class='ocrx_word' id='word_1_295' title='bbox 1444 3661 1634 3703; x_wconf 89' lang='lat' dir='ltr'><strong>omnes</strong></span> <span class='ocrx_word' id='word_1_296' title='bbox 1656 3648 1859 3701; x_wconf 90' lang='lat' dir='ltr'><strong>futuros</strong></span> <span class='ocrx_word' id='word_1_297' title='bbox 1886 3648 1938 3702; x_wconf 89' lang='lat' dir='ltr'><strong>in</strong></span> <span class='ocrx_word' id='word_1_298' title='bbox 1961 3648 2100 3703; x_wconf 91' lang='lat' dir='ltr'><strong>illius</strong></span> 
     </span>
    </p>
   </div>
   <div class='ocr_carea' id='block_1_37' title="bbox 516 3737 2099 3808">
    <p class='ocr_par' dir='ltr' id='par_1_37' title="bbox 516 3737 2099 3808">
     <span class='ocr_line' id='line_1_37' title="bbox 516 3737 2099 3808; baseline 0 -15"><span class='ocrx_word' id='word_1_299' title='bbox 516 3743 638 3797; x_wconf 72' lang='lat' dir='ltr'><strong>vita:</strong></span> <span class='ocrx_word' id='word_1_300' title='bbox 691 3739 1088 3795; x_wconf 84' lang='lat' dir='ltr'><strong>immortalitate</strong></span> <span class='ocrx_word' id='word_1_301' title='bbox 1149 3737 1486 3793; x_wconf 79' lang='lat' dir='ltr'><strong>confidimus.</strong></span> <span class='ocrx_word' id='word_1_302' title='bbox 1544 3737 1894 3808; x_wconf 89' lang='lat' dir='ltr'><strong>Omnipotens</strong></span> <span class='ocrx_word' id='word_1_303' title='bbox 1955 3741 2099 3795; x_wconf 90' lang='lat' dir='ltr'><strong>enim</strong></span> 
     </span>
    </p>
   </div>
   <div class='ocr_carea' id='block_1_38' title="bbox 519 3828 2099 3903">
    <p class='ocr_par' dir='ltr' id='par_1_38' title="bbox 519 3828 2099 3903">
     <span class='ocr_line' id='line_1_38' title="bbox 519 3828 2099 3903; baseline -0.001 -16"><span class='ocrx_word' id='word_1_304' title='bbox 519 3835 657 3889; x_wconf 82' lang='lat' dir='ltr'><strong>Deus</strong></span> <span class='ocrx_word' id='word_1_305' title='bbox 680 3832 768 3903; x_wconf 90' lang='lat' dir='ltr'><strong>qui</strong></span> <span class='ocrx_word' id='word_1_306' title='bbox 800 3839 1050 3901; x_wconf 90' lang='lat' dir='ltr'><strong>operatur</strong></span> <span class='ocrx_word' id='word_1_307' title='bbox 1078 3830 1216 3885; x_wconf 87' lang='lat' dir='ltr'><strong>bona</strong></span> <span class='ocrx_word' id='word_1_308' title='bbox 1244 3830 1404 3884; x_wconf 88' lang='lat' dir='ltr'><strong>etiam</strong></span> <span class='ocrx_word' id='word_1_309' title='bbox 1427 3828 1495 3884; x_wconf 91' lang='lat' dir='ltr'><strong>de</strong></span> <span class='ocrx_word' id='word_1_310' title='bbox 1521 3830 1718 3884; x_wconf 90' lang='lat' dir='ltr'><strong>nostris</strong></span> <span class='ocrx_word' id='word_1_311' title='bbox 1745 3830 1897 3885; x_wconf 92' lang='lat' dir='ltr'><strong>malis</strong></span> <span class='ocrx_word' id='word_1_312' title='bbox 1919 3870 1933 3895; x_wconf 92' lang='lat'><strong>,</strong></span> <span class='ocrx_word' id='word_1_313' title='bbox 1964 3846 2099 3899; x_wconf 89' lang='lat' dir='ltr'><strong>qua-</strong></span> 
     </span>
    </p>
   </div>
   <div class='ocr_carea' id='block_1_39' title="bbox 516 3920 2100 3985">
    <p class='ocr_par' dir='ltr' id='par_1_39' title="bbox 516 3920 2100 3985">
     <span class='ocr_line' id='line_1_39' title="bbox 516 3920 2100 3985; baseline -0.002 -7"><span class='ocrx_word' id='word_1_314' title='bbox 516 3926 583 3980; x_wconf 89' lang='lat' dir='ltr'><strong>lia</strong></span> <span class='ocrx_word' id='word_1_315' title='bbox 622 3924 767 3979; x_wconf 89' lang='lat' dir='ltr'><strong>dabit</strong></span> <span class='ocrx_word' id='word_1_316' title='bbox 812 3923 950 3976; x_wconf 88' lang='lat' dir='ltr'><strong>bona</strong></span> <span class='ocrx_word' id='word_1_317' title='bbox 971 3963 985 3985; x_wconf 89' lang='lat'><strong>,</strong></span> <span class='ocrx_word' id='word_1_318' title='bbox 1017 3936 1138 3976; x_wconf 91' lang='lat' dir='ltr'><strong>cum</strong></span> <span class='ocrx_word' id='word_1_319' title='bbox 1183 3920 1491 3975; x_wconf 88' lang='lat' dir='ltr'><strong>liberaverit</strong></span> <span class='ocrx_word' id='word_1_320' title='bbox 1516 3921 1584 3976; x_wconf 93' lang='lat' dir='ltr'><strong>ab</strong></span> <span class='ocrx_word' id='word_1_321' title='bbox 1627 3920 1875 3976; x_wconf 91' lang='lat' dir='ltr'><strong>omnibus</strong></span> <span class='ocrx_word' id='word_1_322' title='bbox 1904 3921 2100 3976; x_wconf 81' lang='lat' dir='ltr'><strong>malis?</strong></span> 
     </span>
    </p>
   </div>
   <div class='ocr_carea' id='block_1_40' title="bbox 516 4013 2097 4091">
    <p class='ocr_par' dir='ltr' id='par_1_40' title="bbox 516 4013 2097 4091">
     <span class='ocr_line' id='line_1_40' title="bbox 516 4013 2097 4091; baseline -0.003 -19"><span class='ocrx_word' id='word_1_323' title='bbox 516 4017 678 4072; x_wconf 79' lang='lat' dir='ltr'><strong>Multa</strong></span> <span class='ocrx_word' id='word_1_324' title='bbox 706 4016 774 4071; x_wconf 88' lang='lat' dir='ltr'><strong>de</strong></span> <span class='ocrx_word' id='word_1_325' title='bbox 803 4016 947 4070; x_wconf 92' lang='lat' dir='ltr'><strong>bono</strong></span> <span class='ocrx_word' id='word_1_326' title='bbox 969 4030 1067 4069; x_wconf 93' lang='lat' dir='ltr'><strong>usu</strong></span> <span class='ocrx_word' id='word_1_327' title='bbox 1090 4013 1213 4068; x_wconf 91' lang='lat' dir='ltr'><strong>mali</strong></span> <span class='ocrx_word' id='word_1_328' title='bbox 1240 4014 1508 4083; x_wconf 80' lang='lat' dir='ltr'><strong>COpiosius</strong></span> <span class='ocrx_word' id='word_1_329' title='bbox 1532 4023 1754 4091; x_wconf 75' lang='lat' dir='ltr'><strong>possunt</strong></span> <span class='ocrx_word' id='word_1_330' title='bbox 1774 4022 1829 4068; x_wconf 93' lang='lat' dir='ltr'><strong>et</strong></span> <span class='ocrx_word' id='word_1_331' title='bbox 1849 4014 2097 4069; x_wconf 83' lang='lat' dir='ltr'><strong>snbtilius</strong></span> 
     </span>
    </p>
   </div>
   <div class='ocr_carea' id='block_1_41' title="bbox 513 4104 2096 4177">
    <p class='ocr_par' dir='ltr' id='par_1_41' title="bbox 513 4104 2096 4177">
     <span class='ocr_line' id='line_1_41' title="bbox 513 4104 2096 4177; baseline 0 -16"><span class='ocrx_word' id='word_1_332' title='bbox 513 4107 768 4177; x_wconf 85' lang='lat' dir='ltr'><strong>disputari</strong></span> <span class='ocrx_word' id='word_1_333' title='bbox 800 4105 930 4161; x_wconf 86' lang='lat' dir='ltr'><strong>:sed</strong></span> <span class='ocrx_word' id='word_1_334' title='bbox 960 4120 1131 4173; x_wconf 90' lang='lat' dir='ltr'><strong>neque</strong></span> <span class='ocrx_word' id='word_1_335' title='bbox 1172 4104 1273 4159; x_wconf 91' lang='lat' dir='ltr'><strong>hoc</strong></span> <span class='ocrx_word' id='word_1_336' title='bbox 1316 4105 1417 4159; x_wconf 90' lang='lat' dir='ltr'><strong>isto</strong></span> <span class='ocrx_word' id='word_1_337' title='bbox 1446 4119 1695 4160; x_wconf 88' lang='lat' dir='ltr'><strong>sermone</strong></span> <span class='ocrx_word' id='word_1_338' title='bbox 1729 4106 2096 4177; x_wconf 88' lang='lat' dir='ltr'><strong>suscepimus,</strong></span> 
     </span>
    </p>
   </div>
   <div class='ocr_carea' id='block_1_42' title="bbox 513 4194 1561 4267">
    <p class='ocr_par' dir='ltr' id='par_1_42' title="bbox 513 4194 1561 4267">
     <span class='ocr_line' id='line_1_42' title="bbox 513 4194 1561 4267; baseline -0.003 -14"><span class='ocrx_word' id='word_1_339' title='bbox 513 4209 563 4253; x_wconf 90' lang='lat' dir='ltr'><strong>et</strong></span> <span class='ocrx_word' id='word_1_340' title='bbox 592 4199 708 4267; x_wconf 89' lang='lat' dir='ltr'><strong>ejus</strong></span> <span class='ocrx_word' id='word_1_341' title='bbox 734 4196 891 4251; x_wconf 89' lang='lat' dir='ltr'><strong>nimia</strong></span> <span class='ocrx_word' id='word_1_342' title='bbox 919 4195 1131 4249; x_wconf 88' lang='lat' dir='ltr'><strong>vitanda</strong></span> <span class='ocrx_word' id='word_1_343' title='bbox 1159 4203 1242 4249; x_wconf 92' lang='lat' dir='ltr'><strong>est</strong></span> <span class='ocrx_word' id='word_1_344' title='bbox 1267 4194 1561 4264; x_wconf 81' lang='lat' dir='ltr'><strong>longitudo.</strong></span> 
     </span>
    </p>
   </div>
   <div class='ocr_carea' id='block_1_43' title="bbox 584 4308 2097 4385">
    <p class='ocr_par' dir='ltr' id='par_1_43' title="bbox 584 4308 2097 4385">
     <span class='ocr_line' id='line_1_43' title="bbox 584 4308 2097 4385; baseline -0.001 -17"><span class='ocrx_word' id='word_1_345' title='bbox 584 4310 810 4368; x_wconf 82' lang='lat' dir='ltr'><strong>CAPUT</strong></span> <span class='ocrx_word' id='word_1_346' title='bbox 845 4309 953 4365; x_wconf 81' lang='lat' dir='ltr'><strong>VII.</strong></span> <span class='ocrx_word' id='word_1_347' title='bbox 984 4340 1055 4350; x_wconf 88' lang='lat'>—</span> <span class='ocrx_word' id='word_1_348' title='bbox 1099 4311 1185 4364; x_wconf 82' lang='grc' dir='ltr'><strong>ΓΙ.</strong></span> <span class='ocrx_word' id='word_1_349' title='bbox 1233 4308 1565 4365; x_wconf 75' lang='grc' dir='ltr'><strong>ϐοηιὶηεηιὶω</strong></span> <span class='ocrx_word' id='word_1_350' title='bbox 1605 4321 1651 4366; x_wconf 85' lang='grc' dir='ltr'><strong>ει</strong></span> <span class='ocrx_word' id='word_1_351' title='bbox 1684 4314 1901 4384; x_wconf 78' lang='lat' dir='ltr'><strong>justitia:</strong></span> <span class='ocrx_word' id='word_1_352' title='bbox 1935 4314 2097 4385; x_wconf 72' lang='lat' dir='ltr'><strong>ofﬁcia</strong></span> 
     </span>
    </p>
   </div>
   <div class='ocr_carea' id='block_1_44' title="bbox 516 4397 2096 4473">
    <p class='ocr_par' dir='ltr' id='par_1_44' title="bbox 516 4397 2096 4473">
     <span class='ocr_line' id='line_1_44' title="bbox 516 4397 2096 4473; baseline 0.001 -17"><span class='ocrx_word' id='word_1_353' title='bbox 516 4404 705 4473; x_wconf 85' lang='lat' dir='ltr'><strong>pariter</strong></span> <span class='ocrx_word' id='word_1_354' title='bbox 741 4402 948 4455; x_wconf 86' lang='lat' dir='ltr'><strong>tendunt</strong></span> <span class='ocrx_word' id='word_1_355' title='bbox 975 4400 1042 4453; x_wconf 85' lang='lat' dir='ltr'><strong>ad</strong></span> <span class='ocrx_word' id='word_1_356' title='bbox 1079 4416 1274 4470; x_wconf 88' lang='lat' dir='ltr'><strong>pacem.</strong></span> <span class='ocrx_word' id='word_1_357' title='bbox 1303 4397 1490 4454; x_wconf 86' lang='lat' dir='ltr'><strong>Contra</strong></span> <span class='ocrx_word' id='word_1_358' title='bbox 1518 4401 1919 4457; x_wconf 68' lang='lat' dir='ltr'><strong>Manichaeorum</strong></span> <span class='ocrx_word' id='word_1_359' title='bbox 1953 4406 2096 4458; x_wconf 84' lang='lat' dir='ltr'><strong>insa-</strong></span> 
     </span>
    </p>
   </div>
   <div class='ocr_carea' id='block_1_45' title="bbox 513 4492 2097 4563">
    <p class='ocr_par' dir='ltr' id='par_1_45' title="bbox 513 4492 2097 4563">
     <span class='ocr_line' id='line_1_45' title="bbox 513 4492 2097 4563; baseline 0 -14"><span class='ocrx_word' id='word_1_360' title='bbox 513 4496 651 4550; x_wconf 86' lang='lat' dir='ltr'><strong>niam</strong></span> <span class='ocrx_word' id='word_1_361' title='bbox 681 4493 743 4547; x_wconf 88' lang='lat' dir='ltr'><strong>de</strong></span> <span class='ocrx_word' id='word_1_362' title='bbox 774 4492 968 4546; x_wconf 84' lang='lat' dir='ltr'><strong>duabus</strong></span> <span class='ocrx_word' id='word_1_363' title='bbox 996 4492 1191 4546; x_wconf 86' lang='lat' dir='ltr'><strong>naturis</strong></span> <span class='ocrx_word' id='word_1_364' title='bbox 1229 4492 1359 4546; x_wconf 87' lang='lat' dir='ltr'><strong>inter</strong></span> <span class='ocrx_word' id='word_1_365' title='bbox 1385 4509 1438 4547; x_wconf 90' lang='lat' dir='ltr'><strong>se</strong></span> <span class='ocrx_word' id='word_1_366' title='bbox 1462 4492 1864 4563; x_wconf 84' lang='lat' dir='ltr'><strong>confligentibus.</strong></span> <span class='ocrx_word' id='word_1_367' title='bbox 1894 4492 2097 4550; x_wconf 83' lang='lat' dir='ltr'><strong>Bellum</strong></span> 
     </span>
    </p>
   </div>
   <div class='ocr_carea' id='block_1_46' title="bbox 512 4578 2093 4655">
    <p class='ocr_par' dir='ltr' id='par_1_46' title="bbox 512 4578 2093 4655">
     <span class='ocr_line' id='line_1_46' title="bbox 512 4578 2093 4655; baseline -0.001 -13"><span class='ocrx_word' id='word_1_368' title='bbox 512 4590 673 4643; x_wconf 82' lang='lat' dir='ltr'><strong>inesse</strong></span> <span class='ocrx_word' id='word_1_369' title='bbox 708 4586 762 4639; x_wconf 88' lang='lat' dir='ltr'><strong>in</strong></span> <span class='ocrx_word' id='word_1_370' title='bbox 805 4585 1005 4639; x_wconf 82' lang='lat' dir='ltr'><strong>homine</strong></span> <span class='ocrx_word' id='word_1_371' title='bbox 1047 4600 1110 4637; x_wconf 71' lang='lat' dir='ltr'><strong>ex</strong></span> <span class='ocrx_word' id='word_1_372' title='bbox 1145 4584 1389 4655; x_wconf 82' lang='lat' dir='ltr'><strong>languore</strong></span> <span class='ocrx_word' id='word_1_373' title='bbox 1409 4578 1515 4655; x_wconf 66' lang='grc' dir='ltr'><strong>’ρετ</strong></span> <span class='ocrx_word' id='word_1_374' title='bbox 1550 4586 1757 4654; x_wconf 89' lang='lat' dir='ltr'><strong>culpam</strong></span> <span class='ocrx_word' id='word_1_375' title='bbox 1799 4596 2056 4642; x_wconf 85' lang='lat' dir='ltr'><strong>contracto</strong></span> <span class='ocrx_word' id='word_1_376' title='bbox 2078 4631 2093 4654; x_wconf 89' lang='lat'><strong>,</strong></span> 
     </span>
    </p>
   </div>
   <div class='ocr_carea' id='block_1_47' title="bbox 512 4675 2093 4752">
    <p class='ocr_par' dir='ltr' id='par_1_47' title="bbox 512 4675 2093 4752">
     <span class='ocr_line' id='line_1_47' title="bbox 512 4675 2093 4752; baseline 0 -19"><span class='ocrx_word' id='word_1_377' title='bbox 512 4695 688 4752; x_wconf 88' lang='lat' dir='ltr'><strong>pacem</strong></span> <span class='ocrx_word' id='word_1_378' title='bbox 713 4685 890 4731; x_wconf 86' lang='lat' dir='ltr'><strong>sanato</strong></span> <span class='ocrx_word' id='word_1_379' title='bbox 912 4676 1156 4746; x_wconf 82' lang='lat' dir='ltr'><strong>languore</strong></span> <span class='ocrx_word' id='word_1_380' title='bbox 1194 4679 1420 4747; x_wconf 81' lang='lat' dir='ltr'><strong>futuram</strong></span> <span class='ocrx_word' id='word_1_381' title='bbox 1448 4692 1573 4729; x_wconf 84' lang='lat' dir='ltr'><strong>esse.</strong></span> <span class='ocrx_word' id='word_1_382' title='bbox 1600 4675 1750 4730; x_wconf 90' lang='lat' dir='ltr'><strong>Nunc</strong></span> <span class='ocrx_word' id='word_1_383' title='bbox 1774 4691 1901 4747; x_wconf 81' lang='lat' dir='ltr'><strong>ergo</strong></span> <span class='ocrx_word' id='word_1_384' title='bbox 1930 4678 1998 4732; x_wconf 89' lang='lat' dir='ltr'><strong>ad</strong></span> <span class='ocrx_word' id='word_1_385' title='bbox 2030 4680 2093 4734; x_wconf 91' lang='lat' dir='ltr'><strong>ll—</strong></span> 
     </span>
    </p>
   </div>
   <div class='ocr_carea' id='block_1_48' title="bbox 511 4768 2092 4842">
    <p class='ocr_par' dir='ltr' id='par_1_48' title="bbox 511 4768 2092 4842">
     <span class='ocr_line' id='line_1_48' title="bbox 511 4768 2092 4842; baseline -0.003 -13"><span class='ocrx_word' id='word_1_386' title='bbox 511 4773 598 4829; x_wconf 93' lang='lat' dir='ltr'><strong>lud</strong></span> <span class='ocrx_word' id='word_1_387' title='bbox 622 4815 639 4840; x_wconf 96' lang='lat'><strong>,</strong></span> <span class='ocrx_word' id='word_1_388' title='bbox 673 4779 889 4842; x_wconf 86' lang='lat' dir='ltr'><strong>propter</strong></span> <span class='ocrx_word' id='word_1_389' title='bbox 927 4768 1067 4839; x_wconf 89' lang='lat' dir='ltr'><strong>quod</strong></span> <span class='ocrx_word' id='word_1_390' title='bbox 1109 4768 1340 4823; x_wconf 79' lang='lat' dir='ltr'><strong>diximus</strong></span> <span class='ocrx_word' id='word_1_391' title='bbox 1385 4769 1482 4823; x_wconf 74' lang='lat' dir='ltr'><strong>isra</strong></span> <span class='ocrx_word' id='word_1_392' title='bbox 1505 4812 1519 4834; x_wconf 93' lang='lat'><strong>,</strong></span> <span class='ocrx_word' id='word_1_393' title='bbox 1553 4768 1860 4825; x_wconf 88' lang='lat' dir='ltr'><strong>redeamus.</strong></span> <span class='ocrx_word' id='word_1_394' title='bbox 1906 4770 2092 4825; x_wconf 89' lang='lat' dir='ltr'><strong>Conti-</strong></span> 
     </span>
    </p>
   </div>
   <div class='ocr_carea' id='block_1_49' title="bbox 509 4864 2093 4934">
    <p class='ocr_par' dir='ltr' id='par_1_49' title="bbox 509 4864 2093 4934">
     <span class='ocr_line' id='line_1_49' title="bbox 509 4864 2093 4934; baseline -0.002 -12"><span class='ocrx_word' id='word_1_395' title='bbox 509 4867 684 4922; x_wconf 88' lang='lat' dir='ltr'><strong>nentia</strong></span> <span class='ocrx_word' id='word_1_396' title='bbox 707 4866 859 4921; x_wconf 89' lang='lat' dir='ltr'><strong>nobis</strong></span> <span class='ocrx_word' id='word_1_397' title='bbox 877 4878 1011 4934; x_wconf 91' lang='lat' dir='ltr'><strong>opus</strong></span> <span class='ocrx_word' id='word_1_398' title='bbox 1031 4871 1131 4927; x_wconf 89' lang='lat' dir='ltr'><strong>est,</strong></span> <span class='ocrx_word' id='word_1_399' title='bbox 1150 4872 1203 4918; x_wconf 90' lang='lat' dir='ltr'><strong>et</strong></span> <span class='ocrx_word' id='word_1_400' title='bbox 1228 4879 1343 4918; x_wconf 87' lang='lat' dir='ltr'><strong>eam</strong></span> <span class='ocrx_word' id='word_1_401' title='bbox 1372 4864 1606 4917; x_wconf 88' lang='lat' dir='ltr'><strong>divinum</strong></span> <span class='ocrx_word' id='word_1_402' title='bbox 1636 4878 1756 4917; x_wconf 89' lang='lat' dir='ltr'><strong>esse</strong></span> <span class='ocrx_word' id='word_1_403' title='bbox 1786 4878 1978 4919; x_wconf 91' lang='lat' dir='ltr'><strong>munus</strong></span> <span class='ocrx_word' id='word_1_404' title='bbox 1998 4880 2093 4919; x_wconf 91' lang='lat' dir='ltr'><strong>co-</strong></span> 
     </span>
    </p>
   </div>
   <div class='ocr_carea' id='block_1_50' title="bbox 506 4955 2096 5030">
    <p class='ocr_par' dir='ltr' id='par_1_50' title="bbox 506 4955 2096 5030">
     <span class='ocr_line' id='line_1_50' title="bbox 506 4955 2096 5030; baseline -0.003 -16"><span class='ocrx_word' id='word_1_405' title='bbox 506 4961 808 5030; x_wconf 78' lang='lat' dir='ltr'><strong>gnoscimus</strong></span> <span class='ocrx_word' id='word_1_406' title='bbox 828 4999 840 5023; x_wconf 93' lang='lat'><strong>,</strong></span> <span class='ocrx_word' id='word_1_407' title='bbox 876 4972 943 5011; x_wconf 91' lang='lat' dir='ltr'><strong>ne</strong></span> <span class='ocrx_word' id='word_1_408' title='bbox 982 4957 1280 5011; x_wconf 79' lang='lat' dir='ltr'><strong>dcclinctur</strong></span> <span class='ocrx_word' id='word_1_409' title='bbox 1308 4971 1402 5010; x_wconf 89' lang='lat' dir='ltr'><strong>cor</strong></span> <span class='ocrx_word' id='word_1_410' title='bbox 1429 4966 1667 5009; x_wconf 81' lang='lat' dir='ltr'><strong>nostrum</strong></span> <span class='ocrx_word' id='word_1_411' title='bbox 1698 4955 1753 5009; x_wconf 91' lang='lat' dir='ltr'><strong>in</strong></span> <span class='ocrx_word' id='word_1_412' title='bbox 1792 4956 1951 5011; x_wconf 89' lang='lat' dir='ltr'><strong>verba</strong></span> <span class='ocrx_word' id='word_1_413' title='bbox 1983 4973 2096 5010; x_wconf 87' lang='lat' dir='ltr'><strong>ma-</strong></span> 
     </span>
    </p>
   </div>
   <div class='ocr_carea' id='block_1_51' title="bbox 507 5045 2092 5121">
    <p class='ocr_par' dir='ltr' id='par_1_51' title="bbox 507 5045 2092 5121">
     <span class='ocr_line' id='line_1_51' title="bbox 507 5045 2092 5121; baseline -0.003 -15"><span class='ocrx_word' id='word_1_414' title='bbox 507 5054 647 5121; x_wconf 80' lang='lat' dir='ltr'><strong>ligna</strong></span> <span class='ocrx_word' id='word_1_415' title='bbox 692 5050 759 5104; x_wconf 90' lang='lat' dir='ltr'><strong>ad</strong></span> <span class='ocrx_word' id='word_1_416' title='bbox 803 5048 1135 5105; x_wconf 79' lang='lat' dir='ltr'><strong>excusandas</strong></span> <span class='ocrx_word' id='word_1_417' title='bbox 1181 5046 1555 5103; x_wconf 79' lang='lat' dir='ltr'><strong>excusationes</strong></span> <span class='ocrx_word' id='word_1_418' title='bbox 1600 5045 1654 5099; x_wconf 91' lang='lat' dir='ltr'><strong>in</strong></span> <span class='ocrx_word' id='word_1_419' title='bbox 1697 5048 1949 5116; x_wconf 89' lang='lat' dir='ltr'><strong>peccatis.</strong></span> <span class='ocrx_word' id='word_1_420' title='bbox 1996 5048 2092 5104; x_wconf 90' lang='lat' dir='ltr'><strong>Cui</strong></span> 
     </span>
    </p>
   </div>
   <div class='ocr_carea' id='block_1_52' title="bbox 506 5137 2089 5210">
    <p class='ocr_par' dir='ltr' id='par_1_52' title="bbox 506 5137 2089 5210">
     <span class='ocr_line' id='line_1_52' title="bbox 506 5137 2089 5210; baseline 0 -16"><span class='ocrx_word' id='word_1_421' title='bbox 506 5152 680 5197; x_wconf 84' lang='lat' dir='ltr'><strong>autem</strong></span> <span class='ocrx_word' id='word_1_422' title='bbox 709 5150 927 5210; x_wconf 89' lang='lat' dir='ltr'><strong>peccato</strong></span> <span class='ocrx_word' id='word_1_423' title='bbox 956 5138 1256 5196; x_wconf 81' lang='lat' dir='ltr'><strong>cohibenda</strong></span> <span class='ocrx_word' id='word_1_424' title='bbox 1299 5154 1403 5191; x_wconf 90' lang='lat' dir='ltr'><strong>non</strong></span> <span class='ocrx_word' id='word_1_425' title='bbox 1448 5137 1703 5191; x_wconf 86' lang='lat' dir='ltr'><strong>habemus</strong></span> <span class='ocrx_word' id='word_1_426' title='bbox 1733 5140 2089 5195; x_wconf 89' lang='lat' dir='ltr'><strong>necessariam</strong></span> 
     </span>
    </p>
   </div>
   <div class='ocr_carea' id='block_1_53' title="bbox 505 5226 2089 5301">
    <p class='ocr_par' dir='ltr' id='par_1_53' title="bbox 505 5226 2089 5301">
     <span class='ocr_line' id='line_1_53' title="bbox 505 5226 2089 5301; baseline -0.001 -15"><span class='ocrx_word' id='word_1_427' title='bbox 505 5233 919 5297; x_wconf 81' lang='lat' dir='ltr'><strong>continentiam,</strong></span> <span class='ocrx_word' id='word_1_428' title='bbox 949 5248 1018 5285; x_wconf 86' lang='lat' dir='ltr'><strong>ne</strong></span> <span class='ocrx_word' id='word_1_429' title='bbox 1061 5230 1443 5293; x_wconf 82' lang='lat' dir='ltr'><strong>committatur,</strong></span> <span class='ocrx_word' id='word_1_430' title='bbox 1486 5226 1699 5300; x_wconf 90' lang='lat' dir='ltr'><strong>quando</strong></span> <span class='ocrx_word' id='word_1_431' title='bbox 1746 5238 1801 5284; x_wconf 92' lang='lat' dir='ltr'><strong>et</strong></span> <span class='ocrx_word' id='word_1_432' title='bbox 1846 5229 1949 5284; x_wconf 92' lang='lat' dir='ltr'><strong>hoc</strong></span> <span class='ocrx_word' id='word_1_433' title='bbox 1978 5233 2089 5301; x_wconf 89' lang='lat' dir='ltr'><strong>ipsa</strong></span> 
     </span>
    </p>
   </div>
   <div class='ocr_carea' id='block_1_54' title="bbox 505 5319 2091 5391">
    <p class='ocr_par' dir='ltr' id='par_1_54' title="bbox 505 5319 2091 5391">
     <span class='ocr_line' id='line_1_54' title="bbox 505 5319 2091 5391; baseline 0 -13"><span class='ocrx_word' id='word_1_434' title='bbox 505 5324 750 5389; x_wconf 85' lang='lat' dir='ltr'><strong>cohibet,</strong></span> <span class='ocrx_word' id='word_1_435' title='bbox 772 5337 839 5375; x_wconf 91' lang='lat' dir='ltr'><strong>ne</strong></span> <span class='ocrx_word' id='word_1_436' title='bbox 861 5321 1207 5375; x_wconf 84' lang='lat' dir='ltr'><strong>commissum</strong></span> <span class='ocrx_word' id='word_1_437' title='bbox 1230 5320 1273 5374; x_wconf 92' lang='lat' dir='ltr'><strong>si</strong></span> <span class='ocrx_word' id='word_1_438' title='bbox 1303 5319 1465 5373; x_wconf 89' lang='lat' dir='ltr'><strong>fuerit</strong></span> <span class='ocrx_word' id='word_1_439' title='bbox 1488 5319 1691 5374; x_wconf 90' lang='lat' dir='ltr'><strong>nefaria</strong></span> <span class='ocrx_word' id='word_1_440' title='bbox 1717 5322 1963 5391; x_wconf 87' lang='lat' dir='ltr'><strong>superbia</strong></span> <span class='ocrx_word' id='word_1_441' title='bbox 1997 5323 2091 5378; x_wconf 89' lang='lat' dir='ltr'><strong>de-</strong></span> 
     </span>
    </p>
   </div>
   <div class='ocr_carea' id='block_1_55' title="bbox 510 5410 2087 5483">
    <p class='ocr_par' dir='ltr' id='par_1_55' title="bbox 510 5410 2087 5483">
     <span class='ocr_line' id='line_1_55' title="bbox 510 5410 2087 5483; baseline 0 -14"><span class='ocrx_word' id='word_1_442' title='bbox 510 5414 789 5470; x_wconf 83' lang='lat' dir='ltr'><strong>fendatur?</strong></span> <span class='ocrx_word' id='word_1_443' title='bbox 815 5411 1201 5467; x_wconf 87' lang='lat' dir='ltr'><strong>Universaliter</strong></span> <span class='ocrx_word' id='word_1_444' title='bbox 1229 5425 1357 5480; x_wconf 85' lang='lat' dir='ltr'><strong>ergo</strong></span> <span class='ocrx_word' id='word_1_445' title='bbox 1403 5410 1732 5466; x_wconf 84' lang='lat' dir='ltr'><strong>continentia</strong></span> <span class='ocrx_word' id='word_1_446' title='bbox 1773 5412 1927 5468; x_wconf 89' lang='lat' dir='ltr'><strong>nobis</strong></span> <span class='ocrx_word' id='word_1_447' title='bbox 1954 5428 2087 5483; x_wconf 89' lang='lat' dir='ltr'><strong>opus</strong></span> 
     </span>
    </p>
   </div>
   <div class='ocr_carea' id='block_1_56' title="bbox 502 5500 2085 5574">
    <p class='ocr_par' dir='ltr' id='par_1_56' title="bbox 502 5500 2085 5574">
     <span class='ocr_line' id='line_1_56' title="bbox 502 5500 2085 5574; baseline -0.001 -14"><span class='ocrx_word' id='word_1_448' title='bbox 502 5517 603 5574; x_wconf 88' lang='lat' dir='ltr'><strong>est,</strong></span> <span class='ocrx_word' id='word_1_449' title='bbox 630 5515 690 5561; x_wconf 88' lang='lat' dir='ltr'><strong>ut</strong></span> <span class='ocrx_word' id='word_1_450' title='bbox 709 5504 1038 5560; x_wconf 85' lang='lat' dir='ltr'><strong>declinemus</strong></span> <span class='ocrx_word' id='word_1_451' title='bbox 1056 5519 1084 5555; x_wconf 88' lang='lat' dir='ltr'><strong>a</strong></span> <span class='ocrx_word' id='word_1_452' title='bbox 1106 5502 1265 5557; x_wconf 91' lang='lat' dir='ltr'><strong>malo.</strong></span> <span class='ocrx_word' id='word_1_453' title='bbox 1285 5501 1352 5557; x_wconf 90' lang='lat' dir='ltr'><strong>Ut</strong></span> <span class='ocrx_word' id='word_1_454' title='bbox 1380 5512 1557 5556; x_wconf 90' lang='lat' dir='ltr'><strong>autem</strong></span> <span class='ocrx_word' id='word_1_455' title='bbox 1585 5500 1843 5557; x_wconf 87' lang='lat' dir='ltr'><strong>faciamus</strong></span> <span class='ocrx_word' id='word_1_456' title='bbox 1865 5506 2085 5573; x_wconf 88' lang='lat' dir='ltr'><strong>bonmn,</strong></span> 
     </span>
    </p>
   </div>
   <div class='ocr_carea' id='block_1_57' title="bbox 503 5593 2087 5668">
    <p class='ocr_par' dir='ltr' id='par_1_57' title="bbox 503 5593 2087 5668">
     <span class='ocr_line' id='line_1_57' title="bbox 503 5593 2087 5668; baseline 0.002 -18"><span class='ocrx_word' id='word_1_457' title='bbox 503 5598 568 5652; x_wconf 88' lang='lat' dir='ltr'><strong>ad</strong></span> <span class='ocrx_word' id='word_1_458' title='bbox 600 5598 755 5654; x_wconf 85' lang='lat' dir='ltr'><strong>aliam</strong></span> <span class='ocrx_word' id='word_1_459' title='bbox 787 5596 999 5651; x_wconf 90' lang='lat' dir='ltr'><strong>videtur</strong></span> <span class='ocrx_word' id='word_1_460' title='bbox 1024 5595 1293 5659; x_wconf 86' lang='lat' dir='ltr'><strong>virtutem,</strong></span> <span class='ocrx_word' id='word_1_461' title='bbox 1320 5593 1423 5647; x_wconf 89' lang='lat' dir='ltr'><strong>hoc</strong></span> <span class='ocrx_word' id='word_1_462' title='bbox 1450 5604 1559 5662; x_wconf 88' lang='lat' dir='ltr'><strong>est,</strong></span> <span class='ocrx_word' id='word_1_463' title='bbox 1590 5595 1656 5649; x_wconf 89' lang='lat' dir='ltr'><strong>ad</strong></span> <span class='ocrx_word' id='word_1_464' title='bbox 1681 5596 1940 5666; x_wconf 85' lang='lat' dir='ltr'><strong>justitiam</strong></span> <span class='ocrx_word' id='word_1_465' title='bbox 1967 5613 2087 5668; x_wconf 80' lang='lat' dir='ltr'><strong>per-</strong></span> 
     </span>
    </p>
   </div>
   <div class='ocr_carea' id='block_1_58' title="bbox 503 5686 2088 5761">
    <p class='ocr_par' dir='ltr' id='par_1_58' title="bbox 503 5686 2088 5761">
     <span class='ocr_line' id='line_1_58' title="bbox 503 5686 2088 5761; baseline 0.002 -19"><span class='ocrx_word' id='word_1_466' title='bbox 503 5692 692 5749; x_wconf 87' lang='lat' dir='ltr'><strong>tinere.</strong></span> <span class='ocrx_word' id='word_1_467' title='bbox 742 5691 856 5747; x_wconf 84' lang='lat' dir='ltr'><strong>Hoc</strong></span> <span class='ocrx_word' id='word_1_468' title='bbox 901 5702 1004 5745; x_wconf 90' lang='lat' dir='ltr'><strong>nos</strong></span> <span class='ocrx_word' id='word_1_469' title='bbox 1051 5686 1304 5743; x_wconf 88' lang='lat' dir='ltr'><strong>admonet</strong></span> <span class='ocrx_word' id='word_1_470' title='bbox 1351 5699 1501 5739; x_wconf 84' lang='lat' dir='ltr'><strong>sacer</strong></span> <span class='ocrx_word' id='word_1_471' title='bbox 1528 5687 1801 5755; x_wconf 84' lang='lat' dir='ltr'><strong>Psalmus,</strong></span> <span class='ocrx_word' id='word_1_472' title='bbox 1832 5690 1919 5745; x_wconf 87' lang='lat' dir='ltr'><strong>ubi</strong></span> <span class='ocrx_word' id='word_1_473' title='bbox 1953 5691 2088 5761; x_wconf 80' lang='lat' dir='ltr'><strong>legi-</strong></span> 
     </span>
    </p>
   </div>
   <div class='ocr_carea' id='block_1_59' title="bbox 504 5779 2084 5849">
    <p class='ocr_par' dir='ltr' id='par_1_59' title="bbox 504 5779 2084 5849">
     <span class='ocr_line' id='line_1_59' title="bbox 504 5779 2084 5849; baseline 0.002 -14"><span class='ocrx_word' id='word_1_474' title='bbox 504 5797 620 5839; x_wconf 84' lang='lat' dir='ltr'><strong>mus</strong></span> <span class='ocrx_word' id='word_1_475' title='bbox 651 5806 664 5841; x_wconf 93' lang='lat'><strong>:</strong></span> <span class='ocrx_word' id='word_1_476' title='bbox 692 5786 901 5841; x_wconf 68' lang='lat' dir='ltr'><strong>Declina</strong></span> <span class='ocrx_word' id='word_1_477' title='bbox 925 5799 959 5836; x_wconf 89' lang='lat' dir='ltr'><strong>a</strong></span> <span class='ocrx_word' id='word_1_478' title='bbox 988 5782 1123 5835; x_wconf 89' lang='lat' dir='ltr'><strong>malo</strong></span> <span class='ocrx_word' id='word_1_479' title='bbox 1144 5821 1159 5848; x_wconf 89' lang='lat'><strong>,</strong></span> <span class='ocrx_word' id='word_1_480' title='bbox 1202 5789 1247 5835; x_wconf 87' lang='lat' dir='ltr'><strong>et</strong></span> <span class='ocrx_word' id='word_1_481' title='bbox 1288 5779 1373 5849; x_wconf 79' lang='lat' dir='ltr'><strong>[ac</strong></span> <span class='ocrx_word' id='word_1_482' title='bbox 1399 5782 1600 5834; x_wconf 87' lang='lat' dir='ltr'><strong>bonum.</strong></span> <span class='ocrx_word' id='word_1_483' title='bbox 1630 5782 1746 5848; x_wconf 87' lang='lat' dir='ltr'><strong>Quo</strong></span> <span class='ocrx_word' id='word_1_484' title='bbox 1773 5791 1948 5837; x_wconf 85' lang='lat' dir='ltr'><strong>autem</strong></span> <span class='ocrx_word' id='word_1_485' title='bbox 1979 5783 2084 5839; x_wconf 82' lang='lat' dir='ltr'><strong>fine</strong></span> 
     </span>
    </p>
   </div>
   <div class='ocr_carea' id='block_1_60' title="bbox 560 5896 1068 5963">
    <p class='ocr_par' dir='ltr' id='par_1_60' title="bbox 560 5896 1068 5963">
     <span class='ocr_line' id='line_1_60' title="bbox 560 5896 1068 5963; baseline 0.004 -10"><span class='ocrx_word' id='word_1_486' title='bbox 560 5899 582 5932; x_wconf 77' lang='grc'>⁸</span> <span class='ocrx_word' id='word_1_487' title='bbox 607 5910 692 5953; x_wconf 77' lang='lat' dir='ltr'><strong>uss</strong></span> <span class='ocrx_word' id='word_1_488' title='bbox 716 5940 728 5963; x_wconf 91' lang='lat'><strong>,</strong></span> <span class='ocrx_word' id='word_1_489' title='bbox 752 5910 849 5954; x_wconf 80' lang='lat' dir='ltr'><strong>tum</strong></span> <span class='ocrx_word' id='word_1_490' title='bbox 871 5896 1068 5963; x_wconf 63' lang='lat' dir='ltr'><strong>quinne-</strong></span> 
     </span>
    </p>
   </div>
   <div class='ocr_carea' id='block_1_61' title="bbox 1581 407 2703 479">
    <p class='ocr_par' dir='ltr' id='par_1_61' title="bbox 1581 407 2703 479">
     <span class='ocr_line' id='line_1_61' title="bbox 1581 407 2703 479; baseline 0 -15"><span class='ocrx_word' id='word_1_491' title='bbox 1581 409 1669 464; x_wconf 87' lang='lat' dir='ltr'><strong>DE</strong></span> <span class='ocrx_word' id='word_1_492' title='bbox 1707 407 2188 479; x_wconf 79' lang='lat' dir='ltr'><strong>CONTINENTIA,</strong></span> <span class='ocrx_word' id='word_1_493' title='bbox 2230 408 2291 465; x_wconf 88' lang='lat' dir='ltr'><strong>S.</strong></span> <span class='ocrx_word' id='word_1_494' title='bbox 2334 408 2703 467; x_wconf 79' lang='lat' dir='ltr'><strong>AUGUSTINI</strong></span> 
     </span>
    </p>
   </div>
   <div class='ocr_carea' id='block_1_62' title="bbox 3699 423 3797 479">
    <p class='ocr_par' dir='ltr' id='par_1_62' title="bbox 3699 423 3797 479">
     <span class='ocr_line' id='line_1_62' title="bbox 3699 423 3797 479; baseline 0 0"><span class='ocrx_word' id='word_1_495' title='bbox 3699 423 3797 479; x_wconf 76' lang='lat'><strong>360</strong></span> 
     </span>
    </p>
   </div>
   <div class='ocr_carea' id='block_1_63' title="bbox 2214 520 3791 606">
    <p class='ocr_par' dir='ltr' id='par_1_63' title="bbox 2214 520 3791 606">
     <span class='ocr_line' id='line_1_63' title="bbox 2214 520 3791 606; baseline 0.01 -32"><span class='ocrx_word' id='word_1_496' title='bbox 2214 520 2312 575; x_wconf 87' lang='lat' dir='ltr'><strong>ista</strong></span> <span class='ocrx_word' id='word_1_497' title='bbox 2355 521 2637 589; x_wconf 89' lang='lat' dir='ltr'><strong>faciamus,</strong></span> <span class='ocrx_word' id='word_1_498' title='bbox 2670 536 2793 577; x_wconf 82' lang='lat' dir='ltr'><strong>mox</strong></span> <span class='ocrx_word' id='word_1_499' title='bbox 2838 521 3075 589; x_wconf 87' lang='lat' dir='ltr'><strong>addidit,</strong></span> <span class='ocrx_word' id='word_1_500' title='bbox 3106 525 3331 583; x_wconf 87' lang='lat' dir='ltr'><strong>dicens:</strong></span> <span class='ocrx_word' id='word_1_501' title='bbox 3364 530 3550 596; x_wconf 62' lang='lat' dir='ltr'><strong>Quaere</strong></span> <span class='ocrx_word' id='word_1_502' title='bbox 3575 550 3791 606; x_wconf 75' lang='lat' dir='ltr'><strong>pacem,</strong></span> 
     </span>
    </p>
   </div>
   <div class='ocr_carea' id='block_1_64' title="bbox 2210 611 3793 692">
    <p class='ocr_par' dir='ltr' id='par_1_64' title="bbox 2210 611 3793 692">
     <span class='ocr_line' id='line_1_64' title="bbox 2210 611 3793 692; baseline 0.011 -28"><span class='ocrx_word' id='word_1_503' title='bbox 2210 619 2258 665; x_wconf 85' lang='lat' dir='ltr'><strong>et</strong></span> <span class='ocrx_word' id='word_1_504' title='bbox 2285 626 2487 681; x_wconf 84' lang='lat' dir='ltr'><strong>sequere</strong></span> <span class='ocrx_word' id='word_1_505' title='bbox 2522 628 2632 665; x_wconf 89' lang='lat' dir='ltr'><strong>eam</strong></span> <span class='ocrx_word' id='word_1_506' title='bbox 2662 611 2830 682; x_wconf 89' lang='lat' dir='ltr'><strong>(Psal.</strong></span> <span class='ocrx_word' id='word_1_507' title='bbox 2870 629 3070 681; x_wconf 80' lang='lat' dir='ltr'><strong>xxxm,</strong></span> <span class='ocrx_word' id='word_1_508' title='bbox 3104 616 3213 688; x_wconf 79' lang='lat' dir='ltr'><strong>i5).</strong></span> <span class='ocrx_word' id='word_1_509' title='bbox 3245 617 3350 672; x_wconf 85' lang='lat' dir='ltr'><strong>Pax</strong></span> <span class='ocrx_word' id='word_1_510' title='bbox 3377 622 3524 676; x_wconf 88' lang='lat' dir='ltr'><strong>enim</strong></span> <span class='ocrx_word' id='word_1_511' title='bbox 3558 625 3793 692; x_wconf 84' lang='lat' dir='ltr'><strong>perfecta</strong></span> 
     </span>
    </p>
   </div>
   <div class='ocr_carea' id='block_1_65' title="bbox 2211 704 3794 774">
    <p class='ocr_par' dir='ltr' id='par_1_65' title="bbox 2211 704 3794 774">
     <span class='ocr_line' id='line_1_65' title="bbox 2211 704 3794 774; baseline 0.01 -18"><span class='ocrx_word' id='word_1_512' title='bbox 2211 709 2337 757; x_wconf 92' lang='lat' dir='ltr'><strong>tunc</strong></span> <span class='ocrx_word' id='word_1_513' title='bbox 2376 704 2479 757; x_wconf 90' lang='lat' dir='ltr'><strong>erit</strong></span> <span class='ocrx_word' id='word_1_514' title='bbox 2520 704 2699 769; x_wconf 91' lang='lat' dir='ltr'><strong>nobis,</strong></span> <span class='ocrx_word' id='word_1_515' title='bbox 2728 704 2941 774; x_wconf 86' lang='lat' dir='ltr'><strong>quando</strong></span> <span class='ocrx_word' id='word_1_516' title='bbox 2984 716 3170 761; x_wconf 89' lang='lat' dir='ltr'><strong>natura</strong></span> <span class='ocrx_word' id='word_1_517' title='bbox 3214 719 3392 764; x_wconf 91' lang='lat' dir='ltr'><strong>nostra</strong></span> <span class='ocrx_word' id='word_1_518' title='bbox 3419 710 3667 769; x_wconf 88' lang='lat' dir='ltr'><strong>Creatori</strong></span> <span class='ocrx_word' id='word_1_519' title='bbox 3699 731 3794 773; x_wconf 85' lang='lat' dir='ltr'><strong>suo</strong></span> 
     </span>
    </p>
   </div>
   <div class='ocr_carea' id='block_1_66' title="bbox 2211 791 3791 875">
    <p class='ocr_par' dir='ltr' id='par_1_66' title="bbox 2211 791 3791 875">
     <span class='ocr_line' id='line_1_66' title="bbox 2211 791 3791 875; baseline 0.01 -29"><span class='ocrx_word' id='word_1_520' title='bbox 2211 791 2633 862; x_wconf 87' lang='lat' dir='ltr'><strong>inseparabiliter</strong></span> <span class='ocrx_word' id='word_1_521' title='bbox 2659 794 2964 852; x_wconf 60' lang='lat' dir='ltr'><strong>cohaerente</strong></span> <span class='ocrx_word' id='word_1_522' title='bbox 2982 839 2997 863; x_wconf 92' lang='lat'><strong>,</strong></span> <span class='ocrx_word' id='word_1_523' title='bbox 3031 799 3161 853; x_wconf 90' lang='lat' dir='ltr'><strong>nihil</strong></span> <span class='ocrx_word' id='word_1_524' title='bbox 3207 802 3358 855; x_wconf 88' lang='lat' dir='ltr'><strong>nobis</strong></span> <span class='ocrx_word' id='word_1_525' title='bbox 3384 807 3703 875; x_wconf 77' lang='lat' dir='ltr'><strong>repugnabit</strong></span> <span class='ocrx_word' id='word_1_526' title='bbox 3732 824 3791 864; x_wconf 81' lang='lat' dir='ltr'><strong>es</strong></span> 
     </span>
    </p>
   </div>
   <div class='ocr_carea' id='block_1_67' title="bbox 2210 885 3793 962">
    <p class='ocr_par' dir='ltr' id='par_1_67' title="bbox 2210 885 3793 962">
     <span class='ocr_line' id='line_1_67' title="bbox 2210 885 3793 962; baseline 0.008 -23"><span class='ocrx_word' id='word_1_527' title='bbox 2210 885 2383 940; x_wconf 92' lang='lat' dir='ltr'><strong>nobis.</strong></span> <span class='ocrx_word' id='word_1_528' title='bbox 2416 886 2527 942; x_wconf 78' lang='lat' dir='ltr'><strong>Hoc</strong></span> <span class='ocrx_word' id='word_1_529' title='bbox 2551 895 2607 942; x_wconf 86' lang='lat' dir='ltr'><strong>et</strong></span> <span class='ocrx_word' id='word_1_530' title='bbox 2630 888 2743 957; x_wconf 86' lang='lat' dir='ltr'><strong>ipse</strong></span> <span class='ocrx_word' id='word_1_531' title='bbox 2767 887 3011 943; x_wconf 82' lang='lat' dir='ltr'><strong>Salvator</strong></span> <span class='ocrx_word' id='word_1_532' title='bbox 3040 891 3239 957; x_wconf 88' lang='lat' dir='ltr'><strong>voluit,</strong></span> <span class='ocrx_word' id='word_1_533' title='bbox 3267 903 3522 962; x_wconf 90' lang='lat' dir='ltr'><strong>quantum</strong></span> <span class='ocrx_word' id='word_1_534' title='bbox 3554 897 3690 950; x_wconf 89' lang='lat' dir='ltr'><strong>mihi</strong></span> <span class='ocrx_word' id='word_1_535' title='bbox 3721 899 3793 951; x_wconf 85' lang='lat' dir='ltr'><strong>vi-</strong></span> 
     </span>
    </p>
   </div>
   <div class='ocr_carea' id='block_1_68' title="bbox 2209 975 3793 1053">
    <p class='ocr_par' dir='ltr' id='par_1_68' title="bbox 2209 975 3793 1053">
     <span class='ocr_line' id='line_1_68' title="bbox 2209 975 3793 1053; baseline 0.009 -22"><span class='ocrx_word' id='word_1_536' title='bbox 2209 975 2384 1041; x_wconf 92' lang='lat' dir='ltr'><strong>detur,</strong></span> <span class='ocrx_word' id='word_1_537' title='bbox 2412 978 2670 1049; x_wconf 88' lang='lat' dir='ltr'><strong>intelligi,</strong></span> <span class='ocrx_word' id='word_1_538' title='bbox 2700 979 2790 1035; x_wconf 89' lang='lat' dir='ltr'><strong>ubi</strong></span> <span class='ocrx_word' id='word_1_539' title='bbox 2834 982 2942 1034; x_wconf 89' lang='lat' dir='ltr'><strong>ait:</strong></span> <span class='ocrx_word' id='word_1_540' title='bbox 2972 981 3091 1036; x_wconf 85' lang='lat' dir='ltr'><strong>Sint</strong></span> <span class='ocrx_word' id='word_1_541' title='bbox 3114 984 3269 1038; x_wconf 84' lang='lat' dir='ltr'><strong>lumbi</strong></span> <span class='ocrx_word' id='word_1_542' title='bbox 3296 987 3446 1039; x_wconf 80' lang='lat' dir='ltr'><strong>uestri</strong></span> <span class='ocrx_word' id='word_1_543' title='bbox 3472 990 3691 1043; x_wconf 80' lang='lat' dir='ltr'><strong>accincti</strong></span> <span class='ocrx_word' id='word_1_544' title='bbox 3710 1032 3725 1053; x_wconf 88' lang='lat'><strong>,</strong></span> <span class='ocrx_word' id='word_1_545' title='bbox 3754 1001 3793 1044; x_wconf 79' lang='lat' dir='ltr'><strong>et</strong></span> 
     </span>
    </p>
   </div>
   <div class='ocr_carea' id='block_1_69' title="bbox 2209 1069 3794 1148">
    <p class='ocr_par' dir='ltr' id='par_1_69' title="bbox 2209 1069 3794 1148">
     <span class='ocr_line' id='line_1_69' title="bbox 2209 1069 3794 1148; baseline 0.007 -25"><span class='ocrx_word' id='word_1_546' title='bbox 2209 1069 2429 1124; x_wconf 80' lang='lat' dir='ltr'><strong>lacerate</strong></span> <span class='ocrx_word' id='word_1_547' title='bbox 2452 1071 2682 1125; x_wconf 75' lang='lat' dir='ltr'><strong>ardentes</strong></span> <span class='ocrx_word' id='word_1_548' title='bbox 2709 1072 2750 1125; x_wconf 77' lang='grc'>⁸.</span> <span class='ocrx_word' id='word_1_549' title='bbox 2780 1071 2919 1139; x_wconf 82' lang='lat' dir='ltr'><strong>Quid</strong></span> <span class='ocrx_word' id='word_1_550' title='bbox 2944 1083 3027 1128; x_wconf 90' lang='lat' dir='ltr'><strong>est</strong></span> <span class='ocrx_word' id='word_1_551' title='bbox 3056 1073 3266 1130; x_wconf 88' lang='lat' dir='ltr'><strong>lumbos</strong></span> <span class='ocrx_word' id='word_1_552' title='bbox 3293 1078 3619 1148; x_wconf 86' lang='lat' dir='ltr'><strong>accingere?</strong></span> <span class='ocrx_word' id='word_1_553' title='bbox 3646 1080 3794 1134; x_wconf 80' lang='lat' dir='ltr'><strong>Libi-</strong></span> 
     </span>
    </p>
   </div>
   <div class='ocr_carea' id='block_1_70' title="bbox 2209 1159 3788 1232">
    <p class='ocr_par' dir='ltr' id='par_1_70' title="bbox 2209 1159 3788 1232">
     <span class='ocr_line' id='line_1_70' title="bbox 2209 1159 3788 1232; baseline 0.008 -17"><span class='ocrx_word' id='word_1_554' title='bbox 2209 1159 2362 1216; x_wconf 87' lang='lat' dir='ltr'><strong>diues</strong></span> <span class='ocrx_word' id='word_1_555' title='bbox 2389 1176 2637 1217; x_wconf 86' lang='lat' dir='ltr'><strong>coercere</strong></span> <span class='ocrx_word' id='word_1_556' title='bbox 2655 1202 2671 1228; x_wconf 94' lang='lat'><strong>,</strong></span> <span class='ocrx_word' id='word_1_557' title='bbox 2699 1162 2841 1232; x_wconf 92' lang='lat' dir='ltr'><strong>quod</strong></span> <span class='ocrx_word' id='word_1_558' title='bbox 2870 1172 2954 1219; x_wconf 90' lang='lat' dir='ltr'><strong>est</strong></span> <span class='ocrx_word' id='word_1_559' title='bbox 2981 1166 3342 1221; x_wconf 71' lang='lat' dir='ltr'><strong>continentiae.</strong></span> <span class='ocrx_word' id='word_1_560' title='bbox 3365 1167 3639 1225; x_wconf 87' lang='lat' dir='ltr'><strong>Lucernas</strong></span> <span class='ocrx_word' id='word_1_561' title='bbox 3662 1187 3788 1227; x_wconf 79' lang='lat' dir='ltr'><strong>vero</strong></span> 
     </span>
    </p>
   </div>
   <div class='ocr_carea' id='block_1_71' title="bbox 2210 1254 3795 1335">
    <p class='ocr_par' dir='ltr' id='par_1_71' title="bbox 2210 1254 3795 1335">
     <span class='ocr_line' id='line_1_71' title="bbox 2210 1254 3795 1335; baseline 0.008 -29"><span class='ocrx_word' id='word_1_562' title='bbox 2210 1254 2460 1309; x_wconf 90' lang='lat' dir='ltr'><strong>ardentes</strong></span> <span class='ocrx_word' id='word_1_563' title='bbox 2487 1255 2700 1323; x_wconf 88' lang='lat' dir='ltr'><strong>habere,</strong></span> <span class='ocrx_word' id='word_1_564' title='bbox 2727 1264 2812 1312; x_wconf 91' lang='lat' dir='ltr'><strong>est</strong></span> <span class='ocrx_word' id='word_1_565' title='bbox 2837 1258 2990 1312; x_wconf 87' lang='lat' dir='ltr'><strong>bonis</strong></span> <span class='ocrx_word' id='word_1_566' title='bbox 3015 1261 3265 1329; x_wconf 90' lang='lat' dir='ltr'><strong>operibus</strong></span> <span class='ocrx_word' id='word_1_567' title='bbox 3294 1262 3475 1318; x_wconf 89' lang='lat' dir='ltr'><strong>lucere</strong></span> <span class='ocrx_word' id='word_1_568' title='bbox 3497 1273 3664 1335; x_wconf 85' lang='lat' dir='ltr'><strong>atque</strong></span> <span class='ocrx_word' id='word_1_569' title='bbox 3691 1266 3795 1320; x_wconf 65' lang='lat' dir='ltr'><strong>fer.</strong></span> 
     </span>
    </p>
   </div>
   <div class='ocr_carea' id='block_1_72' title="bbox 2210 1349 3793 1425">
    <p class='ocr_par' dir='ltr' id='par_1_72' title="bbox 2210 1349 3793 1425">
     <span class='ocr_line' id='line_1_72' title="bbox 2210 1349 3793 1425; baseline 0.008 -25"><span class='ocrx_word' id='word_1_570' title='bbox 2210 1362 2356 1415; x_wconf 88' lang='lat' dir='ltr'><strong>vere,</strong></span> <span class='ocrx_word' id='word_1_571' title='bbox 2383 1349 2525 1418; x_wconf 91' lang='lat' dir='ltr'><strong>quod</strong></span> <span class='ocrx_word' id='word_1_572' title='bbox 2556 1358 2637 1403; x_wconf 91' lang='lat' dir='ltr'><strong>est</strong></span> <span class='ocrx_word' id='word_1_573' title='bbox 2656 1349 2896 1419; x_wconf 67' lang='lat' dir='ltr'><strong>justitirc.</strong></span> <span class='ocrx_word' id='word_1_574' title='bbox 2918 1350 3101 1421; x_wconf 87' lang='lat' dir='ltr'><strong>Neque</strong></span> <span class='ocrx_word' id='word_1_575' title='bbox 3131 1353 3213 1407; x_wconf 90' lang='lat' dir='ltr'><strong>hic</strong></span> <span class='ocrx_word' id='word_1_576' title='bbox 3237 1356 3401 1409; x_wconf 91' lang='lat' dir='ltr'><strong>tacuit</strong></span> <span class='ocrx_word' id='word_1_577' title='bbox 3427 1371 3535 1425; x_wconf 92' lang='lat' dir='ltr'><strong>quo</strong></span> <span class='ocrx_word' id='word_1_578' title='bbox 3563 1357 3670 1411; x_wconf 83' lang='lat' dir='ltr'><strong>fine</strong></span> <span class='ocrx_word' id='word_1_579' title='bbox 3696 1358 3793 1412; x_wconf 82' lang='lat' dir='ltr'><strong>ista</strong></span> 
     </span>
    </p>
   </div>
   <div class='ocr_carea' id='block_1_73' title="bbox 2210 1435 3795 1511">
    <p class='ocr_par' dir='ltr' id='par_1_73' title="bbox 2210 1435 3795 1511">
     <span class='ocr_line' id='line_1_73' title="bbox 2210 1435 3795 1511; baseline 0.008 -21"><span class='ocrx_word' id='word_1_580' title='bbox 2210 1435 2494 1503; x_wconf 87' lang='lat' dir='ltr'><strong>faciamus,</strong></span> <span class='ocrx_word' id='word_1_581' title='bbox 2521 1438 2763 1495; x_wconf 87' lang='lat' dir='ltr'><strong>addendo</strong></span> <span class='ocrx_word' id='word_1_582' title='bbox 2796 1450 2955 1511; x_wconf 88' lang='lat' dir='ltr'><strong>atque</strong></span> <span class='ocrx_word' id='word_1_583' title='bbox 2980 1442 3206 1498; x_wconf 90' lang='lat' dir='ltr'><strong>dicendo</strong></span> <span class='ocrx_word' id='word_1_584' title='bbox 3230 1461 3244 1497; x_wconf 93' lang='lat'>:</span> <span class='ocrx_word' id='word_1_585' title='bbox 3273 1445 3336 1498; x_wconf 82' lang='lat' dir='ltr'><strong>Et</strong></span> <span class='ocrx_word' id='word_1_586' title='bbox 3364 1462 3450 1500; x_wconf 84' lang='lat' dir='ltr'><strong>vos</strong></span> <span class='ocrx_word' id='word_1_587' title='bbox 3480 1449 3672 1503; x_wconf 86' lang='lat' dir='ltr'><strong>similes</strong></span> <span class='ocrx_word' id='word_1_588' title='bbox 3701 1450 3795 1502; x_wconf 82' lang='lat' dir='ltr'><strong>ho-</strong></span> 
     </span>
    </p>
   </div>
   <div class='ocr_carea' id='block_1_74' title="bbox 2210 1529 3796 1609">
    <p class='ocr_par' dir='ltr' id='par_1_74' title="bbox 2210 1529 3796 1609">
     <span class='ocr_line' id='line_1_74' title="bbox 2210 1529 3796 1609; baseline 0.009 -28"><span class='ocrx_word' id='word_1_589' title='bbox 2210 1529 2425 1583; x_wconf 85' lang='lat' dir='ltr'><strong>minibus</strong></span> <span class='ocrx_word' id='word_1_590' title='bbox 2452 1532 2849 1601; x_wconf 60' lang='lat' dir='ltr'><strong>exspectantibus</strong></span> <span class='ocrx_word' id='word_1_591' title='bbox 2876 1533 3135 1588; x_wconf 85' lang='lat' dir='ltr'><strong>dominum</strong></span> <span class='ocrx_word' id='word_1_592' title='bbox 3170 1553 3321 1590; x_wconf 83' lang='lat' dir='ltr'><strong>suum</strong></span> <span class='ocrx_word' id='word_1_593' title='bbox 3341 1578 3356 1603; x_wconf 91' lang='lat'><strong>,</strong></span> <span class='ocrx_word' id='word_1_594' title='bbox 3384 1540 3590 1609; x_wconf 83' lang='lat' dir='ltr'><strong>quando</strong></span> <span class='ocrx_word' id='word_1_595' title='bbox 3633 1544 3796 1595; x_wconf 84' lang='lat' dir='ltr'><strong>veniat</strong></span> 
     </span>
    </p>
   </div>
   <div class='ocr_carea' id='block_1_75' title="bbox 2211 1620 3797 1696">
    <p class='ocr_par' dir='ltr' id='par_1_75' title="bbox 2211 1620 3797 1696">
     <span class='ocr_line' id='line_1_75' title="bbox 2211 1620 3797 1696; baseline 0.008 -24"><span class='ocrx_word' id='word_1_596' title='bbox 2211 1636 2242 1672; x_wconf 83' lang='grc' dir='ltr'><em>α</em></span> <span class='ocrx_word' id='word_1_597' title='bbox 2269 1622 2456 1690; x_wconf 87' lang='lat' dir='ltr'><strong>nuptiis</strong></span> <span class='ocrx_word' id='word_1_598' title='bbox 2496 1620 2643 1692; x_wconf 86' lang='lat' dir='ltr'><strong>(Luc.</strong></span> <span class='ocrx_word' id='word_1_599' title='bbox 2676 1639 2750 1677; x_wconf 76' lang='lat' dir='ltr'><strong>xu</strong></span> <span class='ocrx_word' id='word_1_600' title='bbox 2770 1665 2786 1691; x_wconf 94' lang='lat'><strong>,</strong></span> <span class='ocrx_word' id='word_1_601' title='bbox 2811 1626 2910 1688; x_wconf 76' lang='lat'><strong>&#39;55,</strong></span> <span class='ocrx_word' id='word_1_602' title='bbox 2946 1624 3060 1696; x_wconf 76' lang='lat'><strong>56).</strong></span> <span class='ocrx_word' id='word_1_603' title='bbox 3090 1624 3221 1679; x_wconf 89' lang='lat' dir='ltr'><strong>Cum</strong></span> <span class='ocrx_word' id='word_1_604' title='bbox 3250 1629 3391 1681; x_wconf 88' lang='lat' dir='ltr'><strong>enim</strong></span> <span class='ocrx_word' id='word_1_605' title='bbox 3424 1630 3671 1695; x_wconf 87' lang='lat' dir='ltr'><strong>venerit,</strong></span> <span class='ocrx_word' id='word_1_606' title='bbox 3702 1647 3797 1685; x_wconf 84' lang='lat' dir='ltr'><strong>nos</strong></span> 
     </span>
    </p>
   </div>
   <div class='ocr_carea' id='block_1_76' title="bbox 2212 1714 3798 1792">
    <p class='ocr_par' dir='ltr' id='par_1_76' title="bbox 2212 1714 3798 1792">
     <span class='ocr_line' id='line_1_76' title="bbox 2212 1714 3798 1792; baseline 0.009 -27"><span class='ocrx_word' id='word_1_607' title='bbox 2212 1714 2605 1781; x_wconf 87' lang='lat' dir='ltr'><strong>remunerabit,</strong></span> <span class='ocrx_word' id='word_1_608' title='bbox 2636 1717 2724 1785; x_wconf 93' lang='lat' dir='ltr'><strong>qui</strong></span> <span class='ocrx_word' id='word_1_609' title='bbox 2768 1718 3128 1773; x_wconf 89' lang='lat' dir='ltr'><strong>continuimus</strong></span> <span class='ocrx_word' id='word_1_610' title='bbox 3156 1734 3257 1774; x_wconf 90' lang='lat' dir='ltr'><strong>nos</strong></span> <span class='ocrx_word' id='word_1_611' title='bbox 3303 1721 3368 1775; x_wconf 86' lang='lat' dir='ltr'><strong>ab</strong></span> <span class='ocrx_word' id='word_1_612' title='bbox 3398 1721 3480 1775; x_wconf 87' lang='lat' dir='ltr'><strong>his</strong></span> <span class='ocrx_word' id='word_1_613' title='bbox 3510 1740 3629 1792; x_wconf 69' lang='lat' dir='ltr'><strong>quae</strong></span> <span class='ocrx_word' id='word_1_614' title='bbox 3657 1726 3677 1756; x_wconf 83' lang='grc'>¹</span> <span class='ocrx_word' id='word_1_615' title='bbox 3706 1741 3798 1778; x_wconf 84' lang='lat' dir='ltr'><strong>cu-</strong></span> 
     </span>
    </p>
   </div>
   <div class='ocr_carea' id='block_1_77' title="bbox 2212 1800 3796 1876">
    <p class='ocr_par' dir='ltr' id='par_1_77' title="bbox 2212 1800 3796 1876">
     <span class='ocr_line' id='line_1_77' title="bbox 2212 1800 3796 1876; baseline 0.009 -23"><span class='ocrx_word' id='word_1_616' title='bbox 2212 1800 2437 1870; x_wconf 88' lang='lat' dir='ltr'><strong>piditas,</strong></span> <span class='ocrx_word' id='word_1_617' title='bbox 2466 1811 2521 1857; x_wconf 90' lang='lat' dir='ltr'><strong>et</strong></span> <span class='ocrx_word' id='word_1_618' title='bbox 2563 1819 2624 1858; x_wconf 89' lang='lat' dir='ltr'><strong>ea</strong></span> <span class='ocrx_word' id='word_1_619' title='bbox 2664 1821 2784 1875; x_wconf 67' lang='lat' dir='ltr'><strong>quae</strong></span> <span class='ocrx_word' id='word_1_620' title='bbox 2831 1807 3113 1876; x_wconf 85' lang='lat' dir='ltr'><strong>imperavit</strong></span> <span class='ocrx_word' id='word_1_621' title='bbox 3154 1809 3387 1865; x_wconf 89' lang='lat' dir='ltr'><strong>charitas</strong></span> <span class='ocrx_word' id='word_1_622' title='bbox 3430 1812 3657 1867; x_wconf 90' lang='lat' dir='ltr'><strong>fecimus</strong></span> <span class='ocrx_word' id='word_1_623' title='bbox 3693 1832 3706 1868; x_wconf 89' lang='lat'>:</span> <span class='ocrx_word' id='word_1_624' title='bbox 3741 1825 3796 1869; x_wconf 92' lang='lat' dir='ltr'><strong>ut</strong></span> 
     </span>
    </p>
   </div>
   <div class='ocr_carea' id='block_1_78' title="bbox 2212 1892 3793 1970">
    <p class='ocr_par' dir='ltr' id='par_1_78' title="bbox 2212 1892 3793 1970">
     <span class='ocr_line' id='line_1_78' title="bbox 2212 1892 3793 1970; baseline 0.009 -24"><span class='ocrx_word' id='word_1_625' title='bbox 2212 1892 2265 1947; x_wconf 88' lang='lat' dir='ltr'><strong>in</strong></span> <span class='ocrx_word' id='word_1_626' title='bbox 2308 1894 2423 1962; x_wconf 90' lang='lat' dir='ltr'><strong>ejus</strong></span> <span class='ocrx_word' id='word_1_627' title='bbox 2453 1895 2687 1963; x_wconf 79' lang='lat' dir='ltr'><strong>perfecta</strong></span> <span class='ocrx_word' id='word_1_628' title='bbox 2730 1906 2785 1951; x_wconf 90' lang='lat' dir='ltr'><strong>et</strong></span> <span class='ocrx_word' id='word_1_629' title='bbox 2811 1899 3134 1968; x_wconf 90' lang='lat' dir='ltr'><strong>sempiterna</strong></span> <span class='ocrx_word' id='word_1_630' title='bbox 3180 1915 3340 1970; x_wconf 88' lang='lat' dir='ltr'><strong>pace,</strong></span> <span class='ocrx_word' id='word_1_631' title='bbox 3371 1904 3488 1957; x_wconf 89' lang='lat' dir='ltr'><strong>sine</strong></span> <span class='ocrx_word' id='word_1_632' title='bbox 3531 1907 3639 1959; x_wconf 86' lang='lat' dir='ltr'><strong>ulla</strong></span> <span class='ocrx_word' id='word_1_633' title='bbox 3672 1909 3793 1961; x_wconf 83' lang='lat' dir='ltr'><strong>mali</strong></span> 
     </span>
    </p>
   </div>
   <div class='ocr_carea' id='block_1_79' title="bbox 2211 1986 3797 2064">
    <p class='ocr_par' dir='ltr' id='par_1_79' title="bbox 2211 1986 3797 2064">
     <span class='ocr_line' id='line_1_79' title="bbox 2211 1986 3797 2064; baseline 0.008 -25"><span class='ocrx_word' id='word_1_634' title='bbox 2211 1986 2553 2041; x_wconf 87' lang='lat' dir='ltr'><strong>contentione</strong></span> <span class='ocrx_word' id='word_1_635' title='bbox 2598 1997 2652 2042; x_wconf 93' lang='lat' dir='ltr'><strong>et</strong></span> <span class='ocrx_word' id='word_1_636' title='bbox 2697 2004 2818 2043; x_wconf 90' lang='lat' dir='ltr'><strong>cum</strong></span> <span class='ocrx_word' id='word_1_637' title='bbox 2861 2005 3069 2045; x_wconf 85' lang='lat' dir='ltr'><strong>summa</strong></span> <span class='ocrx_word' id='word_1_638' title='bbox 3114 1991 3240 2046; x_wconf 89' lang='lat' dir='ltr'><strong>boni</strong></span> <span class='ocrx_word' id='word_1_639' title='bbox 3287 1992 3681 2064; x_wconf 87' lang='lat' dir='ltr'><strong>delectatione,</strong></span> <span class='ocrx_word' id='word_1_640' title='bbox 3710 2015 3797 2052; x_wconf 87' lang='lat' dir='ltr'><strong>re-</strong></span> 
     </span>
    </p>
   </div>
   <div class='ocr_carea' id='block_1_80' title="bbox 2210 2090 2452 2147">
    <p class='ocr_par' dir='ltr' id='par_1_80' title="bbox 2210 2090 2452 2147">
     <span class='ocr_line' id='line_1_80' title="bbox 2210 2090 2452 2147; baseline 0.004 -18"><span class='ocrx_word' id='word_1_641' title='bbox 2210 2090 2452 2147; x_wconf 86' lang='lat' dir='ltr'><strong>gnemus.</strong></span> 
     </span>
    </p>
   </div>
   <div class='ocr_carea' id='block_1_81' title="bbox 2283 2166 3801 2242">
    <p class='ocr_par' dir='ltr' id='par_1_81' title="bbox 2283 2166 3801 2242">
     <span class='ocr_line' id='line_1_81' title="bbox 2283 2166 3801 2242; baseline 0.007 -18"><span class='ocrx_word' id='word_1_642' title='bbox 2283 2168 2369 2224; x_wconf 78' lang='lat' dir='ltr'><strong>l8.</strong></span> <span class='ocrx_word' id='word_1_643' title='bbox 2409 2166 2606 2225; x_wconf 89' lang='lat' dir='ltr'><strong>Omnes</strong></span> <span class='ocrx_word' id='word_1_644' title='bbox 2648 2185 2776 2240; x_wconf 90' lang='lat' dir='ltr'><strong>ergo</strong></span> <span class='ocrx_word' id='word_1_645' title='bbox 2817 2171 2909 2242; x_wconf 91' lang='lat' dir='ltr'><strong>qui</strong></span> <span class='ocrx_word' id='word_1_646' title='bbox 2952 2173 3221 2230; x_wconf 87' lang='lat' dir='ltr'><strong>credimus</strong></span> <span class='ocrx_word' id='word_1_647' title='bbox 3262 2174 3315 2228; x_wconf 91' lang='lat' dir='ltr'><strong>in</strong></span> <span class='ocrx_word' id='word_1_648' title='bbox 3347 2174 3511 2231; x_wconf 88' lang='lat' dir='ltr'><strong>Deum</strong></span> <span class='ocrx_word' id='word_1_649' title='bbox 3543 2177 3720 2231; x_wconf 84' lang='lat' dir='ltr'><strong>vivum</strong></span> <span class='ocrx_word' id='word_1_650' title='bbox 3746 2189 3801 2234; x_wconf 89' lang='lat' dir='ltr'><strong>et</strong></span> 
     </span>
    </p>
   </div>
   <div class='ocr_carea' id='block_1_82' title="bbox 2212 2262 3795 2335">
    <p class='ocr_par' dir='ltr' id='par_1_82' title="bbox 2212 2262 3795 2335">
     <span class='ocr_line' id='line_1_82' title="bbox 2212 2262 3795 2335; baseline 0.008 -24"><span class='ocrx_word' id='word_1_651' title='bbox 2212 2275 2417 2323; x_wconf 87' lang='lat' dir='ltr'><strong>verum,</strong></span> <span class='ocrx_word' id='word_1_652' title='bbox 2440 2262 2591 2330; x_wconf 88' lang='lat' dir='ltr'><strong>cujus</strong></span> <span class='ocrx_word' id='word_1_653' title='bbox 2612 2276 2819 2318; x_wconf 90' lang='lat' dir='ltr'><strong>summe</strong></span> <span class='ocrx_word' id='word_1_654' title='bbox 2841 2265 2977 2319; x_wconf 90' lang='lat' dir='ltr'><strong>bona</strong></span> <span class='ocrx_word' id='word_1_655' title='bbox 3007 2264 3455 2335; x_wconf 88' lang='lat' dir='ltr'><strong>immutabilisque</strong></span> <span class='ocrx_word' id='word_1_656' title='bbox 3482 2276 3674 2322; x_wconf 87' lang='lat' dir='ltr'><strong>natura</strong></span> <span class='ocrx_word' id='word_1_657' title='bbox 3699 2285 3795 2324; x_wconf 89' lang='lat' dir='ltr'><strong>nec</strong></span> 
     </span>
    </p>
   </div>
   <div class='ocr_carea' id='block_1_83' title="bbox 2212 2350 3802 2429">
    <p class='ocr_par' dir='ltr' id='par_1_83' title="bbox 2212 2350 3802 2429">
     <span class='ocr_line' id='line_1_83' title="bbox 2212 2350 3802 2429; baseline 0.006 -25"><span class='ocrx_word' id='word_1_658' title='bbox 2212 2350 2338 2405; x_wconf 88' lang='lat' dir='ltr'><strong>mali</strong></span> <span class='ocrx_word' id='word_1_659' title='bbox 2368 2350 2567 2420; x_wconf 86' lang='lat' dir='ltr'><strong>aliquid</strong></span> <span class='ocrx_word' id='word_1_660' title='bbox 2600 2350 2747 2415; x_wconf 85' lang='lat' dir='ltr'><strong>facit,</strong></span> <span class='ocrx_word' id='word_1_661' title='bbox 2778 2368 2875 2409; x_wconf 89' lang='lat' dir='ltr'><strong>nec</strong></span> <span class='ocrx_word' id='word_1_662' title='bbox 2902 2355 3024 2408; x_wconf 89' lang='lat' dir='ltr'><strong>mali</strong></span> <span class='ocrx_word' id='word_1_663' title='bbox 3051 2355 3249 2425; x_wconf 88' lang='lat' dir='ltr'><strong>aliquid</strong></span> <span class='ocrx_word' id='word_1_664' title='bbox 3282 2359 3497 2426; x_wconf 86' lang='lat' dir='ltr'><strong>patitur,</strong></span> <span class='ocrx_word' id='word_1_665' title='bbox 3530 2374 3561 2411; x_wconf 91' lang='lat' dir='ltr'><strong>a</strong></span> <span class='ocrx_word' id='word_1_666' title='bbox 3588 2375 3697 2429; x_wconf 88' lang='lat' dir='ltr'><strong>quo</strong></span> <span class='ocrx_word' id='word_1_667' title='bbox 3721 2370 3802 2414; x_wconf 89' lang='lat' dir='ltr'><strong>est</strong></span> 
     </span>
    </p>
   </div>
   <div class='ocr_carea' id='block_1_84' title="bbox 2211 2441 3795 2517">
    <p class='ocr_par' dir='ltr' id='par_1_84' title="bbox 2211 2441 3795 2517">
     <span class='ocr_line' id='line_1_84' title="bbox 2211 2441 3795 2517; baseline 0.006 -23"><span class='ocrx_word' id='word_1_668' title='bbox 2211 2456 2370 2495; x_wconf 90' lang='lat' dir='ltr'><strong>omne</strong></span> <span class='ocrx_word' id='word_1_669' title='bbox 2398 2441 2594 2496; x_wconf 91' lang='lat' dir='ltr'><strong>bonum</strong></span> <span class='ocrx_word' id='word_1_670' title='bbox 2613 2483 2629 2506; x_wconf 85' lang='lat'><strong><em>.</em></strong></span> <span class='ocrx_word' id='word_1_671' title='bbox 2659 2442 2799 2512; x_wconf 93' lang='lat' dir='ltr'><strong>quod</strong></span> <span class='ocrx_word' id='word_1_672' title='bbox 2830 2444 2988 2499; x_wconf 89' lang='lat' dir='ltr'><strong>etiam</strong></span> <span class='ocrx_word' id='word_1_673' title='bbox 3018 2443 3186 2499; x_wconf 90' lang='lat' dir='ltr'><strong>minui</strong></span> <span class='ocrx_word' id='word_1_674' title='bbox 3218 2455 3392 2515; x_wconf 87' lang='lat' dir='ltr'><strong>potest</strong></span> <span class='ocrx_word' id='word_1_675' title='bbox 3417 2447 3458 2511; x_wconf 90' lang='grc'><strong>³,</strong></span> <span class='ocrx_word' id='word_1_676' title='bbox 3486 2458 3541 2502; x_wconf 84' lang='grc' dir='ltr'><strong>ει</strong></span> <span class='ocrx_word' id='word_1_677' title='bbox 3572 2449 3663 2517; x_wconf 90' lang='lat' dir='ltr'><strong>qui</strong></span> <span class='ocrx_word' id='word_1_678' title='bbox 3698 2464 3795 2503; x_wconf 91' lang='lat' dir='ltr'><strong>suo</strong></span> 
     </span>
    </p>
   </div>
   <div class='ocr_carea' id='block_1_85' title="bbox 2211 2534 3800 2609">
    <p class='ocr_par' dir='ltr' id='par_1_85' title="bbox 2211 2534 3800 2609">
     <span class='ocr_line' id='line_1_85' title="bbox 2211 2534 3800 2609; baseline 0.004 -20"><span class='ocrx_word' id='word_1_679' title='bbox 2211 2534 2351 2590; x_wconf 91' lang='lat' dir='ltr'><strong>bono</strong></span> <span class='ocrx_word' id='word_1_680' title='bbox 2391 2534 2533 2605; x_wconf 93' lang='lat' dir='ltr'><strong>quod</strong></span> <span class='ocrx_word' id='word_1_681' title='bbox 2577 2535 2691 2606; x_wconf 89' lang='lat' dir='ltr'><strong>ipse</strong></span> <span class='ocrx_word' id='word_1_682' title='bbox 2734 2545 2817 2591; x_wconf 93' lang='lat' dir='ltr'><strong>est</strong></span> <span class='ocrx_word' id='word_1_683' title='bbox 2854 2538 3074 2593; x_wconf 89' lang='lat' dir='ltr'><strong>omnino</strong></span> <span class='ocrx_word' id='word_1_684' title='bbox 3101 2538 3269 2593; x_wconf 89' lang='lat' dir='ltr'><strong>minui</strong></span> <span class='ocrx_word' id='word_1_685' title='bbox 3299 2554 3404 2594; x_wconf 94' lang='lat' dir='ltr'><strong>non</strong></span> <span class='ocrx_word' id='word_1_686' title='bbox 3438 2550 3643 2609; x_wconf 84' lang='lat' dir='ltr'><strong>potest,</strong></span> <span class='ocrx_word' id='word_1_687' title='bbox 3677 2557 3800 2595; x_wconf 91' lang='lat' dir='ltr'><strong>cum</strong></span> 
     </span>
    </p>
   </div>
   <div class='ocr_carea' id='block_1_86' title="bbox 2210 2626 3794 2707">
    <p class='ocr_par' dir='ltr' id='par_1_86' title="bbox 2210 2626 3794 2707">
     <span class='ocr_line' id='line_1_86' title="bbox 2210 2626 3794 2707; baseline 0.005 -28"><span class='ocrx_word' id='word_1_688' title='bbox 2210 2626 2455 2681; x_wconf 91' lang='lat' dir='ltr'><strong>audimus</strong></span> <span class='ocrx_word' id='word_1_689' title='bbox 2500 2628 2813 2697; x_wconf 83' lang='lat' dir='ltr'><strong>Apostolum</strong></span> <span class='ocrx_word' id='word_1_690' title='bbox 2860 2628 3157 2696; x_wconf 89' lang='lat' dir='ltr'><strong>dicentem,</strong></span> <span class='ocrx_word' id='word_1_691' title='bbox 3197 2631 3396 2702; x_wconf 86' lang='lat' dir='ltr'><strong>Spiritu</strong></span> <span class='ocrx_word' id='word_1_692' title='bbox 3423 2632 3684 2707; x_wconf 85' lang='lat' dir='ltr'><strong>ambulate</strong></span> <span class='ocrx_word' id='word_1_693' title='bbox 3704 2676 3719 2696; x_wconf 94' lang='lat'><strong>,</strong></span> <span class='ocrx_word' id='word_1_694' title='bbox 3746 2643 3794 2687; x_wconf 84' lang='lat' dir='ltr'><strong>et</strong></span> 
     </span>
    </p>
   </div>
   <div class='ocr_carea' id='block_1_87' title="bbox 2209 2718 3800 2790">
    <p class='ocr_par' dir='ltr' id='par_1_87' title="bbox 2209 2718 3800 2790">
     <span class='ocr_line' id='line_1_87' title="bbox 2209 2718 3800 2790; baseline 0.004 -19"><span class='ocrx_word' id='word_1_695' title='bbox 2209 2718 2635 2789; x_wconf 85' lang='lat' dir='ltr'><strong>concupiscentias</strong></span> <span class='ocrx_word' id='word_1_696' title='bbox 2654 2720 2822 2774; x_wconf 88' lang='lat' dir='ltr'><strong>carnis</strong></span> <span class='ocrx_word' id='word_1_697' title='bbox 2843 2738 2904 2774; x_wconf 90' lang='lat' dir='ltr'><strong>ne</strong></span> <span class='ocrx_word' id='word_1_698' title='bbox 2925 2722 3231 2790; x_wconf 76' lang='lat' dir='ltr'><strong>perfeceritis</strong></span> <span class='ocrx_word' id='word_1_699' title='bbox 3258 2739 3277 2775; x_wconf 90' lang='lat'><strong><em>:</em></strong></span> <span class='ocrx_word' id='word_1_700' title='bbox 3299 2739 3415 2777; x_wconf 90' lang='lat' dir='ltr'><strong>caro</strong></span> <span class='ocrx_word' id='word_1_701' title='bbox 3444 2724 3581 2777; x_wconf 86' lang='lat' dir='ltr'><strong>enim</strong></span> <span class='ocrx_word' id='word_1_702' title='bbox 3604 2741 3800 2777; x_wconf 87' lang='lat' dir='ltr'><strong>concu-</strong></span> 
     </span>
    </p>
   </div>
   <div class='ocr_carea' id='block_1_88' title="bbox 2212 2809 3801 2883">
    <p class='ocr_par' dir='ltr' id='par_1_88' title="bbox 2212 2809 3801 2883">
     <span class='ocr_line' id='line_1_88' title="bbox 2212 2809 3801 2883; baseline 0.004 -21"><span class='ocrx_word' id='word_1_703' title='bbox 2212 2809 2358 2878; x_wconf 84' lang='lat' dir='ltr'><strong>piscit</strong></span> <span class='ocrx_word' id='word_1_704' title='bbox 2384 2809 2620 2864; x_wconf 76' lang='lat' dir='ltr'><strong>adversus</strong></span> <span class='ocrx_word' id='word_1_705' title='bbox 2660 2811 2928 2882; x_wconf 87' lang='lat' dir='ltr'><strong>spiritum,</strong></span> <span class='ocrx_word' id='word_1_706' title='bbox 2958 2813 3165 2883; x_wconf 84' lang='lat' dir='ltr'><strong>spiritus</strong></span> <span class='ocrx_word' id='word_1_707' title='bbox 3208 2825 3377 2867; x_wconf 86' lang='lat' dir='ltr'><strong>autem</strong></span> <span class='ocrx_word' id='word_1_708' title='bbox 3404 2814 3647 2868; x_wconf 83' lang='lat' dir='ltr'><strong>adversus</strong></span> <span class='ocrx_word' id='word_1_709' title='bbox 3684 2832 3801 2868; x_wconf 82' lang='lat' dir='ltr'><strong>car-</strong></span> 
     </span>
    </p>
   </div>
   <div class='ocr_carea' id='block_1_89' title="bbox 2208 2901 3804 2977">
    <p class='ocr_par' dir='ltr' id='par_1_89' title="bbox 2208 2901 3804 2977">
     <span class='ocr_line' id='line_1_89' title="bbox 2208 2901 3804 2977; baseline 0.003 -22"><span class='ocrx_word' id='word_1_710' title='bbox 2208 2916 2359 2965; x_wconf 71' lang='lat' dir='ltr'><strong>nem;</strong></span> <span class='ocrx_word' id='word_1_711' title='bbox 2382 2901 2490 2955; x_wconf 78' lang='lat' dir='ltr'><strong>lucc</strong></span> <span class='ocrx_word' id='word_1_712' title='bbox 2514 2902 2647 2955; x_wconf 85' lang='lat' dir='ltr'><strong>enim</strong></span> <span class='ocrx_word' id='word_1_713' title='bbox 2668 2903 2879 2956; x_wconf 86' lang='lat' dir='ltr'><strong>invicem</strong></span> <span class='ocrx_word' id='word_1_714' title='bbox 2904 2903 2998 2957; x_wconf 85' lang='lat' dir='ltr'><strong>sibi</strong></span> <span class='ocrx_word' id='word_1_715' title='bbox 3020 2904 3371 2971; x_wconf 80' lang='lat' dir='ltr'><strong>adversantur,</strong></span> <span class='ocrx_word' id='word_1_716' title='bbox 3402 2916 3457 2958; x_wconf 87' lang='lat' dir='ltr'><strong>ut</strong></span> <span class='ocrx_word' id='word_1_717' title='bbox 3483 2923 3585 2959; x_wconf 88' lang='lat' dir='ltr'><strong>non</strong></span> <span class='ocrx_word' id='word_1_718' title='bbox 3609 2923 3672 2959; x_wconf 89' lang='lat' dir='ltr'><strong>ea</strong></span> <span class='ocrx_word' id='word_1_719' title='bbox 3691 2922 3804 2977; x_wconf 63' lang='lat' dir='ltr'><strong>qua</strong></span> 
     </span>
    </p>
   </div>
   <div class='ocr_carea' id='block_1_90' title="bbox 2209 2990 3797 3066">
    <p class='ocr_par' dir='ltr' id='par_1_90' title="bbox 2209 2990 3797 3066">
     <span class='ocr_line' id='line_1_90' title="bbox 2209 2990 3797 3066; baseline 0.003 -21"><span class='ocrx_word' id='word_1_720' title='bbox 2209 2991 2359 3045; x_wconf 74' lang='lat' dir='ltr'><strong>vultis</strong></span> <span class='ocrx_word' id='word_1_721' title='bbox 2398 2992 2596 3062; x_wconf 75' lang='lat' dir='ltr'><strong>faciatis</strong></span> <span class='ocrx_word' id='word_1_722' title='bbox 2624 2990 2820 3063; x_wconf 81' lang='lat' dir='ltr'><strong>(Galat.</strong></span> <span class='ocrx_word' id='word_1_723' title='bbox 2863 3008 2917 3059; x_wconf 91' lang='lat' dir='ltr'><strong>v,</strong></span> <span class='ocrx_word' id='word_1_724' title='bbox 2944 2994 3010 3048; x_wconf 81' lang='grc'><strong>16</strong></span> <span class='ocrx_word' id='word_1_725' title='bbox 3031 3035 3047 3060; x_wconf 91' lang='grc'><strong>,</strong></span> <span class='ocrx_word' id='word_1_726' title='bbox 3078 2994 3166 3066; x_wconf 88' lang='grc'><strong>17)</strong></span> <span class='ocrx_word' id='word_1_727' title='bbox 3191 3010 3205 3058; x_wconf 91' lang='lat'><strong>;</strong></span> <span class='ocrx_word' id='word_1_728' title='bbox 3229 2994 3367 3049; x_wconf 90' lang='lat' dir='ltr'><strong>absit</strong></span> <span class='ocrx_word' id='word_1_729' title='bbox 3394 3004 3453 3050; x_wconf 90' lang='lat' dir='ltr'><strong>ut</strong></span> <span class='ocrx_word' id='word_1_730' title='bbox 3478 2996 3797 3062; x_wconf 86' lang='lat' dir='ltr'><strong>credamus,</strong></span> 
     </span>
    </p>
   </div>
   <div class='ocr_carea' id='block_1_91' title="bbox 2208 3083 3799 3153">
    <p class='ocr_par' dir='ltr' id='par_1_91' title="bbox 2208 3083 3799 3153">
     <span class='ocr_line' id='line_1_91' title="bbox 2208 3083 3799 3153; baseline 0.003 -16"><span class='ocrx_word' id='word_1_731' title='bbox 2208 3083 2347 3153; x_wconf 89' lang='lat' dir='ltr'><strong>quod</strong></span> <span class='ocrx_word' id='word_1_732' title='bbox 2377 3083 2786 3139; x_wconf 64' lang='lat' dir='ltr'><strong>Manichaeorum</strong></span> <span class='ocrx_word' id='word_1_733' title='bbox 2816 3085 2985 3140; x_wconf 90' lang='lat' dir='ltr'><strong>credit</strong></span> <span class='ocrx_word' id='word_1_734' title='bbox 3015 3087 3216 3141; x_wconf 88' lang='lat' dir='ltr'><strong>insania</strong></span> <span class='ocrx_word' id='word_1_735' title='bbox 3236 3128 3252 3153; x_wconf 95' lang='lat'><strong>,</strong></span> <span class='ocrx_word' id='word_1_736' title='bbox 3281 3087 3414 3143; x_wconf 89' lang='lat' dir='ltr'><strong>duas</strong></span> <span class='ocrx_word' id='word_1_737' title='bbox 3454 3089 3539 3143; x_wconf 90' lang='lat' dir='ltr'><strong>hic</strong></span> <span class='ocrx_word' id='word_1_738' title='bbox 3570 3089 3799 3144; x_wconf 85' lang='lat' dir='ltr'><strong>demou-</strong></span> 
     </span>
    </p>
   </div>
   <div class='ocr_carea' id='block_1_92' title="bbox 2208 3178 3803 3249">
    <p class='ocr_par' dir='ltr' id='par_1_92' title="bbox 2208 3178 3803 3249">
     <span class='ocr_line' id='line_1_92' title="bbox 2208 3178 3803 3249; baseline 0.003 -20"><span class='ocrx_word' id='word_1_739' title='bbox 2208 3184 2403 3229; x_wconf 89' lang='lat' dir='ltr'><strong>stratas</strong></span> <span class='ocrx_word' id='word_1_740' title='bbox 2430 3189 2551 3231; x_wconf 87' lang='lat' dir='ltr'><strong>esse</strong></span> <span class='ocrx_word' id='word_1_741' title='bbox 2594 3185 2811 3230; x_wconf 88' lang='lat' dir='ltr'><strong>naturas</strong></span> <span class='ocrx_word' id='word_1_742' title='bbox 2851 3191 2920 3232; x_wconf 78' lang='lat' dir='ltr'><strong>ex</strong></span> <span class='ocrx_word' id='word_1_743' title='bbox 2958 3178 3242 3233; x_wconf 88' lang='lat' dir='ltr'><strong>contrariis</strong></span> <span class='ocrx_word' id='word_1_744' title='bbox 3271 3179 3411 3233; x_wconf 89' lang='lat' dir='ltr'><strong>inter</strong></span> <span class='ocrx_word' id='word_1_745' title='bbox 3432 3194 3491 3235; x_wconf 90' lang='lat' dir='ltr'><strong>se</strong></span> <span class='ocrx_word' id='word_1_746' title='bbox 3521 3182 3803 3249; x_wconf 68' lang='lat' dir='ltr'><strong>principiis</strong></span> 
     </span>
    </p>
   </div>
   <div class='ocr_carea' id='block_1_93' title="bbox 2205 3270 3799 3340">
    <p class='ocr_par' dir='ltr' id='par_1_93' title="bbox 2205 3270 3799 3340">
     <span class='ocr_line' id='line_1_93' title="bbox 2205 3270 3799 3340; baseline 0.002 -15"><span class='ocrx_word' id='word_1_747' title='bbox 2205 3270 2583 3340; x_wconf 86' lang='lat' dir='ltr'><strong>conlligentcs,</strong></span> <span class='ocrx_word' id='word_1_748' title='bbox 2611 3285 2769 3325; x_wconf 91' lang='lat' dir='ltr'><strong>unam</strong></span> <span class='ocrx_word' id='word_1_749' title='bbox 2819 3270 2975 3339; x_wconf 90' lang='lat' dir='ltr'><strong>boni,</strong></span> <span class='ocrx_word' id='word_1_750' title='bbox 3006 3271 3226 3325; x_wconf 84' lang='lat' dir='ltr'><strong>alteram</strong></span> <span class='ocrx_word' id='word_1_751' title='bbox 3255 3272 3403 3327; x_wconf 91' lang='lat' dir='ltr'><strong>mali.</strong></span> <span class='ocrx_word' id='word_1_752' title='bbox 3432 3272 3662 3328; x_wconf 87' lang='lat' dir='ltr'><strong>Prorsus</strong></span> <span class='ocrx_word' id='word_1_753' title='bbox 3701 3274 3799 3328; x_wconf 88' lang='lat' dir='ltr'><strong>ista</strong></span> 
     </span>
    </p>
   </div>
   <div class='ocr_carea' id='block_1_94' title="bbox 2205 3360 3801 3434">
    <p class='ocr_par' dir='ltr' id='par_1_94' title="bbox 2205 3360 3801 3434">
     <span class='ocr_line' id='line_1_94' title="bbox 2205 3360 3801 3434; baseline 0.001 -17"><span class='ocrx_word' id='word_1_754' title='bbox 2205 3360 2314 3417; x_wconf 90' lang='lat' dir='ltr'><strong>duo</strong></span> <span class='ocrx_word' id='word_1_755' title='bbox 2339 3363 2495 3416; x_wconf 91' lang='lat' dir='ltr'><strong>ambo</strong></span> <span class='ocrx_word' id='word_1_756' title='bbox 2521 3372 2644 3417; x_wconf 87' lang='lat' dir='ltr'><strong>sunt</strong></span> <span class='ocrx_word' id='word_1_757' title='bbox 2671 3362 2809 3418; x_wconf 88' lang='lat' dir='ltr'><strong>bona</strong></span> <span class='ocrx_word' id='word_1_758' title='bbox 2835 3380 2849 3417; x_wconf 90' lang='lat'>:</span> <span class='ocrx_word' id='word_1_759' title='bbox 2876 3374 2930 3418; x_wconf 89' lang='lat' dir='ltr'><strong>et</strong></span> <span class='ocrx_word' id='word_1_760' title='bbox 2954 3365 3173 3434; x_wconf 88' lang='lat' dir='ltr'><strong>spiritus</strong></span> <span class='ocrx_word' id='word_1_761' title='bbox 3200 3365 3397 3419; x_wconf 90' lang='lat' dir='ltr'><strong>bonum</strong></span> <span class='ocrx_word' id='word_1_762' title='bbox 3439 3376 3558 3431; x_wconf 91' lang='lat' dir='ltr'><strong>est,</strong></span> <span class='ocrx_word' id='word_1_763' title='bbox 3590 3377 3645 3421; x_wconf 92' lang='lat' dir='ltr'><strong>et</strong></span> <span class='ocrx_word' id='word_1_764' title='bbox 3673 3382 3801 3419; x_wconf 87' lang='lat' dir='ltr'><strong>caro</strong></span> 
     </span>
    </p>
   </div>
   <div class='ocr_carea' id='block_1_95' title="bbox 2207 3453 3802 3529">
    <p class='ocr_par' dir='ltr' id='par_1_95' title="bbox 2207 3453 3802 3529">
     <span class='ocr_line' id='line_1_95' title="bbox 2207 3453 3802 3529; baseline 0.001 -22"><span class='ocrx_word' id='word_1_765' title='bbox 2207 3453 2441 3517; x_wconf 89' lang='lat' dir='ltr'><strong>bonum;</strong></span> <span class='ocrx_word' id='word_1_766' title='bbox 2469 3464 2523 3507; x_wconf 89' lang='lat' dir='ltr'><strong>et</strong></span> <span class='ocrx_word' id='word_1_767' title='bbox 2550 3453 2708 3508; x_wconf 88' lang='lat' dir='ltr'><strong>homo</strong></span> <span class='ocrx_word' id='word_1_768' title='bbox 2737 3454 2827 3523; x_wconf 92' lang='lat' dir='ltr'><strong>qui</strong></span> <span class='ocrx_word' id='word_1_769' title='bbox 2872 3470 2937 3509; x_wconf 82' lang='lat' dir='ltr'><strong>cx</strong></span> <span class='ocrx_word' id='word_1_770' title='bbox 2970 3464 3195 3525; x_wconf 89' lang='lat' dir='ltr'><strong>utroque</strong></span> <span class='ocrx_word' id='word_1_771' title='bbox 3220 3464 3463 3521; x_wconf 82' lang='lat' dir='ltr'><strong>Constat,</strong></span> <span class='ocrx_word' id='word_1_772' title='bbox 3494 3472 3603 3511; x_wconf 91' lang='lat' dir='ltr'><strong>uno</strong></span> <span class='ocrx_word' id='word_1_773' title='bbox 3627 3457 3802 3529; x_wconf 88' lang='lat' dir='ltr'><strong>impe-</strong></span> 
     </span>
    </p>
   </div>
   <div class='ocr_carea' id='block_1_96' title="bbox 2206 3543 3797 3615">
    <p class='ocr_par' dir='ltr' id='par_1_96' title="bbox 2206 3543 3797 3615">
     <span class='ocr_line' id='line_1_96' title="bbox 2206 3543 3797 3615; baseline 0.005 -19"><span class='ocrx_word' id='word_1_774' title='bbox 2206 3552 2378 3609; x_wconf 89' lang='lat' dir='ltr'><strong>raute,</strong></span> <span class='ocrx_word' id='word_1_775' title='bbox 2403 3543 2507 3599; x_wconf 91' lang='lat' dir='ltr'><strong>alio</strong></span> <span class='ocrx_word' id='word_1_776' title='bbox 2529 3545 2814 3608; x_wconf 90' lang='lat' dir='ltr'><strong>serviente,</strong></span> <span class='ocrx_word' id='word_1_777' title='bbox 2846 3546 3031 3615; x_wconf 86' lang='lat' dir='ltr'><strong>utique</strong></span> <span class='ocrx_word' id='word_1_778' title='bbox 3054 3545 3249 3600; x_wconf 88' lang='lat' dir='ltr'><strong>bonum</strong></span> <span class='ocrx_word' id='word_1_779' title='bbox 3276 3554 3379 3614; x_wconf 81' lang='lat' dir='ltr'><strong>est,</strong></span> <span class='ocrx_word' id='word_1_780' title='bbox 3410 3547 3504 3602; x_wconf 91' lang='lat' dir='ltr'><strong>sed</strong></span> <span class='ocrx_word' id='word_1_781' title='bbox 3533 3550 3797 3604; x_wconf 87' lang='lat' dir='ltr'><strong>mutabile</strong></span> 
     </span>
    </p>
   </div>
   <div class='ocr_carea' id='block_1_97' title="bbox 2210 3632 3800 3707">
    <p class='ocr_par' dir='ltr' id='par_1_97' title="bbox 2210 3632 3800 3707">
     <span class='ocr_line' id='line_1_97' title="bbox 2210 3632 3800 3707; baseline 0.003 -19"><span class='ocrx_word' id='word_1_782' title='bbox 2210 3632 2618 3703; x_wconf 83' lang='lat' dir='ltr'><strong>bonumzquod</strong></span> <span class='ocrx_word' id='word_1_783' title='bbox 2666 3644 2842 3690; x_wconf 90' lang='lat' dir='ltr'><strong>tamen</strong></span> <span class='ocrx_word' id='word_1_784' title='bbox 2891 3636 3005 3690; x_wconf 84' lang='lat' dir='ltr'><strong>lieri</strong></span> <span class='ocrx_word' id='word_1_785' title='bbox 3056 3653 3161 3690; x_wconf 90' lang='lat' dir='ltr'><strong>non</strong></span> <span class='ocrx_word' id='word_1_786' title='bbox 3207 3647 3389 3707; x_wconf 90' lang='lat' dir='ltr'><strong>posset</strong></span> <span class='ocrx_word' id='word_1_787' title='bbox 3414 3637 3453 3702; x_wconf 75' lang='grc'>⁸,</span> <span class='ocrx_word' id='word_1_788' title='bbox 3486 3640 3588 3693; x_wconf 89' lang='lat' dir='ltr'><strong>nisi</strong></span> <span class='ocrx_word' id='word_1_789' title='bbox 3618 3640 3688 3694; x_wconf 89' lang='lat' dir='ltr'><strong>ab</strong></span> <span class='ocrx_word' id='word_1_790' title='bbox 3715 3641 3800 3694; x_wconf 57' lang='lat' dir='ltr'><strong>in.</strong></span> 
     </span>
    </p>
   </div>
   <div class='ocr_carea' id='block_1_98' title="bbox 2204 3723 3795 3798">
    <p class='ocr_par' dir='ltr' id='par_1_98' title="bbox 2204 3723 3795 3798">
     <span class='ocr_line' id='line_1_98' title="bbox 2204 3723 3795 3798; baseline 0.005 -21"><span class='ocrx_word' id='word_1_791' title='bbox 2204 3723 2567 3778; x_wconf 86' lang='lat' dir='ltr'><strong>commutabili</strong></span> <span class='ocrx_word' id='word_1_792' title='bbox 2596 3724 2767 3791; x_wconf 89' lang='lat' dir='ltr'><strong>bono,</strong></span> <span class='ocrx_word' id='word_1_793' title='bbox 2799 3741 2827 3778; x_wconf 90' lang='lat' dir='ltr'><strong>a</strong></span> <span class='ocrx_word' id='word_1_794' title='bbox 2856 3742 2962 3795; x_wconf 93' lang='lat' dir='ltr'><strong>quo</strong></span> <span class='ocrx_word' id='word_1_795' title='bbox 2994 3735 3078 3781; x_wconf 89' lang='lat' dir='ltr'><strong>est</strong></span> <span class='ocrx_word' id='word_1_796' title='bbox 3103 3743 3261 3781; x_wconf 89' lang='lat' dir='ltr'><strong>omne</strong></span> <span class='ocrx_word' id='word_1_797' title='bbox 3287 3729 3484 3783; x_wconf 91' lang='lat' dir='ltr'><strong>bonum</strong></span> <span class='ocrx_word' id='word_1_798' title='bbox 3510 3738 3754 3785; x_wconf 84' lang='lat' dir='ltr'><strong>creatum</strong></span> <span class='ocrx_word' id='word_1_799' title='bbox 3776 3773 3795 3798; x_wconf 88' lang='lat'><strong>,</strong></span> 
     </span>
    </p>
   </div>
   <div class='ocr_carea' id='block_1_99' title="bbox 2205 3816 3789 3890">
    <p class='ocr_par' dir='ltr' id='par_1_99' title="bbox 2205 3816 3789 3890">
     <span class='ocr_line' id='line_1_99' title="bbox 2205 3816 3789 3890; baseline 0.003 -20"><span class='ocrx_word' id='word_1_800' title='bbox 2205 3816 2317 3870; x_wconf 89' lang='lat' dir='ltr'><strong>sive</strong></span> <span class='ocrx_word' id='word_1_801' title='bbox 2344 3831 2564 3885; x_wconf 84' lang='lat' dir='ltr'><strong>parvum</strong></span> <span class='ocrx_word' id='word_1_802' title='bbox 2588 3857 2601 3879; x_wconf 92' lang='lat'><strong>,</strong></span> <span class='ocrx_word' id='word_1_803' title='bbox 2632 3816 2746 3872; x_wconf 80' lang='lat' dir='ltr'><strong>sive</strong></span> <span class='ocrx_word' id='word_1_804' title='bbox 2772 3832 3057 3887; x_wconf 85' lang='lat' dir='ltr'><strong>magnum;</strong></span> <span class='ocrx_word' id='word_1_805' title='bbox 3087 3818 3180 3873; x_wconf 91' lang='lat' dir='ltr'><strong>sed</strong></span> <span class='ocrx_word' id='word_1_806' title='bbox 3205 3819 3497 3888; x_wconf 78' lang='lat' dir='ltr'><strong>quamlibet</strong></span> <span class='ocrx_word' id='word_1_807' title='bbox 3525 3836 3749 3890; x_wconf 85' lang='lat' dir='ltr'><strong>parvum</strong></span> <span class='ocrx_word' id='word_1_808' title='bbox 3771 3864 3789 3886; x_wconf 88' lang='lat'><strong>,</strong></span> 
     </span>
    </p>
   </div>
   <div class='ocr_carea' id='block_1_100' title="bbox 2202 3908 3795 3983">
    <p class='ocr_par' dir='ltr' id='par_1_100' title="bbox 2202 3908 3795 3983">
     <span class='ocr_line' id='line_1_100' title="bbox 2202 3908 3795 3983; baseline 0.004 -20"><span class='ocrx_word' id='word_1_809' title='bbox 2202 3924 2232 3963; x_wconf 87' lang='lat' dir='ltr'><strong>a</strong></span> <span class='ocrx_word' id='word_1_810' title='bbox 2262 3924 2455 3979; x_wconf 90' lang='lat' dir='ltr'><strong>magno</strong></span> <span class='ocrx_word' id='word_1_811' title='bbox 2484 3918 2658 3963; x_wconf 90' lang='lat' dir='ltr'><strong>tamen</strong></span> <span class='ocrx_word' id='word_1_812' title='bbox 2684 3908 2914 3975; x_wconf 89' lang='lat' dir='ltr'><strong>factum;</strong></span> <span class='ocrx_word' id='word_1_813' title='bbox 2937 3920 2991 3965; x_wconf 90' lang='lat' dir='ltr'><strong>et</strong></span> <span class='ocrx_word' id='word_1_814' title='bbox 3014 3912 3307 3980; x_wconf 89' lang='lat' dir='ltr'><strong>quamlibet</strong></span> <span class='ocrx_word' id='word_1_815' title='bbox 3332 3928 3605 3983; x_wconf 86' lang='lat' dir='ltr'><strong>maguum,</strong></span> <span class='ocrx_word' id='word_1_816' title='bbox 3637 3916 3795 3970; x_wconf 90' lang='lat' dir='ltr'><strong>nullo</strong></span> 
     </span>
    </p>
   </div>
   <div class='ocr_carea' id='block_1_101' title="bbox 2204 4002 3800 4075">
    <p class='ocr_par' dir='ltr' id='par_1_101' title="bbox 2204 4002 3800 4075">
     <span class='ocr_line' id='line_1_101' title="bbox 2204 4002 3800 4075; baseline 0.004 -18"><span class='ocrx_word' id='word_1_817' title='bbox 2204 4004 2364 4060; x_wconf 91' lang='lat' dir='ltr'><strong>modo</strong></span> <span class='ocrx_word' id='word_1_818' title='bbox 2391 4013 2567 4058; x_wconf 88' lang='lat' dir='ltr'><strong>tamen</strong></span> <span class='ocrx_word' id='word_1_819' title='bbox 2610 4002 2827 4058; x_wconf 84' lang='lat' dir='ltr'><strong>factoris</strong></span> <span class='ocrx_word' id='word_1_820' title='bbox 2855 4005 3198 4074; x_wconf 83' lang='lat' dir='ltr'><strong>magnitudini</strong></span> <span class='ocrx_word' id='word_1_821' title='bbox 3225 4006 3665 4075; x_wconf 80' lang='lat' dir='ltr'><strong>comparandum.</strong></span> <span class='ocrx_word' id='word_1_822' title='bbox 3691 4008 3800 4063; x_wconf 64' lang='lat' dir='ltr'><strong>Ve.</strong></span> 
     </span>
    </p>
   </div>
   <div class='ocr_carea' id='block_1_102' title="bbox 2202 4095 3799 4154">
    <p class='ocr_par' dir='ltr' id='par_1_102' title="bbox 2202 4095 3799 4154">
     <span class='ocr_line' id='line_1_102' title="bbox 2202 4095 3799 4154; baseline 0.003 -4"><span class='ocrx_word' id='word_1_823' title='bbox 2202 4111 2321 4150; x_wconf 87' lang='lat' dir='ltr'><strong>rum</strong></span> <span class='ocrx_word' id='word_1_824' title='bbox 2350 4096 2402 4149; x_wconf 89' lang='lat' dir='ltr'><strong>in</strong></span> <span class='ocrx_word' id='word_1_825' title='bbox 2430 4095 2529 4149; x_wconf 89' lang='lat' dir='ltr'><strong>hac</strong></span> <span class='ocrx_word' id='word_1_826' title='bbox 2560 4095 2697 4149; x_wconf 88' lang='lat' dir='ltr'><strong>bona</strong></span> <span class='ocrx_word' id='word_1_827' title='bbox 2731 4096 2961 4149; x_wconf 88' lang='lat' dir='ltr'><strong>hominis</strong></span> <span class='ocrx_word' id='word_1_828' title='bbox 2985 4106 3039 4150; x_wconf 90' lang='lat' dir='ltr'><strong>et</strong></span> <span class='ocrx_word' id='word_1_829' title='bbox 3067 4096 3204 4151; x_wconf 90' lang='lat' dir='ltr'><strong>bene</strong></span> <span class='ocrx_word' id='word_1_830' title='bbox 3239 4113 3267 4149; x_wconf 90' lang='lat' dir='ltr'><strong>a</strong></span> <span class='ocrx_word' id='word_1_831' title='bbox 3299 4098 3438 4152; x_wconf 89' lang='lat' dir='ltr'><strong>bono</strong></span> <span class='ocrx_word' id='word_1_832' title='bbox 3467 4099 3681 4153; x_wconf 89' lang='lat' dir='ltr'><strong>condita</strong></span> <span class='ocrx_word' id='word_1_833' title='bbox 3714 4102 3799 4154; x_wconf 86' lang='lat' dir='ltr'><strong>in-</strong></span> 
     </span>
    </p>
   </div>
   <div class='ocr_carea' id='block_1_103' title="bbox 2202 4185 3797 4257">
    <p class='ocr_par' dir='ltr' id='par_1_103' title="bbox 2202 4185 3797 4257">
     <span class='ocr_line' id='line_1_103' title="bbox 2202 4185 3797 4257; baseline 0.003 -17"><span class='ocrx_word' id='word_1_834' title='bbox 2202 4186 2491 4254; x_wconf 88' lang='lat' dir='ltr'><strong>stitutaque</strong></span> <span class='ocrx_word' id='word_1_835' title='bbox 2534 4195 2721 4239; x_wconf 89' lang='lat' dir='ltr'><strong>natura</strong></span> <span class='ocrx_word' id='word_1_836' title='bbox 2769 4200 2912 4239; x_wconf 90' lang='lat' dir='ltr'><strong>nunc</strong></span> <span class='ocrx_word' id='word_1_837' title='bbox 2957 4185 3157 4240; x_wconf 67' lang='lat' dir='ltr'><strong>bellum</strong></span> <span class='ocrx_word' id='word_1_838' title='bbox 3200 4196 3313 4253; x_wconf 90' lang='lat' dir='ltr'><strong>est,</strong></span> <span class='ocrx_word' id='word_1_839' title='bbox 3343 4189 3593 4257; x_wconf 88' lang='lat' dir='ltr'><strong>quoniam</strong></span> <span class='ocrx_word' id='word_1_840' title='bbox 3642 4192 3797 4246; x_wconf 88' lang='lat' dir='ltr'><strong>salus</strong></span> 
     </span>
    </p>
   </div>
   <div class='ocr_carea' id='block_1_104' title="bbox 2164 4274 3795 4350">
    <p class='ocr_par' dir='ltr' id='par_1_104' title="bbox 2164 4274 3795 4350">
     <span class='ocr_line' id='line_1_104' title="bbox 2164 4274 3795 4350; baseline 0.003 -21"><span class='ocrx_word' id='word_1_841' title='bbox 2164 4297 2172 4305; x_wconf 93' lang='grc'><strong>·</strong></span> <span class='ocrx_word' id='word_1_842' title='bbox 2204 4274 2438 4331; x_wconf 89' lang='lat' dir='ltr'><strong>nondum</strong></span> <span class='ocrx_word' id='word_1_843' title='bbox 2481 4284 2581 4330; x_wconf 88' lang='lat' dir='ltr'><strong>est.</strong></span> <span class='ocrx_word' id='word_1_844' title='bbox 2637 4275 2884 4346; x_wconf 85' lang='lat' dir='ltr'><strong>Languor</strong></span> <span class='ocrx_word' id='word_1_845' title='bbox 2912 4287 3151 4342; x_wconf 86' lang='lat' dir='ltr'><strong>sanetur,</strong></span> <span class='ocrx_word' id='word_1_846' title='bbox 3197 4293 3297 4347; x_wconf 81' lang='lat' dir='ltr'><strong>pax</strong></span> <span class='ocrx_word' id='word_1_847' title='bbox 3324 4288 3424 4333; x_wconf 90' lang='lat' dir='ltr'><strong>est.</strong></span> <span class='ocrx_word' id='word_1_848' title='bbox 3456 4279 3795 4350; x_wconf 84' lang='lat' dir='ltr'><strong>Languorem</strong></span> 
     </span>
    </p>
   </div>
   <div class='ocr_carea' id='block_1_105' title="bbox 2202 4368 3796 4443">
    <p class='ocr_par' dir='ltr' id='par_1_105' title="bbox 2202 4368 3796 4443">
     <span class='ocr_line' id='line_1_105' title="bbox 2202 4368 3796 4443; baseline 0.006 -21"><span class='ocrx_word' id='word_1_849' title='bbox 2202 4376 2379 4423; x_wconf 89' lang='lat' dir='ltr'><strong>autem</strong></span> <span class='ocrx_word' id='word_1_850' title='bbox 2412 4368 2569 4422; x_wconf 90' lang='lat' dir='ltr'><strong>istum</strong></span> <span class='ocrx_word' id='word_1_851' title='bbox 2595 4368 2747 4437; x_wconf 87' lang='lat' dir='ltr'><strong>culpa</strong></span> <span class='ocrx_word' id='word_1_852' title='bbox 2781 4370 2995 4436; x_wconf 89' lang='lat' dir='ltr'><strong>meruit,</strong></span> <span class='ocrx_word' id='word_1_853' title='bbox 3029 4382 3214 4425; x_wconf 85' lang='lat' dir='ltr'><strong>natura</strong></span> <span class='ocrx_word' id='word_1_854' title='bbox 3247 4388 3354 4427; x_wconf 88' lang='lat' dir='ltr'><strong>non</strong></span> <span class='ocrx_word' id='word_1_855' title='bbox 3386 4374 3588 4430; x_wconf 89' lang='lat' dir='ltr'><strong>habuit.</strong></span> <span class='ocrx_word' id='word_1_856' title='bbox 3617 4376 3796 4443; x_wconf 75' lang='lat' dir='ltr'><strong>Quam</strong></span> 
     </span>
    </p>
   </div>
   <div class='ocr_carea' id='block_1_106' title="bbox 2202 4461 3795 4537">
    <p class='ocr_par' dir='ltr' id='par_1_106' title="bbox 2202 4461 3795 4537">
     <span class='ocr_line' id='line_1_106' title="bbox 2202 4461 3795 4537; baseline 0.006 -22"><span class='ocrx_word' id='word_1_857' title='bbox 2202 4474 2332 4517; x_wconf 86' lang='lat' dir='ltr'><strong>sane</strong></span> <span class='ocrx_word' id='word_1_858' title='bbox 2359 4461 2571 4531; x_wconf 86' lang='lat' dir='ltr'><strong>culpam</strong></span> <span class='ocrx_word' id='word_1_859' title='bbox 2596 4476 2694 4532; x_wconf 90' lang='lat' dir='ltr'><strong>per</strong></span> <span class='ocrx_word' id='word_1_860' title='bbox 2722 4462 2988 4515; x_wconf 88' lang='lat' dir='ltr'><strong>lavacrum</strong></span> <span class='ocrx_word' id='word_1_861' title='bbox 3032 4464 3450 4532; x_wconf 86' lang='lat' dir='ltr'><strong>regenerationis</strong></span> <span class='ocrx_word' id='word_1_862' title='bbox 3489 4467 3581 4522; x_wconf 83' lang='lat' dir='ltr'><strong>Dei</strong></span> <span class='ocrx_word' id='word_1_863' title='bbox 3618 4473 3795 4537; x_wconf 87' lang='lat' dir='ltr'><strong>gratia</strong></span> 
     </span>
    </p>
   </div>
   <div class='ocr_carea' id='block_1_107' title="bbox 2202 4551 3798 4623">
    <p class='ocr_par' dir='ltr' id='par_1_107' title="bbox 2202 4551 3798 4623">
     <span class='ocr_line' id='line_1_107' title="bbox 2202 4551 3798 4623; baseline 0.006 -17"><span class='ocrx_word' id='word_1_864' title='bbox 2202 4551 2448 4607; x_wconf 85' lang='lat' dir='ltr'><strong>fidelibus</strong></span> <span class='ocrx_word' id='word_1_865' title='bbox 2469 4552 2579 4621; x_wconf 89' lang='lat' dir='ltr'><strong>jam</strong></span> <span class='ocrx_word' id='word_1_866' title='bbox 2608 4552 2845 4616; x_wconf 88' lang='lat' dir='ltr'><strong>remisit;</strong></span> <span class='ocrx_word' id='word_1_867' title='bbox 2875 4552 2969 4607; x_wconf 88' lang='lat' dir='ltr'><strong>sed</strong></span> <span class='ocrx_word' id='word_1_868' title='bbox 3002 4554 3101 4608; x_wconf 90' lang='lat' dir='ltr'><strong>sub</strong></span> <span class='ocrx_word' id='word_1_869' title='bbox 3127 4554 3366 4623; x_wconf 85' lang='lat' dir='ltr'><strong>ejusdem</strong></span> <span class='ocrx_word' id='word_1_870' title='bbox 3397 4557 3586 4613; x_wconf 90' lang='lat' dir='ltr'><strong>medici</strong></span> <span class='ocrx_word' id='word_1_871' title='bbox 3616 4564 3798 4615; x_wconf 86' lang='lat' dir='ltr'><strong>mani-</strong></span> 
     </span>
    </p>
   </div>
   <div class='ocr_carea' id='block_1_108' title="bbox 2201 4643 3795 4718">
    <p class='ocr_par' dir='ltr' id='par_1_108' title="bbox 2201 4643 3795 4718">
     <span class='ocr_line' id='line_1_108' title="bbox 2201 4643 3795 4718; baseline 0.004 -20"><span class='ocrx_word' id='word_1_872' title='bbox 2201 4643 2301 4698; x_wconf 90' lang='lat' dir='ltr'><strong>bus</strong></span> <span class='ocrx_word' id='word_1_873' title='bbox 2339 4643 2514 4698; x_wconf 88' lang='lat' dir='ltr'><strong>adhuc</strong></span> <span class='ocrx_word' id='word_1_874' title='bbox 2541 4652 2725 4697; x_wconf 90' lang='lat' dir='ltr'><strong>natura</strong></span> <span class='ocrx_word' id='word_1_875' title='bbox 2750 4659 2871 4697; x_wconf 91' lang='lat' dir='ltr'><strong>cum</strong></span> <span class='ocrx_word' id='word_1_876' title='bbox 2903 4659 3002 4698; x_wconf 89' lang='lat' dir='ltr'><strong>suo</strong></span> <span class='ocrx_word' id='word_1_877' title='bbox 3041 4644 3299 4714; x_wconf 86' lang='lat' dir='ltr'><strong>languore</strong></span> <span class='ocrx_word' id='word_1_878' title='bbox 3328 4648 3583 4718; x_wconf 83' lang='lat' dir='ltr'><strong>conﬂigit.</strong></span> <span class='ocrx_word' id='word_1_879' title='bbox 3611 4650 3670 4705; x_wconf 91' lang='lat' dir='ltr'><strong>ln</strong></span> <span class='ocrx_word' id='word_1_880' title='bbox 3700 4654 3795 4706; x_wconf 83' lang='lat' dir='ltr'><strong>tali</strong></span> 
     </span>
    </p>
   </div>
   <div class='ocr_carea' id='block_1_109' title="bbox 2201 4736 3796 4811">
    <p class='ocr_par' dir='ltr' id='par_1_109' title="bbox 2201 4736 3796 4811">
     <span class='ocr_line' id='line_1_109' title="bbox 2201 4736 3796 4811; baseline 0.008 -25"><span class='ocrx_word' id='word_1_881' title='bbox 2201 4742 2378 4787; x_wconf 84' lang='lat' dir='ltr'><strong>autem</strong></span> <span class='ocrx_word' id='word_1_882' title='bbox 2413 4749 2585 4803; x_wconf 84' lang='lat' dir='ltr'><strong>pugna</strong></span> <span class='ocrx_word' id='word_1_883' title='bbox 2612 4736 2811 4788; x_wconf 86' lang='lat' dir='ltr'><strong>sanitas</strong></span> <span class='ocrx_word' id='word_1_884' title='bbox 2842 4736 2946 4789; x_wconf 91' lang='lat' dir='ltr'><strong>erit</strong></span> <span class='ocrx_word' id='word_1_885' title='bbox 2971 4745 3079 4790; x_wconf 90' lang='lat' dir='ltr'><strong>tota</strong></span> <span class='ocrx_word' id='word_1_886' title='bbox 3108 4738 3326 4792; x_wconf 85' lang='lat' dir='ltr'><strong>victoria</strong></span> <span class='ocrx_word' id='word_1_887' title='bbox 3352 4756 3364 4790; x_wconf 90' lang='lat'><strong>:</strong></span> <span class='ocrx_word' id='word_1_888' title='bbox 3392 4756 3491 4794; x_wconf 86' lang='lat' dir='ltr'><strong>nec</strong></span> <span class='ocrx_word' id='word_1_889' title='bbox 3520 4751 3796 4811; x_wconf 77' lang='lat' dir='ltr'><strong>tempori-</strong></span> 
     </span>
    </p>
   </div>
   <div class='ocr_carea' id='block_1_110' title="bbox 2200 4822 3799 4891">
    <p class='ocr_par' dir='ltr' id='par_1_110' title="bbox 2200 4822 3799 4891">
     <span class='ocr_line' id='line_1_110' title="bbox 2200 4822 3799 4891; baseline 0.009 -16"><span class='ocrx_word' id='word_1_890' title='bbox 2200 4822 2280 4876; x_wconf 90' lang='lat' dir='ltr'><strong>ria</strong></span> <span class='ocrx_word' id='word_1_891' title='bbox 2309 4824 2537 4887; x_wconf 77' lang='lat' dir='ltr'><strong>Sanitas,</strong></span> <span class='ocrx_word' id='word_1_892' title='bbox 2567 4823 2663 4878; x_wconf 90' lang='lat' dir='ltr'><strong>sed</strong></span> <span class='ocrx_word' id='word_1_893' title='bbox 2708 4834 2939 4890; x_wconf 77' lang='lat' dir='ltr'><strong>aeterna;</strong></span> <span class='ocrx_word' id='word_1_894' title='bbox 2972 4826 3060 4880; x_wconf 87' lang='lat' dir='ltr'><strong>ubi</strong></span> <span class='ocrx_word' id='word_1_895' title='bbox 3093 4844 3196 4881; x_wconf 92' lang='lat' dir='ltr'><strong>non</strong></span> <span class='ocrx_word' id='word_1_896' title='bbox 3228 4828 3400 4884; x_wconf 91' lang='lat' dir='ltr'><strong>solum</strong></span> <span class='ocrx_word' id='word_1_897' title='bbox 3443 4831 3661 4887; x_wconf 86' lang='lat' dir='ltr'><strong>finiatur</strong></span> <span class='ocrx_word' id='word_1_898' title='bbox 3706 4834 3799 4891; x_wconf 79' lang='lat' dir='ltr'><strong>hic</strong></span> 
     </span>
    </p>
   </div>
   <div class='ocr_carea' id='block_1_111' title="bbox 2199 4913 3801 4987">
    <p class='ocr_par' dir='ltr' id='par_1_111' title="bbox 2199 4913 3801 4987">
     <span class='ocr_line' id='line_1_111' title="bbox 2199 4913 3801 4987; baseline 0.009 -20"><span class='ocrx_word' id='word_1_899' title='bbox 2199 4913 2442 4984; x_wconf 82' lang='lat' dir='ltr'><strong>languor,</strong></span> <span class='ocrx_word' id='word_1_900' title='bbox 2474 4931 2657 4969; x_wconf 75' lang='lat' dir='ltr'><strong>verum</strong></span> <span class='ocrx_word' id='word_1_901' title='bbox 2695 4916 2855 4969; x_wconf 87' lang='lat' dir='ltr'><strong>etiam</strong></span> <span class='ocrx_word' id='word_1_902' title='bbox 2902 4916 3154 4987; x_wconf 86' lang='lat' dir='ltr'><strong>deinceps</strong></span> <span class='ocrx_word' id='word_1_903' title='bbox 3200 4920 3375 4974; x_wconf 90' lang='lat' dir='ltr'><strong>nullus</strong></span> <span class='ocrx_word' id='word_1_904' title='bbox 3400 4923 3624 4978; x_wconf 88' lang='lat' dir='ltr'><strong>oriatur.</strong></span> <span class='ocrx_word' id='word_1_905' title='bbox 3657 4924 3801 4982; x_wconf 86' lang='lat' dir='ltr'><strong>Pro-</strong></span> 
     </span>
    </p>
   </div>
   <div class='ocr_carea' id='block_1_112' title="bbox 2200 5004 3799 5080">
    <p class='ocr_par' dir='ltr' id='par_1_112' title="bbox 2200 5004 3799 5080">
     <span class='ocr_line' id='line_1_112' title="bbox 2200 5004 3799 5080; baseline 0.012 -22"><span class='ocrx_word' id='word_1_906' title='bbox 2200 5014 2318 5074; x_wconf 91' lang='lat' dir='ltr'><strong>pter</strong></span> <span class='ocrx_word' id='word_1_907' title='bbox 2343 5004 2485 5075; x_wconf 92' lang='lat' dir='ltr'><strong>quod</strong></span> <span class='ocrx_word' id='word_1_908' title='bbox 2526 5006 2811 5077; x_wconf 91' lang='lat' dir='ltr'><strong>alloquitur</strong></span> <span class='ocrx_word' id='word_1_909' title='bbox 2846 5008 3077 5062; x_wconf 90' lang='lat' dir='ltr'><strong>animam</strong></span> <span class='ocrx_word' id='word_1_910' title='bbox 3105 5025 3256 5064; x_wconf 86' lang='lat' dir='ltr'><strong>suam</strong></span> <span class='ocrx_word' id='word_1_911' title='bbox 3297 5012 3501 5080; x_wconf 87' lang='lat' dir='ltr'><strong>justus,</strong></span> <span class='ocrx_word' id='word_1_912' title='bbox 3530 5025 3586 5070; x_wconf 92' lang='lat' dir='ltr'><strong>et</strong></span> <span class='ocrx_word' id='word_1_913' title='bbox 3612 5018 3751 5073; x_wconf 84' lang='lat' dir='ltr'><strong>dicit</strong></span> <span class='ocrx_word' id='word_1_914' title='bbox 3778 5039 3799 5077; x_wconf 88' lang='lat'><strong>:</strong></span> 
     </span>
    </p>
   </div>
   <div class='ocr_carea' id='block_1_113' title="bbox 2200 5096 3799 5169">
    <p class='ocr_par' dir='ltr' id='par_1_113' title="bbox 2200 5096 3799 5169">
     <span class='ocr_line' id='line_1_113' title="bbox 2200 5096 3799 5169; baseline 0.01 -19"><span class='ocrx_word' id='word_1_915' title='bbox 2200 5096 2418 5151; x_wconf 87' lang='lat' dir='ltr'><strong>Benedic</strong></span> <span class='ocrx_word' id='word_1_916' title='bbox 2443 5138 2458 5163; x_wconf 96' lang='lat'><strong>,</strong></span> <span class='ocrx_word' id='word_1_917' title='bbox 2492 5098 2661 5150; x_wconf 87' lang='lat' dir='ltr'><strong>anima</strong></span> <span class='ocrx_word' id='word_1_918' title='bbox 2684 5116 2817 5169; x_wconf 86' lang='lat' dir='ltr'><strong>mea,</strong></span> <span class='ocrx_word' id='word_1_919' title='bbox 2844 5098 3141 5167; x_wconf 88' lang='lat' dir='ltr'><strong>Dominum,</strong></span> <span class='ocrx_word' id='word_1_920' title='bbox 3166 5112 3213 5154; x_wconf 88' lang='lat' dir='ltr'><strong>et</strong></span> <span class='ocrx_word' id='word_1_921' title='bbox 3234 5104 3339 5157; x_wconf 90' lang='lat' dir='ltr'><strong>noli</strong></span> <span class='ocrx_word' id='word_1_922' title='bbox 3364 5105 3587 5160; x_wconf 78' lang='lat' dir='ltr'><strong>obliuisci</strong></span> <span class='ocrx_word' id='word_1_923' title='bbox 3613 5125 3799 5167; x_wconf 71' lang='lat' dir='ltr'><strong>omnes</strong></span> 
     </span>
    </p>
   </div>
   <div class='ocr_carea' id='block_1_114' title="bbox 2196 5188 3794 5267">
    <p class='ocr_par' dir='ltr' id='par_1_114' title="bbox 2196 5188 3794 5267">
     <span class='ocr_line' id='line_1_114' title="bbox 2196 5188 3794 5267; baseline 0.009 -27"><span class='ocrx_word' id='word_1_924' title='bbox 2196 5188 2547 5243; x_wconf 84' lang='lat' dir='ltr'><strong>retributiones</strong></span> <span class='ocrx_word' id='word_1_925' title='bbox 2576 5191 2685 5259; x_wconf 86' lang='lat' dir='ltr'><strong>ejus</strong></span> <span class='ocrx_word' id='word_1_926' title='bbox 2706 5206 2725 5242; x_wconf 91' lang='grc'>.·</span> <span class='ocrx_word' id='word_1_927' title='bbox 2748 5192 2834 5260; x_wconf 87' lang='lat' dir='ltr'><strong>qui</strong></span> <span class='ocrx_word' id='word_1_928' title='bbox 2863 5192 3115 5262; x_wconf 83' lang='lat' dir='ltr'><strong>propitius</strong></span> <span class='ocrx_word' id='word_1_929' title='bbox 3154 5194 3211 5259; x_wconf 77' lang='lat' dir='ltr'><strong>ﬁt</strong></span> <span class='ocrx_word' id='word_1_930' title='bbox 3238 5194 3466 5249; x_wconf 88' lang='lat' dir='ltr'><strong>omnibus</strong></span> <span class='ocrx_word' id='word_1_931' title='bbox 3503 5198 3794 5267; x_wconf 55' lang='lat' dir='ltr'><strong>iniquitatis</strong></span> 
     </span>
    </p>
   </div>
   <div class='ocr_carea' id='block_1_115' title="bbox 2264 5343 3804 5417">
    <p class='ocr_par' dir='ltr' id='par_1_115' title="bbox 2264 5343 3804 5417">
     <span class='ocr_line' id='line_1_115' title="bbox 2264 5343 3804 5417; baseline 0.008 -28"><span class='ocrx_word' id='word_1_932' title='bbox 2264 5343 2279 5373; x_wconf 81' lang='grc' dir='ltr'><strong>ι</strong></span> <span class='ocrx_word' id='word_1_933' title='bbox 2304 5347 2435 5417; x_wconf 67' lang='lat' dir='ltr'><strong>umis</strong></span> <span class='ocrx_word' id='word_1_934' title='bbox 2453 5354 2483 5391; x_wconf 94' lang='lat' dir='ltr'><strong>e</strong></span> <span class='ocrx_word' id='word_1_935' title='bbox 2506 5344 2742 5417; x_wconf 64' lang='lat' dir='ltr'><strong>Vaticanis</strong></span> <span class='ocrx_word' id='word_1_936' title='bbox 2773 5351 2877 5417; x_wconf 53' lang='lat' dir='ltr'><strong>ipss.</strong></span> <span class='ocrx_word' id='word_1_937' title='bbox 2897 5345 3043 5417; x_wconf 74' lang='lat' dir='ltr'><strong>addit,</strong></span> <span class='ocrx_word' id='word_1_938' title='bbox 3070 5345 3120 5395; x_wconf 85' lang='lat' dir='ltr'><strong>in</strong></span> <span class='ocrx_word' id='word_1_939' title='bbox 3152 5346 3367 5417; x_wconf 70' lang='lat' dir='ltr'><strong>manibus</strong></span> <span class='ocrx_word' id='word_1_940' title='bbox 3406 5349 3604 5417; x_wconf 71' lang='lat' dir='ltr'><strong>uestris;</strong></span> <span class='ocrx_word' id='word_1_941' title='bbox 3655 5359 3804 5417; x_wconf 82' lang='lat' dir='ltr'><strong>quod</strong></span> 
     </span>
    </p>
   </div>
   <div class='ocr_carea' id='block_1_116' title="bbox 2196 5404 3807 5481">
    <p class='ocr_par' dir='ltr' id='par_1_116' title="bbox 2196 5404 3807 5481">
     <span class='ocr_line' id='line_1_116' title="bbox 2196 5404 3807 5481; baseline 0.011 -30"><span class='ocrx_word' id='word_1_942' title='bbox 2196 5416 2297 5481; x_wconf 37' lang='lat' dir='ltr'><strong>pec.</strong></span> <span class='ocrx_word' id='word_1_943' title='bbox 2320 5404 2672 5481; x_wconf 70' lang='lat' dir='ltr'><strong>editi,nec_alii</strong></span> <span class='ocrx_word' id='word_1_944' title='bbox 2709 5407 2900 5479; x_wconf 77' lang='lat' dir='ltr'><strong>codices</strong></span> <span class='ocrx_word' id='word_1_945' title='bbox 2937 5407 3123 5481; x_wconf 37' lang='lat' dir='ltr'><strong>habent.</strong></span> <span class='ocrx_word' id='word_1_946' title='bbox 3156 5415 3258 5481; x_wconf 75' lang='lat' dir='ltr'><strong>Mss.</strong></span> <span class='ocrx_word' id='word_1_947' title='bbox 3288 5416 3333 5458; x_wconf 86' lang='lat' dir='ltr'><strong>Id</strong></span> <span class='ocrx_word' id='word_1_948' title='bbox 3367 5414 3511 5481; x_wconf 76' lang='lat' dir='ltr'><strong>etiam</strong></span> <span class='ocrx_word' id='word_1_949' title='bbox 3555 5404 3807 5477; x_wconf 51' lang='lat' dir='ltr'><strong>agr-3&amp;1;</strong></span> 
     </span>
    </p>
   </div>
   <div class='ocr_carea' id='block_1_117' title="bbox 2196 5465 3808 5576">
    <p class='ocr_par' dir='ltr' id='par_1_117' title="bbox 2196 5465 3808 5576">
     <span class='ocr_line' id='line_1_117' title="bbox 2196 5465 3808 5576; baseline 0.01 -63"><span class='ocrx_word' id='word_1_950' title='bbox 2196 5472 2334 5574; x_wconf 43' lang='lat' dir='ltr'><strong>testu</strong></span> <span class='ocrx_word' id='word_1_951' title='bbox 2352 5465 2602 5576; x_wconf 54' lang='grc' dir='ltr'><strong>ἓὶῖιὲιξςειὶὶ</strong></span> <span class='ocrx_word' id='word_1_952' title='bbox 2623 5471 2788 5529; x_wconf 83' lang='lat' dir='ltr'><strong>abest;</strong></span> <span class='ocrx_word' id='word_1_953' title='bbox 2809 5471 2903 5518; x_wconf 87' lang='lat' dir='ltr'><strong>imo</strong></span> <span class='ocrx_word' id='word_1_954' title='bbox 2926 5479 2977 5519; x_wconf 81' lang='lat' dir='ltr'><strong>ct</strong></span> <span class='ocrx_word' id='word_1_955' title='bbox 2996 5484 3024 5518; x_wconf 88' lang='lat' dir='ltr'><strong>a</strong></span> <span class='ocrx_word' id='word_1_956' title='bbox 3046 5469 3208 5531; x_wconf 76' lang='lat' dir='ltr'><strong>latino,</strong></span> <span class='ocrx_word' id='word_1_957' title='bbox 3229 5474 3277 5519; x_wconf 88' lang='lat' dir='ltr'><strong>in</strong></span> <span class='ocrx_word' id='word_1_958' title='bbox 3299 5475 3508 5536; x_wconf 77' lang='lat' dir='ltr'><strong>antiquis</strong></span> <span class='ocrx_word' id='word_1_959' title='bbox 3527 5465 3808 5529; x_wconf 58' lang='grc' dir='ltr'><strong>(λοι-διεὶεῶ</strong></span> 
     </span>
     <span class='ocr_line' id='line_1_118' title="bbox 2196 5538 2528 5576; baseline -0.006 -1"><span class='ocrx_word' id='word_1_960' title='bbox 2196 5538 2233 5575; x_wconf 83' lang='grc' dir='ltr'><strong>ει</strong></span> <span class='ocrx_word' id='word_1_961' title='bbox 2256 5540 2329 5575; x_wconf 65' lang='lat' dir='ltr'><strong>,us</strong></span> <span class='ocrx_word' id='word_1_962' title='bbox 2420 5543 2432 5573; x_wconf 87' lang='grc'><strong>›</strong></span> <span class='ocrx_word' id='word_1_963' title='bbox 2470 5542 2528 5576; x_wconf 82' lang='grc' dir='ltr'><strong>ιε.</strong></span> 
     </span>
    </p>
   </div>
   <div class='ocr_carea' id='block_1_118' title="bbox 2194 5538 3801 5664">
    <p class='ocr_par' dir='ltr' id='par_1_118' title="bbox 2194 5538 3801 5664">
     <span class='ocr_line' id='line_1_119' title="bbox 2224 5538 2528 5574; baseline 0 -1"><span class='ocrx_word' id='word_1_964' title='bbox 2224 5538 2301 5574; x_wconf 85' lang='lat' dir='ltr'><strong>mu</strong></span> <span class='ocrx_word' id='word_1_965' title='bbox 2352 5538 2383 5574; x_wconf 75' lang='grc' dir='ltr'><strong>Β</strong></span> <span class='ocrx_word' id='word_1_966' title='bbox 2420 5543 2432 5573; x_wconf 85' lang='grc'><strong>›</strong></span> 
     </span>
     <span class='ocr_line' id='line_1_120' title="bbox 2194 5538 3801 5664; baseline 0.009 -28"><span class='ocrx_word' id='word_1_967' title='bbox 2194 5538 2221 5656; x_wconf 35' lang='grc' dir='ltr'><em>ἢ</em></span> <span class='ocrx_word' id='word_1_968' title='bbox 2300 5538 2823 5664; x_wconf 38' lang='grc' dir='ltr'>ἐειιέξιξὲῗειιείειεούει</span> <span class='ocrx_word' id='word_1_969' title='bbox 2856 5591 3003 5663; x_wconf 78' lang='lat' dir='ltr'><strong>addit,</strong></span> <span class='ocrx_word' id='word_1_970' title='bbox 3028 5593 3323 5664; x_wconf 69' lang='lat' dir='ltr'><strong>suggerebat.</strong></span> <span class='ocrx_word' id='word_1_971' title='bbox 3358 5598 3570 5646; x_wconf 80' lang='lat' dir='ltr'><strong>Vaticani</strong></span> <span class='ocrx_word' id='word_1_972' title='bbox 3590 5610 3801 5664; x_wconf 77' lang='lat' dir='ltr'><strong>autem,</strong></span> 
     </span>
    </p>
   </div>
   <div class='ocr_carea' id='block_1_119' title="bbox 2192 5652 3185 5718">
    <p class='ocr_par' dir='ltr' id='par_1_119' title="bbox 2192 5652 3185 5718">
     <span class='ocr_line' id='line_1_121' title="bbox 2192 5652 3185 5718; baseline 0.003 -19"><span class='ocrx_word' id='word_1_973' title='bbox 2192 5652 2448 5718; x_wconf 42' lang='lat' dir='ltr'><strong>mitigaret.</strong></span> <span class='ocrx_word' id='word_1_974' title='bbox 2473 5652 2565 5701; x_wconf 81' lang='lat' dir='ltr'><strong>sed</strong></span> <span class='ocrx_word' id='word_1_975' title='bbox 2586 5655 2886 5718; x_wconf 82' lang='lat' dir='ltr'><strong>subauditur,</strong></span> <span class='ocrx_word' id='word_1_976' title='bbox 2918 5652 3185 5718; x_wconf 59' lang='lat' dir='ltr'><strong>imperauit.</strong></span> 
     </span>
    </p>
   </div>
   <div class='ocr_carea' id='block_1_120' title="bbox 2192 5713 3806 5822">
    <p class='ocr_par' dir='ltr' id='par_1_120' title="bbox 2192 5713 3806 5822">
     <span class='ocr_line' id='line_1_122' title="bbox 2192 5713 3806 5822; baseline 0.011 -62"><span class='ocrx_word' id='word_1_977' title='bbox 2192 5781 2229 5822; x_wconf 72' lang='grc' dir='ltr'><strong>Μ</strong></span> <span class='ocrx_word' id='word_1_978' title='bbox 2260 5713 2281 5743; x_wconf 79' lang='grc'><strong>⁸</strong></span> <span class='ocrx_word' id='word_1_979' title='bbox 2304 5719 2431 5773; x_wconf 86' lang='lat' dir='ltr'><strong>Lov.,</strong></span> <span class='ocrx_word' id='word_1_980' title='bbox 2457 5726 2550 5763; x_wconf 85' lang='lat' dir='ltr'><strong>non</strong></span> <span class='ocrx_word' id='word_1_981' title='bbox 2572 5721 2734 5777; x_wconf 84' lang='lat' dir='ltr'><strong>potest.</strong></span> <span class='ocrx_word' id='word_1_982' title='bbox 2763 5715 2897 5777; x_wconf 77' lang='lat' dir='ltr'><strong>Male,</strong></span> <span class='ocrx_word' id='word_1_983' title='bbox 2922 5724 2971 5766; x_wconf 86' lang='lat' dir='ltr'><strong>et</strong></span> <span class='ocrx_word' id='word_1_984' title='bbox 2987 5713 3380 5780; x_wconf 78' lang='lat' dir='ltr'><strong>repugnantibus</strong></span> <span class='ocrx_word' id='word_1_985' title='bbox 3410 5720 3556 5770; x_wconf 89' lang='lat' dir='ltr'><strong>editis</strong></span> <span class='ocrx_word' id='word_1_986' title='bbox 3596 5722 3709 5773; x_wconf 85' lang='lat' dir='ltr'><strong>aliis</strong></span> <span class='ocrx_word' id='word_1_987' title='bbox 3730 5739 3806 5777; x_wconf 75' lang='lat' dir='ltr'><strong>ac</strong></span> 
     </span>
     <span class='ocr_line' id='line_1_123' title="bbox 2234 5788 2300 5822; baseline 0 0"><span class='ocrx_word' id='word_1_988' title='bbox 2234 5788 2300 5822; x_wconf 85' lang='lat' dir='ltr'><strong>ss.</strong></span> 
     </span>
    </p>
   </div>
   <div class='ocr_carea' id='block_1_121' title="bbox 2196 5811 3801 5950">
    <p class='ocr_par' dir='ltr' id='par_1_121' title="bbox 2196 5811 3801 5950">
     <span class='ocr_line' id='line_1_124' title="bbox 2196 5811 3801 5913; baseline 0.021 -33"><span class='ocrx_word' id='word_1_989' title='bbox 2196 5811 2437 5908; x_wconf 24' lang='lat' dir='ltr'><strong>“inditi,</strong></span> <span class='ocrx_word' id='word_1_990' title='bbox 2471 5834 2583 5901; x_wconf 74' lang='lat' dir='ltr'><strong>ﬁeri</strong></span> <span class='ocrx_word' id='word_1_991' title='bbox 2605 5852 2696 5889; x_wconf 83' lang='lat' dir='ltr'><strong>non</strong></span> <span class='ocrx_word' id='word_1_992' title='bbox 2712 5853 2852 5905; x_wconf 74' lang='lat' dir='ltr'><strong>posse</strong></span> <span class='ocrx_word' id='word_1_993' title='bbox 2874 5846 3069 5891; x_wconf 73' lang='lat' dir='ltr'><strong>mutat.</strong></span> <span class='ocrx_word' id='word_1_994' title='bbox 3115 5848 3167 5890; x_wconf 77' lang='lat' dir='ltr'><strong>Al</strong></span> <span class='ocrx_word' id='word_1_995' title='bbox 3188 5843 3317 5904; x_wconf 67' lang='lat' dir='ltr'><strong>Mss.</strong></span> <span class='ocrx_word' id='word_1_996' title='bbox 3338 5839 3452 5903; x_wconf 68' lang='grc' dir='ltr'><strong>Ιῖθῖὶ</strong></span> <span class='ocrx_word' id='word_1_997' title='bbox 3471 5857 3566 5895; x_wconf 80' lang='grc' dir='ltr'><strong>ηοη</strong></span> <span class='ocrx_word' id='word_1_998' title='bbox 3591 5856 3759 5900; x_wconf 71' lang='grc' dir='ltr'>υοεδει</span> <span class='ocrx_word' id='word_1_999' title='bbox 3778 5887 3801 5913; x_wconf 75' lang='grc' dir='ltr'>ι</span> 
     </span>
     <span class='ocr_line' id='line_1_125' title="bbox 2196 5906 2602 5950; baseline 0.007 -5"><span class='ocrx_word' id='word_1_1000' title='bbox 2196 5910 2388 5950; x_wconf 78' lang='lat' dir='ltr'><strong>omisso.</strong></span> <span class='ocrx_word' id='word_1_1001' title='bbox 2407 5906 2602 5950; x_wconf 74' lang='lat' dir='ltr'><strong>constat.</strong></span> 
     </span>
    </p>
   </div>
   <div class='ocr_carea' id='block_1_122' title="bbox 2228 5912 2602 5960">
    <p class='ocr_par' dir='ltr' id='par_1_122' title="bbox 2228 5912 2602 5960">
     <span class='ocr_line' id='line_1_126' title="bbox 2228 5912 2602 5960; baseline 0.008 -15"><span class='ocrx_word' id='word_1_1002' title='bbox 2228 5912 2388 5960; x_wconf 78' lang='lat' dir='ltr'><strong>misso,</strong></span> <span class='ocrx_word' id='word_1_1003' title='bbox 2407 5912 2602 5950; x_wconf 75' lang='lat' dir='ltr'><strong>constat.</strong></span> 
     </span>
    </p>
   </div>
  </div>
