4048 6504
179 360 281 419 361

180 484 279 534 bus
300 480 418 544 tuis,
441 478 529 548 qui
550 486 701 531 sanat
727 492 898 531 omnes
921 476 1192 549 languores
1217 487 1329 534 tuos
1359 478 1530 552 (Psal.
1546 495 1638 546 cu,
1658 481 1694 535 ἓ
1724 494 1770 537 et

176 573 256 641 5).
282 571 551 641 Propitius
582 573 641 624 tit
671 571 1039 641 iniquitatibus
1059 613 1075 639 ,
1107 585 1229 625 cum
1259 580 1478 641 peccata
1503 572 1724 629 dimittit
1756 593 1769 628 :

174 672 332 718 sanat
372 663 695 733 languores,
746 676 869 718 cum
922 662 1186 721 desideria
1238 678 1401 734 prava
1454 667 1768 736 compescit.

177 754 445 824 Propitius
464 752 530 808 ftt
551 754 942 824 iniquitatibus,
965 754 1144 810 dando
1170 754 1553 826 indulgentiam
1580 774 1593 810 :
1617 766 1771 811 sanat

176 846 497 916 languores,
529 844 710 902 dando
749 846 1154 902 continentiam.
1199 847 1330 902 Illud
1375 846 1577 902 factum
1605 857 1687 903 est
1718 848 1769 903 in

174 936 501 1005 Baptismate
527 937 942 1005 confitentibus,
974 938 1075 993 hoc
1104 938 1162 993 lit
1205 939 1257 993 in
1302 955 1475 1009 agone
1519 943 1772 995 certanti-

176 1027 309 1091 bus;
342 1028 394 1082 in
423 1044 531 1098 quo
559 1043 588 1081 a
619 1028 775 1083 nobis
815 1039 999 1084 noster
1025 1044 1121 1099 per
1156 1030 1273 1099 ejus
1302 1031 1623 1100 adjutorium
1652 1032 1771 1087 vin—

170 1121 377 1176 oendus
398 1130 485 1177 est
510 1122 751 1177 morbus.
775 1121 949 1177 Etiam
977 1138 1119 1179 nunc
1141 1123 1269 1178 illud
1297 1124 1373 1187 ﬁt,
1392 1140 1517 1180 cum
1546 1127 1767 1181 exaudi-

174 1229 293 1267 mur
315 1212 579 1278 dicentes,
596 1213 814 1290 ‘Dimitte
839 1215 981 1269 nobis
1006 1214 1172 1269 debita
1197 1225 1371 1271 nostra
1390 1233 1410 1272 :
1433 1217 1535 1272 hoc
1559 1228 1760 1284 autem,

166 1320 292 1358 eum
318 1304 640 1359 exaudimur
675 1305 916 1361 dicentes
937 1348 952 1373 ,
988 1306 1072 1361 Ne
1110 1323 1201 1363 nos
1234 1309 1424 1379 inferas
1451 1309 1505 1363 in
1528 1312 1766 1365 tentatio-

172 1412 285 1449 nem
318 1397 534 1469 (Matth.
572 1415 627 1453 vt
650 1440 663 1465 ,
688 1398 792 1465 {2,
825 1398 936 1471 l5).
969 1399 1327 1472 Unusquisque
1362 1404 1504 1457 enim
1528 1411 1760 1471 tentatur,

170 1489 307 1543 sicut
334 1490 414 1543 ait
436 1492 711 1559 apostolus
746 1490 979 1547 Jacobus
998 1534 1013 1557 ,
1042 1508 1074 1545 a
1103 1494 1509 1563 concupiscentia
1530 1512 1623 1549 sua
1646 1496 1765 1550 abs-

170 1592 358 1637 tractus
376 1595 430 1638 et
455 1582 653 1639 illectus
672 1583 883 1655 (Jacobi
904 1601 955 1653 t,
1003 1586 1119 1658 14).
1158 1587 1359 1642 Contra
1388 1588 1531 1658 quod
1574 1590 1762 1645 vitium

171 1677 490 1733 mediciuale
518 1679 755 1748 poscitur
778 1679 1100 1750 adjutorium
1130 1682 1198 1737 ab
1218 1681 1312 1737 illo
1332 1684 1422 1754 qui
1448 1692 1626 1755 potest
1649 1701 1766 1739 om-

170 1787 264 1826 nes
314 1770 690 1839 hujuscemodi
741 1788 934 1829 sanare
986 1774 1308 1847 languores,
1367 1793 1472 1832 non
1524 1795 1553 1833 a
1612 1781 1765 1836 nobis

171 1862 355 1917 alienae
381 1864 724 1933 separatione
746 1867 786 1931 ι,
815 1865 909 1920 sed
933 1865 985 1920 in
1011 1875 1212 1923 nostrze
1240 1870 1578 1938 reparatione
1604 1880 1761 1926 natu-

176 1969 267 2008 τω.
291 1952 447 2010 Unde
468 1962 523 2009 et
542 1954 830 2024 praedictus
853 1958 1125 2026 apostolus
1146 1973 1253 2013 non
1274 1958 1377 2026 ait,
1412 1958 1765 2033 Unusquisque

170 2054 389 2099 tentatur
406 2062 441 2099 a
460 2048 906 2115 concupiscentia;
927 2049 1019 2104 sed
1042 2049 1281 2119 addidit,
1308 2069 1402 2107 sua
1424 2069 1444 2107 :
1467 2062 1523 2107 ut
1548 2055 1636 2125 qui
1660 2055 1763 2112 hoc

166 2135 310 2190 audit
335 2136 599 2207 intelligat
636 2138 905 2209 quomodo
929 2140 1165 2199 clamare
1207 2142 1429 2212 debeat,
1458 2144 1572 2217 Ego
1610 2147 1718 2202 dixi
1741 2189 1757 2214 ,

166 2227 413 2297 Domine,
444 2232 681 2286 miserere
718 2234 852 2299 mei;
882 2250 1009 2289 sana
1033 2237 1255 2290 animam
1293 2254 1490 2304 meam,
1520 2241 1759 2307 quoniam

166 2323 360 2391 peccavi
384 2322 474 2377 tibi
497 2322 671 2395 (Psal.
692 2341 783 2392 XL,
801 2326 878 2397 5).
902 2325 1018 2382 Non
1040 2327 1183 2383 enim
1205 2329 1483 2386 sanatione
1506 2330 1760 2403 indiguis-

165 2422 283 2482 set,
313 2414 417 2470 nisi
440 2430 503 2471 se
530 2417 648 2486 ipsa
674 2418 950 2488 peccando
979 2419 1245 2489 vitiasset,
1269 2431 1327 2477 ut
1351 2422 1607 2480 adversus
1637 2440 1753 2480 eam

166 2521 289 2562 caro
309 2523 405 2563 sua
431 2509 874 2579 concupisceret,
898 2511 951 2567 id
976 2522 1059 2567 est
1079 2553 1094 2578 ,
1123 2513 1236 2584 ipsa
1258 2514 1573 2588 sibimetipsi
1595 2532 1663 2574 ex
1693 2532 1755 2574 ea

164 2606 438 2668 partequa
466 2600 518 2654 in
546 2615 711 2657 carne
736 2601 1002 2657 inﬁrmata
1024 2613 1106 2659 est
1127 2615 1467 2677 repugnaret.

231 2689 459 2747 CAPUT
491 2690 622 2746 VIII.
655 2723 726 2733 —
755 2691 845 2748 i9.
880 2691 1012 2749 Caro
1044 2695 1287 2750 adversus
1307 2699 1542 2767 spiritum
1568 2717 1755 2757 concu-

162 2781 334 2852 piscit,
363 2800 466 2836 non
492 2784 609 2853 quia
629 2785 836 2839 inimica
856 2796 1040 2841 natura
1056 2829 1070 2853 ,
1102 2788 1192 2843 sed
1212 2789 1332 2860 quia
1358 2790 1550 2845 vitiata.
1573 2791 1754 2849 Carnis

159 2874 590 2943 concupiscentia
628 2892 691 2931 ea:
724 2878 842 2931 vitio
863 2895 1002 2946 esse,
1035 2896 1216 2950 easque
1241 2881 1324 2934 hic
1351 2882 1510 2937 minui
1550 2884 1753 2955 quidem

161 2981 337 3034 posse,
369 2984 474 3021 non
495 2969 697 3037 penitus
716 2970 911 3041 auferri
951 2971 1052 3025 nisi
1078 2971 1131 3025 in
1151 2975 1315 3026 altera
1336 2973 1458 3028 vita.
1498 2971 1754 3048 Concupi-

155 3059 343 3112 scentia
376 3061 548 3114 carnis
585 3061 668 3114 hic
693 3078 841 3134 paena
883 3065 1097 3135 peccati,
1124 3081 1279 3119 carne
1305 3077 1485 3121 sanata
1514 3070 1565 3122 in
1586 3068 1749 3125 beatis

157 3166 254 3204 non
281 3152 395 3207 erit.
428 3152 570 3208 Caro
609 3154 752 3208 enim
780 3155 913 3209 nihil
955 3156 1056 3211 nisi
1088 3171 1184 3226 per
1222 3159 1457 3215 animam
1489 3163 1747 3233 concupi-

156 3243 285 3307 scit;
308 3242 406 3299 sed
431 3244 813 3314 concupiscere
836 3260 963 3301 caro
988 3248 1245 3304 adversus
1268 3251 1512 3320 spiritum
1531 3251 1744 3321 dicitur,

152 3335 360 3404 quando
386 3337 564 3392 anima
594 3338 796 3392 carnali
816 3340 1252 3411 concupiscentia
1276 3344 1485 3413 spiritui
1514 3345 1749 3401 relucta-

154 3436 254 3485 tur.
285 3430 483 3486 Totum
510 3429 615 3486 hoc
643 3446 741 3486 uos
781 3447 967 3487 sumus
991 3450 1005 3486 :
1028 3441 1083 3489 et
1110 3449 1236 3492 caro
1279 3436 1393 3507 ipsa
1418 3454 1538 3509 qua;
1564 3428 1741 3493 discc‘

150 3517 305 3575 dente
346 3521 531 3576 anima
580 3521 826 3587 moritur,
869 3532 1050 3579 nostra
1093 3540 1216 3595 pars
1260 3527 1477 3595 inﬁma,
1506 3545 1612 3585 non
1661 3532 1743 3585 fu-

149 3609 330 3679 gienda
384 3612 704 3681 dimittitur,
765 3616 860 3672 sed
913 3617 1216 3687 recipienda
1273 3619 1592 3691 deponitur,
1644 3640 1745 3679 nec

150 3712 352 3772 recepta
380 3702 611 3759 ulterius
645 3706 997 3776 relinquetur.
1032 3708 1327 3763 Seminatur
1346 3719 1524 3767 autem
1556 3730 1742 3785 corpus

147 3794 398 3862 animale,
428 3808 657 3868 resurget
701 3815 885 3871 corpus
933 3801 1199 3871 spirituale
1246 3803 1285 3873 (1
1331 3802 1450 3859 Cor.
1501 3822 1589 3867 xv,
1625 3807 1737 3878 44).

147 3886 289 3944 Tunc
320 3890 433 3959 jam
462 3906 591 3946 caro
632 3892 759 3946 nihil
790 3896 1135 3964 concupiscet
1161 3895 1419 3953 adversus
1456 3899 1697 3967 spiritum
1720 3942 1736 3966 ,

144 3982 352 4051 quando
376 3993 433 4039 et
463 3985 579 4055 ipsa
609 3987 901 4055 spiritualis
923 3990 1219 4057 vocabitur,
1249 3990 1500 4061 quoniam
1527 3993 1737 4062 spiritui

145 4088 244 4127 non
272 4076 447 4131 solum
492 4078 609 4133 sine
645 4078 753 4135 ulla
783 4082 1133 4151 repugnantia
1154 4125 1168 4148 ,
1204 4098 1389 4138 verum
1429 4085 1587 4139 etiam
1619 4085 1736 4142 sine

142 4163 242 4218 ulla
271 4168 572 4236 corporalis
594 4168 832 4224 alimenti
862 4171 1151 4241 indigentia
1184 4172 1236 4226 in
1273 4183 1530 4230 :eternum
1559 4176 1732 4230 viviti—

140 4258 300 4313 cauda
330 4260 619 4316 subdetur.
662 4262 788 4318 Haec
821 4263 979 4335 igitur
1017 4265 1153 4333 duo,
1182 4282 1301 4337 qum
1340 4285 1481 4324 nunc
1503 4270 1732 4327 invicem

139 4347 489 4405 adversantur
510 4352 561 4405 in
582 4352 736 4408 nobis
756 4394 770 4417 ,
802 4356 1053 4424 quoniam
1077 4356 1129 4411 in
1155 4355 1380 4429 utroque
1403 4374 1501 4416 nos
1524 4374 1729 4426 sumus,

140 4447 193 4490 ut
211 4440 545 4496 concordent
570 4458 788 4499 oremus
813 4454 868 4500 et
904 4462 1145 4517 agamus.
1188 4447 1303 4504 Non
1330 4451 1472 4504 enim
1502 4452 1729 4508 alterum

136 4546 311 4587 eorum
335 4544 531 4605 putare
552 4535 812 4593 debemus
832 4538 1105 4595 inimicum
1121 4583 1135 4605 ,
1156 4541 1249 4596 sed
1273 4542 1457 4597 vitium
1480 4559 1586 4615 quo
1604 4560 1731 4601 caro

135 4628 463 4696 concupiscit
509 4628 769 4685 adversus
810 4632 1056 4701 spiritum
1091 4624 1105 4685 ἐ
1138 4633 1280 4704 quod
1312 4644 1556 4690 sanatum
1580 4680 1592 4701 ,
1630 4653 1729 4693 nec

136 4718 298 4785 ipsum
327 4722 471 4789 erit,
500 4731 555 4775 et
580 4723 875 4779 substantia
916 4734 1141 4797 utraque
1165 4727 1309 4782 salva
1340 4728 1477 4795 erit,
1510 4740 1562 4785 et
1592 4731 1731 4786 inter

135 4820 408 4885 utramque
452 4817 595 4870 nulla
644 4833 818 4889 pugna
868 4820 989 4873 erit.
1038 4821 1331 4877 Audiamus
1365 4823 1725 4894 Apostolum:

134 4904 278 4969 Scio,
313 4910 525 4979 inquit,
553 4910 674 4979 quia
702 4928 804 4965 non
834 4912 1027 4966 habitat
1058 4914 1109 4967 in
1140 4931 1246 4979 me,
1276 4915 1371 4969 hoc
1396 4926 1468 4970 est
1497 4917 1550 4971 in
1577 4934 1729 4971 carne

133 5015 269 5067 mea,
298 5003 512 5057 bonum.
541 5003 654 5058 Hoc
680 5004 863 5073 utique
892 5006 994 5070 ait,
1027 5008 1150 5076 quia
1178 5008 1363 5062 vitium
1394 5011 1570 5064 carnis
1594 5011 1642 5063 in
1668 5027 1725 5066 re

132 5090 261 5145 bona
284 5107 392 5147 non
423 5101 511 5148 est
537 5094 736 5150 bonum
762 5112 775 5147 :
804 5098 946 5166 quod
975 5114 1095 5153 cum
1126 5114 1247 5154 esse
1267 5099 1528 5157 destiterit
1552 5144 1567 5170 ,
1600 5118 1727 5158 caro

130 5182 252 5248 erit,
276 5184 371 5239 sed
390 5185 505 5255 jam
527 5188 710 5242 vitiata
736 5190 818 5245 vel
847 5190 1039 5247 vitiosa
1063 5207 1167 5247 non
1194 5193 1313 5248 erit.
1345 5195 1514 5263 Quam
1548 5206 1725 5253 tamen

128 5272 190 5325 ad
221 5286 466 5330 nostram
494 5278 761 5346 pertinere
787 5290 1030 5337 naturam
1050 5325 1064 5348 ,
1092 5283 1231 5339 idem
1259 5284 1446 5342 doctor
1466 5289 1722 5356 ostendit,

130 5364 271 5428 prius
296 5365 536 5422 dicendo
556 5411 570 5431 .
604 5369 726 5425 Scia
755 5373 874 5441 quia
912 5390 1013 5428 non
1042 5374 1236 5430 habitat
1266 5378 1318 5432 in
1360 5395 1439 5434 nte
1457 5396 1476 5434 :
1498 5381 1638 5450 quod
1670 5389 1728 5436 ut

125 5466 454 5523 exponeret,
488 5459 727 5528 addidit,
758 5465 853 5516 hoc
884 5474 960 5518 est
988 5466 1040 5519 in
1071 5483 1225 5523 carne
1247 5486 1392 5535 mea,
1424 5470 1627 5525 bonum.
1653 5472 1726 5528 Se

128 5543 302 5613 itaque
326 5548 464 5602 dicit
490 5565 611 5605 esse
630 5567 847 5609 carnem
879 5570 1052 5611 suam.
1082 5558 1199 5614 Non
1225 5576 1351 5630 ergo
1374 5561 1484 5631 ipsa
1507 5572 1589 5616 est
1619 5562 1723 5617 ini-

127 5652 257 5693 nnca
281 5648 471 5695 nostra
495 5658 509 5693 :
532 5650 587 5697 et
606 5643 818 5714 quando
838 5647 953 5717 ejus
972 5649 1113 5705 vitiis
1132 5651 1418 5720 resistitur,
1442 5654 1554 5724 ipsa
1574 5670 1721 5709 ama-

186 5771 890 5857 tfuitinalie‘ngsepnarctione.
918 5785 1088 5836 Verius
1112 5794 1237 5849 \:ss.,
1264 5786 1436 5841 alium:
1456 5794 1722 5857 separatio-

124 5842 178 5876 ηρ
208 5848 223 5884 ;
245 5851 356 5897 sum
378 5836 451 5893 lc,
475 5836 678 5888 ποιητὰς.

374 5923 627 5984 Parum.
693 5929 815 5994 XL.

1607 367 1811 425 LIBER
1853 372 2055 433 UNUS.

3372 416 3478 472 36‘)

1889 496 1991 549 tur.
2023 491 2144 559 quia
2191 492 2301 563 ipsa
2344 510 2578 558 curatur.
2629 507 2792 566 Nemo
2830 515 2961 571 enim
3006 535 3227 593 unquam
3264 543 3469 589 carnem

1882 597 2028 689 quam
2048 586 2365 689 ordia/tabuit
2387 594 2606 666 (Ep/tes.
2637 617 2688 669 ν,
2717 603 2846 677 29);
2879 608 3016 665 sicut
3042 586 3158 683 ipse
3179 586 3467 689 Apostolus

1881 671 2029 786 dicit.
2059 676 2126 732 Et
2144 680 2250 736 alio
2276 682 2391 739 loco
2414 687 2488 741 ait
2515 707 2528 742 :
2552 688 2723 761 Igitur
2751 671 2858 767 ipse
2881 716 2974 772 ego
3004 671 3167 761 mente

1882 764 2010 833 Dei,
2038 785 2188 826 carne
2210 786 2377 830 autem
2415 779 2515 852 legi
2544 764 3025 853 peccatiaAudiaut
3053 800 3143 867 qui
3172 816 3331 859 aures
3371 764 3468 860 il;-

1880 855 2007 912 bcnt
2048 876 2063 913 :
2104 860 2274 933 Igitur
2320 867 2428 937 ipse
2468 887 2592 941 ego;
2621 891 2720 946 ego
2767 890 2972 948 mente,
3002 855 3101 956 ego
3143 905 3337 957 carne;
3369 898 3463 952 sed

1879 959 2041 1004 mente
2076 956 2235 1009 servio
2265 958 2362 1028 legi
2408 960 2532 1028 Dei,
2565 982 2716 1021 carne
2752 980 2919 1025 autem
2958 974 3057 1047 lcgi
3081 984 3289 1047 peccati.
3314 985 3462 1053 Quo-

1879 1042 2038 1098 modo
2092 1061 2243 1102 carne
2291 1050 2390 1123 legi
2433 1057 2663 1125 peccati?
2707 1064 2961 1132 numquid
3005 1042 3462 1142 'concupisce-iitite

1876 1139 2257 1195 consentiendo
2280 1146 2514 1201 carnali?
2536 1149 2690 1205 Absit
2716 1170 2728 1207 :
2751 1154 2843 1208 sed
2870 1165 3046 1213 motus
3071 1139 3461 1224 desideriorum

1875 1224 1984 1319 illic
2011 1226 2254 1319 habendo
2273 1274 2287 1299 ,
2318 1250 2450 1305 quos
2494 1237 2692 1297 habere
2722 1245 2937 1302 nolebat
2956 1291 2974 1317 ,
3006 1260 3059 1305 et
3090 1263 3265 1311 tamen
3293 1258 3460 1319 hahe-

1875 1314 1983 1372 bat.
2008 1318 2111 1374 Sed
2156 1321 2232 1376 eis
2263 1338 2365 1378 non
2409 1332 2794 1389 consentiendo
2840 1314 3020 1396 mente
3060 1346 3328 1403 serviebat
3354 1350 3458 1423 legi

1876 1405 1998 1472 Dei,
2028 1418 2081 1464 et
2112 1413 2327 1469 tenebat
2356 1419 2623 1489 membra,
2650 1440 2716 1481 ne
2739 1425 2925 1483 fierent
2947 1446 3096 1487 arma
3122 1440 3347 1505 peccati.

1940 1500 2032 1557 20.
2073 1503 2351 1598 Suntrcrgo
2379 1510 2432 1564 in
2466 1514 2617 1570 nobis
2643 1516 2905 1576 desideria
2931 1525 3090 1591 mala,
3115 1500 3305 1598 quibus
3336 1550 3448 1590 non

1871 1596 2256 1653 consentiendo
2285 1616 2391 1655 non
2420 1603 2649 1662 vivimus
2678 1610 2814 1665 male
2848 1629 2861 1665 :
2898 1625 3023 1669 sunt
3052 1616 3104 1671 in
3132 1596 3291 1677 nobis
3319 1639 3456 1679 con-

1868 1686 2211 1756 cupiscentiae
2238 1702 2599 1765 peccatorum,
2626 1700 2819 1770 quibus
2860 1721 2965 1760 non
3010 1709 3310 1768 ohediendo
3350 1732 3457 1772 non

1870 1776 2173 1843 perﬁcimus
2200 1783 2417 1850 malum,
2449 1788 2543 1842 sed
2575 1804 2667 1844 eas
2697 1790 2944 1850 habendo
2975 1799 3207 1856 nondum
3238 1806 3454 1874 perlici-

1869 1882 1987 1924 mus
2017 1869 2234 1928 bonum.
2280 1874 2570 1949 Utrumque
2609 1884 2841 1939 ostendit
2879 1887 3186 1958 Apostolus,
3230 1869 3333 1952 nec
3359 1897 3457 1953 bo-

1866 1973 1991 2013 num
2024 1960 2111 2018 hic
2140 1965 2343 2034 perlici,
2392 1969 2480 2024 ubi
2527 1974 2724 2029 malum
2769 1976 2847 2033 sic
2895 1984 3322 2054 ccticupiscitur;
3356 2007 3455 2046 nec

1866 2051 2061 2145 malum
2099 2054 2186 2111 hic
2227 2060 2429 2129 perlici,
2461 2065 2674 2141 quando
2722 2069 2809 2123 tali
2859 2051 3317 2145 concupiscentim
3343 2098 3449 2139 nou

1866 2140 2129 2242 obeditur.
2154 2149 2289 2204 Illud
2317 2152 2515 2225 quippe
2561 2140 2796 2214 ostendit
2829 2162 2915 2217 ubi
2942 2140 3047 2231 ait,
3087 2163 3227 2223 Velle
3254 2171 3455 2242 adjacet

1866 2234 2007 2300 mihi,
2028 2240 2264 2307 per/icere
2277 2254 2443 2298 autem
2469 2245 2654 2302 bonum
2665 2266 2765 2304 non
2789 2251 3063 2324 (Rom.vu,
3082 2257 3169 2322 18,
3187 2258 3281 2331 25)
3352 2262 3455 2319 hoc

1863 2339 2010 2393 vero,
2052 2328 2141 2384 ubi
2197 2331 2291 2399 ait,
2347 2333 2548 2405 Spiritu
2598 2340 2889 2408 ambulate,
2931 2353 2976 2398 et
3022 2328 3455 2421 concupiscentias

1862 2420 2029 2474 carnis
2057 2439 2120 2476 ne
2144 2429 2476 2495 perfeceritis.
2509 2429 2696 2502 Neque
2746 2434 2815 2489 ibi
2852 2438 2994 2493 enim
3035 2420 3311 2498 dicituou
3347 2446 3450 2503 sibi

1860 2511 2103 2581 adjacere
2144 2516 2321 2573 facere
2366 2519 2601 2589 bonum;
2636 2524 2752 2590 sed,
2800 2528 3060 2597 perlicere
3103 2549 3119 2587 :
3160 2549 3334 2605 neque
3361 2537 3451 2593 hic

1859 2603 2008 2671 dicit,
2040 2604 2483 2681 Cancnpiscentias
2529 2618 2699 2672 carnis
2746 2635 2815 2673 nc
2859 2620 3185 2693 habueritis;
3230 2603 3347 2696 sed,
3387 2648 3454 2687 ne

1858 2698 2186 2769 perfeceritis.
2237 2700 2398 2757 Fiunt
2446 2704 2626 2776 itaque
2686 2708 2738 2762 in
2792 2711 2945 2768 nobis
3003 2717 3450 2788 concupiscentia:

1857 2792 2036 2858 make,
2068 2794 2280 2863 quando
2309 2796 2361 2851 id
2392 2799 2537 2868 quod
2577 2816 2684 2855 non
2716 2802 2839 2859 licet
2867 2805 2997 2861 libet
3024 2825 3037 2863 :
3067 2810 3163 2866 sed
3190 2826 3295 2867 non
3328 2828 3450 2883 per-

1858 2880 2128 2952 ﬁciuntur,
2151 2900 2271 2940 cum
2298 2887 2399 2959 legi
2426 2890 2517 2945 Dei
2547 2903 2725 2948 mente
2754 2897 3021 2954 serviente
3050 2898 3300 2958 libidines
3318 2880 3447 2961 con-

1858 2972 2111 3029 tinentur.
2138 2977 2203 3031 Et
2232 2977 2428 3033 bonum
2458 2979 2535 3049 ﬁt,
2567 2997 2686 3037 cum
2716 2984 2768 3039 id
2799 2986 2942 3057 quod
2973 2989 3110 3046 male
3137 2990 3291 3060 libet,
3321 2994 3446 3049 vin-

1855 3072 2012 3121 cente
2047 3065 2183 3121 bona
2213 3067 2570 3127 delectatione
2599 3091 2707 3129 non
2736 3075 2795 3131 ﬁt
2840 3094 2854 3133 :
2894 3078 2988 3135 sed
3031 3080 3156 3137 boni
3190 3084 3447 3153 perfectio

1855 3170 1962 3212 non
1993 3157 2265 3228 impletur,
2299 3163 2550 3232 quamdiu
2588 3164 2690 3237 legi
2720 3170 2924 3239 peccati
2952 3186 3114 3229 carne
3137 3175 3405 3234 serviente
3425 3180 3442 3211 ⁸

1854 3247 2019 3305 libido
2044 3249 2217 3318 illicit,
2238 3260 2291 3307 et
2320 3255 2563 3323 quamvis
2590 3258 2949 3330 contineatur,
2973 3272 3149 3320 tamen
3174 3279 3438 3324 movetur.

1852 3339 1970 3397 Non
2000 3343 2141 3397 enim
2169 3360 2303 3415 opus
2326 3357 2471 3403 esset
2493 3358 2549 3404 ut
2572 3352 2959 3423 contineretur,
2984 3358 3084 3413 nisi
3113 3372 3438 3420 moveretur.

1852 3434 1967 3490 Erit
1993 3437 2311 3509 quandoque
2355 3442 2516 3497 etiam
2561 3444 2822 3514 perfectio
2875 3450 3022 3517 boni,
3072 3454 3285 3523 quando
3311 3473 3441 3513 cou-

1850 3530 2081 3598 sumplio
2109 3530 2233 3584 mali
2269 3549 2281 3584 :
2308 3532 2433 3588 illud
2463 3549 2756 3606 summum,
2790 3538 2891 3596 hoc
2917 3542 3019 3598 erit
3042 3547 3266 3603 nullum.
3286 3549 3439 3618 Quod

1850 3618 1895 3672 si
1936 3618 1989 3674 in
2028 3621 2127 3675 ista
2165 3625 2489 3681 mortalitate
2515 3630 2839 3696 sperandum
2889 3643 3155 3703 putamus,
3182 3638 3437 3697 fallimur.

1848 3708 1997 3765 Tunc
2018 3713 2158 3766 enim
2190 3714 2309 3779 erit,
2352 3715 2566 3786 quando
2592 3734 2740 3774 mors
2776 3738 2879 3777 non
2922 3725 3059 3793 erit;
3095 3738 3149 3783 et
3195 3730 3264 3785 ibi
3310 3734 3435 3799 erit,

1846 3801 1936 3856 ubi
1958 3801 2061 3856 vita
2083 3812 2280 3859 aeterna
2313 3806 2432 3859 erit.
2467 3806 2524 3861 In
2561 3808 2652 3864 illo
2672 3811 2813 3866 enim
2843 3816 3038 3869 smculo
3064 3826 3118 3872 et
3142 3819 3193 3872 in
3235 3821 3329 3876 illo
3353 3840 3437 3877 Γο-

1843 3906 1950 3962 gno
1971 3894 2074 3947 erit
2094 3894 2288 3950 bonum
2310 3912 2600 3965 summum,
2621 3902 2816 3956 malum
2843 3905 3043 3960 nullum
3066 3924 3079 3973 ;
3103 3911 3316 3979 quando
3332 3918 3435 3968 erit

1843 3992 1898 4038 et
1918 3984 2005 4039 ubi
2025 3986 2127 4040 erit
2155 3988 2428 4058 sapientim
2449 4004 2600 4045 amor
2620 4007 2885 4065 summus,
2913 4000 3257 4057 continentia:
3278 4004 3433 4060 labor

1842 4073 2039 4129 nullus.
2073 4074 2185 4130 Non
2232 4077 2390 4147 igitur
2413 4081 2548 4134 mala
2573 4090 2655 4137 est
2695 4099 2841 4153 caro,
2880 4088 2924 4141 si
2970 4092 3110 4146 malo
3146 4103 3345 4161 careat,
3379 4098 3427 4152 id

1841 4173 1941 4228 est,
1976 4165 2105 4219 vitio
2130 4182 2235 4235 quo
2261 4167 2473 4224 vitiatus
2496 4181 2579 4226 est
2608 4171 2791 4242 homo,
2826 4191 2932 4232 non
2962 4178 3131 4236 factus
3161 4185 3317 4251 male,
3334 4190 3427 4243 sed

1842 4254 1957 4323 ipse
1983 4254 2207 4312 faciens.
2244 4259 2321 4313 Ex
2344 4270 2569 4332 utraque
2597 4265 2740 4319 enim
2768 4277 2937 4336 parte,
2967 4269 3018 4325 id
3041 4282 3143 4341 est,
3175 4283 3229 4331 et
3250 4278 3425 4335 anima

1838 4355 1895 4401 et
1922 4362 2147 4418 corpore
2170 4365 2198 4402 a
2229 4348 2371 4406 bono
2399 4352 2509 4408 Deo
2534 4353 2704 4411 factus
2732 4356 2926 4427 bonus,
2947 4361 3059 4431 ipse
3080 4363 3204 4420 fecit
3229 4372 3427 4429 malum

1838 4454 1945 4510 quo
1995 4438 2165 4495 factus
2203 4452 2286 4496 est
2312 4444 2504 4499 malus.
2552 4447 2595 4500 A
2620 4448 2772 4518 cujus
2801 4452 2926 4506 mali
2955 4464 3103 4510 reatu
3128 4456 3238 4526 jam
3267 4462 3425 4515 ctiam

1836 4523 2041 4589 soldtus
2068 4550 2162 4604 per
2187 4535 2590 4608 indulgentiam,
2622 4557 2690 4596 ne
2720 4542 2834 4599 leve
2860 4523 3269 4606 cxistimetvesse
3286 4558 3425 4623 quod

1836 4622 1980 4690 fecit,
2014 4626 2190 4682 adhuc
2213 4642 2333 4681 cum
2364 4644 2462 4684 suo
2486 4630 2614 4685 vitio
2656 4644 2849 4703 pugnat
2883 4651 2981 4706 per
3013 4622 3417 4701 continentiam.

1836 4716 2187 4771 Absitautem
2212 4727 2269 4772 ut
2294 4720 2457 4774 insint
2485 4720 2593 4775 ulla
2624 4724 2750 4777 vitia
2781 4726 2831 4779 in
2866 4727 2953 4781 illa
2981 4744 3101 4799 qua:
3134 4730 3305 4787 futura
3342 4746 3427 4790 est

1834 4822 1965 4876 pace
1986 4810 2367 4878 regnantibus;
2394 4814 2826 4884 quandoquidem
2851 4818 2901 4871 in
2925 4819 3027 4874 isto
3058 4822 3198 4878 bello
3240 4828 3419 4894 quoti-

1833 4898 1920 4953 die
1961 4899 2271 4955 minuuntur
2294 4902 2347 4956 in
2376 4904 2801 4975 proficientibus,
2835 4925 2944 4964 non
2968 4924 3184 4981 peccata
3221 4917 3420 4983 solum,

1834 4992 1927 5047 sed
1972 4993 2101 5063 ipsa:
2135 5010 2346 5065 quoque
2389 4999 2854 5069 concupiscentirc,
2903 5018 3026 5061 cum
3081 5009 3273 5077 quibus
3314 5030 3422 5069 non

1833 5084 2222 5141 consentiendo
2251 5088 2574 5159 conﬂigitur,
2607 5099 2661 5145 et
2681 5091 2873 5162 quibus
2894 5098 3279 5156 consentiendo
3300 5119 3424 5172 pce—

1832 5187 2007 5233 catur.

1906 5270 1997 5324 21.
2037 5270 2188 5336 Quod
2215 5288 2342 5343 ergo
2363 5289 2488 5329 caro
2508 5278 2834 5347 concupiscit
2862 5280 3121 5340 adversus
3149 5288 3419 5355 spiritum,

1831 5359 1975 5430 quod
1998 5376 2101 5414 non
2131 5360 2335 5417 habitat
2360 5365 2414 5419 in
2443 5381 2605 5422 carne
2631 5379 2813 5425 nostra
2840 5371 3061 5443 bonum,
3084 5379 3224 5447 quod
3261 5380 3343 5437 lex
3370 5383 3420 5437 in

1831 5451 2090 5507 membris
2120 5455 2316 5510 nostris
2342 5471 2603 5529 repugnat
2635 5461 2737 5532 legi
2783 5466 2998 5533 mentis,
3034 5484 3139 5525 non
3169 5481 3253 5527 est
3281 5473 3417 5530 dua-

1832 5559 1949 5598 rum
1990 5553 2301 5602 naturarum
2336 5563 2402 5603 ex
2450 5554 2736 5611 contrariis
2775 5558 3052 5631 principiis
3090 5561 3227 5620 facta
3267 5580 3409 5623 (δοίης

1896 5742 1910 5773 ¹
1926 5740 2235 5819 {uitiatum
2250 5742 2300 5795 in
2321 5746 2483 5819 carnis
2498 5749 2746 5819 serviente.
2762 5756 3051 5813 amandatur
3068 5772 3133 5809 ex
3154 5761 3300 5814 editis
3312 5763 3418 5819 aliis

1832 5810 1894 5893 rit.
2395 5810 2587 5893 plprimi
2617 5825 2787 5878 postea
2821 5810 3001 5879 ferunt,
3041 5810 3213 5875 libido

1831 5864 2046 5923 minimis
2071 5864 2383 5933 contineatur,
2396 5864 2506 5922 'etc.

2794 5963 3108 6040 (Dousa)

2253 6042 2281 6051 α
