4048 6494
606 332 711 385 3θῦ

612 445 816 511 inixtio,
844 441 938 499 sed
982 442 1137 497 unius
1156 440 1414 497 adversus
1447 456 1506 497 se
1552 443 1717 510 ipsam
1744 451 1962 514 propter
1994 440 2194 512 peccati

610 536 857 591 meritum
882 532 1018 588 facta
1042 530 1254 589 divisio.
1278 532 1395 589 Non
1418 533 1497 589 sic
1528 533 1727 588 fuimus
1750 534 1801 587 in
1832 532 2023 601 Adam,
2052 540 2200 599 ante-

604 642 765 698 quam
794 634 980 680 natura
1012 639 1111 680 suo
1156 626 1447 697 deceptore
1492 625 1674 681 audito
1714 641 1778 681 ac
1807 634 2013 695 secuto,
2045 640 2200 681 suum

602 717 1020 788 contempsisset
1048 727 1210 791 atque
1254 717 1569 775 offendisset
1604 727 1877 775 auctorem
1924 736 1937 773 :
1971 734 2076 774 non
2116 726 2203 775 est

601 811 701 865 ista
754 810 901 881 prior
942 811 1051 866 vita
1089 811 1257 867 creati
1308 811 1571 878 hominis,
1603 812 1697 867 sed
1737 814 2003 883 posterior
2042 826 2200 885 penna

602 902 861 960 damnati.
900 903 981 959 Ex
1017 919 1121 976 qua
1179 904 1526 960 damnatione
1571 920 1667 975 per
1709 904 1890 960 Jcsum
1926 904 2199 961 Christum

605 995 775 1065 gratia
796 996 1035 1062 liberati,
1064 1011 1187 1052 cum
1219 1012 1377 1067 poma
1416 1012 1509 1051 sua
1555 996 1808 1052 dimicant
1837 996 2012 1063 liberi,
2060 1011 2197 1052 non-

603 1089 733 1142 dum
756 1088 929 1144 salute
954 1088 1135 1159 plena,
1169 1089 1265 1145 sed
1302 1088 1413 1160 jam
1447 1088 1667 1159 pignore
1712 1089 1899 1143 salutis
1936 1096 2195 1158 accepto:

610 1194 717 1234 non
747 1178 958 1234 liberati
1010 1188 1209 1245 autem,
1249 1187 1306 1234 et
1333 1179 1563 1251 peccatis
1590 1178 1607 1211 ¹
1630 1179 1704 1233 rei
1734 1188 1879 1247 sunt,
1908 1188 1962 1234 et
1985 1178 2198 1248 suppli-

605 1269 704 1325 ciis
731 1268 1005 1339 implicati.
1032 1268 1155 1325 Post
1200 1269 1339 1325 hanc
1376 1285 1505 1325 vero
1531 1270 1693 1324 vitam
1740 1285 1843 1324 reis
1883 1270 2117 1324 manebit
2145 1270 2197 1324 in

604 1372 864 1417 aeternum
891 1376 1048 1433 pmna
1078 1376 1178 1433 pro
1205 1363 1397 1433 culpa;
1443 1362 1627 1419 liberis
1656 1377 1765 1418 non
1802 1363 2099 1419 remanebit
2144 1362 2195 1418 in

604 1462 864 1509 mternum
898 1468 995 1509 nec
1014 1455 1189 1525 culpa,
1221 1470 1320 1509 nec
1357 1470 1517 1527 poena
1552 1472 1567 1509 :
1595 1454 1690 1510 sed
1724 1454 2114 1526 permanebunt
2145 1453 2195 1508 in

605 1555 866 1600 aeternum
887 1543 1199 1601 substantia:
1219 1544 1373 1601 bona:
1403 1546 1621 1617 spiritus
1647 1554 1700 1601 et
1725 1561 1882 1611 caro;
1906 1559 2038 1616 quas
2060 1545 2200 1601 Deus

606 1638 778 1693 bonus
797 1647 851 1692 et
877 1637 1226 1693 immutabilis
1254 1639 1443 1702 bonas,
1465 1638 1711 1709 quamvis
1741 1637 2048 1705 mutabiles,
2069 1652 2201 1693 con-

610 1729 767 1785 didit.
784 1729 1180 1787 Permanebunt
1202 1738 1379 1786 autem
1398 1731 1450 1785 in
1474 1731 1665 1786 melius
1684 1738 2044 1797 commutatae,
2064 1746 2201 1784 nun-

607 1837 766 1893 quam
792 1820 903 1893 jam
934 1822 987 1877 in
1018 1822 1257 1879 deterius
1301 1821 1605 1888 mutandae;
1633 1831 1951 1892 consumpto
1988 1821 2199 1892 penitus

604 1915 754 1971 omni
786 1914 1016 1979 malo,et
1041 1915 1182 1987 quod
1213 1916 1376 1971 homo
1393 1914 1519 1971 fecit
1544 1912 1983 1984 injuste,etquod
2012 1927 2198 1984 passus

607 2014 691 2061 est
701 2005 1070 2076 juste.Quibus
1082 2006 1291 2062 duobus
1304 2007 1428 2062 mali
1442 2006 1729 2077 generibus
1741 2006 1959 2061 omnino
1970 2017 2200 2076 pereun-

605 2095 772 2164 tibus,
800 2110 1026 2167 quorum
1048 2105 1131 2153 est
1156 2113 1319 2151 unum
1347 2094 1703 2167 praecedentis
1727 2094 2043 2168 iniquitatis,
2062 2095 2197 2152 alte-

600 2202 724 2245 rum
758 2186 1138 2260 consequentis
1168 2184 1515 2253 infelicitatis,
1553 2187 1658 2242 erit
1684 2187 1915 2242 hominis
1946 2187 2061 2243 sine
2090 2186 2195 2241 ulla

605 2280 863 2350 pravitate
887 2280 1133 2335 voluntas
1159 2288 1327 2334 recta.
1357 2278 1434 2333 lbi
1464 2277 1715 2333 omnibus
1755 2278 1857 2333 erit
1885 2278 2087 2333 clarum
2110 2287 2192 2333 at-

602 2386 708 2441 que
742 2371 1101 2441 perspicuum,
1131 2370 1273 2441 quod
1300 2386 1441 2424 nunc
1471 2385 1500 2423 a
1530 2368 1777 2424 ﬁdelibus
1813 2370 1995 2425 multis
2024 2370 2195 2425 credi-

601 2474 708 2529 tur,
735 2478 765 2518 a
815 2463 1000 2533 paucis
1049 2464 1380 2535 intelligitur,
1414 2464 1613 2519 malum
1645 2480 1751 2519 non
1794 2480 1913 2520 esse
1942 2465 2195 2521 substan-

601 2557 765 2622 tiam;
797 2556 888 2611 sed
911 2557 1051 2613 sicut
1076 2557 1269 2611 vulnus
1305 2557 1356 2611 in
1385 2572 1630 2627 corpore,
1666 2558 1738 2613 ita
1779 2558 1829 2612 in
1854 2559 2149 2615 substantia
2174 2561 2194 2593 ⁸

599 2664 718 2716 quae
745 2663 803 2703 se
837 2649 1003 2719 ipsam
1036 2649 1263 2712 vitiavit,
1291 2665 1411 2704 esse
1455 2651 1687 2720 cmpisse
1730 2660 1883 2719 peste
1924 2652 2192 2719 inchoata,

605 2750 764 2808 atque
793 2739 864 2793 ibi
903 2755 1023 2794 esse
1053 2737 1300 2795 desinere
1328 2740 1553 2795 sanitate
1584 2740 1841 2812 perfecta.
1873 2742 2027 2797 Omni
2069 2760 2196 2814 ergo

600 2832 740 2884 malo
766 2840 955 2885 exorto
984 2847 1012 2885 a
1043 2831 1216 2897 nobis,
1243 2840 1296 2886 et
1326 2832 1532 2901 perdito
1569 2833 1621 2887 in
1655 2834 1828 2899 nobis,
1866 2834 2006 2890 bono
2034 2838 2193 2892 etiam

602 2930 790 2975 nostro
824 2937 992 2992 usque
1017 2921 1083 2975 ad
1106 2922 1315 2977 culmen
1344 2922 1667 2978 felicissimae
1708 2924 2119 2995 incorruptionis
2142 2938 2197 2984 et

600 3011 1017 3066 immortalitatis
1032 3020 1191 3067 aucto
1208 3020 1364 3082 atque
1381 3011 1636 3082 perfecto,
1662 3014 1832 3084 qualis
1851 3016 1951 3070 erit
1972 3026 2196 3089 utraque

601 3111 784 3156 nostra
816 3101 1113 3157 substantia
1139 3103 1161 3156 ?
1205 3103 1649 3175 Quandoquidem
1686 3121 1828 3160 nunc
1867 3106 1919 3161 in
1950 3108 2047 3163 ista
2076 3125 2198 3165 cor-

600 3192 850 3261 ruptione
875 3201 927 3248 et
972 3192 1323 3258 mortalitate,
1357 3208 1477 3248 cum
1509 3193 1683 3250 adhuc
1723 3213 1907 3269 corpus
1935 3200 2193 3270 corrupti-

599 3286 697 3339 bile
723 3294 967 3356 aggravat
994 3286 1217 3340 animam
1250 3285 1403 3360 (Sap.
1439 3302 1519 3354 Ix,
1565 3288 1675 3360 15),
1706 3297 1759 3344 et
1793 3290 1933 3360 quod
1958 3291 2192 3361 Aposto-

599 3375 683 3429 lus
702 3374 849 3440 dicit,
880 3392 1064 3447 corpus
1104 3386 1359 3431 mortuum
1390 3386 1461 3432 est
1492 3388 1701 3449 propter
1726 3390 1984 3450 peccatum
2013 3382 2189 3451 (Rom.

598 3481 712 3531 \‘lll,
742 3464 855 3538 i0),
886 3466 991 3521 tale
1026 3474 1203 3523 tamen
1232 3466 1598 3522 testimonium
1630 3468 1876 3538 perhibet
1906 3471 2045 3525 idem
2076 3472 2191 3543 ipse

597 3557 746 3611 carni
777 3564 995 3621 nostrae,
1041 3556 1094 3612 id
1132 3566 1215 3613 est
1248 3559 1381 3628 parti
1412 3569 1609 3615 nostra:
1658 3559 1855 3616 intima:
1883 3571 2042 3632 atque
2085 3574 2192 3619 ter-

596 3663 762 3710 reum,
786 3656 845 3702 ut
871 3648 1014 3704 dicat
1040 3649 1183 3720 quod
1208 3650 1364 3719 paulo
1390 3659 1516 3707 ante
1540 3655 1984 3719 commemoravi,
2025 3655 2191 3712 Nemo

596 3754 819 3807 unquam
839 3754 1043 3793 carnem
1084 3756 1231 3794 suam
1258 3741 1375 3796 odio
1405 3740 1615 3809 habuit;
1648 3744 1935 3816 statimque
1965 3746 2189 3817 subjun-

593 3840 704 3898 gat,
748 3829 839 3883 scd
865 3832 1020 3886 nutrit
1064 3848 1176 3886 eam
1201 3841 1248 3887 et
1273 3833 1439 3903 fovet,
1478 3834 1607 3889 sicut
1651 3844 1696 3890 et
1740 3833 1969 3891 Christus
1998 3838 2177 3893 Eccles

590 3924 719 3976 siam
737 3924 764 3977 ?

662 4016 889 4072 CAPUT
929 4016 1021 4073 IX.
1050 4048 1121 4058 —
1144 4017 1234 4072 29..
1259 4018 1473 4073 Carnem
1500 4030 1683 4074 natura
1705 4038 1806 4075 non
1834 4038 1940 4077 esse
1969 4023 2179 4091 ntalam,

592 4126 705 4161 cum
751 4110 859 4178 ejus
890 4112 1119 4180 exemplo
1149 4111 1433 4182 diligendus
1478 4130 1663 4168 uxores
1692 4114 1920 4169 hortetur
1962 4116 2183 4185 Aposto-

595 4201 695 4251 lus.
730 4198 851 4251 Tres
894 4199 1092 4269 copula:
1134 4201 1402 4255 insinuata:
1439 4203 1502 4255 ab
1531 4202 1792 4273 Apostolo,
1822 4222 1995 4259 omnes
2019 4206 2181 4273 bona,

588 4305 805 4359 quorum
828 4290 971 4343 tertia
991 4300 1062 4345 est
1087 4292 1255 4345 carnis
1302 4303 1347 4347 et
1368 4294 1593 4361 spiritus.
1622 4295 1832 4349 Mulieri
1864 4299 2189 4370 subjectionis

595 4379 884 4451 exemplum
921 4397 955 4434 a
998 4398 1151 4437 carne
1191 4400 1283 4437 cur
1325 4402 1425 4438 non
1452 4386 1648 4439 datum.
1684 4387 1800 4453 Quo
1850 4390 2028 4460 igitur,
2075 4408 2179 4445 non

593 4470 737 4535 dico,
785 4485 990 4538 errore,
1020 4472 1111 4527 sed
1159 4489 1382 4543 prorsus
1410 4474 1623 4541 furore,
1659 4478 1935 4535 Maniclnni
1968 4496 2186 4537 carnem

593 4570 831 4615 nostram
856 4564 1039 4617 nescio
1067 4565 1153 4618 cui
1184 4564 1439 4620 fabulosa:
1465 4568 1611 4638 genti
1658 4569 1901 4624 tribuunt
1933 4573 2183 4629 tenebra—

587 4668 728 4718 rum,
757 4668 914 4722 quam
948 4653 1131 4708 volunt
1157 4670 1305 4709 suam
1336 4656 1451 4712 sine
1483 4658 1589 4711 ullo
1628 4659 1779 4714 initio
1809 4661 2001 4716 malam
2039 4677 2183 4718 sem-

586 4762 682 4813 per
714 4744 965 4801 habuisse
996 4756 1238 4801 natttram
1271 4766 1284 4802 :
1322 4764 1441 4803 cum
1473 4766 1631 4805 verax
1658 4752 1851 4808 doctor
1872 4756 2017 4810 viros
2057 4758 2178 4811 dili-

581 4851 706 4903 gere
736 4851 932 4892 uxores
957 4852 1083 4893 suas
1126 4839 1373 4910 exemplo
1399 4855 1509 4894 sua:
1535 4844 1711 4898 carnis
1754 4845 2020 4915 hortetur,
2044 4864 2180 4919 quos

581 4930 647 4983 ad
697 4928 798 4985 hoc
843 4930 1015 5000 ipsum
1040 4930 1237 4986 Christi
1283 4948 1495 5004 quoque
1537 4942 1593 4989 et.
1630 4935 1890 4993 Ecclesiae
1933 4938 2177 4995 hortatur

576 5021 865 5090 exemplo?
925 5022 1092 5076 Totus
1136 5022 1368 5093 denique
1409 5025 1523 5095 ipse
1566 5029 1874 5097 apostolicae
1920 5031 2176 5101 Epistula:

576 5112 748 5179 locus,
779 5114 933 5169 valde
985 5114 1052 5173 ad
1101 5132 1215 5171 rem
1271 5118 1566 5187 pertinens,
1619 5122 1985 5178 recordandus
2027 5136 2110 5180 est
2158 5146 2170 5182 :

583 5202 714 5267 Viri,
762 5205 951 5275 inquit,
999 5207 1197 5278 diligite
1236 5224 1420 5263 uxores
1449 5221 1661 5278 vestras,
1701 5212 1829 5265 sicut
1867 5224 1913 5267 et
1942 5214 2173 5271 Christus

579 5292 754 5345 dilexit
778 5293 1080 5362 Ecclesium,
1115 5308 1161 5349 et
1198 5314 1251 5351 se
1278 5298 1447 5367 ipsum
1475 5302 1685 5355 tradidit
1723 5321 1816 5373 pro
1843 5321 1922 5371 ea,
1967 5315 2020 5360 ut
2059 5324 2171 5362 eam

572 5382 933 5449 sancti/icarct,
966 5388 1220 5439 mundatis
1248 5390 1449 5443 lavacro
1484 5409 1630 5462 aqua:
1660 5395 1713 5447 in
1756 5396 1902 5449 verbo
1922 5414 1941 5462 ,°
1993 5408 2048 5450 ut
2083 5415 2172 5452 ex-

577 5470 764 5524 hiberet
806 5471 902 5526 sibi
956 5474 1064 5543 ipse
1106 5476 1380 5544 gloriosam
1429 5479 1742 5551 Ecclesium,
1776 5502 1876 5539 non
1906 5486 2169 5542 habentem

584 5561 859 5625 maculam,
904 5573 993 5616 aut
1040 5579 1240 5634 rugam,
1283 5579 1369 5619 aut
1418 5569 1613 5639 aliquid
1640 5574 1971 5641 huiusmodi;
1996 5578 2086 5630 sed
2117 5588 2169 5631 ut

637 5677 649 5704 '
679 5674 988 5756 Michaelinus
1008 5685 1110 5735 axs.,
1144 5682 1343 5756 peccati.
1367 5682 1598 5756 Fuliensis
1623 5696 1675 5738 et
1713 5689 1791 5739 alii
1837 5692 2048 5756 quidam,
2074 5705 2167 5743 non

571 5734 759 5785 ἁπταὶ
773 5744 931 5786 autent
949 5752 979 5787 α
999 5734 1226 5799 peccatis,
1250 5742 1320 5791 rei
1333 5752 1459 5794 siml.

643 5802 659 5827 θ
686 5799 754 5848 :‘ic
780 5801 955 5859 aliquot
984 5808 1088 5849 uss.
1113 5808 1166 5849 At
1193 5803 1325 5863 editi,
1354 5804 1421 5853 ita
1446 5806 1770 5860 substantiam.

1770 326 1858 381 DE
1897 322 2374 391 CONTINENTM,
2416 324 2472 381 S.
2517 328 2884 390 AUCUSTlNl
3761 361 3841 416 δίη

2312 441 2378 497 sit
2401 453 2575 499 sancta
2600 457 2649 500 et
2675 448 3019 506 immaculata.
3051 454 3156 522 Ita,
3187 454 3374 525 inquit,
3403 471 3449 515 et
3476 463 3565 518 viri
3593 466 3750 525 debent
3773 481 3838 529 di-

2311 535 2464 607 ligere
2487 555 2670 596 uxores
2698 559 2839 611 suas,
2867 545 2992 599 sicut
3034 563 3251 618 corpora
3277 568 3390 607 sua.
3421 553 3520 621 Qui
3561 558 3714 631 diligit
3741 583 3841 621 aro.

2308 644 2413 719 rem
2436 645 2603 699 suam,
2634 648 2689 686 se
2711 633 2876 704 ipsum
2900 636 3065 708 diligit
3095 638 3315 707 (Ephes.
3358 659 3413 711 ν,
3438 645 3649 719 25-29).
3676 652 3841 715 Deinde

2308 718 2603 789 subiunxit,
2631 723 2775 793 quod
2805 724 2919 795 jam
2945 734 3485 791 commemoravimus
3514 754 3527 790 :
3560 718 3711 796 Nemo
3736 749 3839 801 eum

2306 824 2528 872 unquam
2553 829 2756 869 carnem
2790 833 2935 872 suam
2990 820 3108 876 odio
3134 820 3328 890 habuit,
3369 826 3458 881 sed
3500 832 3651 885 nutrit
3672 843 3714 886 et
3742 841 3840 905 {om

2306 918 2435 970 eam,
2461 905 2588 960 sicut
2606 916 2657 961 et
2680 905 2913 966 Christus
2941 911 3238 970 Ecclesiaste.
3260 916 3399 985 Quid
3416 919 3482 974 ad
3505 919 3615 977 huic
3640 923 3751 981 dicit
3767 928 3841 982 im-

2306 996 2673 1055 mundissimas
2700 1001 2989 1072 impietatis
3018 1006 3227 1063 insania
3245 1008 3270 1061 τ
3288 1009 3424 1076 Quid
3454 1012 3521 1066 ad
3542 1012 3651 1069 hate
3680 1016 3839 1087 dicitis,

2303 1090 2620 1148 Manichmi?
2675 1096 2767 1165 qui
2814 1098 2969 1153 nobis
3016 1100 3164 1156 velut
3209 1116 3277 1157 ex
3322 1105 3630 1173 apostolicis
3666 1108 3839 1167 Litteris

2303 1181 2437 1238 duas
2461 1183 2577 1239 sine
2618 1185 2772 1243 initio
2820 1199 3061 1257 naturas,
3095 1207 3257 1248 unam
3287 1193 3437 1263 boui,
3471 1196 3685 1254 alteram
3722 1204 3835 1267 mali,

2302 1274 2569 1329 conamini
2600 1275 2854 1335 inducere
2878 1296 2893 1345 ;
2934 1289 2990 1336 et
3018 1283 3341 1353 apostolicae
3366 1286 3621 1358 Litteras,
3646 1308 3747 1362 qua:
3767 1310 3841 1349 vos

2301 1365 2370 1420 ab
2418 1365 2517 1421 ista
2563 1368 2820 1440 sacrilega
2869 1375 3222 1441 perversitate
3260 1379 3554 1451 corrigam,
3586 1398 3687 1438 non
3717 1387 3838 1441 vultis

2301 1455 2507 1512 audire.
2538 1458 2685 1514 Sicut
2714 1459 2910 1531 legitis,
2943 1463 3076 1520 Caro
3101 1470 3414 1539 concupiscit
3440 1471 3676 1527 adversus
3718 1477 3837 1545 spiri-

2304 1558 2409 1604 tum
2436 1548 2630 1625 (Galat.
2654 1569 2707 1620 ν,
2738 1555 2866 1626 17);
2903 1566 2976 1624 et,
3009 1555 3134 1614 Non
3163 1560 3359 1617 habitat
3398 1563 3455 1618 in
3481 1580 3632 1619 carne
3653 1582 3747 1620 mea
3768 1568 3835 1621 bo-

2304 1659 2424 1697 num
2444 1659 2464 1699 :
2493 1644 2562 1700 ita
2590 1645 2769 1717 legite,
2805 1647 2973 1704 Nemo
2992 1667 3218 1722 unquam
3258 1671 3463 1711 carnem
3490 1674 3629 1711 suam
3655 1660 3753 1714 odia
3774 1661 3838 1714 ha~

2303 1733 2426 1801 buit,
2449 1735 2536 1788 sed
2563 1736 2721 1790 nutrit
2770 1747 2815 1792 et
2841 1741 2974 1811 fovet
2996 1757 3128 1807 eam,
3180 1744 3314 1799 sicut
3361 1754 3407 1799 et
3454 1745 3674 1802 Christus
3698 1747 3837 1803 Eccle-

2300 1826 2447 1881 sium.
2475 1827 2622 1884 Sicut
2642 1828 2837 1900 legitis,
2879 1830 3036 1889 Video
3058 1835 3215 1890 aliam
3240 1838 3402 1907 legem
3424 1838 3478 1894 in
3508 1840 3723 1895 membris
3744 1845 3837 1897 meis

2300 1929 2660 1990 repugnantem
2689 1921 2787 1992 legi
2813 1924 2993 1979 mentis
3022 1942 3147 1981 meat
3185 1927 3366 1997 (Rom.
3407 1945 3503 1992 vn.
3533 1931 3617 1995 {8,
3638 1930 3718 2003 25)
3749 1951 3759 1987 :
3784 1934 3839 1987 ita

2300 2009 2478 2082 legite,
2505 2010 2650 2069 Sicut
2674 2010 2905 2071 Christus
2934 2016 3111 2074 dilexit
3149 2018 3452 2090 Ecclesium,
3478 2024 3551 2079 ita
3577 2033 3622 2080 et
3667 2027 3746 2081 uiri
3771 2029 3837 2081 de-

2298 2103 2413 2159 bent
2439 2104 2652 2178 diligere
2669 2124 2853 2165 uxores
2874 2126 3019 2177 suas,
3059 2113 3188 2168 sicut
3230 2132 3325 2170 sua
3352 2132 3590 2188 corpora.
3619 2118 3767 2175 Nolite
3795 2121 3837 2174 in

2300 2194 2401 2251 illis
2442 2206 2640 2253 sancta:
2670 2197 2962 2271 Scriptum
3003 2204 3325 2263 testimoniis
3368 2223 3496 2264 esse
3539 2209 3772 2277 insidiosi,
3796 2213 3833 2267 in

2300 2286 2384 2342 his
2413 2290 2589 2355 surdi;
2622 2298 2678 2347 et
2702 2293 2854 2348 eritis
2880 2294 2933 2348 in
2965 2296 3209 2366 utrisque
3231 2301 3485 2356 correcti.
3518 2300 3639 2357 llaec
3666 2304 3783 2357 enim
3802 2305 3835 2358 si

2298 2380 2568 2452 accipiatis
2594 2392 2651 2437 ut
2675 2382 2892 2455 dignum
2916 2394 3019 2454 est,
3052 2388 3379 2446 conabimiui
3403 2400 3459 2447 et
3486 2392 3572 2447 illa
3592 2394 3837 2465 intelligere

2300 2480 2356 2525 υι
2388 2488 2573 2527 verum
2597 2483 2697 2529 85L

2370 2562 2457 2617 25.
2499 2564 2634 2620 Tres
2676 2567 2931 2637 quasdam
2968 2570 3189 2639 copulas
3232 2572 3387 2627 nobis
3429 2573 3702 2630 insinuavit
3728 2575 3834 2644 Apo-

2298 2655 2487 2723 stolus,
2518 2655 2790 2713 Christum
2820 2669 2872 2714 et
2900 2660 3216 2729 Ecclesium,
3245 2666 3420 2720 virum
3444 2677 3498 2722 et
3521 2683 3740 2733 uxorem,
3759 2670 3833 2737 Spi-

2298 2748 2458 2804 ritum
2486 2758 2540 2805 et
2568 2764 2807 2807 carnem.
2833 2752 3030 2809 llorum
3064 2756 3239 2824 priora
3271 2760 3655 2826 posterioribus
3679 2776 3833 2817 consu~

2299 2840 2435 2909 lunt,
2487 2844 2784 2913 posteriora
2817 2845 3083 2913 prioribus
3128 2846 3481 2905 famulantur.
3514 2852 3691 2906 Omnia
3730 2853 3834 2906 bona

2298 2942 2444 3002 sunt,
2471 2950 2593 2993 cum
2633 2938 2685 2993 in
2713 2938 2792 2994 eis
2820 2937 3063 3008 quasdam
3092 2940 3293 2997 ordinis
3321 2943 3746 3013 pulchritudinem
3764 2960 3833 3000 cx-

2298 3028 2554 3085 cellenter
2592 3032 2900 3101 prccposita,
2942 3034 3185 3104 quadam
3225 3034 3489 3093 decenter
3524 3038 3739 3108 subjecta
3763 3053 3833 3091 eu-

2298 3117 2555 3175 stodiunt.
2598 3120 2691 3175 Vir
2717 3129 2771 3176 ct
2797 3138 2950 3189 uxor,
2999 3124 3185 3195 quales
3233 3140 3423 3183 secum
3476 3143 3595 3185 esse
3634 3128 3835 3191 debeant,

2297 3219 2621 3281 prmceptum
2643 3214 2910 3284 accipiunt
2951 3225 3006 3272 et
3034 3218 3364 3289 exemplum.
3392 3221 3712 3293 Praeceptum
3731 3232 3797 3277 cst
3821 3240 3832 3273 :

2299 3300 2539 3357 Mulieres
2583 3304 2704 3360 viris
2746 3308 2854 3361 suis
2891 3306 3108 3365 subdita:
3148 3310 3270 3378 sint,
3315 3312 3448 3367 sicut
3490 3313 3835 3383 Domino;quia

2296 3396 2372 3449 vir
2390 3407 2543 3466 caput
2569 3398 2790 3454 mulieris
2816 3410 2926 3466 est;
2951 3411 3026 3469 et,
3072 3401 3202 3470 Viri,
3230 3404 3431 3476 diligite
3466 3425 3643 3463 uxores
3666 3417 3829 3463 satias

2296 3484 2611 3559 Exemplum
2641 3502 2818 3547 autem
2848 3493 3005 3577 datur
3032 3497 3348 3554 mulieribus
3377 3500 3448 3556 de
3469 3501 3713 3567 Ecclesia,
3735 3500 3834 3553 viris

2295 3577 2362 3634 de
2391 3579 2605 3636 Christo
2635 3599 2649 3636 :
2676 3581 2822 3638 Sicut
2840 3580 3097 3655 Ecclesia,
3125 3590 3315 3660 inquit,
3345 3592 3549 3647 subdita
3573 3604 3640 3647 est
3658 3593 3830 3652 Christo,

2297 3671 2368 3724 ita
2394 3682 2441 3726 ct
2466 3674 2697 3728 mulieres
2727 3676 2846 3730 siris
2876 3679 2981 3733 suis
3025 3679 3077 3733 in
3107 3683 3356 3737 omnibus.
3400 3683 3650 3739 Similiter
3698 3693 3742 3738 ct
3772 3683 3831 3734 νῆ·

2294 3764 2369 3817 ris
2416 3765 2541 3821 dato
2595 3781 2885 3839 pr:rcepto,
2929 3780 2986 3825 ut
3033 3788 3226 3829 uxores
3298 3792 3425 3832 suas
3476 3778 3721 3849 diligant,
3760 3775 3832 3829 ad-

2287 3853 2419 3924 jecit
2460 3860 2799 3929 exemplum,
2856 3861 3004 3916 Sicut
3074 3864 3303 3921 Christus
3348 3868 3526 3923 dilexit
3583 3868 3831 3923 Ecclesium.

2293 3947 2400 4005 Sed
2446 3951 2589 4006 viros
2654 3962 2709 4008 et
2767 3969 2797 4009 a
2858 3971 2915 4009 re
2968 3956 3221 4014 inferiore
3279 3960 3594 4019 adhortatus
3651 3971 3753 4024 cst,
3794 3957 3833 4010 id

2291 4051 2395 4104 est,
2425 4056 2451 4094 a
2492 4057 2717 4113 corpore
2751 4059 2883 4110 suo;
2914 4059 3020 4102 non
3060 4058 3263 4105 tantum
3294 4067 3322 4104 a
3354 4053 3650 4123 superiore,
3677 4051 3723 4105 id
3753 4058 3831 4109 est.

2290 4146 2321 4186 a
2348 4132 2574 4188 Domino
2622 4149 2740 4189 suo.
2786 4135 2903 4191 Non
2940 4138 3085 4194 enim
3126 4142 3301 4196 solum
3356 4146 3453 4212 ait,
3494 4144 3635 4209 Viri,
3680 4144 3833 4214 diligite

2291 4239 2474 4278 uxores
2496 4234 2704 4292 vestras,
2732 4228 2859 4282 sicut
2880 4238 2929 4283 et
2949 4227 3181 4287 Christus
3203 4234 3378 4289 dilexit
3411 4235 3701 4299 Ecclesium,
3723 4233 3830 4304 quod

2289 4325 2371 4369 est
2404 4330 2433 4369 a
2460 4319 2772 4387 superiore;
2803 4336 2991 4377 verum
3031 4324 3193 4379 etiam
3223 4325 3380 4389 dixit,
3416 4327 3524 4382 Viri
3563 4330 3721 4383 debent
3742 4326 3832 4378 dili-

2288 4424 2403 4478 gere
2422 4425 2604 4465 uxores
2619 4428 2737 4466 suas
2756 4414 2886 4469 sicut
2912 4431 3128 4488 corpora
3156 4436 3250 4473 sua
3295 4418 3513 4492 (Ep/tes.
3558 4438 3608 4489 v,
3653 4418 3829 4485 22-28).

2287 4499 2429 4569 quod
2455 4508 2539 4556 est
2566 4502 2634 4557 ab
2659 4502 2915 4561 inferiore
2945 4524 2959 4561 :
2990 4510 3112 4577 quia
3143 4520 3198 4564 et
3237 4513 3517 4581 superiora
3545 4526 3595 4570 et
3622 4514 3829 4568 interiora

2287 4590 2425 4647 bona
2464 4602 2589 4648 sunt
2616 4596 2815 4650 omnia.
2860 4597 2970 4653 Nec
3020 4609 3198 4656 tamen
3246 4604 3444 4659 mulier
3470 4621 3500 4659 a
3528 4621 3734 4675 corpore
3765 4602 3830 4656 vel

2285 4696 2447 4739 carne
2492 4687 2699 4756 accepit
2738 4691 3066 4760 exemplum,
3108 4701 3167 4748 ut
3208 4694 3280 4749 ita
3324 4707 3470 4753 esset
3498 4699 3695 4753 subdita
3721 4697 3827 4757 viro.

2285 4777 2422 4831 sicut
2459 4779 2662 4849 Spiritui
2695 4797 2822 4837 caro
2854 4800 2869 4837 :
2902 4785 2997 4841 scd
3026 4795 3117 4841 aut
3153 4800 3549 4861 consequenter
3587 4788 3835 4861 Apostolus

2283 4868 2505 4940 intelligi
2543 4870 2732 4939 voluit,
2767 4873 2911 4943 quod
2956 4875 3138 4933 dicere
3186 4883 3561 4949 prastermisit;
3608 4890 3693 4937 aut
3724 4880 3834 4933 forte

2282 4961 2404 5032 quia
2433 4977 2557 5017 caro
2587 4965 2917 5036 concupiscit
2936 4968 3193 5027 adversus
3220 4974 3464 5042 spiritum
3494 4977 3546 5031 in
3575 4975 3717 5045 hujus
3736 4971 3833 5025 vitae

2282 5054 2606 5111 mortalitate
2635 5065 2795 5127 atque
2817 5059 3093 5130 languore,
3123 5062 3243 5118 ideo
3256 5064 3328 5120 de
3350 5066 3439 5121 illa
3470 5068 3635 5122 noluit
3658 5062 3831 5119 mulieri

2275 5146 2582 5215 exemplum
2629 5148 2986 5218 subjectionis
3031 5153 3309 5213 adhibere.
3343 5156 3483 5212 Viris
3520 5166 3690 5211 autem
3736 5153 3830 5207 ideo

2280 5236 2463 5301 voluit,
2487 5239 2607 5307 quia
2638 5240 2737 5294 etsi
2756 5246 3089 5313 concupiscit
3106 5246 3329 5317 spiritus
3352 5249 3605 5305 adversus
3625 5261 3827 5305 carnein,

2278 5328 2437 5381 ctiam
2467 5329 2523 5383 in
2549 5330 2647 5384 hoc
2679 5330 2795 5400 ipso
2824 5336 3055 5390 consulit
3082 5340 3229 5392 carni
3263 5356 3276 5393 :
3307 5355 3411 5395 non
3442 5341 3708 5395 sicutearo
3726 5353 3831 5391 con-

2276 5422 2557 5490 cupiscens
2612 5423 2873 5481 adversus
2915 5428 3191 5497 spiritum,
3240 5448 3339 5487 nec
3383 5434 3589 5503 spiritui
3635 5428 3828 5487 consulit

2279 5512 2365 5564 tali
2395 5516 2840 5582 repugnatione‘,
2894 5533 2993 5572 nec
3032 5520 3155 5574 sibi.
3198 5521 3314 5576 Non
3350 5533 3523 5579 tamen
3554 5523 3600 5576 ci
3644 5518 3826 5589 Spiritus

2274 5604 2468 5669 bonus,
2500 5606 2612 5659 sive
2632 5608 2749 5675 ejus
2780 5618 3019 5663 naturam
3055 5628 3150 5679 per
3169 5615 3553 5685 providentiam
3583 5607 3824 5666 nimiele

2273 5710 2337 5748 ac
2388 5694 2649 5763 fovendo,
2689 5699 2801 5754 sive
2845 5699 2959 5769 ejus
2986 5702 3128 5755 vitiis
3160 5720 3256 5772 per
3308 5706 3678 5759 continentiam
3717 5698 3822 5753 τι·δὲ-

2340 5820 2352 5850 ¹
2377 5820 2446 5867 .~:ic
2469 5824 2571 5868 Mss.
2600 5821 2711 5869 riliti
2739 5835 2873 5881 vero,
2897 5822 3005 5874 talis
3030 5826 3326 5889 repugnetita.
