4048 6504
235 476 338 532 365

231 593 440 657 stendo,
471 593 798 663 consuleret,
832 598 933 653 nisi
964 605 1189 670 utraque
1218 599 1511 657 substantia
1536 603 1813 674 utriusque

226 685 479 738 artiﬁcem
512 685 702 752 Deum,
729 688 893 744 etiam
919 690 1115 747 decore
1141 694 1222 748 sui
1251 693 1408 764 hujus
1436 697 1639 753 ordinis
1670 699 1808 753 iudi-

224 784 383 830 caret.
416 775 554 841 Quid
581 787 663 833 est
687 793 817 849 ergo
840 782 982 851 quod
1007 799 1102 838 vos
1140 799 1262 838 vera
1290 786 1559 843 dementia
1581 799 1637 845 et
1664 791 1810 845 chri-

221 866 421 920 stianos
448 882 571 923 esse
608 869 839 938 iactatis,
868 882 925 927 et
948 885 1134 929 contra
1163 876 1466 947 Scripturas
1487 883 1808 939 christiauas

218 956 382 1010 oculis
409 958 631 1025 clausis,
667 963 749 1017 vel
786 965 963 1033 potius
1013 968 1311 1038 exstinctis,
1359 982 1502 1027 tanta
1530 977 1802 1045 perversi-

219 1058 321 1104 tate
367 1054 725 1121 contenditis,
780 1059 867 1112 et‘
915 1058 1186 1117 Christum
1227 1078 1528 1125 asserentes
1573 1069 1627 1124 in
1675 1070 1803 1126 falsa

215 1149 370 1190 carne
394 1142 710 1207 apparuisse
759 1147 1091 1213 mortalibus,
1130 1158 1183 1204 et
1212 1150 1504 1208 Ecclesiam
1542 1155 1594 1209 in
1622 1158 1800 1213 anima

212 1225 277 1281 ad
306 1226 605 1299 Christum,
646 1234 699 1288 in
726 1251 953 1305 corpore
995 1240 1061 1294 ad
1099 1241 1371 1299 diabolum
1416 1249 1704 1318 pertinere,
1746 1260 1801 1307 et

212 1333 395 1373 sexum
434 1322 645 1379 virilem
682 1332 844 1398 atque
880 1331 1193 1389 muliebrem
1233 1335 1429 1392 diaboli
1460 1355 1621 1409 opera
1651 1358 1793 1409 esse,

211 1425 312 1464 non
345 1412 460 1478 Dei,
492 1425 545 1470 et
572 1418 781 1487 spiritui
807 1437 1021 1479 carnem
1052 1433 1299 1497 tanquam
1329 1431 1523 1487 malam
1548 1435 1796 1491 substan-

210 1503 329 1557 tiam
357 1504 516 1561 bona:
542 1509 854 1567 substantia:
882 1514 1189 1573 cohmrere?

272 1594 355 1650 CA
368 1596 504 1653 PUT
534 1598 604 1654 Χ.
622 1631 692 1641 -
705 1600 797 1657 24.
818 1602 1221 1664 Manichaeorum
1245 1611 1449 1668 hieresis
1468 1626 1615 1687 negat
1636 1620 1793 1688 fuisse

204 1685 255 1739 in
279 1687 479 1744 Christo
497 1709 701 1749 carnem
720 1710 908 1750 veram.
921 1697 1059 1754 Dicit
1078 1704 1276 1757 animas
1291 1705 1359 1758 ad
1374 1705 1647 1776 Christum,
1671 1728 1786 1766 cor-

203 1797 321 1848 pora
345 1783 415 1836 ad
435 1784 695 1842 diabolum
713 1791 989 1861 pertinere,
1019 1804 1067 1848 et
1101 1812 1276 1851 sexum
1299 1808 1567 1873 utrumque
1596 1821 1702 1859 esse
1725 1823 1786 1862 ea:

200 1877 415 1933 diabolo.
461 1880 518 1935 Si
560 1897 746 1951 parum
786 1886 939 1942 vobis
977 1888 1225 1945 videntur
1264 1896 1591 1963 respondere
1625 1901 1783 1969 ’quae

198 1971 261 2024 de
287 1975 604 2041 apostolicis
628 1985 1169 2040 commemoravimus
1195 1987 1410 2044 Litteris
1432 2031 1447 2058 ,
1481 1994 1663 2051 audite
1684 1995 1782 2050 ad-

198 2062 295 2119 huc
320 2065 448 2133 alia,
473 2068 518 2122 si
547 2085 707 2127 aures
729 2074 955 2130 habetis.
980 2077 1117 2146 Quid
1139 2080 1205 2136 de
1234 2097 1396 2139 carne
1423 2084 1621 2143 ChriSti
1649 2090 1780 2146 dicit

198 2155 565 2217 insanissimus
591 2162 957 2223 Manichacus?
979 2169 1133 2238 Quod
1165 2188 1269 2228 non
1302 2175 1463 2232 fuerit
1491 2195 1617 2235 vera
1639 2224 1653 2249 ,
1684 2183 1776 2239 sed

196 2248 337 2306 falsa.
380 2253 521 2321 Quid
564 2258 632 2312 ad
678 2258 781 2315 hoc
819 2262 948 2318 dicit
989 2264 1176 2323 beatus
1213 2272 1540 2340 Apostolus?
1580 2276 1779 2332 Mentor

192 2355 288 2397 esto
328 2346 584 2403 Christum
620 2351 799 2408 Iesum
838 2361 1118 2416 surrexisse
1155 2380 1189 2416 a
1230 2368 1442 2421 mortuis
1486 2387 1552 2425 ea:
1589 2374 1778 2428 semine

193 2434 375 2502 David,
418 2442 702 2496 secundum
740 2449 1052 2519 evangelium
1095 2470 1261 2507 meum
1296 2455 1368 2526 (ll
1407 2457 1538 2515 Tim.
1572 2477 1644 2527 ιι,
1690 2463 1770 2533 8).

192 2527 250 2579 Et
276 2529 384 2597 ipse
409 2532 659 2589 Christus
679 2534 857 2603 Jesus,
888 2538 1121 2612 Palpate,
1152 2544 1342 2615 inquit,
1375 2559 1421 2603 et
1447 2551 1625 2620 videte,
1653 2527 1773 2623 quia

188 2620 386 2686 spiritus
414 2639 621 2678 carnem
646 2636 695 2680 et
720 2645 835 2683 ossa
862 2647 964 2685 non
992 2633 1171 2702 habet,
1210 2638 1337 2692 sicut
1366 2658 1443 2694 me
1472 2643 1646 2699 videtis
1676 2647 1769 2700 ha-

186 2708 294 2763 bere
313 2711 463 2783 (Luc.
498 2731 647 2782 ntv,
678 2720 790 2791 59).
816 2721 1095 2790 Quomodo
1122 2737 1205 2784 est
1236 2731 1288 2785 in
1314 2747 1497 2789 eorum
1525 2737 1766 2795 doctrina

187 2804 407 2872 veritas,
434 2823 553 2878 qua:
584 2813 837 2880 praedicat
864 2816 1006 2886 quod
1034 2819 1086 2873 in
1116 2836 1278 2879 carne
1305 2825 1499 2882 Christi
1526 2840 1643 2887 erat
1672 2834 1767 2888 lal-

184 2897 341 2951 sitas?
370 2898 649 2965 Quomodo
677 2904 729 2959 in
753 2906 966 2971 Christo
994 2926 1100 2967 non
1127 2922 1246 2970 erat
1272 2916 1435 2973 ullum
1464 2923 1684 2989 malum,
1705 2925 1763 2983 in

179 3003 279 3057 quo
298 3000 411 3046 erat
439 3002 548 3049 tam
584 2997 789 3066 grande
819 3002 1174 3060 mendacium.
1219 3007 1350 3077 Quia
1378 3013 1622 3071 videlicet
1658 3020 1759 3072 ho-

181 3082 399 3137 minibus
420 3087 645 3142 nimium
678 3092 889 3146 mandis
917 3096 1115 3150 malum
1138 3108 1222 3153 est
1243 3115 1367 3157 caro
1393 3120 1539 3174 vera,
1572 3116 1624 3164 et
1652 3127 1757 3166 non

176 3180 251 3225 est
277 3175 470 3231 malum
507 3177 635 3233 falsa
679 3197 773 3251 pro
799 3199 923 3240 vera
956 3204 970 3241 :
999 3189 1197 3244 malum
1230 3201 1312 3248 est
1341 3210 1468 3251 caro
1495 3215 1622 3253 vera
1656 3218 1755 3257 na-

172 3266 357 3319 scentis
394 3282 458 3322 ex
498 3270 664 3327 David
706 3276 910 3332 semine
933 3320 949 3344 ,
980 3288 1037 3335 et
1076 3296 1183 3337 non
1214 3294 1297 3339 est
1335 3288 1531 3344 malum
1576 3292 1753 3365 lingua

172 3352 289 3408 falsa
318 3356 548 3417 dicentis
574 3404 589 3429 ,
619 3361 840 3436 Palpate
861 3410 876 3435 ,
905 3378 955 3423 et
990 3371 1151 3427 videte
1174 3375 1296 3446 quia
1320 3378 1528 3448 spiritus
1561 3352 1681 3438 oss;
1705 3395 1755 3441 et

168 3464 355 3504 carnem
382 3469 485 3508 non
518 3456 686 3525 habet,
710 3461 839 3515 sicut
866 3479 946 3517 me
974 3464 1153 3521 videtis
1174 3468 1390 3527 habere!
1413 3474 1486 3529 De
1506 3475 1749 3535 Ecclesia

164 3540 277 3609 quid
315 3542 442 3600 dicit
493 3545 753 3619 deceptor
790 3552 1067 3611 hominum
1108 3558 1162 3614 in
1205 3564 1484 3621 mortifero
1522 3570 1749 3627 errore?

162 3632 300 3697 Quod
329 3649 393 3690 ex
422 3647 583 3707 parte
618 3642 915 3699 animarum
952 3650 1219 3717 pertineat
1244 3652 1309 3708 ad
1340 3652 1608 3714 Christum
1633 3702 1648 3727 ,
1679 3677 1742 3716 ex

162 3733 299 3789 parte
322 3742 615 3799 corporum
640 3733 707 3788 ad
735 3734 1028 3793 diabolum.
1068 3741 1205 3808 Quid
1230 3744 1297 3799 ad
1335 3746 1449 3801 haec
1477 3748 1605 3804 dicit
1638 3752 1742 3805 Do-

160 3828 263 3871 ctor
292 3819 545 3879 Gentium
596 3825 650 3880 in
692 3826 794 3884 ﬁde
830 3838 885 3885 et
925 3834 1193 3891 veritate?
1234 3836 1491 3907 Nescitis,
1532 3841 1737 3914 inquit,

159 3910 267 3973 quia
283 3929 499 3984 corpora
521 3927 690 3972 vestra
712 3922 934 3977 membra
953 3935 1070 3978 sunt
1091 3926 1279 3982 Christi
1304 3929 1354 4001 (Ι
1376 3928 1494 3986 Cor.
1520 3910 1741 4007 vr,-15)?

160 4003 223 4057 De
238 4020 362 4062 sexu
380 4010 610 4066 masculi
627 4022 681 4068 et
697 4013 904 4071 femina:
923 4018 1047 4089 quid
1070 4019 1198 4076 dicit
1222 4021 1361 4078 lilius
1384 4003 1700 4094 perditionis
1716 4029 1740 4084 ?

153 4097 290 4163 Quod
326 4112 558 4174 uterque
591 4118 754 4161 sexus
779 4122 883 4163 non
916 4125 979 4165 ex
1017 4112 1128 4167 Deo
1152 4113 1251 4181 sit,
1280 4115 1373 4170 sed
1399 4131 1465 4172 ex
1496 4118 1730 4175 diabolo.

150 4189 274 4257 Quid
292 4194 356 4249 ad
377 4195 494 4252 haec
515 4197 652 4252 dicit
670 4197 777 4253 Vas
803 4202 1116 4259 electionis?
1138 4205 1305 4273 Sicut,
1336 4209 1526 4281 inquit,
1551 4214 1733 4269 mulier

147 4300 203 4336 ex
232 4285 363 4353 viro,
399 4289 473 4343 ita
500 4299 555 4344 et
584 4292 661 4345 vir
690 4309 782 4362 per
817 4295 1110 4361 mulierem;
1140 4300 1313 4353 omnia
1340 4311 1509 4357 autem
1534 4321 1597 4359 ea:
1622 4305 1732 4361 Deo

146 4374 242 4441 (Id.
263 4395 348 4447 si,
374 4382 487 4454 l2).
519 4384 603 4438 De
631 4400 792 4441 carne
816 4388 941 4458 quid
969 4390 1097 4445 dicit
1126 4407 1222 4461 per
1245 4394 1596 4453 Manichmum
1623 4402 1733 4470 spi-

144 4471 262 4528 ritus
300 4476 653 4534 immundus?
681 4480 832 4549 Quod
862 4483 930 4538 sit
972 4486 1107 4539 mala
1144 4487 1462 4557 substantia,
1483 4508 1583 4547 nec
1610 4495 1723 4561 Dei,
1756 4551 1759 4561 ν

140 4565 223 4619 sed
263 4568 459 4625 inimici
504 4583 781 4630 creatura.
811 4576 948 4643 Quid
977 4577 1044 4633 ad
1075 4577 1190 4635 hare
1218 4581 1347 4636 dicit
1375 4598 1471 4653 per
1500 4574 1754 4642 Paulum'

139 4654 353 4726 Spiritus
378 4667 646 4721 sanctus?
674 4667 822 4723 Sicut
850 4671 980 4723 enim
1003 4688 1188 4742 corpus
1214 4692 1373 4730 unum
1402 4688 1496 4744 est,
1527 4679 1721 4750 inquit,

137 4757 176 4798 et
199 4754 411 4808 membra
437 4757 593 4811 habet
621 4758 781 4812 multa
801 4801 814 4823 ,
850 4763 1021 4815 omnia
1046 4774 1212 4818 autem
1243 4769 1467 4823 membra
1495 4773 1723 4843 corporis

138 4854 236 4894 cum
270 4846 369 4899 sint
403 4851 605 4914 multa,
637 4868 791 4905 unum
834 4863 905 4906 est
941 4871 1158 4925 corpus;
1188 4859 1259 4911 ita
1293 4869 1339 4913 et
1372 4857 1621 4917 Christus.
1657 4864 1723 4918 Et

135 4935 276 4999 paulo
305 4951 422 5008 post
453 4958 468 4996 :
502 4940 691 4996 Posuit
715 4987 729 5009 ,
761 4945 934 5015 iuqttit
956 4990 968 5009 ,
997 4947 1137 5002 Deus
1173 4950 1395 5005 membra
1415 4995 1429 5017 ,
1459 4954 1718 5025 singulum

131 5029 344 5102 quodque
375 5032 397 5063 ³
425 5050 609 5087 eorum
637 5035 689 5088 in
728 5052 938 5108 corpore
963 5081 977 5107 ,
1008 5051 1153 5109 prout
1179 5041 1357 5098 voluit.
1392 5044 1520 5100 Item
1552 5049 1709 5115 paulo

132 5129 275 5184 post:
307 5120 447 5178 Deus
469 5167 485 5193 ,
531 5126 740 5195 inquit,
775 5132 1065 5200 temperavit
1103 5149 1318 5204 corpus,
1349 5137 1394 5189 ei
1422 5138 1505 5191 cui
1542 5138 1715 5193 deerat

128 5212 352 5280 majonm
380 5217 631 5273 honorem
667 5221 824 5289 dans,
854 5234 908 5276 ut
933 5242 1035 5279 non
1063 5237 1224 5280 essent
1253 5229 1488 5285 scissura:
1518 5233 1569 5287 in
1602 5251 1715 5287 cor-

127 5321 254 5371 pore,
283 5313 375 5361 sed
397 5311 539 5365 idem
568 5312 735 5381 ipsum
758 5324 813 5367 ut
838 5333 929 5384 pro
951 5318 1164 5373 invicem
1184 5321 1404 5376 sollicita
1429 5324 1527 5378 sint
1550 5342 1711 5380 ment-

123 5394 203 5447 bra
247 5412 267 5452 :
302 5409 349 5454 et
386 5402 494 5457 sive
538 5406 729 5473 patitur
772 5424 927 5461 unum
973 5410 1251 5466 membrum
1276 5454 1292 5480 ,
1341 5418 1713 5487 compatiuntur

121 5489 277 5541 omnia
306 5495 575 5559 membra;
600 5498 704 5553 sive
728 5500 1045 5571 gloriﬁcatur
1069 5522 1225 5559 unum
1252 5506 1529 5561 membrum
1545 5551 1559 5573 ,
1584 5526 1709 5564 con-

120 5581 328 5645 gaudent
355 5588 533 5641 omnia
559 5592 777 5644 membra
804 5592 912 5667 (Id.
941 5612 1011 5650 xu
1034 5639 1048 5664 ,
1084 5596 1291 5670 12-26).
1320 5601 1599 5667 Quomodo
1624 5613 1708 5657 est

120 5674 243 5726 mala
271 5690 397 5730 caro
421 5719 435 5745 ,
467 5680 687 5749 quando
730 5684 857 5753 ipsa:
892 5686 1085 5742 animas
1118 5704 1300 5759 pacem
1337 5690 1702 5749 membrorum

173 5833 185 5901 ξ
211 5837 279 5901 Fr.
308 5840 361 5883 ct
384 5841 509 5882 Ven.
537 5838 766 5889 omittunt
782 5839 1017 5901 voculam,
1044 5849 1109 5894 ct.
1176 5852 1231 5894 Μ.

168 5894 186 5971 ξ
218 5896 396 5955 aliquot
420 5902 629 5971 Mssa};
652 5914 851 5971 permoto
875 5894 1208 5957 vobis't‘idctur
1234 5914 1541 5971 respondere.

172 5956 187 5985 ⁵
206 5974 269 6007 τις
294 5968 389 6009 Uss.
424 5968 478 6008 at
506 5956 862 6027 editi,'si~gi.lu
886 5978 1106 6027 qudque.

1648 486 1849 542 LIBER
1895 488 2092 547 UNUS.

3407 535 3509 589 506

1921 604 2039 672 ejus
2077 618 2134 663 ut
2176 610 2478 683 imitentur,
2518 629 2838 685 monentur?
2872 629 3151 698 Quomodo
3180 650 3261 696 est
3305 642 3506 706 inimici

1917 710 2158 757 creatura
2180 744 2196 770 ,
2225 709 2439 777 quando
2477 713 2603 782 ipsa:
2631 718 2825 777 anima:
2851 741 2967 793 qua:
3008 744 3230 801 corpora
3273 753 3499 811 regunt,

1915 798 1976 844 ut
2028 793 2167 850 inter
2212 811 2272 853 se
2319 800 2714 863 inimicitiarum
2764 814 3023 874 scissuras
3072 838 3175 878 non
3229 793 3495 900 habitant;

1912 889 2217 957 exemplum
2267 890 2335 948 de
2375 899 2627 956 membris
2664 908 2905 975 corporis
2948 926 3205 980 sumunt,
3254 929 3309 974 ut
3349 925 3494 991 quod

1913 980 2155 1043 prurstitit
2182 983 2324 1040 Deus
2362 993 2571 1060 corpori
2620 1010 2713 1063 per
2739 1007 3012 1070 naturam,
3061 1020 3240 1064 ament
3281 1021 3335 1066 et
3364 1013 3496 1084 ipsa)

1908 1073 2010 1130 hoc
2052 1076 2250 1137 habere
2294 1099 2389 1153 per
2430 1092 2693 1158 gratiam?
2730 1095 2919 1153 Merito
2947 1101 3013 1156 ad
3056 1104 3327 1165 Romanos
3365 1129 3489 1171 cum

1905 1168 2163 1244 scriberet
2185 1216 2199 1239 ,
2235 1174 2471 1242 Obsecro,
2502 1182 2689 1254 inquit,
2718 1204 2821 1257 vos,
2851 1194 3054 1263 fratres,
3089 1215 3179 1268 per
3201 1202 3490 1261 misericor-

1903 1255 2039 1312 diam
2062 1258 2158 1315 Dei
2181 1304 2194 1325 ,
2235 1277 2288 1319 ut
2317 1270 2590 1328 exhibeatis
2617 1294 2830 1349 corpora
2854 1296 3017 1340 vestra
3044 1288 3260 1346 hostium
3287 1296 3447 1352 vivam
3470 1340 3484 1364 ,

1901 1359 2148 1417 sanctam,
2170 1353 2279 1409 Deo
2302 1360 2575 1427 placentem
2596 1366 2615 1440 ζ
2621 1366 2768 1423 Rom.
2789 1388 2883 1434 xu.
2911 1375 2985 1446 l).
3011 1378 3138 1436 Sine
3158 1398 3317 1439 causa
3343 1394 3482 1444 non‘

1901 1442 2146 1499 tenebras
2175 1446 2367 1518 lucem,
2392 1463 2445 1508 et
2472 1456 2642 1513 lucem
2673 1465 2917 1521 tenebras
2939 1485 3058 1526 esse
3085 1478 3479 1549 contendimus,

1901 1529 1939 1549 ,ε
1970 1530 1995 1549 ι
2262 1542 2273 1549 -

3224 1529 3479 1549 ---_-_--.,

1894 1529 1939 1583 si
1968 1530 2193 1591 hostiam
2226 1542 2418 1609 vivam,
2453 1559 2711 1617 sanetam,
2747 1556 2852 1610 Deo
2883 1561 3182 1630 placentem
3212 1568 3280 1625 de
3306 1574 3483 1640 gentis

1894 1626 2231 1684 tenebrarum
2258 1639 2573 1704 corporibus
2597 1626 2930 1705 exhibemus.

1884 1921 1983 1976 per
2018 1914 2299 1979 quamdam
2346 1920 2750 1981 similitudinem
2793 1944 3135 2001 comparatur
3176 1938 3474 1999 Eeclesim?

1882 1999 2148 2074 Numquid
2199 2008 2437 2067 Ecclesia
2487 2020 2816 2089 concupiscit
2862 1999 3120 2083 adversus
3162 2030 3469 2102 Christum;

1881 2110 2000 2150 cum
2032 2098 2167 2154 idem
2201 2108 2475 2173 apostolus
2501 2109 2712 2180 dixerit,
2749 2114 2974 2173 Ecclesia
2998 2121 3196 2177 subdita
3225 2136 3297 2180 est
3324 2127 3471 2183 Chri-

1878 2197 1956 2242 sto
1987 2188 2199 2264 (Ephes.
2234 2210 2296 2262 v,
2328 2197 2455 2270 2t)?
2485 2200 2649 2259 Plane
2684 2205 2924 2265 Ecclesia
2955 2213 3166 2271 subdita
3207 2228 3288 2273 Cri.
3315 2220 3471 2277 Citri-

1878 2289 1962 2337 sto
1994 2300 2007 2337 :
2037 2286 2160 2355 quia
2191 2286 2312 2343 ideo
2338 2293 2556 2362 Spiritus
2580 2301 2909 2369 concupiscit
2934 2303 3191 2363 adversus
3218 2327 3461 2379 ('aruetn,

1877 2380 1934 2427 ut
1978 2377 2123 2429 omni
2170 2392 2236 2433 ex
2286 2390 2435 2450 parte
2478 2385 2692 2442 Christo
2730 2392 2988 2449 subdatur
3024 2396 3297 2467 Ecclesia;
3337 2420 3466 2460 caro

1874 2473 2049 2520 autem
2094 2471 2424 2541 concupiscit
2462 2475 2720 2534 adversus
2756 2482 3031 2552 spiritum,
3060 2490 3181 2557 quia
3222 2493 3458 2548 nondum

1871 2569 2087 2627 pacem,
2116 2573 2234 2629 qua:
2257 2563 2488 2631 perlecta
2521 2571 2781 2637 promissa
2813 2583 2927 2640 est,
2969 2580 3175 2649 accepit
3199 2581 3457 2639 Ecclesia.

1870 2646 1949 2701 Ac
1977 2663 2071 2717 per
2100 2648 2202 2706 hoc
2241 2652 2481 2711 Ecclesia
2520 2658 2730 2716 subdita
2769 2672 2853 2718 cst
2896 2646 3113 2724 Christo
3141 2686 3204 2727 cx
3238 2674 3459 2744 pignore

1869 2740 2056 2796 salutis
2074 2785 2088 2810 ,
2131 2754 2186 2799 et
2214 2761 2340 2801 caro
2367 2752 2697 2821 concupiscit
2722 2756 2980 2815 adversus
3008 2764 3252 2832 spiritum
3284 2783 3349 2822 ex
3377 2768 3458 2823 iu-

1867 2832 2120 2892 lirmitate
2159 2838 2447 2910 languoris.
2478 2844 2660 2917 Neque
2699 2850 2841 2904 enim
2869 2867 2973 2907 non
3006 2853 3261 2913 Ecclesiae
3287 2876 3457 2917 mem-

1865 2925 1961 2981 bra
2003 2940 2159 2985 erant
2191 2933 2382 3000 iidem,
2412 2939 2606 3008 quibus
2649 2941 2748 2998 ista
2793 2943 3003 3002 dicebat
3047 2966 3060 3001 :
3106 2949 3307 3021 Spiritu
3344 2972 3455 3008 am-

1863 3016 2032 3075 bulate
2054 3063 2069 3088 ,
2098 3032 2143 3077 et
2166 3027 2597 3098 concupiscendos
2629 3034 2799 3087 curuis
2836 3052 2898 3089 ne
2944 3040 3274 3111 perfeceritis.
3319 3043 3453 3100 Caro

1861 3114 1995 3167 enim
2019 3119 2328 3188 concupiscit
2348 3121 2588 3178 adversus
2608 3125 2843 3194 spiritum
2862 3169 2875 3191 ,
2906 3138 2954 3183 et
2976 3132 3187 3202 spiritus
3211 3137 3452 3195 adversus

1858 3221 2063 3262 carnem
2088 3224 2109 3263 :
2133 3210 2241 3265 hare
2263 3213 2394 3267 enim
2423 3215 2521 3270 sibi
2552 3218 2764 3273 invicem
2790 3220 3155 3292 adversantur;
3185 3239 3361 3287 utnon
3390 3252 3449 3289 ea

1855 3313 1969 3367 qua:
2001 3300 2182 3369 vultis,
2221 3305 2421 3373 faciatis
2461 3305 2657 3379 (Colat.
2698 3326 2733 3364 ν
2753 3354 2767 3377 ,
2809 3314 2875 3369 16
2899 3324 2946 3369 et
2974 3318 3087 3389 l7).
3111 3320 3236 3377 Htcc
3263 3325 3444 3397 utique

1854 3387 2112 3445 Ecclesiae
2133 3392 2462 3463 dicebantur,
2488 3414 2606 3469 qua:
2626 3403 2669 3455 si
2691 3402 2906 3461 Christo
2922 3387 3131 3465 subdita
3150 3429 3255 3468 non
3277 3387 3437 3481 ess-et,

1853 3498 1961 3539 non
1992 3484 2047 3540 in
2072 3500 2134 3541 ea
2160 3489 2378 3559 spiritus
2403 3491 2657 3549 adversus
2691 3510 2907 3553 carnem
2936 3516 3033 3570 per
3058 3506 3440 3563 continentiam

1850 3578 2278 3648 concupisceret.
2308 3582 2532 3653 Propter
2556 3586 2698 3656 quod
2725 3599 2972 3657 poterant
2997 3594 3210 3664 quidem
3240 3613 3439 3656 concu-

1848 3667 2136 3737 piscentias
2165 3675 2344 3728 carnis
2370 3690 2474 3729 non
2516 3676 2808 3747 perﬁcere,
2840 3682 2935 3737 sed
2984 3700 3147 3743 carne
3187 3693 3441 3762 concupi-

1846 3767 2027 3815 scente
2054 3761 2310 3819 adversus
2335 3768 2577 3836 spiritum
2597 3786 2702 3825 non
2719 3779 2966 3841 poterant
2991 3790 3053 3830 ea
3102 3777 3278 3835 facere
3316 3761 3436 3853 qua:

1843 3852 2125 3921 volebant,
2158 3856 2209 3910 id
2245 3866 2361 3923 est,
2392 3859 2552 3913 etiam
2584 3861 2726 3930 ipsas
2750 3866 2927 3921 carnis
2969 3870 3434 3939 concupiscentias

1843 3960 1949 3998 non
1978 3944 2194 4002 habere.
2226 3948 2447 4015 Deinde,
2482 3967 2579 4007 cur
2599 3970 2702 4008 non
2734 3956 3087 4015 conﬁteamur
3117 3962 3167 4016 iu
3200 3962 3431 4020 homini-

1840 4034 1940 4091 bus
1966 4038 2331 4107 Spiritualibus
2358 4042 2653 4099 Ecclesium
2682 4048 2948 4104 subditam
2976 4051 3212 4119 Christo,
3238 4059 3289 4109 in
3313 4072 3431 4111 car-

1838 4127 2050 4183 nalibus
2065 4141 2241 4185 autem
2260 4133 2432 4189 adlmc
2449 4138 2831 4207 concupiscere
2848 4141 3108 4199 adversus
3126 4146 3427 4202 Christum?

1836 4219 1918 4273 An
1949 4219 2204 4276 adversus
2244 4223 2517 4280 Christum
2558 4242 2663 4281 non
2704 4233 3188 4303 concupiscebaut,
3229 4238 3426 4309 quibus

1834 4307 2130 4376 dicebatur,
2161 4311 2363 4369 Divisus
2392 4328 2464 4369 est
2485 4315 2713 4373 Christus
2738 4320 2790 4390 (l
2815 4321 2932 4376 Cor.
2966 4339 3013 4391 ι,
3047 4324 3172 4399 i5)?
3194 4307 3268 4395 cl,
3303 4328 3426 4385 Non

1832 4401 1974 4470 potui
2000 4402 2138 4473 loqui
2170 4404 2305 4460 vobis
2347 4408 2492 4476 quasi
2515 4410 2890 4481 spiritualibus,
2919 4417 3009 4469 sed
3029 4419 3176 4488 quasi
3199 4424 3426 4477 cumuli-

1830 4494 1941 4547 bus.
1969 4492 2233 4566 Tanquam
2262 4499 2485 4565 parvulis
2514 4500 2565 4553 iu
2586 4498 2789 4557 Christo
2816 4504 2895 4558 lac
2916 4505 3053 4561 vobis
3083 4521 3255 4578 potum
3282 4512 3422 4581 dedi,

1831 4600 1931 4639 non
1963 4602 2163 4652 escam;
2199 4591 2423 4643 nondum
2451 4593 2582 4645 enim
2610 4597 2847 4663 poteratis
2878 4599 3009 4652 :sed
3041 4617 3104 4655 ne
3137 4619 3272 4657 nunc
3311 4608 3427 4675 qui-

1827 4677 1940 4730 dem
1966 4680 2205 4749 potestis;
2231 4681 2400 4736 ad/tuc
2429 4686 2559 4738 enim
2586 4688 2707 4741 estis
2730 4691 2979 4745 carnales.
3011 4690 3137 4748 Cum
3159 4696 3291 4749 enim
3319 4698 3425 4751 sint

1824 4770 1878 4824 in
1918 4774 2055 4827 vobis
2095 4775 2351 4830 temulatio
2396 4787 2440 4831 et
2483 4782 2772 4850 contentio,
2821 4800 2988 4839 nonne
3029 4789 3261 4842 carnales
3304 4792 3422 4842 estis

1825 4860 1937 4933 (Id.
1974 4880 2063 4929 ιιι,
2101 4866 2249 4938 1-5)?
2275 4867 2547 4925 Adversus
2576 4887 2737 4942 quem
2778 4878 3109 4945 concupiscit
3149 4879 3419 4933 mrnulatio

1821 4963 1876 5009 et
1901 4956 2196 5024 contentio,
2218 4958 2319 5013 nisi
2340 4959 2600 5016 adversus
2612 4962 2882 5017 Christum
2903 4964 2926 5018 ?
2944 4966 3048 5021 llas
3071 4968 3213 5021 enim
3239 4971 3419 5024 carnis

1821 5049 2281 5119 concupiscentias
2318 5052 2563 5109 Christus
2600 5057 2651 5109 in
2686 5058 2795 5111 suis
2825 5066 3012 5127 sanat,
3046 5060 3138 5113 sed
3171 5062 3221 5115 in
3256 5063 3416 5116 nullis

1818 5147 1981 5191 amat.
2036 5138 2186 5195 Unde
2232 5151 2427 5217 sancta
2462 5145 2702 5201 Ecclesia
2746 5147 2999 5217 quamdiu
3044 5148 3207 5207 habet
3251 5153 3413 5207 etiam

1821 5230 2061 5285 membra
2104 5233 2254 5300 talia,
2287 5212 2526 5290 nondum
2557 5247 2640 5292 est
2663 5238 2778 5294 sine
2804 5242 3009 5297 macula
3034 5252 3090 5299 et
3117 5254 3265 5315 ruga.
3300 5246 3413 5301 llttc

1815 5321 2076 5376 accedunt
2102 5330 2156 5376 et
2186 5324 2274 5379 illa
2314 5334 2527 5395 peccata
2549 5363 2569 5393 ,
2610 5343 2709 5398 pro
2746 5330 2941 5400 quibus
2969 5335 3280 5406 quotidiana
3300 5340 3412 5393 vos

1817 5411 1979 5465 totius
2000 5412 2255 5469 Ecclesia:
2272 5424 2381 5483 est,
2406 5417 2617 5474 Dimitte
2638 5420 2779 5475 nobis
2801 5422 2971 5479 debita
2994 5438 3167 5481 nostra
3194 5428 3409 5501 (Matth.

1812 5519 1865 5559 vr
1886 5545 1901 5571 ,
1933 5505 2023 5577 ιε)
2050 5524 2065 5558 :
2095 5522 2123 5560 a
2152 5507 2345 5578 quibus
2381 5525 2448 5564 ne
2489 5511 2796 5581 Spiritualcs
2829 5525 3137 5585 putaremus
3165 5522 3406 5588 alienos,

1811 5612 1919 5652 non
1949 5598 2272 5670 quicumque
2312 5604 2606 5659 carualimn
2627 5646 2644 5674 ,
2678 5624 2775 5663 nec
2808 5609 3046 5680 ipsorum
3086 5615 3406 5686 quicumque

1811 5690 2186 5760 Spiritualium,
2220 5695 2313 5750 sed
2344 5697 2433 5767 qui
2463 5714 2623 5769 super
2645 5714 2830 5771 peetus
2863 5705 3069 5760 Domini
3098 5707 3407 5764 discumbe—

1809 5782 1930 5850 bat,
1963 5794 2014 5839 et
2040 5802 2198 5855 quon
2240 5804 2349 5858 prae
2379 5792 2590 5847 caeteris
2625 5793 2878 5866 diligebat
2908 5795 3089 5867 (Joau.
3122 5814 3249 5865 χιιι,
3281 5800 3403 5871 9-3),

1813 5979 1843 6025 b
1877 5917 1986 5965 'Sic
2034 5926 2135 5968 \lss.
2185 5930 2237 5974 At
2282 5923 2396 5973 editi
2452 5938 2571 5987 pro,
2617 5940 2742 5988 non,
2799 5930 3011 5990 habent,
3058 5928 3200 5983 etim.
3254 5929 3403 5983 Minus

1847 5990 1960 6025 cae.

1847 5990 1960 6027 cae.
