4048 6516
564 385 665 439 367

565 501 626 554 Si
649 498 950 564 dixerimus,
983 496 1184 566 inquit,
1217 494 1334 562 quia
1361 503 1620 566 peccatum
1651 511 1748 546 tton
1778 495 2034 553 habemus,
2061 509 2150 545 nos

562 593 699 662 ipsos
718 590 993 660 decipimus
1013 631 1027 655 ,
1057 597 1104 642 et
1135 589 1317 641 veritas
1345 587 1396 641 in
1432 588 1576 641 nobis
1609 604 1708 640 non
1736 597 1806 641 est
1840 585 1892 657 (Ι
1921 587 2076 638 Jomt.
2105 602 2150 649 t,

560 683 636 754 8).
672 681 726 736 ln
759 679 901 735 omni
929 689 1108 734 autem
1140 686 1383 748 peccato,
1413 678 1533 748 plus
1564 679 1615 732 in
1647 678 1868 746 majore,
1903 678 2078 730 minus
2101 676 2152 730 in

561 777 766 830 minore
785 814 800 841 ,
832 782 1010 828 tamen
1041 781 1228 827 contra
1257 771 1521 841 justitiam
1547 771 1962 841 concupiscitur.
1993 769 2061 824 Et
2085 767 2152 824 de

556 865 772 920 Christo
811 863 1070 935 scriptum
1103 870 1186 917 est
1211 879 1224 914 :
1255 861 1356 930 Qui
1385 865 1550 933 {actus
1578 871 1649 916 est
1678 861 1820 915 nobis
1850 860 2098 929 sapientia
2121 876 2154 913 a

569 956 686 1020 Deo,
714 964 758 1010 et
775 955 980 1027 justitia
1001 997 1014 1020 ,
1044 963 1089 1008 et
1114 953 1472 1022 sanctiﬁcatio,
1497 962 1543 1006 et
1573 953 1849 1021 redemptio
1879 952 1927 1023 (l
1957 950 2076 1006 Cor.
2102 967 2149 1019 t,

557 1047 669 1118 50).
698 1046 756 1102 In
783 1047 931 1102 omni
959 1046 1118 1117 igitur
1148 1052 1372 1116 peccato
1400 1052 1584 1099 contra
1614 1044 1886 1099 Christum
1911 1043 2026 1098 sine
2051 1042 2152 1097 du-

556 1141 648 1194 bio
685 1141 1082 1209 concupiscitur
1124 1157 1137 1194 :
1175 1137 1268 1194 sed
1310 1137 1398 1208 qui
1439 1146 1593 1191 sanat
1635 1151 1822 1190 omnes
1869 1136 2151 1205 languores

557 1239 775 1286 nostros
806 1228 979 1302 (Psai.
1016 1244 1113 1296 cn,
1146 1229 1200 1302 ὅ)
1224 1271 1236 1295 ,
1271 1244 1394 1283 cum
1423 1227 1732 1300 perduxerit
1759 1227 2057 1282 Ecclesiam
2083 1226 2150 1281 ad

558 1325 878 1394 promissam
910 1324 1182 1395 languoris
1206 1323 1521 1389 sanitatem,
1562 1328 1688 1376 tunc
1720 1321 1772 1374 in
1799 1320 1944 1374 nullo
1982 1335 2152 1374 mem-

558 1417 778 1472 brorum
805 1416 920 1487 ejus
945 1415 1234 1487 quamlibet
1271 1415 1487 1470 minima
1529 1417 1634 1470 crit
1676 1415 1779 1469 ulla
1819 1415 2024 1468 macula
2058 1422 2151 1468 aut

559 1523 709 1578 ruga.
750 1507 901 1563 Tunc
935 1507 1083 1562 nullo
1119 1507 1280 1562 modo
1307 1521 1432 1562 caro
1458 1507 1716 1563 adversus
1741 1507 1985 1576 spiritum
2015 1522 2148 1561 con-

558 1599 831 1668 cupiscet;
855 1606 910 1652 et
930 1597 1050 1652 ideo
1071 1597 1218 1652 nulla
1238 1597 1340 1652 erit
1358 1613 1519 1653 causa
1539 1612 1634 1652 cur
1653 1596 1910 1652 adversus
1931 1612 2148 1652 carnem

558 1693 720 1747 etiam
744 1691 962 1762 spiritus
981 1691 1344 1762 concupiscat.
1367 1689 1518 1744 Tunc
1537 1689 1698 1744 ﬁnem
1722 1689 1951 1760 accipiet
1975 1689 2148 1744 omnis

559 1783 676 1839 lucc
704 1799 914 1855 pugna,
947 1791 1074 1838 tunc
1111 1782 1388 1838 ambarum
1422 1783 1840 1838 substantiarum
1867 1783 1972 1838 erit
1999 1796 2148 1836 sum-

556 1890 644 1930 ma
666 1874 950 1930 concordia
975 1892 988 1928 :
1013 1882 1138 1929 tunc
1163 1889 1330 1944 usque
1357 1873 1492 1929 adeo
1521 1874 1593 1928 ibi
1623 1874 1801 1929 nullus
1823 1875 1925 1929 erit
1954 1887 2149 1928 carna-

557 1967 645 2032 lis,
676 1978 731 2022 ut
758 1968 918 2022 etiam
941 1981 1067 2022 caro
1089 1967 1202 2037 ipsa
1230 1967 1299 2020 sit
1326 1966 1637 2036 spiritualis.
1668 1965 1821 2034 Quod
1848 1980 1976 2036 ergo
2007 1979 2148 2020 nunc

556 2061 668 2130 agit
695 2075 816 2115 cum
856 2074 1020 2114 carne
1048 2073 1143 2113 sua
1177 2059 1404 2128 quisque
1441 2058 1735 2113 secundum
1765 2057 2036 2113 Christum
2068 2056 2148 2112 vi-

556 2166 723 2218 vens,
753 2165 876 2206 cum
906 2157 960 2205 et
985 2149 1314 2220 concupiscit
1348 2149 1608 2205 adversus
1642 2149 1759 2219 ejus
1788 2150 1981 2207 malam
2016 2165 2142 2204 con-

555 2242 963 2313 cupiscentiam,
991 2257 1151 2313 quam
1174 2243 1189 2273 ¹
1212 2241 1505 2297 sanandam
1533 2243 1802 2309 continet,
1830 2258 1987 2312 quam
2015 2257 2150 2297 non-

555 2334 684 2390 dum
729 2343 968 2390 sanatam
1020 2343 1200 2399 tenet;
1246 2343 1302 2390 et
1350 2343 1526 2390 tamen
1576 2334 1692 2405 ejus
1736 2335 1930 2389 bonam
1983 2335 2148 2389 nutrit

557 2435 800 2482 naturam
841 2428 1087 2498 fovetque
1114 2468 1129 2493 ,
1179 2428 1432 2498 quoniam
1482 2444 1628 2482 nemo
1677 2445 1901 2498 unquam
1942 2445 2147 2482 carnem

555 2540 700 2577 suam
727 2522 846 2577 odio
876 2522 1051 2576 habuit
1078 2521 1297 2593 (Ep/tes.
1327 2538 1380 2589 v,
1410 2521 1502 2594 9.9)
1534 2540 1546 2576 :
1572 2521 1671 2576 hoc
1695 2523 1853 2577 etiam
1886 2522 1994 2593 agit
2024 2537 2146 2576 cum

555 2617 792 2672 Ecclesia
821 2616 1087 2683 Christus,
1120 2626 1374 2686 quantum
1399 2615 1477 2670 fas
1499 2625 1580 2671 est
1605 2631 1919 2686 comparare
1939 2614 2147 2671 minora

554 2711 863 2781 majoribus.
899 2709 1033 2765 Nam
1073 2718 1127 2765 et
1163 2709 1590 2779 correptionibus
1619 2723 1738 2763 eam
1777 2709 2050 2778 reprimit,
2079 2723 2149 2764 ne

552 2803 871 2872 impunitate
895 2801 1077 2856 inﬂata
1097 2800 1396 2868 dissiliat’;
1421 2808 1475 2856 et
1493 2800 1949 2856 consolationibus
1969 2801 2144 2871 erigit,

555 2912 624 2951 ne
651 2905 868 2967 gravata
895 2895 1205 2950 inﬁrmitate
1227 2894 1559 2949 succumbat.
1588 2893 1724 2948 llinc
1747 2902 1830 2948 est
1858 2893 1982 2948 illud
2005 2895 2148 2963 Apo-

551 2989 675 3043 stoli
714 3006 727 3042 :
752 2986 814 3042 Si
847 2987 982 3041 enim
1009 3003 1100 3040 nos
1129 2986 1266 3055 ipsos
1296 2985 1694 3056 dijudicaremus
1713 3024 1728 3050 ,
1758 3001 1858 3038 non
1886 2984 2148 3054 judicare-

552 3095 665 3132 mur
689 3093 708 3132 :
731 3093 846 3130 cum
867 3076 1172 3145 judicamur
1199 3086 1386 3141 autent,
1419 3093 1449 3128 a
1483 3075 1700 3129 Domino
1731 3075 2056 3144 corripimur,
2087 3091 2148 3129 ne

549 3187 664 3225 cum
685 3170 778 3224 hoc
798 3170 983 3223 mundo
997 3167 1292 3222 damnentur
1317 3168 1365 3240 (ι
1390 3167 1506 3222 Cor.
1538 3184 1610 3234 ιι,
1635 3169 1695 3222 3i
1718 3177 1764 3221 et
1786 3166 1897 3236 52).
1926 3169 1992 3221 Et
2017 3167 2145 3222 illttd

552 3263 605 3318 in
633 3263 850 3318 Psalmo
881 3280 892 3315 :
927 3260 1223 3317 Secundum
1261 3260 1634 3314 multitudinem
1661 3261 1893 3314 dolorum
1921 3277 2147 3314 meorum

550 3355 606 3408 in
631 3354 784 3407 corde
812 3369 940 3418 meo,
979 3351 1346 3405 consolationes
1375 3361 1474 3404 tua:
1489 3351 1902 3421 jucunduverunt
1923 3352 2146 3404 animum

551 3460 716 3497 meam
740 3441 911 3516 (Psal.
937 3457 1088 3508 xcm,
1116 3441 1224 3512 19).
1249 3441 1396 3496 Tunc
1419 3457 1545 3512 ergo
1567 3442 1828 3510 Speranda
1857 3450 1943 3496 est
1969 3443 2145 3498 carnis

552 3543 753 3590 nostra:
775 3535 891 3588 sine
909 3533 1009 3587 ulla
1035 3535 1416 3604 repugnatione
1439 3531 1672 3602 perfecta
1695 3533 1915 3598 sanitas,
1933 3537 2146 3599 quando

551 3626 654 3680 erit
681 3625 938 3680 Ecclesiae
965 3623 1162 3678 Christi
1184 3624 1301 3679 sine
1329 3624 1440 3679 ullo
1469 3624 1660 3679 timore
1689 3633 1834 3678 certa
1862 3625 2142 3680 securitas.

622 3716 848 3772 CAPUT
873 3715 1070 3770 Xll.-—-
1092 3715 1181 3770 26.
1199 3714 1515 3770 Continentia
1533 3715 1585 3767 Μ
1593 3715 1935 3769 anicltworum
1952 3725 1996 3770 et
2013 3718 2143 3771 alio-

551 3827 664 3865 runt
691 3809 1044 3881 quorumdam,
1074 3809 1352 3880 prtesertitn
1375 3808 1727 3862 Itazreticorunt
1747 3849 1761 3874 ,
1787 3808 1942 3878 falsa.
1974 3808 2147 3862 Comi.

550 3906 719 3959 nantia
744 3904 861 3957 item
882 3903 1215 3973 quorumdam
1244 3901 1541 3964 immunda,
1575 3910 1628 3954 ut
1658 3919 1747 3972 per
1767 3899 1991 3972 magicas
2013 3910 2146 3954 artes

552 3995 842 4066 perveniant
889 3993 956 4047 ad
1003 4010 1186 4048 uxores
1233 3992 1446 4047 alienas.
1499 3991 1622 4046 [huc
1668 3992 1924 4047 adversus
1972 3992 2144 4046 Mani-

550 4086 732 4142 chaaos
762 4085 1026 4140 fallaciter
1067 4087 1405 4140 continentes
1425 4125 1441 4150 ,
1475 4100 1571 4154 pro
1602 4085 1778 4139 veraci
1820 4086 2144 4139 continentia

553 4179 856 4249 disputasse
891 4177 1202 4245 suﬁ‘ecerit,
1244 4193 1313 4233 ne
1351 4177 1696 4232 continentiae
1741 4179 2047 4233 fructuosus
2093 4188 2145 4234 et

551 4273 818 4344 gloriosus
859 4271 1047 4337 labor,
1095 4280 1298 4341 parteut
1345 4270 1581 4324 inﬁmam
1630 4279 1903 4336 nostram,
1946 4270 1996 4325 id
2028 4280 2144 4337 est,

551 4380 770 4435 corpus,
787 4362 998 4434 quando
1015 4362 1082 4417 ab
1105 4361 1468 4417 immoderatis
1491 4372 1544 4416 et
1567 4361 1766 4416 illicitis
1786 4363 2146 4432 voluptatibus

553 4457 770 4513 cohibet
797 4466 852 4512 et
879 4455 1112 4512 refrenat
1131 4497 1146 4522 ,
1177 4471 1285 4509 non
1314 4455 1598 4510 salubriter
1624 4456 1914 4526 castigare,
1945 4457 2039 4510 sed
2067 4457 2146 4511 iu-

553 4549 748 4605 seetari
777 4548 1030 4604 credatur
1072 4547 1359 4602 hostiliter.
1400 4547 1608 4616 Corpus
1638 4549 1836 4618 quippe
1873 4550 1940 4604 ab
1981 4551 2145 4605 animi

550 4652 632 4698 est
671 4641 887 4713 quidem
927 4649 1118 4696 natura
1162 4640 1430 4696 diversum
1457 4682 1472 4705 ,
1513 4640 1606 4695 sed
1653 4657 1756 4696 non
1787 4651 1871 4696 est
1895 4659 1923 4696 a
1957 4653 2144 4699 natura

551 4735 786 4790 hominis
811 4736 1064 4790 alienum.
1105 4733 1221 4788 Non
1259 4734 1402 4788 enim
1437 4735 1646 4788 anintus
1683 4746 1891 4790 constat
1926 4754 1990 4790 cx
2021 4753 2144 4792 cor-

550 4847 716 4902 pore;
747 4829 841 4885 sed
872 4837 1049 4883 tamen
1083 4827 1245 4882 homo
1271 4842 1336 4881 ex
1367 4828 1548 4881 animo
1569 4837 1779 4883 constat
1804 4839 1859 4885 et
1880 4846 2141 4900 corpore:

547 4932 602 4978 et
631 4924 816 4992 utique
847 4921 987 4975 Deus
1011 4933 1174 4989 quem
1193 4917 1407 4985 liberat,
1434 4928 1602 4972 totum
1632 4919 1902 4974 hominem
1928 4922 2139 4976 liberat.

549 5012 705 5069 Unde
735 5020 903 5068 totum
946 5010 1220 5066 hominem
1248 5009 1407 5063 etiam
1435 5007 1682 5064 Salvator
1722 5010 1835 5078 ipse
1873 5014 2138 5082 suscepit,

549 5105 796 5174 dignatus
823 5104 875 5158 in
903 5102 1058 5157 nobis
1087 5109 1257 5156 totum
1285 5100 1514 5156 liberare
1544 5099 1685 5170 quod
1713 5100 1855 5155 fecit.
1880 5103 1980 5168 Qui
2017 5119 2145 5156 con-

552 5209 632 5251 tra
661 5197 816 5250 istam
848 5197 1085 5251 sentiunt
1107 5195 1420 5257 veritatem,
1451 5192 1578 5264 quid
1609 5193 1686 5248 eis
1718 5193 1934 5263 prodest
1962 5195 2142 5250 libidi-

553 5301 652 5342 nes
681 5287 992 5342 continere?
1017 5287 1060 5341 si
1085 5296 1259 5343 tamen
1283 5287 1487 5357 aliquas
1507 5287 1804 5341 continent.
1828 5286 1965 5352 Quid
1990 5287 2042 5341 in
2066 5289 2144 5342 eis

554 5396 650 5451 per
678 5379 1060 5434 continentiam
1090 5390 1264 5448 potest
1302 5381 1415 5434 ﬁeri
1443 5379 1722 5443 mundum,
1755 5395 1983 5450 quorum
2010 5396 2143 5434 con-

554 5467 779 5523 tinentia
807 5468 925 5522 talis
954 5468 1224 5522 immunda
1251 5469 1370 5523 est?
1398 5484 1517 5538 quae
1547 5486 1647 5526 nec
1685 5473 2013 5526 continentia
2044 5487 2144 5526 no-

556 5559 808 5616 minanda
838 5571 938 5616 est.
969 5560 1181 5615 Sentire
1207 5561 1402 5631 quippe
1431 5564 1572 5632 quod
1599 5567 1869 5633 sentiunt,
1899 5569 2043 5621 virus
2066 5578 2147 5623 est

556 5652 789 5719 diaboli;
817 5650 1145 5708 continentia
1169 5668 1297 5709 vero
1328 5670 1518 5709 munus
1543 5667 1623 5712 est
1648 5659 1758 5714 Dei.
1788 5660 1936 5715 Sicut
1967 5672 2143 5715 autem

623 5787 637 5850 ἲ
669 5793 768 5850 Duo
784 5795 908 5846 1tss.,
933 5782 1176 5850 mioniam,
1202 5792 1298 5845 Er.,
1319 5786 1526 5848 quando.

623 5849 644 5880 ί
663 5844 852 5908 Aiiquot
867 5844 994 5908 nisi,
1018 5847 1180 5898 (ii-$5011
1193 5854 1254 5898 at.

1655 378 1742 433 Ι)ιί
1780 374 2260 444 CONTINENTIA,
2302 376 2357 433 S.
2403 377 2768 436 AUGUSTINI
3735 394 3824 450 κε

2266 509 2370 550 non
2402 498 2576 552 omnis
2607 500 2693 569 qui
2725 501 2920 571 aliquid
2950 504 3176 572 patitur,
3206 517 3298 562 aut
3335 510 3600 580 quoslibet
3635 513 3826 573 dolum

2263 590 2674 648 tolerantissime
2697 595 2911 664 patitur,
2939 597 3096 653 habet
3113 615 3231 655 eam
3258 602 3533 670 virtutem,
3555 620 3673 675 qua:
3693 609 3822 662 simi-

2260 683 2378 738 liter
2411 685 2501 740 Dei
2538 703 2729 744 munus
2767 699 2875 755 est,
2908 701 2962 748 et
2999 694 3252 762 patientia
3281 706 3621 767 nuncupatur
3653 702 3822 757 :ntulti

2259 777 2401 830 enim
2430 779 2654 834 tolerant
2689 783 2852 836 multa
2883 794 3142 840 tormenta
3165 827 3180 852 ,
3210 804 3277 844 ne
3305 789 3358 843 in
3387 791 3500 845 suis
3529 793 3822 851 criminibus

2259 868 2488 936 prodant
2529 881 2619 926 aut
2655 875 2794 930 male
2829 876 2930 930 sibi
2959 879 3238 946 conscios,
3272 889 3365 935 aut
3388 895 3447 937 se
3483 883 3664 954 ipsos;
3690 887 3821 942 multi

2259 971 2355 1026 pro
2377 961 2654 1030 explendis
2679 965 3068 1022 ardentissimis
3090 969 3491 1038 libidinibus,et
3513 974 3819 1040 obtinendis,

2256 1049 2340 1103 vel
2378 1067 2484 1106 tton
2513 1053 2873 1124 relinquendis
2915 1058 2995 1113 eis
3039 1059 3198 1114 rebus
3231 1061 3423 1131 quibus
3456 1055 3674 1118 vinculo
3698 1069 3823 1135 pravi

2255 1142 2454 1197 amoris
2481 1143 2720 1200 obstricti
2751 1156 2904 1214 sunt;
2935 1149 3085 1204 multi
3113 1165 3209 1220 pro
3233 1151 3460 1208 diversis
3487 1163 3544 1208 et
3574 1157 3818 1223 pernicio-

2255 1231 2364 1298 sis,
2410 1234 2602 1303 quibus
2640 1237 2987 1294 vehementer
3024 1248 3305 1308 tenentur,
3354 1245 3662 1311 erroribus;
3706 1262 3821 1317 quos

2255 1337 2445 1379 omnes
2485 1327 2621 1381 absit
2661 1338 2720 1384 ut
2763 1345 2943 1386 veram
2988 1333 3226 1389 dicamus
3254 1335 3453 1391 habere
3484 1339 3818 1407 patientiam:

2256 1414 2326 1468 ita
2358 1431 2462 1470 non
2493 1419 2670 1472 omnis
2693 1421 2781 1489 qui
2823 1421 3022 1492 aliquid
3065 1426 3334 1492 continet,
3378 1428 3463 1482 vel
3505 1429 3648 1498 ipsas
3682 1431 3819 1485 etiam

2255 1511 2431 1564 carnis
2457 1521 2548 1566 aut
2573 1513 2737 1567 animi
2765 1514 3012 1571 libidines
3039 1518 3357 1575 mirabiliter
3381 1522 3659 1589 continet,
3687 1525 3820 1578 istam

2255 1601 2659 1670 continentiam,
2683 1605 2749 1660 de
2771 1607 2924 1676 cujus
2945 1608 3176 1665 utilitate
3200 1619 3255 1665 et
3279 1611 3478 1668 decore
3504 1613 3816 1678 disserimus,

2257 1692 2453 1749 habere
2473 1693 2732 1751 dicendus
2751 1707 2854 1752 est.
2878 1699 3104 1765 Quidam
3125 1701 3290 1767 enim,
3313 1702 3456 1772 quod
3482 1704 3818 1760 mirunrdictu

2257 1783 2422 1840 videri
2441 1795 2638 1855 potest,
2671 1803 2766 1858 per
2795 1789 3130 1846 incontinent
3151 1807 3238 1846 am
3268 1807 3329 1848 se
3356 1795 3667 1860 continent;
3697 1797 3818 1850 velut

2257 1877 2300 1930 si
2327 1893 2384 1932 se
2410 1879 2603 1932 mulier
2624 1881 2896 1936 contineat
2915 1899 2944 1936 a
2968 1884 3180 1952 marito,
3202 1884 3325 1955 quia
3347 1884 3452 1940 hoc
3476 1885 3673 1955 juravit
3691 1888 3818 1942 adul-

2259 1979 2390 2024 tero.
2415 1969 2642 2036 Quidam
2668 1986 2762 2041 per
2782 1972 3115 2042 injustitiam.
3139 1975 3285 2030 velut
3321 1977 3366 2030 si
3396 1977 3658 2032 miscendi
3684 1994 3817 2032 sexus

2256 2074 2363 2114 non
2407 2060 2594 2115 reddat
2638 2062 2834 2131 conjux
2877 2064 3089 2134 conjugi
3134 2064 3408 2132 debitum,
3448 2068 3579 2137 quia
3609 2067 3716 2138 ipse
3748 2071 3815 2122 vel

2255 2152 2368 2224 ipsa
2407 2152 2518 2224 jam
2558 2164 2730 2226 potest
2767 2156 2984 2212 vincere
3028 2157 3187 2214 talem
3231 2160 3478 2229 corporis
3523 2162 3813 2231 appetitum.

2255 2241 2388 2299 Item
2431 2244 2646 2316 quidam
2689 2247 2964 2302 continent
3007 2247 3219 2319 decepti
3259 2248 3364 2305 ﬁde
3407 2249 3582 2317 falsa,
3621 2261 3672 2306 et
3705 2269 3815 2306 vana

2257 2347 2564 2408 sperantes,
2601 2347 2655 2394 et
2690 2355 2824 2393 vana
2852 2348 3123 2396 sectantes
3155 2357 3167 2394 :
3200 2342 3251 2396 in
3282 2341 3478 2410 quibus
3505 2352 3630 2398 sunt
3657 2358 3818 2397 omnes

2255 2428 2496 2485 haeretici
2518 2471 2534 2496 ,
2563 2439 2617 2486 et
2645 2430 2967 2502 quicumque
2992 2432 3091 2487 sub
3116 2433 3332 2488 nomine
3367 2433 3644 2504 religionis
3667 2435 3818 2504 aliquo

2255 2535 2442 2576 errore
2477 2520 2755 2587 falluntur;
2795 2539 3023 2594 quorum
3064 2525 3394 2580 continentia
3436 2541 3567 2580 vera
3598 2535 3757 2587 esset,
3781 2527 3816 2577 si

2255 2622 2402 2669 esset
2427 2622 2482 2669 et
2510 2614 2642 2670 ﬁdes
2665 2630 2787 2669 vera
2815 2633 2827 2668 :
2855 2631 2975 2670 cum
2998 2632 3126 2672 vero
3157 2617 3243 2670 illa
3275 2626 3563 2688 propterea
3592 2635 3686 2674 nec
3708 2618 3818 2673 ﬁdes

2255 2705 2326 2760 sit
2351 2706 2666 2776 appellanda
2689 2749 2703 2773 ,
2735 2708 2859 2776 quia
2890 2707 3022 2762 falsa
3051 2717 3154 2774 cst,
3173 2709 3288 2764 sine
3317 2709 3484 2765 dubio
3513 2721 3569 2765 et
3593 2711 3686 2765 ista
3707 2726 3813 2765 eon-

2257 2798 2494 2854 tinentia:
2531 2801 2746 2855 nomine
2786 2801 3000 2870 indigna
3040 2810 3142 2856 est.
3184 2801 3452 2872 Numquid
3488 2805 3630 2858 enim
3669 2805 3814 2859 conti-

2255 2893 2492 2947 nentiam
2517 2893 2556 2960 ί,
2580 2908 2736 2963 quam
2760 2909 2952 2948 munus
2975 2895 3065 2948 Dei
3088 2893 3366 2970 verissime
3382 2895 3634 2962 dicimus,
3657 2897 3815 2951 dicturi

2257 2997 2444 3037 sumus
2469 2999 2588 3038 esse
2616 2993 2890 3053 peccatum
2913 2987 2936 3037 ’ί
2966 2984 3121 3039 Absit
3147 3000 3176 3039 a
3207 2986 3408 3040 nostris
3446 2987 3696 3042 cordibus
3728 2997 3812 3040 tam

2255 3073 2572 3128 detestanda
2612 3075 2903 3130 dementia.
2946 3076 3141 3130 Beatus
3185 3086 3360 3130 autem
3404 3078 3690 3147 Apostolus
3725 3078 3812 3141 ait,

2260 3163 2423 3219 Omne
2446 3167 2582 3238 quod
2620 3185 2719 3221 non
2747 3178 2817 3220 est
2843 3185 2904 3221 ea:
2931 3169 3032 3236 [ide
3053 3209 3068 3235 ,
3106 3180 3365 3239 peccatum
3403 3181 3478 3224 est
3517 3170 3684 3242 (Rom.
3721 3187 3812 3233 xw,

2254 3256 2370 3330 25).
2413 3259 2541 3326 Quae
2579 3257 2739 3328 igitur
2786 3274 2894 3314 non
2937 3259 3096 3314 habet
3139 3259 3330 3328 ﬁdem,
3377 3277 3482 3316 nec
3525 3263 3814 3318 continentia

2256 3350 2579 3405 nominanda
2605 3359 2707 3404 est.

2326 3442 2414 3496 27.
2449 3443 2581 3498 Sunt
2610 3443 2769 3498 etiam
2801 3445 2888 3514 qui
2919 3454 3101 3513 aperte
3141 3445 3386 3514 malignis
3421 3447 3702 3502 sorvicndo
3723 3445 3813 3498 da:-

2257 3537 2522 3601 monibus,
2561 3553 2590 3591 a
2631 3539 2871 3606 corporis
2914 3538 3270 3606 voluptatibus
3313 3541 3610 3604 continent,
3653 3548 3703 3592 ιιι
3741 3552 3816 3606 per

2255 3644 2350 3682 eos
2397 3629 2645 3698 expleant
2689 3628 2916 3682 nefarias
2955 3630 3276 3699 voluptates,
3318 3648 3546 3700 quntum
3596 3634 3815 3700 impetum

2256 3721 2609 3790 ardoremque
2659 3737 2763 3774 non
2806 3722 3100 3776 continent.
3148 3721 3300 3776 Unde
3331 3731 3388 3777 ut
3415 3723 3613 3794 aliquid
3648 3725 3810 3783 dicant,

2257 3823 2311 3868 et
2355 3823 2548 3867 cartcra
2595 3823 2810 3882 prepter
2859 3813 3120 3867 sermonis
3177 3815 3563 3883 longitudinem
3610 3827 3811 3874 taceant;

2258 3905 2472 3974 quidam
2508 3920 2610 3957 non
2640 3906 2904 3974 attingunt
2933 3905 3093 3958 etiam
3129 3921 3322 3959 uxores
3347 3920 3495 3971 suas,
3532 3908 3652 3960 dum
3692 3903 3811 3973 quasi

2258 3998 2441 4052 tnundi
2469 4014 2560 4067 per
2582 3999 2810 4066 magicas
2833 4007 2974 4052 artes
3004 3998 3285 4066 pervenire
3305 3998 3371 4051 ad
3399 4013 3603 4054 uxores
3629 3997 3815 4052 moliun-

2258 4098 2343 4143 tur
2365 4089 2583 4143 alicnas.
2609 4089 2652 4143 Ο
2675 4089 2969 4143 mirabilem
3015 4089 3419 4155 continentiam,
3456 4089 3566 4143 imo
3594 4103 3711 4143 vero
3743 4102 3815 4140 ne-

2258 4181 2477 4251 quitiam
2499 4188 2658 4249 atque
2682 4180 3070 4234 immunditiam
3092 4181 3446 4250 singularem!
3477 4183 3536 4236 Si
3556 4183 3688 4235 enim
3713 4192 3812 4230 vera

2258 4283 2400 4327 esset
2425 4273 2774 4339 continentia,
2811 4273 2980 4342 magis
3017 4273 3085 4326 ab
3120 4273 3404 4339 adulterio,
3444 4290 3605 4343 quam
3631 4279 3815 4343 propter

2259 4364 2581 4418 adulterium
2630 4364 3066 4434 perpetrandum,
3096 4365 3272 4418 carnis
3296 4364 3716 4434 concupiscentia
3743 4361 3816 4415 de-

2260 4458 2372 4512 buit
2399 4474 2428 4511 a
2457 4459 2703 4526 conjugio
2733 4457 3026 4509 continere.
3067 4455 3212 4509 llanc
3243 4456 3436 4524 quippe
3464 4455 3814 4524 concupiscen-

2261 4549 2384 4603 tiatn
2408 4547 2584 4602 carnis
2607 4547 2848 4600 relaxare
2869 4546 3006 4600 solet
3035 4547 3361 4600 continentia
3383 4545 3692 4616 conjugalis,
3708 4542 3816 4612 ejus-

2257 4656 2360 4710 que
2393 4641 2554 4694 frenis
2586 4638 2846 4693 hactenus
2873 4637 3213 4692 moderamen
3243 4638 3537 4708 imponere,
3569 4647 3624 4691 ut
3655 4649 3742 4690 nec
3775 4632 3815 4685 in

2260 4733 2375 4801 ipso
2419 4729 2666 4800 conjugio
2703 4727 3052 4783 immoderata
3100 4728 3313 4782 licentia
3363 4727 3633 4782 diiﬁuatur
3664 4727 3702 4788 ³,
3740 4719 3815 4775 sed

2259 4821 2588 4876 custodiatur
2617 4819 2827 4886 modus,
2875 4828 2962 4873 aut
3001 4819 3298 4872 inﬁrmitati
3345 4819 3587 4887 conjugis
3614 4815 3813 4876 debitus,

2260 4914 2343 4968 cui
2373 4913 2476 4968 hoc
2502 4927 2608 4967 non
2639 4910 2930 4966 secundum
2974 4910 3257 4980 imperium
3304 4911 3583 4979 praecipit,
3626 4908 3712 4963 sed
3745 4921 3818 4958 se

2259 5005 2491 5060 cundum
2537 5004 2745 5058 veniam
2774 5002 3018 5058 concedit
3048 5003 3335 5071 Apostolus
3369 5003 3428 5074 (Ι
3460 5003 3576 5056 Cor.
3605 5017 3698 5062 vn,
3728 4997 3812 5061 6);

2258 5108 2350 5152 aut
2382 5098 2503 5151 tiliis
2549 5097 2892 5166 procreandis
2939 5096 3396 5162 accommodatus,
3439 5111 3559 5164 qua:
3602 5108 3698 5148 una
3742 5089 3817 5142 fuit

2260 5206 2419 5246 causa
2468 5190 2756 5244 miscendm
2793 5190 3020 5244 invicem
3062 5190 3238 5242 carnis
3279 5198 3333 5242 et
3394 5188 3626 5257 patribus
3675 5197 3817 5252 quon-

2259 5281 2380 5335 dam
2408 5291 2462 5335 et
2491 5281 2748 5336 matribus
2778 5283 2995 5334 sanctis.
3029 5281 3083 5334 ltl
3112 5289 3288 5333 autetn
3330 5279 3529 5334 faciens
3567 5278 3813 5334 continen-

2262 5374 2354 5440 tia,
2384 5374 2434 5427 id
2462 5382 2564 5440 est,
2613 5373 2896 5427 moderans
2935 5381 2990 5426 et
3030 5372 3258 5442 quodam
3307 5372 3467 5426 modo
3516 5370 3735 5424 limitans
3775 5363 3811 5414 in

2260 5465 2576 5538 conjugibus
2623 5467 2800 5521 carnis
2848 5465 3362 5536 concupiscct'ttiam,
3389 5474 3443 5520 et
3487 5463 3601 5533 ejus
3641 5457 3806 5528 inquic‘

2264 5569 2371 5614 tum
2401 5569 2559 5629 atque
2592 5559 2946 5613 inordinatum
2978 5567 3180 5612 motum
3224 5559 3385 5611 certis
3415 5556 3640 5627 quodam
3680 5545 3804 5604 modi

2264 5652 2452 5706 ﬁnibus
2476 5652 2748 5716 ordinans,
2780 5651 2915 5706 bene
2943 5652 3105 5705 utitur
3130 5649 3361 5704 hominis
3392 5649 3551 5715 malo,
3579 5659 3724 5718 quem
3751 5639 3810 5693 ίιι·

2329 5793 2340 5821 ι
2364 5789 2496 5844 Fditi,
2527 5787 2860 5836 continentiam
2885 5785 3017 5849 ﬁdei.
3049 5787 3199 5843 ὠθεῖ,
3230 5783 3363 5847 ﬁcti,
3390 5797 3419 5833 a
3445 5791 3546 5833 κει.

2329 5855 2345 5881 ²
2364 5862 2463 5900 ttun
2490 5860 2614 5905 νδδ..
2644 5849 2846 5909 ιίὶίίΙιαει.
