4048 6514
226 506 317 562 569

225 629 287 677 rit
314 630 364 675 et
391 621 505 675 vult
537 618 792 689 perﬁcere
821 616 1018 672 bonum
1048 633 1061 669 :
1102 615 1237 669 sicut
1275 614 1413 668 Deus
1447 611 1609 665 utitur
1636 611 1795 665 etiam

224 710 520 767 hominibus
579 711 777 774 malis,
826 717 1040 780 propter
1088 721 1182 763 eos
1244 721 1379 775 quos
1433 702 1636 774 perlicit
1705 702 1797 756 bo-

224 820 330 859 nos.

288 895 509 953 CAPUT
541 894 750 949 Xlll.—
769 893 859 948 28.
887 892 1208 949 Continentia
1234 907 1334 944 non
1358 898 1551 942 tantum
1571 887 1801 941 libidines

224 988 459 1056 corporis,
490 987 581 1040 sed
610 995 656 1039 et
681 985 839 1038 animi
863 983 1165 1053 cupiditates
1190 990 1379 1034 coercet
1414 989 1461 1032 et
1500 978 1646 1048 regit.
1682 975 1799 1029 Μο-

225 1090 296 1131 tus
314 1078 498 1131 animte
518 1076 660 1147 pravi
694 1074 1000 1129 continentia
1022 1071 1284 1127 cohibendi
1299 1113 1312 1137 ,
1340 1079 1519 1141 negato
1557 1084 1803 1122 consensu

225 1184 265 1225 et
293 1172 477 1242 rejecta
514 1171 591 1225 vel
634 1169 952 1240 cogitationis
980 1167 1327 1221 delectatione.
1377 1164 1531 1219 Absit
1575 1177 1704 1232 ergo
1746 1171 1803 1215 ut

228 1262 625 1327 Continentiam,
654 1261 723 1315 de
751 1275 855 1329 qua
894 1259 1167 1328 Scriptura
1199 1257 1361 1320 dicit,
1396 1254 1461 1308 Et
1507 1255 1599 1308 hoc
1636 1255 1803 1324 ipsum

224 1364 322 1407 erat
357 1354 641 1423 sapientiae,
673 1352 803 1406 scire
841 1352 989 1421 cujus
1018 1359 1145 1403 esset
1170 1350 1265 1402 hoc
1291 1349 1481 1401 donum
1508 1346 1662 1417 (Sap.
1686 1360 1797 1409 Vill,

225 1448 280 1502 9|
306 1447 345 1519 ),
374 1448 537 1501 etiam
569 1461 663 1501 eos
694 1445 889 1500 habere
918 1444 1189 1509 dicamus,
1217 1442 1307 1511 qui
1346 1438 1688 1500 continendo,
1720 1437 1803 1491 vel

224 1539 490 1593 erroribus
508 1538 766 1602 serviunt,
785 1538 868 1591 vel
886 1537 1091 1606 aliquas
1108 1536 1339 1589 minores
1356 1531 1669 1601 cupiditates
1686 1529 1802 1582 ideo

225 1632 466 1692 vincunt,
500 1638 559 1683 ut
588 1629 722 1683 alias
750 1628 1000 1697 expleant
1026 1667 1040 1691 ,
1091 1639 1313 1695 quarum
1353 1621 1653 1693 granditate
1681 1618 1799 1673 vin-

224 1730 428 1774 cuntur.
461 1720 537 1774 Ea
563 1734 692 1773 vero
720 1734 840 1789 quae
868 1733 995 1771 vera
1023 1724 1103 1771 est
1134 1715 1363 1783 desuper
1388 1712 1608 1767 veniens
1632 1708 1801 1764 conti-

224 1811 416 1874 nentia,
450 1826 555 1864 non
582 1810 700 1863 aliis
729 1809 882 1863 malis
912 1808 1047 1862 mala
1082 1820 1324 1875 premere
1353 1804 1475 1868 alia,
1524 1801 1619 1857 sed
1651 1799 1801 1855 bonis

224 1903 353 1957 mala
380 1918 579 1957 sanare
608 1902 721 1956 vult
760 1901 958 1955 omnia.
986 1899 1150 1968 Cujus
1196 1905 1253 1951 ut
1290 1896 1522 1950 breviter
1558 1892 1801 1962 comple-

224 2004 328 2047 ctar
347 1994 613 2047 actionem
637 2010 649 2058 ;
682 1992 931 2047 omnibus
960 2005 1177 2060 prorsus
1205 1986 1644 2044 delectationibus
1671 1999 1801 2039 con-

222 2084 578 2153 cupiscentize,
606 2099 724 2153 qua:
754 2082 1105 2137 adversantur
1134 2079 1472 2135 delectationi
1500 2076 1799 2146 sapientiae,

223 2175 528 2229 coercendis
577 2185 736 2244 atque
775 2174 1029 2228 sanandis
1073 2173 1310 2242 invigilat
1355 2170 1586 2226 ofﬁcium
1632 2168 1804 2223 conti-

225 2265 425 2320 nentize.
476 2264 631 2320 Unde
675 2265 951 2335 angustius
993 2279 1111 2319 eam
1154 2265 1271 2319 sine
1315 2262 1649 2318 dubitatione
1688 2275 1804 2316 me-

226 2358 431 2421 tiuntur,
475 2358 569 2426 qui
610 2357 753 2410 solas
798 2356 1042 2411 libidines
1085 2356 1325 2426 corporis
1364 2354 1619 2410 cohibere
1665 2346 1803 2409 dell-

224 2450 396 2506 niunt:
428 2451 624 2504 melius
652 2448 891 2518 profecto
921 2449 1017 2515 illi,
1046 2449 1136 2519 qui
1168 2463 1271 2502 non
1309 2447 1509 2501 addunt
1534 2445 1797 2516 corporis,

224 2541 307 2593 sed
336 2541 655 2610 generaliter
682 2540 959 2595 libidinem
996 2541 1107 2595 sive
1135 2539 1479 2609 cupiditatem
1511 2536 1801 2608 regendam

222 2630 467 2685 dicuntad
488 2632 872 2686 continentiam
891 2631 1308 2701 pertinereQna:
1324 2629 1584 2699 cupiditas
1603 2630 1651 2682 in
1672 2629 1800 2683 vitio

224 2722 448 2789 ponitur,
479 2738 579 2777 nec
620 2732 823 2779 tantum
865 2731 946 2777 est
974 2723 1234 2792 corporis,
1286 2738 1468 2777 verum
1514 2729 1567 2776 et
1613 2720 1795 2775 animi.

228 2812 429 2867 Etenim
462 2816 506 2867 si
533 2815 794 2884 cupiditas
824 2816 1065 2885 corporis
1093 2824 1175 2869 est
1204 2816 1255 2869 in
1290 2814 1726 2869 fornicationibus
1747 2820 1801 2867 et

223 2904 579 2971 ebrietatibus,
608 2906 863 2976 numquid
890 2906 1202 2971 inimicitia;
1226 2908 1618 2973 contentiones,
1642 2922 1805 2961 aemu-

223 2995 459 3060 lationes,
490 3008 763 3067 postrcmo
790 2999 1174 3066 animositates,
1205 3000 1256 3053 in
1284 3001 1522 3070 corporis
1549 3001 1799 3069 volupta-

224 3087 376 3151 tibus,
429 3104 493 3143 ae
546 3106 651 3144 non
704 3091 878 3160 potius
920 3090 972 3144 in
1016 3091 1181 3145 animi
1227 3091 1460 3146 motibus
1503 3100 1555 3147 et
1583 3100 1798 3161 pertur—

220 3175 521 3234 bationibus
547 3182 904 3235 exercentur?
929 3182 1113 3236 Carnis
1146 3192 1320 3236 tamen
1351 3198 1513 3253 opera
1545 3184 1659 3237 lucc
1684 3198 1801 3237 om-

221 3268 299 3321 nia
326 3272 652 3342 nuncupavit
677 3271 985 3342 Apostolus,
1016 3273 1129 3327 sive
1155 3289 1273 3343 qua:
1301 3273 1368 3328 ad
1398 3274 1654 3339 animum,
1687 3274 1801 3328 sive

220 3377 330 3429 qua:
367 3362 433 3420 ad
473 3377 695 3418 carnem
741 3364 953 3434 proprie
980 3364 1329 3434 pertinerent,
1381 3368 1552 3435 ipsum
1597 3365 1802 3421 scilicet

220 3448 483 3506 hominem
517 3454 735 3508 nomine
762 3455 940 3509 carnis
966 3455 1240 3525 appellans
1266 3454 1462 3526 (Galat.
1492 3472 1544 3521 v,
1574 3455 1726 3511 l9-2l
1755 3454 1799 3527 ).

221 3540 383 3610 Opera
414 3543 618 3614 quippe
664 3544 895 3600 hominis
937 3557 1061 3601 sunt
1103 3561 1223 3616 quae
1256 3563 1360 3600 non
1392 3546 1640 3601 dicuntur
1670 3546 1799 3612 Dei;

218 3635 457 3701 quoniam
496 3634 661 3690 homo
689 3637 777 3705 qui
816 3636 930 3691 haec
959 3637 1087 3707 agit,
1119 3637 1409 3693 secundum
1440 3653 1501 3693 se
1527 3638 1701 3707 ipsum
1727 3637 1806 3691 vi-

217 3725 302 3790 vit,
331 3742 435 3781 non
462 3727 767 3782 secundum
791 3729 980 3797 Deum,
1009 3729 1062 3783 in
1088 3738 1343 3800 quantum
1372 3729 1485 3784 haec
1514 3730 1640 3799 agit.
1669 3727 1805 3784 Sunt

216 3830 381 3875 autem
425 3822 538 3875 alia
578 3837 741 3892 opera
781 3821 1032 3886 hominis,
1073 3839 1189 3892 qua:
1228 3824 1396 3893 magis
1426 3823 1648 3878 d'mnda
1678 3830 1805 3877 sunt

212 3925 363 3980 opera
392 3913 483 3967 Dei
508 3950 521 3964 .
553 3912 688 3966 Deus
726 3922 797 3967 est
828 3915 980 3982 enim,
1011 3913 1184 3983 inquit
1209 3914 1514 3984 Apostolus,
1559 3914 1645 3984 qui
1682 3930 1804 3984 ope-

212 4014 348 4055 ratur
372 4005 423 4060 in
450 4005 600 4059 vobis
639 4014 685 4058 et
720 4005 844 4059 velle
881 4015 927 4060 et
973 4009 1207 4076 operari,
1254 4023 1344 4077 pro
1381 4006 1511 4061 bona
1553 4007 1807 4062 voluntate

218 4094 487 4168 (Philipp.
526 4114 589 4162 tl,
634 4098 759 4168 15).
802 4098 929 4154 Inde
964 4108 1047 4153 est
1084 4108 1138 4154 et
1174 4099 1340 4154 illud:
1382 4098 1635 4169 Quotquot
1673 4101 1805 4154 enim

216 4185 409 4255 Spiritu
443 4188 545 4243 Dei
574 4198 816 4259 aguntur,
846 4190 896 4243 hi
924 4190 1020 4259 lilii
1044 4200 1161 4245 sunt
1187 4190 1284 4245 Dei
1320 4189 1495 4264 (Rom.
1533 4207 1647 4259 vin,
1676 4190 1805 4261 M).

282 4279 371 4335 29.
414 4282 655 4353 Spiritus
683 4283 859 4352 itaque
885 4282 1116 4339 hominis
1141 4283 1423 4339 adhaerens
1440 4283 1660 4354 Spiritui
1686 4284 1805 4351 Dei,

215 4374 547 4445 concupiscit
580 4372 842 4429 adversus
871 4389 1107 4440 carnem,
1139 4374 1193 4429 id
1221 4383 1324 4438 est,
1354 4374 1613 4430 adversus
1641 4389 1702 4429 se
1725 4375 1809 4444 ip-

217 4479 331 4518 sum
352 4482 367 4530 ;
390 4465 487 4521 sed
512 4480 618 4535 pro
641 4479 702 4521 se
729 4468 863 4535 ipso,
890 4475 946 4519 ut
965 4474 1142 4519 motus
1166 4465 1243 4520 illi
1269 4466 1388 4521 sive
1412 4468 1467 4520 in
1491 4479 1673 4529 carne,
1698 4465 1811 4521 sive

215 4556 264 4607 in
294 4558 496 4621 anima,
532 4556 827 4610 secundum
858 4556 1148 4622 hominem,
1172 4571 1277 4610 non
1299 4555 1592 4611 secundum
1615 4555 1823 4619 Deum,

216 4646 300 4713 qni
328 4657 453 4703 sunt
480 4646 664 4701 adhuc
689 4662 784 4716 per
806 4646 1125 4716 acquisitum
1155 4647 1487 4717 languorem,
1526 4645 1812 4701 continen-

215 4739 281 4789 tia
326 4741 715 4804 cohibeantur,
762 4749 978 4809 propter
1006 4741 1386 4810 acquirendam
1432 4741 1710 4795 salutem:
1752 4748 1812 4794 ut

215 4826 373 4881 homo
405 4846 515 4883 non
546 4829 844 4884 secundum
878 4830 1145 4884 hominem
1174 4831 1379 4895 vivens,
1402 4830 1511 4900 jam
1542 4831 1708 4900 possit
1733 4830 1814 4884 di-

214 4932 351 4982 cere,
392 4918 523 4973 Vivo
567 4928 735 4973 autem
762 4920 876 4989 jam
905 4937 1007 4974 non
1034 4937 1145 4991 ego,
1177 4922 1294 4975 vivit
1320 4937 1433 4975 vero
1461 4920 1515 4975 in
1556 4937 1634 4975 me
1661 4919 1813 4976 Chri-

213 5020 319 5062 stus
346 5011 552 5081 (Galat.
584 5027 645 5076 ιι,
671 5011 800 5083 20).
832 5011 933 5067 Ubi
972 5013 1114 5067 enim
1156 5028 1261 5067 non
1304 5028 1437 5085 ego,
1488 5012 1561 5069 ibi
1606 5012 1814 5068 felicius

213 5116 345 5170 ego;
392 5112 452 5156 ut
483 5102 704 5173 quando
732 5104 1025 5159 secundum
1072 5104 1341 5159 hominem
1385 5105 1646 5176 reprobus
1674 5104 1815 5160 ullus

217 5203 393 5249 motus
425 5194 696 5263 exsurgit,
726 5196 811 5250 cui
843 5212 947 5251 non
973 5197 1239 5252 consentit
1266 5198 1355 5267 qui
1382 5207 1560 5254 mente
1588 5199 1691 5269 legi
1718 5198 1814 5253 Dei

214 5286 418 5351 servit,
462 5285 613 5340 dicnt
658 5286 815 5339 etiam
846 5286 998 5354 illud,
1030 5286 1152 5341 lam
1192 5305 1291 5342 non
1339 5301 1431 5359 ego
1476 5306 1658 5358 operor
1684 5289 1814 5343 illud

215 5374 395 5439 (Rom.
425 5390 524 5440 vit,
562 5376 626 5429 17
648 5375 687 5444 ).
731 5375 945 5430 Talibus
974 5378 1166 5447 quippe
1194 5386 1245 5432 et
1281 5378 1370 5431 illa
1397 5378 1662 5444 dicuntur,
1696 5395 1816 5449 qua:

215 5467 351 5518 sicut
384 5481 584 5519 eorum
616 5465 744 5519 socii
777 5467 1165 5537 partieipcsque
1195 5468 1451 5523 debemus
1488 5468 1671 5524 audire
1700 5486 1711 5521 :
1754 5469 1817 5524 Si

215 5556 622 5609 consurrexistis
659 5573 772 5609 cum
800 5556 1019 5624 Christo,
1042 5574 1154 5627 qua:
1196 5573 1397 5613 sursum
1434 5569 1550 5612 sunt
1588 5561 1815 5629 qua’rite,

214 5650 296 5701 ubi
329 5650 575 5703 Christus
618 5658 688 5701 est
732 5649 783 5703 in
831 5650 1036 5704 dextera
1081 5651 1175 5705 Dei
1221 5652 1427 5716 sedens;
1467 5668 1579 5722 qua:
1621 5668 1820 5705 sursum

218 5750 333 5791 sunt
375 5740 571 5809 sapite,
616 5755 717 5793 non
761 5757 872 5811 qua:
898 5758 1051 5811 super
1090 5752 1293 5796 terram.
1343 5743 1535 5797 Mortui
1580 5745 1710 5797 enim
1740 5762 1820 5798 es-

216 5832 301 5895 tis,
332 5841 381 5884 et
414 5832 526 5883 vita
570 5840 733 5885 vestra
761 5832 1055 5886 abscondita
1088 5842 1159 5888 est
1184 5850 1294 5888 cum
1334 5833 1534 5890 Christo
1575 5836 1625 5889 in
1657 5834 1764 5888 Deo
1801 5851 1821 5889 :

218 5938 332 5977 cum
356 5922 606 5979 Christus
633 5926 922 5994 apparuerit
948 5926 1048 5981 vita
1073 5937 1251 5995 vestra,
1283 5938 1395 5983 tunc
1424 5941 1466 5984 rt
1494 5948 1576 5985 vos
1609 5945 1819 5998 appare-

1705 491 1900 546 LIBICB
1947 491 2142 549 UNUS.

3394 511 3494 565 5ῗο

1912 612 2023 665 bilis
2049 629 2162 666 cum
2189 615 2277 669 illo
2304 616 2355 669 in
2391 617 2572 686 gloria.
2603 620 2803 686 Quibus
2834 622 3077 691 loquatur
3106 624 3491 696 intelligamus,

1910 700 2017 757 imo
2048 720 2175 759 vero
2204 708 2454 761 attentius
2483 708 2777 765 audiamus.
2803 710 2929 764 Nam
2960 714 3084 782 quid
3117 714 3216 770 hoc
3251 716 3493 787 planius?

1907 795 2034 865 quid
2063 798 2335 868 apertius?
2357 800 2448 853 Eis
2475 812 2621 855 certe
2651 801 2902 870 loquitur,
2928 806 3015 873 qui
3043 818 3494 864 consurrexeraut

1909 902 2028 942 eum
2058 889 2289 953 Christo,
2317 890 2549 945 nondum
2580 893 2762 962 utique
2791 908 2970 961 carne,
2999 896 3091 951 sed
3121 908 3328 965 mente;
3360 915 3494 970 quos

1910 990 2149 1036 mortuos
2179 982 2326 1048 dicit,
2369 991 2421 1037 et
2458 985 2625 1053 magis
2652 985 2776 1039 hinc
2801 985 2950 1041 vivos
2976 1004 2989 1041 :
3030 1004 3150 1042 nam
3176 989 3276 1044 vita
3305 1001 3488 1058 vestra,

1912 1072 2100 1142 inquit,
2127 1075 2419 1129 abscondita
2439 1086 2512 1130 est
2540 1093 2651 1132 cum
2675 1076 2875 1134 Christo
2900 1080 2952 1133 iu
2977 1078 3101 1134 Deo.
3123 1081 3327 1135 Talium
3352 1097 3494 1137 mor-

1913 1173 2122 1247 tuorum
2150 1182 2247 1221 vox
2275 1178 2388 1223 est:
2424 1168 2546 1223 Vivo
2571 1180 2737 1224 autem
2755 1172 2869 1242 jam
2896 1190 2996 1226 non
3021 1190 3130 1243 ego,
3157 1173 3271 1227 vivit
3297 1190 3409 1227 vero
3439 1175 3492 1226 in

1911 1275 1987 1310 me
2003 1256 2500 1326 Christus.Quorum
2527 1279 2652 1333 ergo
2673 1265 2779 1318 vita
2805 1273 2917 1319 erat
2945 1265 3254 1319 abscondita
3284 1266 3335 1319 in
3353 1266 3484 1329 Deo,

1910 1347 2263 1404 admonentur
2290 1359 2343 1404 et
2382 1351 2727 1408 exhortantur
2754 1364 2811 1409 ut
2851 1356 3090 1411 membra
3121 1371 3215 1410 sua
3261 1357 3490 1411 mortiﬁ-

1909 1448 2033 1493 cent
2057 1456 2175 1510 qua:
2203 1450 2325 1496 sunt
2352 1458 2512 1513 super
2540 1453 2754 1498 terram.
2787 1445 2841 1500 ld
2867 1446 3008 1500 cnim
3040 1448 3279 1516 sequitur
3306 1465 3317 1500 :
3346 1446 3488 1501 Mor-

1910 1534 2096 1602 tiﬁcate
2124 1552 2240 1606 ergo
2267 1537 2485 1590 membra
2510 1548 2669 1593 vestra
2698 1556 2810 1610 qua:
2850 1549 2966 1593 sunt
2995 1557 3147 1611 super
3173 1550 3377 1593 terram.
3426 1541 3494 1594 Et

1908 1640 1977 1680 ne
2006 1627 2281 1696 quisquam
2325 1628 2484 1682 nimis
2514 1630 2697 1684 tardus
2723 1631 2961 1685 membra
2992 1631 3089 1685 ista
3119 1631 3346 1689 visibilia
3374 1646 3493 1686 cor-

1909 1718 2053 1785 poris
2086 1718 2450 1773 mortiﬁcanda
2492 1730 2701 1789 put-iret
2742 1738 2770 1775 a
2813 1723 3022 1785 talibus,
3068 1723 3322 1777 centinuo
3363 1724 3489 1793 quid

1907 1806 2051 1862 dicat
2080 1811 2359 1879 aperiens:
2386 1811 2814 1879 Fornicationem,
2853 1814 3040 1883 inquit,
3082 1815 3453 1869 immunditiam
3474 1857 3490 1880 ,

1908 1900 2349 1968 perturbationem,
2396 1906 2853 1974 concupiscentiam
2891 1905 3098 1973 malam,
3128 1915 3174 1960 et
3203 1908 3489 1974 avaritiam,

1906 2005 2019 2059 qua:
2045 2000 2118 2043 est
2147 1992 2398 2045 idolorum
2424 1994 2651 2047 servitus.
2692 1995 2836 2049 Itane
2865 2010 2992 2048 vero
3048 1995 3374 2050 credendum
3406 2006 3491 2051 est

1908 2082 2047 2153 quod
2080 2082 2163 2136 isti
2200 2084 2289 2153 qui
2323 2084 2434 2154 jam
2478 2086 2670 2139 mortui
2711 2093 2882 2152 erant,
2909 2101 3201 2156 eorumque
3228 2087 3335 2141 vita
3364 2087 3493 2142 abs-

1908 2173 2121 2228 condita
2150 2184 2265 2228 erat
2294 2190 2413 2229 eum
2443 2176 2656 2231 Christo
2686 2177 2738 2230 in
2764 2176 2897 2243 Deo,
2930 2177 3107 2233 adhuc
3160 2178 3495 2233 fornicaban-

1909 2271 2013 2331 tur,
2045 2266 2219 2322 adhuc
2248 2268 2299 2321 in
2336 2268 2573 2323 moribus
2618 2268 2904 2324 immundis
2948 2271 3303 2340 operibusque
3340 2271 3491 2326 vive-

1909 2356 2055 2423 bant,
2084 2359 2257 2415 adhue
2314 2360 2801 2431 perturbationibus
2842 2361 3285 2431 concupiscentiae
3330 2362 3487 2417 malae

1907 2458 2069 2521 atque
2097 2452 2331 2505 avaritiae
2360 2450 2698 2505 serviebant?
2724 2451 2854 2518 Quis
2892 2451 3113 2507 demens
3150 2453 3247 2507 ista
3274 2452 3341 2508 de
3370 2453 3490 2507 tali-

1907 2540 2008 2596 bus
2036 2542 2297 2596 senserit?
2338 2541 2473 2607 Quid
2506 2557 2632 2611 ergo
2666 2542 2778 2596 vult
2819 2551 2879 2596 ut
2922 2543 3277 2608 mortiﬁcent,
3326 2557 3490 2612 opere

1908 2632 2111 2687 scilicet
2149 2632 2511 2698 continentia),
2556 2632 2659 2686 uisi
2689 2638 2866 2686 motus
2908 2633 3051 2702 ipsos
3094 2632 3267 2687 adhuc
3306 2633 3357 2686 in
3393 2646 3490 2686 sua

1908 2720 2136 2793 quadam
2167 2723 2611 2792 interpellatione,
2656 2722 2772 2777 sine
2800 2732 2994 2778 nostra:
3023 2725 3218 2778 mentis
3262 2738 3493 2779 consen-

1909 2815 2081 2880 sione,
2130 2813 2245 2867 sine
2282 2814 2644 2868 membrorum
2684 2813 3039 2883 eorporalium
3071 2815 3380 2883 operatione
3411 2816 3493 2869 vi-

1912 2907 2134 2963 ventes?
2162 2906 2228 2961 Et
2271 2906 2538 2975 quomodo
2578 2906 2663 2960 isti
2704 2906 3091 2961 mortiﬁcamur
3128 2921 3290 2976 Opere
3319 2907 3492 2961 contio

1911 2998 2130 3066 nentite,
2164 2999 2264 3053 nisi
2291 3014 2408 3053 cum
2441 2999 2520 3053 cis
2545 3007 2724 3054 mente
2752 3014 2859 3053 non
2884 2998 3233 3064 consentitur,
3264 3013 3365 3053 nec
3396 3013 3492 3052 ex-

1911 3089 2160 3146 hibentur
2183 3090 2263 3144 eis
2291 3106 2440 3144 arma
2469 3089 2708 3160 corporis
2735 3089 3002 3155 membra;
3027 3098 3079 3143 et
3105 3088 3245 3159 quod
3273 3097 3356 3144 est
3383 3104 3496 3143 ma-

1908 3181 2015 3252 jus,
2047 3190 2207 3252 atque
2242 3181 2510 3251 vigilantia
2542 3182 2883 3236 continentiae
2917 3179 3120 3252 majore
3162 3180 3495 3247 curandum,

1911 3273 2023 3342 ipsa
2049 3274 2212 3329 etiam
2256 3280 2437 3327 nostra
2467 3272 2737 3342 cogitatio,
2767 3273 3008 3342 quamvis
3042 3286 3227 3327 eorum
3265 3270 3495 3342 quodam

1912 3363 2072 3419 modo
2097 3364 2435 3435 suggestione
2464 3372 2518 3419 et
2543 3364 2693 3434 quasi
2720 3364 3085 3418 susurratione
3124 3372 3388 3434 tangatur,
3418 3372 3499 3417 ta-

1913 3472 2033 3513 men
2051 3456 2117 3512 ab
2132 3458 2210 3512 eis
2234 3473 2303 3512 ne
2330 3457 2628 3511 oblectetur
2653 3458 2928 3524 avertitur,
2961 3467 3015 3513 et
3043 3456 3108 3513 ad
3136 3472 3368 3525 superna
3396 3456 3495 3511 de-

1913 3549 2207 3604 lectabilius
2229 3548 2507 3619 cogitanda
2531 3549 2890 3615 convertitur;
2914 3548 2984 3603 ob
3004 3548 3106 3603 hoc
3129 3564 3190 3603 ea
3212 3549 3497 3604 nominans

1912 3638 1965 3693 in
2005 3639 2365 3705 sermonibus,
2406 3654 2473 3693 ne
2501 3638 2769 3693 habitetur
2796 3638 2849 3692 in
2888 3638 2999 3703 eis,
3030 3638 3125 3693 sed
3169 3637 3404 3709 fugiatur
3428 3639 3497 3693 ab

1912 3730 2026 3783 eis?
2054 3729 2205 3794 Quod
2236 3728 2316 3796 ﬁt,
2350 3729 2396 3783 si
2425 3727 2713 3783 efﬁcaciter
2744 3727 3041 3793 audiamus,
3073 3728 3188 3797 ipso
3214 3728 3499 3797 adjuvaute

1912 3822 1999 3891 qui
2043 3822 2142 3876 hoc
2173 3837 2266 3891 per
2292 3821 2603 3889 Apostolum
2632 3836 2786 3874 suum
2825 3821 3069 3890 praecipit
3097 3838 3110 3873 :
3142 3818 3269 3884 Quae
3295 3835 3498 3874 sursum

1913 3922 2029 3967 sunt
2057 3914 2263 3983 quwrite
2282 3955 2297 3980 ,
2327 3912 2419 3967 ubi
2441 3912 2668 3967 Christus
2698 3919 2769 3965 est
2810 3911 2863 3964 in
2903 3910 3108 3963 dextera
3150 3909 3245 3963 Dei
3284 3909 3499 3973 sedens;

1913 4022 2027 4076 qute
2048 4022 2245 4060 sursum
2272 4014 2386 4059 sunt
2416 4004 2597 4074 sapite,
2627 4019 2730 4056 non
2762 4017 2878 4073 qua:
2903 4018 3054 4072 super
3078 4010 3283 4054 terram.

1985 4096 2210 4151 CAPUT
2250 4094 2390 4149 XIV.
2429 4124 2502 4135 —-
2534 4092 2623 4149 50.
2664 4091 2847 4146 Fidem
2873 4092 2982 4145 sine
3008 4091 3239 4162 aperibus
3269 4107 3370 4144 non
3394 4089 3502 4144 sal.

1915 4202 2051 4241 vare.
2082 4183 2217 4239 Vitia
2245 4185 2422 4241 carnis.
2439 4192 2724 4239 constanter
2749 4182 3065 4237 debellanda.
3087 4181 3154 4236 In
3182 4182 3511 4237 continentia

1916 4278 2091 4348 prwlio
2120 4277 2247 4331 vires
2275 4287 2319 4331 et
2343 4277 2551 4330 victoria
2579 4274 2842 4345 referenda
2866 4274 2918 4328 in
2943 4272 3129 4328 Deum.
3159 4273 3291 4327 Cum
3321 4281 3499 4328 autem

1917 4371 2053 4424 mala
2082 4370 2169 4424 illa
2196 4375 2691 4432 commemorasset,
2719 4366 2962 4436 adjunxit
2988 4374 3149 4436 atque
3187 4366 3259 4419 ait
3298 4383 3309 4418 :
3360 4363 3499 4418 Pro-

1917 4470 2025 4533 pter
2048 4477 2161 4534 qua:
2187 4462 2318 4515 venit
2356 4462 2435 4515 ira
2458 4461 2555 4516 Dei
2582 4461 2636 4514 in
2666 4461 2801 4530 ﬁlios
2828 4459 3162 4529 inﬁdelitatis.
3202 4459 3392 4528 Utique
3417 4474 3502 4513 sa-

1917 4552 2141 4609 lubriter
2189 4554 2394 4619 terruit,
2440 4568 2511 4608 ne
2552 4560 2800 4623 putarent
2847 4551 3031 4607 ﬁdeles
3075 4560 3293 4621 propter
3329 4553 3513 4607 solam.

1917 4644 2075 4699 [idem
2104 4660 2275 4712 suam,
2316 4644 2524 4699 etiamsi
2566 4645 2619 4699 in
2651 4643 2734 4698 his
2758 4643 2913 4698 malis
2948 4644 3212 4711 viverent,
3244 4658 3303 4698 se
3342 4658 3518 4714 posse-

1918 4736 2151 4801 salvari;
2178 4737 2421 4806 apostolo
2458 4735 2659 4791 Jacobo
2687 4744 2873 4790 contra
2921 4735 3081 4789 istum
3109 4748 3328 4789 sensum
3370 4747 3505 4788 voce

1919 4829 2350 4884 manifestissima
2380 4829 2703 4884 reclamante
2736 4843 2799 4884 ac
2825 4829 3056 4895 dicente,
3104 4829 3166 4883 Si
3200 4828 3353 4897 ﬁdem
3388 4827 3504 4897 quis

1919 4923 2055 4975 dicat
2092 4938 2145 4976 se
2175 4920 2371 4986 habere,
2399 4938 2554 4990 opera
2582 4930 2751 4974 autem
2780 4937 2881 4973 non
2912 4918 3109 4981 habeat,
3137 4917 3381 4986 numquid
3409 4933 3502 4986 μοι

1922 5013 2035 5067 terit
2058 5012 2183 5081 ﬁdes
2207 5014 2403 5066 salvare
2424 5029 2536 5065 eum
2567 5010 2765 5082 (Jacobi
2790 5026 2847 5076 ιι,
2874 5010 2941 5063 14
2957 5007 3016 5079 )?
3041 5007 3193 5063 Unde
3221 5018 3275 5063 et
3301 5007 3386 5061 hic
3401 5007 3505 5061 Do-

1920 5114 2042 5160 ctor.
2064 5102 2310 5158 Gentium
2338 5112 2550 5172 propter
2575 5102 2661 5156 illa
2694 5101 2831 5155 mala
2856 5100 3039 5154 venire
3079 5099 3211 5152 iram
3248 5097 3505 5154 Deidixit

1922 5198 1974 5250 in
2004 5196 2141 5250 ﬁlios
2170 5195 2518 5249 inﬁdelitatis.
2565 5192 2696 5248 Cum
2727 5201 2903 5246 autem
2938 5192 3087 5259 dicit,
3134 5191 3202 5248 In
3239 5192 3424 5261 quibus
3458 5205 3506 5249 et

1922 5303 2007 5340 vos
2036 5284 2310 5354 aliquando
2348 5284 2663 5349 ambulastis,
2700 5299 2814 5336 cum
2849 5283 3073 5337 viveretis
3111 5284 3163 5337 in
3204 5284 3339 5348 illis;
3376 5286 3511 5342 satis

1923 5375 2155 5431 ostendit
2192 5374 2333 5446 quod
2377 5375 2428 5428 in
2459 5374 2562 5428 illis
2598 5374 2707 5443 jam
2748 5389 2851 5429 non
2879 5374 3141 5429 viverent.
3170 5375 3265 5431 liis
3309 5375 3507 5447 quippe

1926 5468 2121 5524 mortui
2149 5476 2320 5532 erant,
2352 5476 2406 5520 ut
2433 5481 2618 5521 eorum
2660 5466 2764 5520 vita
2792 5466 2844 5520 in
2878 5466 2987 5520 Deo
3014 5481 3136 5521 cum
3174 5466 3388 5522 Christo
3417 5484 3508 5523 es-

1926 5570 2006 5613 set
2032 5558 2359 5612 abscondita.
2401 5556 2535 5612 Cum
2578 5572 2706 5628 ergo
2739 5556 2849 5627 jam
2889 5559 2939 5611 in
2971 5557 3075 5612 illis
3114 5575 3218 5613 non
3245 5559 3508 5625 viverent,

1927 5649 2248 5704 mortiﬁcare
2268 5649 2376 5718 jam
2406 5648 2528 5702 talia
2550 5648 2890 5718 jubebantur.
2921 5648 3055 5718 ipsis
3094 5649 3292 5720 quippe
3319 5648 3370 5703 in
3404 5649 3511 5704 eis-

1928 5740 2049 5795 dem
2093 5756 2196 5795 non
2245 5740 2543 5795 viventibus
2588 5740 2675 5794 illa
2720 5739 2996 5804 vivebant;
3026 5740 3163 5795 sicut
3192 5740 3347 5809 paulo
3384 5752 3510 5795 ante

1926 5834 2033 5903 jam
2064 5833 2269 5887 ostendi
2295 5849 2308 5887 :
2337 5843 2389 5887 et
2417 5833 2653 5887 membra
2680 5832 2991 5888 dicebantur
3026 5833 3283 5902 ipsorum,
3331 5846 3393 5886 ea
3425 5834 3507 5886 vi-

1935 5925 2125 5982 delicet
2161 5925 2285 5981 vitia
2320 5941 2437 5996 qua:
2488 5926 2541 5980 in
2590 5925 2839 5981 membris
2886 5924 3190 5979 habitabant
3234 5922 3512 5993 ipsorum,
