4048 6510
470 395 560 449 5-“
1346 388 1719 445 ADMUNlTiU
1762 384 1824 439 ΙΝ
1865 385 2119 442 LlBllUil
2162 391 2246 443 DE
2288 391 2465 449 BONO
2494 393 2886 453 CONJUGAU.
3659 413 3784 468 37‘2

2167 503 2315 570 lient,
2343 520 2569 577 eamque
2596 509 2719 565 inde
2758 512 2869 581 ipsa
2914 514 3182 583 deponent
3220 520 3260 586 ³,
3306 531 3468 592 atque
3509 526 3565 581 in
3604 544 3776 581 suam

2164 598 2412 669 redigent
2455 602 2799 670 servitutem,
2848 608 3075 677 turpiter
3118 609 3536 685 deformiterque
3581 624 3774 689 capti-

2162 704 2301 744 vam.
2350 692 2501 748 Tunc
2546 696 2785 765 regnabit
2828 709 3102 767 peccatum
3147 704 3198 757 in
3248 704 3482 760 hominis
3537 714 3777 766 mortali

2161 796 2386 851 corpore
2431 784 2498 838 ad
2541 786 2897 843 obedieudum
2959 791 3242 850 desideriis
3290 798 3442 866 ejus;
3488 808 3616 856 tunc
3658 818 3774 859 sua

2161 874 2397 929 membra
2427 876 2700 934 exhibebit
2726 895 2873 935 arma
2901 882 3192 954 iniquitatis
3218 900 3437 956 peccato
3471 888 3652 964 (liam.
3686 911 3775 961 vr,

2160 964 2269 1037 12),
2293 977 2345 1021 et
2365 978 2519 1022 erunt
2544 972 2833 1029 novissima
2856 974 2996 1031 illius
3020 980 3197 1045 pejora
3228 981 3494 1049 prioribus
3518 982 3743 1056 (Matth
3759 1028 3771 1039 .

2159 1074 2256 1126 xu,
2282 1060 2351 1115 45
2371 1061 2410 1131 ).
2437 1060 2600 1117 Multo
2626 1074 2708 1119 est
2734 1067 2877 1121 enim
2912 1069 3240 1125 tolerabilius
3266 1083 3540 1130 certamen
3574 1077 3780 1147 hujus-

2156 1153 2299 1208 modi
2338 1170 2442 1209 non
2482 1158 2732 1226 cmpisse,
2767 1174 2923 1229 quam
2954 1172 3193 1231 emptum
3238 1166 3519 1236 reliquisse
3560 1171 3770 1224 conﬂi-

2154 1254 2319 1312 ctum,
2348 1256 2403 1300 et
2432 1244 2629 1301 factum
2661 1264 2724 1303 ex
2756 1250 2896 1304 bono
2925 1253 3226 1321 praeliatore
3260 1258 3339 1310 vel
3373 1260 3534 1314 etiam
3565 1277 3632 1315 ex
3679 1262 3777 1312 vi-

2152 1345 2300 1391 ctore
2326 1338 2608 1407 captivum.
2645 1338 2798 1395 Unde
2823 1341 3078 1397 Dominus
3108 1361 3213 1399 non
3241 1350 3334 1413 ait,
3362 1348 3465 1416 Qui
3493 1356 3772 1419 coeperit;

2150 1428 2266 1494 sed,
2301 1428 2399 1494 Qui
2432 1433 2817 1497 perseveraverit
2843 1448 2999 1504 usque
3037 1436 3088 1489 in
3124 1438 3299 1505 ﬁnem,
3342 1439 3423 1492 hic
3451 1444 3625 1494 salvus
3653 1455 3771 1495 ent

2153 1517 2270 1593 (Id.
2301 1536 2355 1584 Χ,
2387 1520 2459 1574 22

2220 1612 2308 1666 52.
2348 1612 2471 1669 Sive
2501 1625 2676 1671 autem
2717 1632 2786 1672 ne
2822 1617 3099 1676 vincamur
3125 1623 3323 1677 acriter
3364 1624 3764 1696 coulligeutcs.

2149 1702 2261 1759 sive
2289 1706 2571 1776 aliquoties
2597 1708 2679 1762 vel
2706 1710 2866 1763 etiam
2898 1710 3166 1782 insperata
3193 1714 3279 1769 vel
3308 1714 3580 1784 inopinata
3614 1717 3770 1773 iac:-

2148 1792 2294 1849 litate
2321 1794 2618 1863 vincentes,
2647 1798 2698 1852 ei
2724 1800 2811 1868 qui
2841 1800 2994 1855 nobis
3019 1801 3110 1855 dat
3136 1805 3521 1858 continentiam
3549 1806 3771 1863 demus

2145 1886 2391 1957 gloriam.
2433 1888 2830 1945 Meminerimus
2876 1892 3161 1962 quemdam
3198 1895 3399 1963 justum
3438 1898 3650 1955 dixisse
3698 1900 3765 1953 in

2145 1976 2466 2033 abundantia
2510 1993 2627 2046 sua,
2663 1979 2783 2034 Non
2823 1982 3056 2036 movebar
3091 1984 3146 2037 in
3187 1995 3469 2051 wlernum;
3512 1988 3770 2044 demon~

2142 2077 2474 2141 stratumque
2518 2072 2593 2126 illi
2630 2087 2751 2127 esse
2781 2090 2940 2144 quam
2978 2083 3179 2132 temere
3218 2077 3323 2133 hoc
3360 2080 3576 2146 dixerit,
3625 2092 3766 2136 tan-

2141 2176 2299 2230 quam
2330 2163 2441 2217 suis
2468 2163 2668 2219 viribus
2698 2165 2936 2221 tribuens
2960 2209 2975 2235 ,
2998 2168 3140 2238 quod
3166 2169 3216 2224 ei
3244 2170 3310 2225 de
3331 2186 3492 2241 super
3514 2185 3769 2242 praesta-

2142 2252 2315 2309 batur.
2363 2255 2476 2310 Hoc
2522 2265 2699 2311 autem
2739 2258 3189 2328 ipso‘couﬁtente
3233 2261 3550 2320 didicimus:
3604 2282 3751 2322 uiux

2139 2345 2283 2400 enim
2311 2346 2575 2415 adjunxit,
2600 2347 2834 2417 Domine,
2858 2350 2911 2404 in
2936 2350 3193 2407 voluntate
3218 2363 3307 2407 tua
3337 2356 3620 2423 prastitisti
3640 2361 3752 2412 de-

2138 2438 2245 2491 cori
2276 2454 2385 2492 meo
2413 2440 2679 2507 virtutem;
2705 2443 2929 2497 avertiin
2951 2458 3119 2498 autem
3156 2446 3339 2515 faciem
3366 2457 3525 2515 tuam,
3555 2460 3608 2504 et
3649 2454 3757 2521 fa-

465 509 624 561 modo
650 502 932 560 locutionis
954 504 970 535 ¹
996 516 1091 572 per
1116 500 1168 557 id
1198 501 1341 572 quod
1368 501 1606 558 continet
1631 501 1682 557 id
1708 502 1853 572 quod
1880 501 2052 557 couti-

463 605 619 652 nctur
637 612 654 663 ;
674 596 815 652 sicut
837 593 1055 661 dicitur,
1079 592 1271 649 Totum
1298 591 1475 647 forum
1502 591 1627 648 inde
1656 592 1909 663 loquitur,
1933 607 2055 648 cum

462 686 706 743 homines
734 684 1022 756 loquantur
1050 684 1142 756 qui
1186 692 1311 740 sunt
1339 684 1393 738 iu
1438 683 1574 739 loro.
1609 683 1727 754 Ipso
1768 684 2055 740 locutionis

459 776 621 833 modo
645 776 700 832 in
728 776 943 832 Psalmo
968 776 1199 842 canitur,
1235 774 1413 831 Omnis
1438 785 1573 830 terra
1597 776 1772 829 adoret
1799 785 1844 829 te
1871 774 2048 847 (Paul.

456 882 583 936 uv,
613 867 650 923 4
673 865 724 939 );
752 866 805 922 id
832 878 934 934 est,
963 882 1150 923 omnes
1179 866 1424 922 homines
1450 866 1539 937 qui
1570 876 1691 921 sunt
1722 867 1774 921 in
1804 876 1963 921 terra.

527 960 620 1014 31.
649 957 806 1015 Nunc
835 971 1005 1014 autem
1047 960 1315 1031 deponite,
1347 960 1549 1031 inquit,
1593 969 1643 1014 et
1687 975 1772 1013 vos
1818 960 2051 1014 universa

454 1045 698 1125 (Colon.
735 1065 817 1120 tu,
863 1050 1024 1123 L8);
1072 1059 1127 1106 et
1167 1060 1552 1105 commemorat
1593 1049 1742 1119 plura
1788 1049 2049 1119 ejusmodi

455 1142 617 1198 mala.
652 1142 761 1201 Sed
784 1144 912 1215 quid
947 1153 1050 1212 est,
1079 1143 1220 1213 quod
1246 1144 1296 1199 ei
1326 1156 1431 1197 non
1461 1141 1660 1198 sufﬁcit
1692 1142 1894 1209 dicere,
1937 1141 2046 1197 De-

457 1233 632 1305 ponite
665 1251 753 1289 vos
778 1235 1047 1302 universa;
1084 1234 1177 1290 sed
1204 1234 1380 1289 addita
1409 1233 1783 1302 conjunctione
1811 1233 1965 1301 dixit,
1994 1243 2046 1291 et

458 1324 587 1379 vos?
614 1324 727 1381 Nisi
757 1342 825 1381 ne
852 1336 1134 1397 propterea
1169 1340 1228 1381 se
1261 1333 1507 1396 putarent
1538 1324 1651 1379 haec
1675 1326 1812 1380 mala
1846 1323 2042 1391 facere,

453 1424 616 1488 atque
646 1418 859 1489 impune
886 1419 938 1473 in
972 1419 1050 1474 eis
1077 1418 1278 1483 vivere,
1306 1418 1430 1489 quia
1462 1416 1593 1471 lides
1630 1432 1817 1471 eorum
1852 1416 2045 1471 libera-

455 1516 544 1562 ret
568 1523 663 1579 eps
686 1509 754 1564 ab
781 1508 880 1576 ira,
917 1524 1037 1579 qua:
1060 1509 1206 1565 venit
1231 1509 1285 1563 in
1316 1508 1453 1563 ﬁlios
1484 1508 1809 1563 inﬁdelitatis
1839 1509 1937 1563 ista
1967 1509 2043 1563 la-

456 1599 681 1666 cieutes,
710 1610 763 1655 et
790 1601 844 1656 in
876 1601 956 1656 his
979 1601 1098 1657 sine
1126 1601 1231 1658 ﬁde
1257 1602 1516 1657 viventes.
1543 1602 1818 1672 Deponite,
1848 1603 2039 1674 inquit,

453 1698 509 1745 et
533 1704 627 1745 vos
651 1691 740 1745 iila
769 1691 906 1746 mala
934 1702 1152 1762 propter
1172 1708 1293 1762 quae
1320 1692 1468 1747 venit
1493 1693 1569 1747 ira
1600 1692 1693 1747 Dei
1718 1693 1769 1747 in
1796 1693 1932 1748 ﬁlios
1958 1694 2039 1747 in-

452 1778 757 1846 ﬁdelitatis;
787 1796 886 1836 nec
902 1781 1055 1836 vobis
1076 1796 1260 1836 eorum
1285 1781 1652 1852 impunitatem
1679 1793 1895 1857 propter
1918 1783 2039 1839 tidei

448 1873 698 1927 meritum
740 1872 1081 1943 promittatis.
1111 1873 1226 1928 Non
1270 1883 1449 1929 autem
1497 1874 1721 1941 diceret,
1768 1875 2035 1947 Depouite,

447 1962 530 2017 eis
551 1964 639 2033 qui
666 1962 776 2033 jam
802 1963 1161 2034 deposuerant
1187 1980 1252 2020 ex
1277 1980 1339 2020 ea
1368 1976 1518 2035 parte
1542 1982 1644 2036 qua
1675 1967 1868 2023 talibus
1898 1969 2039 2024 vitiis

446 2070 555 2109 non
586 2057 1025 2123 consentiebant,
1070 2072 1171 2113 nec
1216 2073 1311 2113 sua
1356 2060 1594 2115 membra
1625 2061 1703 2114 eis
1732 2076 1879 2116 arma
1911 2078 2037 2132 pec-

445 2146 551 2200 cati
594 2145 811 2213 dabant,
842 2148 943 2202 nisi
971 2149 1095 2218 quia
1120 2149 1173 2203 in
1202 2148 1305 2204 hoc
1332 2149 1471 2205 facto
1496 2162 1599 2219 est,
1628 2159 1683 2207 et
1712 2153 1764 2208 in
1809 2153 1908 2210 hac
1936 2155 2035 2210 ad-

442 2233 549 2290 huc
577 2236 891 2305 Operatione
919 2249 1187 2306 versatur,
1231 2241 1485 2311 quamdiu
1531 2245 1787 2299 mortales
1826 2260 2032 2314 sumus,

440 2325 550 2379 vita
581 2335 911 2382 sanctortun.
954 2328 1092 2384 Dum
1128 2330 1270 2385 enim
1312 2332 1531 2401 spiritus
1568 2337 1895 2406 concupiscit
1934 2338 2032 2393 δά*

441 2431 630 2471 versus
656 2432 871 2473 carnem
896 2460 911 2485 ,
960 2419 1077 2477 hinc
1123 2437 1310 2493 magna
1343 2425 1638 2483 intentione
1677 2444 1765 2484 res
1788 2430 1963 2502 agitur
1986 2434 2029 2499 ³,

437 2505 880 2566 delectationibus
906 2512 1104 2581 pravis,
1132 2513 1443 2572 libidinibus
1466 2517 1775 2587 immundis,
1799 2523 2031 2580 motibus

434 2600 738 2657 carnalibus
756 2612 915 2675 atque
938 2605 1203 2676 turpibus,
1227 2608 1489 2665 suavitate
1513 2612 2031 2679 sanctitatis,amore

434 2693 715 2759 castitatis,
744 2693 1008 2765 spirituali
1036 2696 1242 2768 vigore,
1273 2709 1330 2753 et
1353 2700 1695 2757 continentia:
1720 2703 1915 2760 decore
1944 2720 2031 2761 re-

434 2782 678 2840 sistitur:
711 2784 790 2840 sic
816 2785 1157 2856 deponuntur
1193 2788 1262 2843 ab
1285 2789 1366 2845 eis
1400 2791 1488 2860 qui
1518 2793 1712 2847 mortui
1756 2804 1882 2848 sunt
1923 2796 2024 2865 eis,

433 2888 532 2928 nec
561 2876 946 2931 consentiendo
969 2877 1158 2933 vivunt
1182 2878 1237 2933 in
1276 2880 1374 2935 eis.
1421 2880 1531 2949 Sic,
1581 2884 1818 2954 inquam,
1857 2886 2025 2957 depo-

432 2972 656 3031 nuntur,
699 2964 826 3019 dum
857 2966 1167 3021 continuata
1194 2970 1523 3025 continentia
1547 3014 1564 3039 ,
1610 2990 1677 3029 ne
1720 2986 2022 3047 resurgant,

433 3063 769 3122 premuntur.
797 3055 1049 3127 Quisquis
1074 3059 1227 3129 quasi
1250 3074 1474 3116 securus
1500 3064 1569 3119 ab
1594 3065 1695 3121 bac
1721 3080 1911 3123 eorum
1932 3070 2026 3125 de-

432 3144 700 3212 positione
739 3147 1066 3216 cessavcrit,
1113 3147 1259 3205 illico
1299 3150 1354 3206 in
1383 3166 1563 3208 arcem
1612 3157 1808 3212 mentis
1847 3159 2023 3230 prosi-

494 3298 978 3380 1§iflfliilq99¥5§1
1000 3305 1197 3380 91“"?"1
1221 3320 1341 3360 νθνο
1370 3310 1569 3373 addunt.
1596 3326 1689 3377 ιιιιο
1706 3316 2018 3380 exprimitur.

426 3359 551 3430 aditi
572 3359 875 3430 au'tem,'quo
891 3359 1211 3430 signiﬁcatur.
1321 3359 1329 3360 ί
1408 3359 1431 3419 ⁷,

496 3423 877 3499 f-tfzistcrcietisis.
897 3423 1101 3488 u's‘.,'ac
1134 3443 1309 3499 magna
1331 3431 1588 3487 intentione
1622 3435 2023 3493 delectationist

424 3488 621 3545 pravis;
638 3488 833 3547 omisso,
858 3488 964 3539 ltwc
982 3503 1060 3547 res
1080 3490 1174 3556 agit
1182 3488 1239 3541 ur
1246 3526 1261 3561 ,κ

426 3605 1873 3651 mﬂrmmg
970 3605 1002 3607 “
1027 3605 1080 3609 ““
1096 3606 1109 3607 ί
1132 3605 1149 3609 ’
1180 3606 1275 3653 LL".
1289 3607 1873 3653 ":L':i"‘_‘"—'

1431 3650 1823 3661 ———-_—___

1974 3615 2187 3625 -Ψ

1492 3618 2621 3841 έἏἙῖ-κᾱἪόἆῑῇὄ

2137 2540 2245 2585 ctus
2269 2548 2383 2585 sum
2409 2533 2732 2589 conturbatus
2759 2534 2929 2605 (Psal.
2964 2553 3127 2605 χχιχ,
3157 2539 3212 2606 ’1,
3245 2539 3341 2615 8).
3374 2542 3477 2598 Per
3504 2545 3764 2601 medici-

2137 2624 2312 2678 nalem
2341 2626 2727 2695 providentiam
2760 2630 3028 2699 paululum
3058 2632 3304 2688 desertus
3334 2644 3415 2689 cst
3438 2652 3467 2690 a
3496 2649 3754 2706 rectore,

2137 2731 2206 2771 ne
2236 2732 2329 2786 per
2351 2717 2618 2773 exitialem
2649 2721 2951 2791 superbiam
2981 2722 3254 2779 desereret
3290 2727 3402 2796 ipse
3440 2739 3751 2786 rectorem.

2135 2808 2261 2865 Sive
2291 2825 2419 2881 ergo
2450 2811 2564 2876 hic,
2597 2813 2683 2866 ubi
2726 2828 2846 2868 cum
2876 2816 3018 2870 vitiis
3059 2819 3256 2873 nostris
3302 2820 3585 2876 domandis
3631 2826 3751 2878 mi-

2134 2900 2472 2971 nuendisquc
2501 2902 2866 2975 conﬁiginius;
2896 2906 3006 2959 sive
3038 2907 3129 2971 ibi,
3160 2909 3300 2978 quod
3347 2910 3398 2963 iu
3437 2912 3542 2966 ﬁne
3587 2911 3752 2967 futu-

2131 3008 2250 3047 rum
2294 3001 2398 3057 est,
2439 2995 2528 3047 ubi
2567 2996 2711 3048 omni
2755 2996 2927 3058 hoste.
2952 2997 3074 3066 quia
3115 3002 3259 3053 omni
3302 3010 3449 3069 peste
3475 3003 3749 3057 ’carebi-

2132 3099 2287 3149 mus;
2328 3085 2382 3138 id
2430 3085 2705 3140 nobiscum
2734 3087 3018 3142 salubriter
3043 3091 3236 3159 agitur,
3265 3100 3321 3145 ut
3349 3091 3437 3161 qui
3456 3094 3751 3164 gloriatur,

2129 3177 2183 3230 in
2211 3175 2429 3232 Domino
2454 3178 2699 3249 glorietur
2724 3180 2743 3252 (
2767 3180 2785 3234 l
2817 3180 2933 3235 Cor.
2967 3197 3005 3247 t,
3034 3182 3093 3236 51
3120 3182 3162 3253 ).

2198 3337 2213 3399 1
2241 3336 2312 3384 sic
2327 3341 2432 3384 Mss.
2461 3344 2513 3385 Αι
2533 3336 2669 3395 editi,
2691 3335 2847 3399 ipsum
2872 3336 3129 3399 deponent.

2194 3398 2215 3428 ²
2233 3400 2304 3445 sic
2318 3404 2424 3447 Mss.
2452 3400 2569 3448 rlditi
2594 3398 2727 3459 vero,
2757 3398 2836 3448 ubi
2856 3398 2988 3449 omni
3023 3399 3156 3451 hoste
3187 3406 3233 3451 et
3266 3400 3413 3451 omni.

1441 3887 1509 3943 IN
1547 3866 1806 3948 LIBRUM
1846 3893 1935 3948 nn
1975 3894 2153 3949 nouo
2189 3894 2565 3952 CONJUGALI
2607 3895 2705 3970 (α).

494 3994 653 4051 Liber
692 3995 795 4052 iste
837 4009 958 4052 cum
1005 3998 1178 4054 altero
1216 4000 1461 4069 proxime
1504 4014 1755 4059 secuturo
1798 4005 1997 4076 pariter
2038 4016 2121 4062 est
2154 4017 2337 4062 contra
2381 4009 2631 4079 reliquias
2668 4008 2925 4079 quasdam
2965 4009 3186 4064 haeresis
3226 4009 3515 4066 Joviniaui.
3570 4012 3740 4069 lianc

421 4087 671 4143 hmresim
714 4103 813 4144 suo
849 4096 1090 4161 tempore
1132 4101 1311 4147 natam
1357 4105 1745 4151 commemorat
1783 4098 2111 4168 Augustinus
2160 4101 2212 4155 in
2256 4099 2393 4155 libro
2426 4100 2463 4155 2
2491 4101 2559 4157 de
2604 4100 2812 4171 Nuptiis
2842 4100 3398 4173 et‘Concupisceutia,
3445 4120 3564 4174 cap.
3613 4108 3689 4161 25
3722 4127 3741 4162 :

426 4198 447 4231 ι
481 4178 815 4247 Joviuiauus,
855 4181 951 4248 ait,
996 4182 1087 4252 qui
1131 4198 1333 4255 paucos
1376 4194 1501 4240 ante
1541 4201 1710 4242 annos
1750 4191 2017 4245 novellam
2060 4200 2283 4247 conatus
2325 4200 2408 4248 est
2450 4192 2698 4247 bazresim
2749 4193 3004 4261 condere,
3050 4194 3355 4250 lllanichreis
3396 4201 3741 4267 patrocinari

423 4291 449 4325 ι
480 4272 691 4329 dicebat
711 4273 1037 4341 Catltolieos,
1062 4275 1205 4346 quod
1223 4276 1480 4333 adversus
1497 4294 1620 4334 eum
1643 4291 1882 4336 sanctam
1908 4282 2265 4353 virginitatem
2291 4285 2488 4356 nuptiis
2510 4284 2924 4355 praeferebant.»
2956 4286 3021 4341 Et
3049 4287 3101 4341 in
3132 4288 3267 4342 libro
3288 4288 3355 4343 de
3386 4289 3737 4358 llmrcsibus,

416 4381 537 4437 cap.
570 4365 642 4421 82
671 4384 686 4422 :
722 4384 741 4419 ι
774 4370 819 4421 A
844 4367 1131 4425 Joviniano
1157 4371 1679 4441 quodam'monacho
1710 4375 1809 4429 ista
1838 4376 2059 4431 bmrcsis
2101 4387 2218 4432 orta
2247 4386 2331 4433 cst
2355 4386 2513 4433 actate
2542 4386 2747 4445 nostra,
2786 4394 2907 4433 cum
2934 4379 3107 4433 adhuc
3133 4380 3357 4450 juvenes
3385 4397 3656 4436 essemus.
3709 4404 3733 4435 ι

414 4459 690 4530 Additque
711 4457 878 4517 fuisse
900 4462 1046 4516 illam
1089 4463 1196 4518 cito
1215 4479 1529 4536 oppressam
1556 4476 1611 4522 et
1634 4468 1972 4533 exstinctam,
2004 4479 2125 4539 puta
2158 4471 2373 4526 circiter
2396 4486 2592 4526 annum
2621 4472 2816 4527 Christi
2847 4472 2991 4538 390;
3025 4474 3208 4528 Romae
3236 4476 3461 4545 primum
3488 4475 3740 4529 damna-

415 4562 546 4620 tam,
579 4561 692 4608 tum
718 4552 913 4610 deinde
937 4554 1225 4611 Mediolani
1254 4576 1268 4612 :
1301 4571 1404 4628 qua
1432 4558 1500 4613 de
1535 4575 1594 4615 re
1622 4569 1807 4615 extant
1834 4559 2009 4616 Siricii
2042 4578 2191 4632 papa:
2219 4562 2285 4617 ad
2336 4564 2789 4620 Mediolancuse‘m
2834 4566 3132 4621 Ecclesium
3166 4567 3375 4636 litterae,
3418 4580 3469 4622 et
3496 4586 3621 4638 qua)
3656 4574 3740 4626 ad

412 4649 586 4717 ipsum
613 4661 648 4701 a
680 4646 888 4718 synodo
932 4647 1315 4705 Mediolancnsi
1343 4650 1631 4707 Ambrosio
1671 4654 1899 4722 praesule
1941 4654 2164 4710 reddita:
2203 4664 2349 4721 sunt,
2372 4671 2402 4710 a
2430 4657 2661 4713 Baronio
2688 4658 2754 4713 ad
2798 4659 3109 4729 pra'dictum
3137 4676 3334 4715 annum
3365 4662 3469 4716 ’590
3504 4664 3735 4719 relatar.

409 4741 791 4797 Confutaverat
817 4742 1157 4798 Iovinianum
1184 4744 1572 4816 Hieronymus,
1601 4747 1694 4801 sed
1723 4748 2054 4803 excellentia:
2080 4749 2361 4819 virginalis
2401 4750 2770 4807 defensionem
2799 4754 3010 4808 nonnisi
3040 4754 3380 4810 damnatione
3408 4756 3737 4825 nuptiarum

409 4844 644 4891 tentasse
688 4835 982 4901 ferebatur,
1034 4835 1277 4907 adeoque
1319 4836 1626 4893 Manichzeis
1673 4839 1939 4895 haereticis
1984 4842 2193 4898 incaute
2241 4840 2458 4898 favisse.
2514 4843 2595 4899 Ne
2636 4844 2867 4901 similem
2915 4847 3234 4901 calumniam
3280 4848 3393 4903 sive
3435 4851 3735 4917 querelam

408 4938 683 4996 pateretur
710 4928 1059 5000 Augustinus,
1109 4936 1394 4998 antequam
1425 4929 1493 4984 dc
1520 4930 1837 5001 virginitatis
1881 4935 2189 5003 priestantia
2232 4935 2457 5001 diceret,
2488 4935 2830 4992 scribendum
2876 4937 2943 4993 de
2968 4938 3199 5010 conjugii
3241 4942 3381 4997 bono
3406 4942 3677 5011 judicavit
3712 4964 3731 5001 :

405 5019 546 5088 quod
577 5035 714 5091 opus
739 5021 957 5077 circiter
978 5035 1180 5075 annum
1212 5020 1307 5076 401
1346 5019 1659 5090 perfecisse,
1690 5038 1799 5077 non
1825 5024 1984 5079 modo
2011 5040 2077 5079 ex
2106 5025 2562 5082 Retractationum
2601 5028 2741 5083 serie
2768 5029 3098 5099 intelligitur,
3132 5030 3226 5085 sed
3257 5031 3416 5086 etiam
3456 5048 3521 5086 ex
3553 5033 3736 5091 libris

404 5114 472 5168 de
500 5114 694 5171 Genesi
722 5116 787 5171 ad
817 5117 1074 5183 litteram,
1121 5130 1187 5172 eo
1233 5116 1345 5172 fere
1378 5130 1520 5171 anno
1548 5116 1645 5172 401
1682 5116 1963 5172 inchoatis.
2030 5117 2235 5187 Nempe
2282 5119 2334 5173 in
2385 5119 2522 5174 libro
2554 5136 2709 5175 nouo
2741 5121 2808 5176 de
2837 5120 3057 5188 Genesi,
3103 5138 3222 5192 cap.
3258 5123 3306 5188 7,
3357 5124 3442 5178 ubi
3472 5124 3727 5197 conjugii

404 5202 604 5259 bonum
638 5206 1024 5261 commendat:
1059 5225 1079 5258 ι
1112 5206 1227 5262 Hoc
1264 5217 1465 5272 autem,
1505 5207 1599 5272 ait,
1633 5208 1953 5277 tripartitum
1997 5217 2116 5275 est;
2150 5209 2304 5276 ﬁdes,
2334 5212 2532 5280 proles,
2582 5223 2999 5270 sacramentum.
3051 5214 3109 5269 In
3156 5214 3260 5269 ﬁde
3303 5215 3598 5270 attenditur
3652 5237 3730 5276 ne

410 5313 430 5347 ι
465 5304 659 5365 pneter
684 5297 952 5352 vinculum
978 5299 1282 5369 conjugale,
1311 5315 1433 5354 cum
1464 5300 1632 5355 altera
1665 5301 1745 5355 vel
1774 5301 1943 5356 altero
1974 5303 2361 5357 concumbatur
2392 5321 2407 5357 :
2440 5304 2491 5358 in
2521 5306 2691 5374 prole,
2731 5315 2790 5360 ut
2814 5316 3060 5362 amanter
3085 5308 3427 5377 suscipiatur,
3472 5310 3728 5382 benigne

411 5408 431 5442 ε
467 5389 750 5458 nutriatur,
782 5393 1031 5463 religiose
1056 5393 1315 5450 educetur
1346 5412 1358 5448 :
1391 5395 1445 5449 in
1488 5406 1826 5451 sacramento
1855 5405 2057 5460 autem,
2091 5405 2148 5450 ut
2172 5396 2477 5468 conjugium
2508 5414 2611 5452 non
2642 5409 2942 5469 separetur,
2988 5410 3042 5455 et
3070 5400 3324 5456 dimissus
3361 5411 3453 5456 aut
3479 5403 3721 5460 dimissa

410 5501 430 5534 ι
466 5496 565 5537 nec
590 5495 751 5537 causa
782 5484 948 5552 prolis
986 5484 1139 5538 alteri
1178 5485 1552 5556 conjuugatur.
1611 5486 1735 5540 litec
1760 5495 1841 5540 est
1870 5495 2120 5556 tauquam
2146 5488 2331 5556 regula
2356 5490 2683 5558 nuptiarum,
2714 5506 2817 5560 qua
2848 5491 2930 5546 vel
2962 5502 3167 5547 natura;
3203 5492 3487 5548 decoratur
3511 5493 3717 5551 fecun-

410 5598 429 5630 ι
466 5578 627 5643 ditas,
661 5576 753 5631 vel
783 5577 1183 5633 incontinentiae
1212 5578 1418 5649 regitur
1441 5581 1692 5649 pravitas.
1744 5580 1899 5636 Unde
1923 5581 2045 5650 quia
2083 5582 2214 5637 satis
2241 5581 2591 5639 disseruimus
2628 5586 2679 5639 in
2712 5602 2776 5641 eo
2804 5587 2942 5642 libro
2970 5604 3128 5658 quem
3154 5588 3221 5644 de
3248 5591 3397 5645 Bono
3424 5590 3719 5666 Conjugali

409 5690 428 5725 ι
468 5686 636 5740 nuper
682 5667 975 5735 edidimus,
1007 5668 1094 5722 ubi
1122 5678 1174 5724 et
1200 5670 1581 5723 continentiam
1613 5670 1900 5737 vidualem,
1928 5682 1980 5727 et
2004 5674 2378 5729 excellentiam
2406 5676 2717 5745 virginalem
2764 5694 2860 5748 pro
2899 5696 3118 5735 suorum
3153 5682 3411 5753 graduum
3441 5684 3714 5755 dignitate

484 5785 571 5869 (α)
605 5784 685 5848 In
715 5781 944 5869 libriin}
977 5780 1053 5869 de
1078 5781 1633 5869 Douocoujugali,
1664 5783 1805 5844 vide
1829 5795 2127 5869 presterea
2158 5787 2265 5849 lib.
2295 5788 2365 5869 2,
2388 5808 2523 5868 cap.
2552 5788 2664 5860 2-2,
2688 5792 3265 5869 Retractatiounm,
3300 5806 3449 5858 tam.
3485 5801 3543 5862 1.
3572 5805 3701 5865 rat.

400 5861 560 5929 639,⁷
591 5886 623 5923 a
650 5861 852 5923 verbis
908 5862 1235 5925 Joviuiaui
1272 5861 1557 5931 haeresis,
1594 5881 1782 5941 usque
1813 5861 1892 5925 (id
1924 5866 2097 5927 rer/1a
2133 5869 2247 5928 rei.
2298 5861 2749 5941 ϐἰο,’11ιιηπιῐιί
2786 5875 3043 5951 generis
3071 5893 3220 5951 pars
3252 5861 3368 5938 est.
3461 5861 3543 5941 M.
