4048 6526
189 500 286 555 373
932 491 1019 545 DE
1059 489 1235 547 BONO
1273 488 1669 556 CONJUGALI,
1718 488 1775 544 S.
1824 486 2187 543 AUGUSTINI
2227 488 2426 545 LIBER
2468 491 2666 550 UNUS.
2718 480 2723 481 ί

3360 494 3466 550 375

196 633 210 661 ι
247 606 602 671 distinximus,
644 604 841 659 diutius
874 604 956 657 hic
984 614 1164 659 noster
1187 604 1344 661 stilus
1382 619 1488 659 non
1532 610 1615 659 est
1656 599 2015 672 occupandus.
2056 619 2075 653 ι
2130 599 2242 657 Hoc
2284 602 2457 673 ipsum
2493 619 2627 676 Opus
2664 612 2876 662 notatur
2901 605 2953 661 itt
2982 606 3075 662 lib.
3104 608 3128 662 1
3160 607 3227 664 de
3254 609 3451 665 Pecca-

193 714 353 753 torunt
384 695 592 751 meritis
617 704 672 750 et
698 694 1031 762 remissione,
1058 710 1177 765 cap.
1208 695 1306 751 29.

280 863 343 871 --

785 931 931 1045 s.
996 931 1773 1044 AURELII
1834 898 2853 1048 nucus'rsm

1377 1098 1894 1163 HIPPONENSIS
1933 1099 2289 1163 EPISCOPI

539 1220 841 1362 DE
992 1212 1634 1364 BONO
1767 1212 3191 1369 CONJUGALI‘

1286 1418 1767 1527 LIBER
1860 1414 1975 1521 Π
1961 1417 2076 1524 Ν
2090 1419 2264 1527 US
2300 1419 2377 1497 (α)
2410 1504 2436 1532 .

1550 1589 2187 1666 (mem

255 1699 301 1741 tu
322 1704 420 1766 quo
440 1690 589 1766 docet
611 1690 906 1766 tittgustinus
919 1689 1118 1766 nuptias
1134 1688 1305 1766 multis
1320 1687 1597 1766 nominibus
1609 1701 1727 1766 esse
1750 1690 2080 1766 honorabiles,
2105 1698 2157 1742 et
2178 1704 2277 1740 non
2298 1695 2484 1766 tantum
2503 1690 3289 1766 inforuimtioniscomparatloqe,
3314 1692 3402 1766 sed
3424 1706 3486 1742 ex

200 1750 382 1817 proprio
402 1765 599 1817 genere
631 1750 783 1817 bonas
797 1764 853 1801 ac
873 1750 939 1801 de
954 1750 1014 1802 se
1035 1750 1098 1817 ab
1126 1751 1257 1817 omni
1294 1756 1500 1817 peccato
1526 1751 1781 1817 immunes.
1805 1750 2163 1817 continentiam
2186 1767 2313 1817 vero,
2341 1751 2491 1817 longe
2516 1765 2644 1817 esse
2664 1750 3051 1816 praestantiorem
3067 1750 3283 1803 ostendit
3304 1754 3490 1817 :adco-

312 1810 671 1884 nupiias,_quas
691 1812 806 1864 olim
828 1814 1131 1884 necessarias
1151 1810 1211 1861 ad
1226 1810 1693 1884 propagandumpei
1717 1815 1966 1884 populum,
1990 1830 2079 1884 per
2100 1828 2250 1879 quem
2269 1810 2487 1884 Christus
2514 1810 2884 1884 prOph'etaretur
2912 1821 2963 1884 et
2984 1821 3298 1884 nasceretur,
3324 1816 3373 1884 in
3398 1830 3490 1884 usu

198 1873 549 1939 lialmre'ﬁncti
565 1873 862 1939 debuerunt,
887 1887 1017 1924 nunc
1034 1873 1267 1939 temporis
1286 1873 1538 1937 postquam
1556 1873 1736 1925 dictum
1759 1873 1851 1939 est,
1876 1873 1966 1939 Qui

2096 1873 2139 1928 εἰ
2157 1889 2351 1942 capere,
2376 1873 2563 1942 capiat,
2587 1873 2685 1925 non
2718 1874 3082 1942 amplectendas
3109 1875 3204 1926 nisi
3233 1876 3299 1942 ab
3322 1876 3382 1942 i_i_s
3404 1879 3486 1939 qui

196 1952 250 2012 se
271 1937 527 2012 οοιιιίηςω
547 1950 645 2012 μου
669 1935 1107 2012 πίειειεεχεεφεψι)
1138 1934 1458 2012 eaeaeae,
1481 1943 1683 2012 ειοειςοε
1708 1934 1917 2012 annos
1941 1934 2042 2012 ams
2062 1934 2347 2012 enotatis;
2374 1934 2939 2012 Αιξηὲιξίαῑρροφίὺδαω
2960 1943 3014 2012 et
3032 1938 3281 2012 Sami:
3297 1934 3492 2012 ιιξιπμειι-

200 2002 323 2050 tione
345 1998 583 2060 conferri,
606 1998 787 2048 nedum
804 1998 864 2048 iis
886 1997 1105 2061 praeferri
1124 2009 1298 2061 posse;
1323 1997 1505 2060 quippe
1527 1997 1611 2059 qui
1637 2004 1689 2047 et
1709 1997 2022 2052 continentia:
2039 1997 2269 2051 virtutem
2286 1997 2341 2049 in
2357 1999 2702 2061 animihhabitu
2722 2006 2991 2050 tenuerunt
3006 2000 3273 2061 nubentes,
3299 2006 3353 2051 et
3371 2002 3491 2051 obe-

196 2061 389 2112 dientize
415 2058 585 2121 laude,
602 2073 700 2125 qua
723 2058 949 2123 tanquam
970 2058 1172 2109 matrice
1194 2058 1598 2109 virtutes'omnes
1619 2061 1943 2124 continentur,
1969 2075 2114 2127 quam
2146 2064 2357 2112 maxime
2381 2058 2742 2111 excelluerunt.

263 2144 489 2201 CAPUT
546 2142 831 2200 PRlMUM.
879 2172 954 2187 —
998 2143 1051 2197 1.
1102 2140 1283 2195 Prima
1328 2142 1540 2197 societas
1588 2143 1684 2196 viri
1737 2152 1787 2197 et

199 2237 382 2290 uotis.
438 2233 706 2302 Quoniam
732 2233 1094 2304 unusquisque
1123 2232 1284 2288 homo
1322 2231 1542 2287 humani
1572 2234 1787 2304 generis

201 2342 316 2396 pars
363 2335 473 2393 est,
522 2336 578 2382 et
623 2325 821 2382 sociale
866 2324 1118 2396 quiddam
1166 2334 1249 2380 est
1297 2324 1528 2380 humana
1577 2333 1787 2391 natura,

198 2434 553 2491 magnumque
590 2418 753 2475 habet
780 2426 837 2475 et
875 2417 1119 2473 naturale
1162 2417 1383 2484 bonum,
1428 2419 1533 2473 vim
1578 2432 1791 2489 quoque

198 2511 439 2566 amicitiae
463 2528 477 2577 ;
513 2510 585 2565 ob
608 2512 708 2565 hoc
729 2525 799 2566 ex
828 2526 935 2565 uno
956 2510 1095 2565 Deus
1122 2510 1290 2569 voluit
1329 2525 1519 2566 omnes
1546 2510 1791 2566 homines

198 2605 446 2671 condere,
494 2613 556 2659 ut
594 2605 648 2659 in
690 2619 786 2659 sua
835 2604 1092 2660 societate
1134 2620 1241 2659 non
1284 2604 1397 2660 sola
1444 2605 1792 2661 similitudine

197 2696 425 2763 generis,
471 2695 570 2751 sed
617 2696 779 2751 etiam
815 2695 1148 2766 cognationis
1188 2696 1407 2751 vinculo
1454 2705 1786 2755 tenerentur.

198 2785 374 2839 Prima
408 2785 586 2855 itaque
612 2786 873 2841 naturalis
899 2785 1149 2841 humanm
1177 2787 1448 2843 societatis
1491 2789 1681 2859 copula
1708 2789 1792 2844 vir

197 2889 249 2933 et
275 2895 409 2934 uxor
436 2888 540 2935 est.
588 2881 735 2947 Quos
774 2895 875 2936 nec
900 2882 1046 2951 ipsos
1075 2881 1316 2953 singulos
1354 2880 1595 2937 condidit
1625 2883 1784 2949 Deus,

196 2981 247 3024 et
284 2980 537 3043 tanquam
580 2973 913 3045 alienigenas
936 2973 1152 3044 junxit:
1193 2973 1290 3030 sed
1326 2974 1549 3031 alteram
1589 2975 1791 3030 creavit

192 3078 259 3118 ex
286 3065 456 3121 altero
482 3083 498 3132 ;
530 3066 745 3137 signans
770 3068 932 3123 etiam
972 3068 1080 3122 vim
1106 3067 1499 3138 conjunctionis
1524 3069 1576 3124 in
1600 3068 1787 3136 latere,

194 3156 329 3210 unde
373 3158 463 3213 illa
512 3159 774 3226 detracta,
826 3158 1053 3215 formata
1103 3170 1187 3217 est
1228 3159 1381 3232 (Gen.
1428 3177 1484 3227 ιι,
1533 3159 1625 3225 2i,
1669 3160 1787 3233 2‘2).

193 3249 469 3306 Lateril-us
501 3252 646 3307 enim
679 3252 780 3307 sibi
799 3252 1117 3324 junguntur,
1149 3253 1237 3324 qui
1268 3253 1470 3324 pariter
1492 3253 1788 3319 ambulant,

190 3350 239 3397 et
266 3344 463 3410 pariter
507 3358 617 3413 quo
656 3343 935 3399 ambulant
980 3344 1278 3401 intuentur.
1309 3345 1663 3415 Consequens
1706 3351 1793 3400 est

188 3433 453 3488 connexio
478 3433 757 3489 societatis
783 3434 835 3489 in
867 3434 1011 3502 liliis,
1033 3436 1125 3506 qui
1148 3451 1284 3491 unus
1305 3435 1565 3491 honestus
1586 3436 1792 3491 fructus

189 3535 285 3588 est,
334 3542 440 3581 non
487 3512 892 3596 coniunctionis
936 3527 1101 3584 maris
1135 3536 1190 3583 et
1234 3526 1470 3594 feminae,
1513 3526 1608 3583 sed
1656 3541 1789 3582 con-

186 3624 415 3679 cubitus.
466 3624 699 3679 Poterat
736 3622 883 3678 enim
926 3637 1047 3679 esse
1090 3622 1144 3677 in
1178 3632 1402 3693 utroque
1429 3636 1583 3688 sexu,
1628 3619 1791 3676 etiarn

185 3719 297 3773 sine
347 3718 440 3772 tali
489 3715 906 3783 commixtione,
973 3715 1194 3770 alterius
1258 3715 1516 3786 regentis,
1571 3713 1792 3770 alterius

184 3810 538 3881 obsequentis
600 3808 843 3865 amicalis
906 3807 1152 3879 quaedam
1219 3818 1275 3864 et
1340 3822 1592 3880 germana
1660 3822 1791 3864 con-

182 3902 402 3970 junclio.

214 3992 485 4049 .CAPUT
551 3991 620 4046 Il.
667 4019 742 4034 —-
783 3991 839 4046 9..
888 3990 967 4046 De
1025 3991 1389 4062 propagatione
1430 3990 1693 4059 ﬁliorum,
1742 3991 1790 4044 si

186 4086 327 4138 homo
356 4101 461 4139 non
496 4091 779 4154 peccasset,
805 4082 1013 4137 diversa:
1036 4083 1317 4136 sententiae.
1342 4080 1454 4136 Nec
1486 4097 1629 4137 nunc
1659 4095 1794 4151 opus

179 4186 262 4237 est
290 4186 350 4231 ut
376 4187 698 4232 scrutemur
719 4216 735 4241 ,
779 4183 832 4229 et
862 4173 913 4228 in
944 4190 1007 4229 ea
1034 4174 1330 4243 quaestione
1357 4171 1633 4228 deﬁnitam
1671 4186 1795 4227 sen-

181 4267 398 4321 tentiam
428 4265 797 4337 proferamus,
830 4264 971 4320 unde
998 4264 1290 4334 primorum
1312 4262 1589 4323 hominum
1614 4262 1793 4333 proles

182 4369 360 4429 posset
388 4360 663 4421 existere,
687 4371 824 4426 quos
848 4354 1193 4411 benedixerat
1223 4355 1383 4420 Deus,
1407 4353 1613 4421 dicens,
1643 4353 1791 4408 Cres-

180 4456 291 4517 cite,
328 4466 375 4510 et
404 4454 869 4525 multiplicamini,
901 4462 948 4507 et
974 4453 1175 4523 implete
1204 4459 1410 4518 terram,
1451 4450 1495 4506 si
1526 4464 1631 4504 non
1660 4462 1791 4519 pec-

178 4559 440 4613 cassent;
496 4562 633 4605 cum
688 4547 877 4601 mortis
918 4545 1279 4602 conditionem
1327 4558 1552 4614 corpora
1603 4556 1790 4597 eorum

180 4641 451 4707 peccando
498 4638 827 4703 meruerint,
871 4653 971 4694 nec
994 4653 1115 4693 esse
1157 4636 1475 4693 concubitus
1503 4634 1603 4690 nisi
1642 4647 1790 4688 mor-

179 4734 355 4788 talium
387 4747 696 4804 corporum
741 4732 926 4802 possit.
958 4730 1147 4786 Plures
1179 4728 1322 4784 enim
1351 4727 1419 4783 de
1449 4728 1548 4783 hac
1578 4740 1636 4781 re
1665 4740 1793 4782 sen-

178 4825 353 4879 tentia:
374 4825 732 4893 diversaeque
752 4822 1074 4877 exstiterunt
1096 4838 1111 4886 ;
1136 4827 1191 4875 et
1207 4820 1252 4875 si
1277 4817 1689 4876 examinandum
1704 4818 1791 4883 sit,

176 4917 383 4971 veritati
434 4918 451 4949 ¹
505 4914 822 4971 divinarum
871 4912 1270 4982 Scripturarum
1312 4924 1559 4980 quaenam
1609 4922 1792 4965 earum

179 5010 524 5077 potissimum
566 5015 854 5078 congruat,
887 5007 1107 5077 prolixae
1132 5004 1506 5075 disputationis
1529 5002 1798 5072 negotium

1893 2156 1993 2201 est.
2015 2145 2139 2202 Sive
2157 2159 2286 2216 ergo
2306 2144 2421 2200 sine
2436 2142 2661 2199 coeundi
2674 2142 2955 2214 complexu
2980 2142 3086 2198 alio
3102 2142 3281 2214 aliquo
3303 2142 3490 2208 modo,

1893 2239 1939 2294 si
1985 2253 2093 2293 non
2136 2243 2465 2309 peccassent,
2495 2235 2730 2291 habituri
2768 2242 2950 2291 essent
2992 2235 3132 2292 filios
3175 2250 3242 2291 ex
3270 2250 3491 2289 munere

1894 2330 2396 2402 omnipotentissimi
2433 2327 2721 2395 Creatoris,
2775 2328 2866 2399 qui
2912 2328 3085 2399 potuit
3137 2328 3299 2384 etiam
3344 2328 3493 2398 ipsos

1893 2424 2009 2480 sine
2036 2420 2345 2494 parentibus
2369 2420 2620 2486 condere,
2649 2420 2740 2491 qui
2766 2418 2935 2490 potuit
2961 2434 3177 2476 carnem
3202 2418 3403 2474 Christi
3429 2419 3488 2472 in

1894 2524 2047 2573 utero
2070 2512 2314 2585 virginali
2342 2512 2595 2579 formare,
2641 2520 2697 2568 et
2733 2512 2981 2568 utetiam
3015 2511 3144 2582 ipsis
3182 2509 3488 2567 inlideiibus

1895 2610 2098 2681 loquar,
2126 2607 2217 2679 qui
2242 2605 2412 2677 potuit
2435 2606 2624 2677 apibus
2645 2604 2849 2677 prolem
2877 2606 2992 2661 sine
3012 2604 3293 2661 concubitu
3315 2603 3481 2661 dare:

1894 2702 2007 2757 sive
2032 2700 2104 2756 ibi
2130 2700 2294 2755 multa
2314 2700 2539 2771 mystice
2565 2713 2629 2755 ac
2657 2699 2879 2770 ﬁgurate
2906 2697 3047 2754 dicta
3073 2699 3199 2763 sint,
3225 2697 3487 2768 aliterque

1896 2792 1965 2848 sit
1991 2789 2393 2861 intelligendum
2422 2789 2566 2861 quod
2602 2789 2859 2860 scriptum
2887 2797 2989 2854 est,
3029 2786 3245 2859 Implete
3274 2797 3483 2852 terram,

1896 2894 1943 2940 et
1970 2883 2307 2940 dominamini
2322 2884 2433 2955 ejus
2462 2880 2621 2955 (Gen.
2652 2898 2691 2949 ι,
2717 2882 2836 2953 28),
2874 2882 3056 2947 idest,
3082 2881 3489 2952 utplenitudine

1895 2989 1950 3038 et
1976 2979 2302 3051 perfectione
2342 2979 2468 3034 vita:
2504 2992 2567 3034 ac
2592 2978 2874 3051 potestatis
2911 2978 2964 3035 id
3007 2978 3178 3044 ﬂeret,
3221 2986 3279 3033 ut
3320 2979 3493 3049 ipsum

1895 3087 2108 3143 quoque
2131 3072 2522 3128 incrementum
2552 3078 2607 3126 et
2631 3070 3002 3142 multiplicatio
3029 3085 3133 3141 qua
3159 3069 3359 3125 dictum
3390 3077 3493 3133 est,

1897 3163 2132 3232 Crescite,
2173 3168 2223 3219 et
2260 3163 2706 3235 multiplicamini,
2758 3170 3012 3235 provectu
3039 3163 3235 3219 mentis
3263 3171 3317 3219 et
3342 3164 3495 3232 copia

1896 3256 2108 3312 virtutis
2159 3255 2507 3327 intelligatur,
2554 3256 2694 3310 sicut
2742 3254 2797 3309 in
2844 3254 3061 3311 Psalmo
3110 3255 3340 3324 positum
3387 3261 3492 3317 est.

1899 3347 2265 3419 Mnltiplicabis
2290 3348 2369 3403 me
2391 3348 2447 3402 in
2472 3347 2643 3402 anima
2664 3348 2981 3402 mea‘virtute
3006 3347 3023 3379 ¹
3052 3345 3221 3419 (Psal.
3250 3361 3491 3408 cxxxvu.

1897 3437 1993 3509 5);
2026 3454 2126 3496 nec
2154 3438 2278 3494 data
2325 3437 2395 3492 sit
2434 3437 2637 3494 homini
2686 3437 2854 3509 prolis
2898 3438 2997 3492 ista
3042 3435 3335 3503 successio,
3382 3435 3481 3489 nisi

1898 3537 2242 3601 posteaquam
2280 3541 2441 3583 causa
2483 3528 2710 3598 peccati,
2751 3525 2928 3582 futura
2954 3534 3072 3582 erat
3114 3526 3167 3581 in
3202 3534 3375 3581 morte
3401 3524 3492 3579 de-

1897 3620 2115 3677 cessio:
2161 3618 2274 3674 sive
2316 3632 2513 3687 corpus
2552 3631 2659 3673 non
2695 3612 2975 3688 spirituale
3018 3616 3122 3671 illis
3162 3613 3491 3678 hominibus,

1897 3711 1991 3769 sed
2018 3711 2192 3783 primo
2220 3710 2449 3766 animale
2476 3708 2674 3765 factum
2702 3715 2837 3775 erat,
2865 3716 2923 3763 ut
2946 3706 3265 3763 obedientia:
3295 3703 3487 3760 merito

1898 3812 2084 3876 postea
2108 3803 2262 3859 ﬁeret
2288 3801 2587 3873 spirituale,
2623 3801 2689 3856 ad
2718 3799 3173 3855 immortalitatem
3202 3811 3491 3867 capessen-

1899 3897 2044 3963 dam,
2073 3909 2180 3950 non
2210 3903 2331 3964 post
2368 3900 2622 3955 mortem,
2653 3905 2773 3961 quae
2814 3889 3010 3945 invidia
3050 3888 3249 3943 diaboli
3279 3887 3496 3943 intravit

1900 3988 1953 4043 in
1982 3986 2166 4041 orbem
2208 3993 2473 4041 terrarum
2514 3981 2670 4055 (Sap.
2716 3997 2775 4047 ιι,
2803 3980 2897 4051 24)
2942 3988 2995 4036 et
3020 3980 3163 4034 facta
3204 3968 3287 4033 c'st
3334 3993 3493 4049 pmna

1899 4080 2143 4148 peccati;
2170 4077 2263 4134 sed
2297 4092 2390 4148 per
2412 4076 2554 4131 illam
2584 4072 3059 4131 commutationem
3088 4086 3248 4142 quam
3283 4070 3491 4141 signiti-

1900 4180 1987 4227 cat
2013 4170 2323 4241 Apostolus,
2352 4168 2442 4224 ubi
2468 4167 2564 4235 ait,
2612 4165 2812 4221 Deinde
2837 4180 2929 4223 nos
2953 4165 3170 4220 viventes
3194 4163 3279 4235 qui
3317 4160 3500 4233 reliqui

1900 4278 2095 4329 sumus,
2125 4260 2278 4317 simul
2304 4276 2416 4315 cum
2440 4257 2545 4314 illis
2582 4257 2844 4329 rapiemur
2884 4257 2940 4310 in
2976 4252 3191 4310 nubibus
3219 4254 3273 4308 in
3300 4252 3499 4307 obviam

1901 4353 2099 4409 Christo
2119 4353 2172 4407 in
2200 4368 2319 4407 aera
2344 4350 2386 4422 (l
2416 4349 2592 4405 Thess.
2620 4363 2697 4417 tv,
2730 4346 2823 4418 16)
2850 4366 2863 4403 :
2895 4356 2953 4403 ut
2980 4346 3069 4402 illa
3095 4359 3319 4417 corpora
3341 4343 3499 4416 primi

1900 4445 2130 4518 coniugii
2178 4453 2235 4501 et
2272 4442 2517 4499 mortalia
2564 4441 2730 4497 fuisse
2766 4439 3126 4510 intelligamus
3167 4437 3337 4509 prima
3367 4451 3501 4491 con-

1901 4542 2241 4610 formatione,
2280 4549 2341 4597 et
2364 4548 2544 4595 tamen
2584 4551 2691 4593 non
2721 4535 2982 4592 moritura
3024 4533 3125 4588 nisi
3154 4540 3494 4603 peccassent.

1898 4636 2039 4691 sicut
2076 4634 2309 4690 minatus
2344 4642 2459 4689 erat
2487 4631 2630 4686 Deus
2662 4645 2675 4683 :
2720 4636 2974 4699 tanquam
3018 4626 3063 4681 si
3089 4624 3281 4680 vulnus
3319 4622 3493 4677 mina-

1900 4738 2065 4795 retur,
2093 4726 2218 4799 quia
2242 4724 2567 4782 vulnerabile
2596 4734 2797 4792 corpus
2821 4727 2939 4777 erat
2962 4735 2978 4785 ;
3011 4716 3153 4789 quod
3180 4724 3358 4771 tamen
3383 4728 3494 4768 non

1900 4819 2202 4883 accidisset,
2255 4817 2359 4872 nisi
2407 4815 2556 4872 lieret
2598 4811 2742 4884 quod
2784 4811 2879 4867 ille
2923 4809 3204 4865 vetuisset.
3253 4805 3329 4861 ita
3370 4818 3500 4873 ergo

1901 4917 2121 4981 possent
2164 4908 2324 4964 etiam
2356 4922 2449 4977 per
2487 4902 2829 4962 concubitum
2864 4900 3049 4956 talium
3091 4909 3375 4966 corporum
3404 4908 3501 4963 ge-

1908 5001 2215 5057 nerationes
2238 4998 2551 5061 subsistere,
2594 5010 2715 5067 quae
2740 5005 2908 5063 usque
2931 4988 2999 5045 ad
3026 4996 3234 5043 certum
3258 4982 3498 5049 modum,

1345 5092 1376 5128 ¥
1398 5106 1681 5148 ADIONITIO
1718 5108 1798 5146 PP.
1838 5105 2320 5146 BENBDICTINORUM.

234 5194 376 5242 liber
398 5194 469 5243 de
507 5199 645 5242 Bono
679 5189 925 5253 Coniugaii
944 5188 1004 5253 ad
1029 5195 1258 5253 Romanos
1278 5184 1497 5253 quisque
1519 5184 1755 5232 Vaticana:
1793 5180 2318 5253 bibliothecaeeodices
2350 5166 3461 5253 recognitus_e§t,_et_adgalliae-93.92253
3486 5192 3498 5225 ;

174 5228 368 5305 sei'lic'ct.
383 5228 1541 5306 ait”v'éit‘féigtﬁdﬁfiiﬁitéEEBESIB'aitié"Hfﬁe’
1553 5228 1709 5292 annos
1718 5228 1819 5306 seri
2006 5228 2497 5306 indicerinan‘ensem‘;
2519 5228 2911 5306 Qistercie'nsem,
2936 5228 3289 5306 Michaelinuttt,

174 5296 358 5375 Hi‘c'diii,‘
378 5296 445 5366 ad"
468 5296 1322 5375 iiihaﬁasﬁéﬁ'ixitbéﬁtihosauos,
1347 5306 1405 5354 ad
1431 5306 1645 5375 codicem
1677 5296 1987 5375 bibliotheca:
2012 5296 3498 5375 Regina,sugustineusium‘ptajofsfonveptuit’arisiﬁts.

737 5349 1657 5435 t7."2."Eﬁéétii'iigﬁ'ﬁétﬁiniééﬁgts‘;
1678 5349 2457 5415 id'iééﬁéhés'tfa‘iiititesmium
2480 5369 2586 5410 uss.
2612 5349 2914 5421 Belgiéorum
2952 5353 3079 5417 apud
3102 5359 3211 5403 Lov.
3239 5358 3293 5402 et
3310 5349 3369 5400 ad
3396 5350 3502 5398 edi-

174 5442 334 5491 tiones
359 5440 551 5489 t-Lrasmi
582 5445 640 5487 et
661 5437 1040 5487 Lovaniensium.

248 5521 797 5605 Comparavimus
820 5528 1116 5600 prccterea
1140 5534 1238 5577 eas
1273 5530 1476 5575 omnes
1505 5509 1807 5572 editiones
1839 5509 2025 5573 initio
2060 5510 2232 5571 Rctr.
2260 5514 2314 5565 et
2347 5502 2632 5565 Confess.
2676 5510 2724 5562 t.
2760 5501 2820 5575 1,
2851 5504 3244 5561 memoratas.
3329 5494 3416 5604 .

234 5630 249 5662 ¹
270 5629 347 5678 sic
368 5634 484 5676 Mss.
516 5624 646 5673 miti
670 5630 852 5681 autem,
873 5620 1086 5669 veritate.

230 5712 309 5777 (ιι)
342 5717 577 5775 εει-ιριιιδ
601 5707 800 5757 circiter
818 5718 1000 5756 annum
1019 5702 1191 5753 Christi
1226 5700 1331 5752 401.

1977 5616 1990 5646 ¹
2018 5611 2132 5660 Editi
2164 5612 2409 5666 omittunt,
2433 5618 2508 5672 me
2537 5616 2556 5655 :
2592 5610 2645 5653 et
2685 5600 2823 5672 loco,
2858 5599 3057 5672 virtute,
3092 5592 3499 5672 habentueitttt;

1913 5682 2023 5726 tem.
2052 5659 2110 5723 At
2129 5659 2419 5733 Augustinus
2453 5666 2627 5729 legere
2652 5659 2818 5733 solet}
2847 5659 3280 5733 ttultiplicabisme
3298 5659 3501 5733 inarti-

1914 5718 2334 5791 Sittianam,
2361 5718 2629 5793 juxtavax
2656 5740 2668 5775 :
2703 5733 2755 5776 et
2779 5729 2843 5793 ita
2867 5726 2945 5774 hic
2968 5718 3093 5793 9355s.,
3106 5721 3197 5793 nisi
3221 5718 3353 5793 quod,
3373 5718 3498 5793 anti-

1912 5800 2177 5860 quissimus
2222 5785 2525 5846 Corbe'teusis
2581 5803 2695 5855 pro,
2745 5788 2953 5848 virtute,
3004 5785 3181 5844 habet,
3236 5785 3286 5831 ω
3341 5785 3493 5832 virtu-

1916 5870 2027 5913 tan.
