4024 6522
551 440 654 497 Z75

554 555 807 609 baberent
868 550 1287 616 incrementum,
1347 562 1444 602 nec
1508 555 1787 616 vergereut
1846 553 2020 599 tamen
2076 544 2128 597 in

552 646 791 708 senium;
830 652 923 698 aut
962 656 1129 712 usque
1170 642 1223 695 in
1256 640 1463 695 senium
1490 639 1529 705 ',
1560 653 1657 692 nec
1688 648 1868 693 tamen
1902 638 1959 691 in
1986 652 2129 690 nter-

552 746 679 800 tem,
721 732 895 789 donec
930 733 1019 788 illa
1070 731 1457 788 benedictionis
1500 729 1941 800 multiplicatione
1988 738 2129 783 terra

551 824 878 895 impleretur.
931 825 986 881 Si
1030 824 1171 879 enim
1220 824 1455 879 vestibus
1500 821 1850 876 lsraelitarum
1891 820 2137 891 prmstitit

554 918 690 971 Deus
739 932 835 987 per
876 932 1047 973 annos
1098 916 1444 987 quadraginta
1490 916 1606 969 sine
1655 914 1764 968 ullo
1810 914 2133 968 detrimento

552 1012 821 1080 proprium
882 1020 1077 1067 statum
1131 1011 1307 1081 (Deut.
1360 1026 1507 1074 XXIX,
1563 1008 1657 1081 5);
1712 1018 1908 1081 quanto
1965 1010 2134 1081 magis

549 1104 832 1169 praestaret
895 1095 1209 1164 corporibus
1278 1095 1637 1149 obedientium
1704 1103 1971 1163 praecepto
2036 1110 2134 1149 suo

554 1185 914 1242 felicissimum
958 1187 1222 1257 quoddam
1263 1196 1735 1259 temperamentum
1775 1188 1905 1242 certi
1937 1196 2129 1255 status,

552 1278 723 1333 donec
753 1280 804 1334 in
834 1280 1020 1335 melius
1060 1290 1517 1346 converterentur,
1560 1298 1663 1335 non
1695 1291 1865 1337 morte
1903 1282 2134 1337 hominis

553 1384 655 1439 qua
698 1386 891 1441 corpus
931 1373 999 1428 ab
1036 1373 1210 1428 anima
1240 1373 1522 1440 deseritur,
1564 1374 1657 1427 sed
1696 1374 1847 1429 beata
1889 1389 2134 1428 commu-

554 1461 753 1517 talione
777 1477 807 1516 a
849 1463 1172 1519 mortalitate
1204 1464 1271 1518 ad
1301 1465 1775 1533 immortalitatem,
1820 1466 1895 1521 ab
1917 1466 2131 1520 animali

555 1551 621 1606 ad
648 1553 973 1622 spiritualem
1005 1556 1312 1625 qualitatem
1339 1557 1354 1610 !

627 1643 851 1699 CAPUT
879 1644 965 1699 Ill.
996 1675 1065 1685 —
1106 1645 1304 1700 Bonum
1329 1648 1552 1719 coujugii
1585 1648 1868 1719 multiplex.
1901 1648 2135 1703 Primum

553 1745 601 1788 et
620 1737 889 1791 secundum
913 1740 1136 1811 conjugii
1159 1741 1361 1793 bonum.
1423 1739 1643 1793 Tertium
1678 1743 1902 1813 conjugii
1930 1742 2130 1797 bonum.

557 1829 750 1883 llarum
782 1832 1163 1887 sententiarum
1192 1849 1308 1903 qua:
1329 1848 1451 1887 vera
1481 1834 1570 1899 sit,
1602 1835 1682 1889 vel
1711 1836 1753 1889 si
1781 1835 1883 1889 alia
1905 1836 1987 1890 vel
2014 1834 2135 1889 alia:

557 1930 776 1987 possunt
819 1923 991 1977 adlmc
1030 1939 1094 1979 ex
1126 1924 1232 1980 illis
1276 1925 1454 1981 verbis
1480 1926 1754 1998 exsculpi,
1783 1941 2029 1997 quaerere
2074 1942 2135 1983 ac

553 2012 819 2069 disserere
844 2014 1055 2087 longum
1085 2026 1185 2073 est.

624 2104 674 2158 5.
707 2104 839 2161 illud
860 2122 1001 2162 nunc
1021 2108 1265 2178 dicimus,
1289 2112 1578 2167 secundum
1603 2114 1755 2170 istam
1778 2115 2135 2171 conditionem

555 2197 806 2251 nascendi
853 2206 907 2253 et
949 2201 1231 2267 moriendi,
1284 2219 1442 2274 quam
1501 2207 1766 2271 novimus,
1824 2216 1881 2263 et
1926 2210 1978 2263 in
2034 2225 2135 2280 qua

555 2288 717 2342 creati
762 2304 975 2359 sumus,
1009 2292 1205 2363 aliquid
1249 2294 1373 2350 boni
1417 2312 1536 2352 esse
1569 2298 1875 2369 eonjugium
1912 2301 2137 2357 masculi

555 2388 609 2433 et
634 2379 842 2436 feminae
874 2401 886 2437 :
920 2383 1070 2453 cujus
1094 2384 1602 2444 conftedcrationem
1641 2390 1713 2444 ita
1747 2390 1924 2447 divina
1956 2391 2138 2463 Scrip-

557 2482 671 2527 tura
698 2475 1055 2541 commendat,
1086 2486 1145 2533 ut
1171 2494 1268 2534 nec
1290 2479 1527 2536 dimissae
1554 2497 1585 2537 a
1616 2484 1732 2538 viro
1758 2485 1956 2542 nubere
1982 2487 2139 2544 liceat

554 2565 729 2631 alteri,
762 2568 1011 2637 quamdiu
1038 2570 1118 2626 vir
1148 2571 1265 2642 ejus
1292 2574 1459 2640 vivit;
1501 2590 1599 2630 nec
1629 2576 1849 2633 dimisso
1876 2580 1943 2635 ab
1970 2597 2138 2637 uxore

557 2658 711 2714 liceat
729 2660 947 2716 alteram
969 2662 1189 2731 ducere,
1213 2665 1312 2721 nisi
1336 2676 1552 2723 mortua
1570 2667 1728 2724 fuerit
1750 2686 1869 2741 qua:
1891 2675 2135 2729 recessit.

554 2753 757 2809 Bonum
784 2772 911 2828 ergo
936 2758 1188 2830 eonjugii,
1214 2762 1353 2831 quod
1384 2764 1543 2819 etiam
1584 2765 1841 2823 Dominus
1876 2770 1929 2824 in
1962 2771 2138 2826 Evan-

550 2845 691 2915 gelio
716 2848 1067 2917 conﬁrmavit,
1094 2865 1200 2905 non
1231 2852 1403 2908 solum
1427 2856 1549 2924 quia
1574 2858 1847 2926 prohibuit
1870 2860 2138 2919 dimittere

552 2954 795 3005 uxorem,
829 2938 932 2995 nisi
970 2956 1034 2996 ex
1060 2956 1219 2997 causa
1261 2943 1628 3003 fornicationis
1666 2948 1880 3021 (Matth.
1909 2969 2024 3021 nx,
2055 2954 2134 3027 9),

551 3030 647 3085 sed
684 3032 842 3086 etiam
884 3034 1008 3104 quia
1037 3035 1184 3091 venit
1222 3036 1474 3094 invitatus
1502 3040 1570 3095 ad
1612 3044 1823 3113 nuptias
1863 3044 2041 3118 (Joau.
2073 3064 2132 3117 ιι,

549 3118 631 3191 2),
662 3137 758 3177 cur
783 3120 853 3177 sit
892 3123 1089 3180 bonum
1128 3128 1319 3185 merito
1357 3132 1628 3201 quaeritur.
1681 3134 1839 3203 Quod
1869 3139 2000 3195 mihi
2028 3157 2133 3199 non

550 3210 761 3267 videtur
809 3223 1027 3287 propter
1061 3217 1228 3274 solam
1272 3219 1499 3277 ﬁliorum
1542 3229 1991 3299 procreationem,
2035 3232 2138 3288 sed

553 3314 769 3375 propter
820 3307 987 3377 ipsam
1039 3310 1198 3367 etiam
1254 3315 1553 3373 naturalem
1609 3319 1663 3373 in
1727 3318 1942 3378 diverso
2001 3338 2131 3381 sexu

551 3398 879 3453 societatem.
909 3401 1156 3473 Alioquin
1184 3419 1287 3460 non
1308 3406 1419 3476 jam
1448 3407 1717 3465 diceretur
1740 3413 2047 3486 conjugium
2078 3417 2129 3472 in

549 3490 791 3557 senibus,
811 3494 1105 3562 praesertim
1126 3495 1173 3551 si
1193 3496 1279 3552 vel
1300 3498 1603 3555 amisissent
1622 3502 1780 3572 ﬁlios,
1810 3506 1898 3560 vel
1914 3506 2139 3564 minime

547 3583 881 3651 genuissent.
903 3586 1053 3643 Nunc
1076 3605 1204 3645 vero
1232 3591 1285 3646 in
1313 3591 1461 3649 bono
1483 3594 1606 3650 licet
1629 3611 1836 3652 annoso
1860 3600 2128 3672 conjugio,

550 3674 651 3729 etsi
679 3678 936 3733 emarcuit
972 3679 1133 3736 ardor
1176 3683 1349 3738 aetatis
1388 3684 1525 3741 inter
1554 3688 1850 3743 masculum
1894 3699 1950 3745 et
1978 3690 2133 3747 femi-

549 3780 694 3833 nam,
738 3768 879 3839 viget
923 3778 1097 3827 tamen
1143 3773 1275 3828 ordo
1311 3774 1585 3832 cbaritatis
1623 3778 1763 3835 inter
1800 3782 2048 3837 maritum
2078 3794 2132 3840 et

548 3874 766 3915 uxorem
798 3880 815 3917 :
842 3862 963 3933 quia
1002 3873 1199 3935 quanto
1232 3867 1483 3925 meliores
1507 3880 1652 3938 sunt,
1695 3882 1842 3929 tanto
1870 3877 2131 3933 maturius

546 3964 575 4001 a
603 3952 976 4009 commixtione
1002 3957 1177 4012 carnis
1205 3972 1315 4014 sua:
1342 3960 1454 4029 pari
1482 3977 1746 4019 consensu
1775 3968 2133 4026 secontinere

544 4056 821 4112 coeperunt
844 4062 859 4110 ;
890 4061 993 4100 non
1020 4058 1079 4102 ut
1108 4051 1437 4106 necessitatis
1463 4062 1606 4110 esset
1636 4065 1823 4125 postea
1846 4073 1950 4113 non
1974 4074 2132 4128 posse

546 4135 686 4203 quod
733 4136 949 4203 vellent,
995 4138 1093 4193 sed
1135 4149 1193 4195 ut
1228 4141 1405 4197 laudis
1435 4153 1578 4200 esset
1617 4147 1844 4215 primum
1894 4149 2133 4207 noluisse

546 4224 689 4293 quod
739 4236 977 4295 possent.
1048 4229 1104 4285 Si
1151 4246 1278 4304 ergo
1331 4244 1577 4290 servatur
1626 4238 1758 4294 ﬁdes
1809 4239 2031 4297 honoris
2080 4252 2135 4299 et

547 4316 924 4386 obsequiorum
969 4319 1193 4376 invicem
1237 4323 1536 4381 debitorum
1583 4328 1650 4383 ab
1689 4330 1948 4387 alterutro
1978 4348 2131 4401 sexu,

546 4406 753 4461 etiamsi
772 4408 1228 4479 languescentibus
1249 4423 1302 4470 et
1323 4431 1487 4487 prope
1507 4418 1845 4477 cadaverinis
1860 4425 2134 4497 utriusque

548 4498 822 4567 membris,
863 4501 1161 4558 animorum
1199 4513 1372 4562 tamen
1404 4509 1507 4564 rite
1550 4511 1954 4583 conjugatorum
1986 4526 2133 4573 tanto

546 4586 826 4655 sincerior,
850 4602 1048 4661 quanto
1076 4594 1367 4665 probatior,
1394 4608 1450 4654 et
1474 4608 1621 4656 tanto
1645 4606 1902 4670 securior,
1933 4619 2133 4677 quanto

546 4679 803 4747 placidior
828 4684 1043 4739 eastitas
1070 4700 1393 4755 perseverat.
1426 4691 1635 4748 llabent
1660 4696 1821 4750 etiam
1850 4697 1902 4752 id
1928 4699 2130 4756 bonum

547 4772 806 4842 conjugia,
855 4776 995 4845 quod
1040 4781 1267 4835 carnalis
1309 4782 1392 4837 vel
1427 4784 1678 4853 juvenilis
1720 4786 2127 4860 incontinentia,

542 4863 752 4920 etiamsi
784 4866 972 4921 vitiosa
1014 4877 1114 4937 est,
1155 4870 1223 4926 ad
1263 4876 1619 4945 propaganda:
1661 4880 1829 4948 prolis
1871 4880 2133 4952 redigitur

546 4954 899 5023 honestatem,
947 4969 1001 5015 ut
1030 4978 1095 5017 ex
1137 4964 1277 5019 malo
1315 4966 1552 5024 libidinis
1590 4970 1791 5041 aliquid
1821 4972 1945 5027 boni
1974 4974 2133 5031 faciat

542 5052 807 5118 copulatio
867 5056 1179 5127 conjugalis.
1243 5059 1446 5116 Deinde
1497 5062 1619 5132 quia
1676 5066 2028 5136 reprimitur,
2077 5079 2132 5124 et

542 5142 772 5207 quodam
831 5146 992 5201 modo
1040 5150 1396 5206 verecundius
1444 5163 1635 5208 aestuat
1695 5158 2127 5226 concupiscentia

542 5234 737 5301 carnis,
770 5252 926 5304 quam
956 5247 1218 5310 temperat
1245 5244 1533 5311 parentalis
1555 5245 1797 5302 affectus.
1844 5248 2130 5307 lutet-cedit

541 5323 680 5377 enim
714 5326 956 5395 quaedam
999 5333 1229 5399 gravitas
1272 5333 1492 5390 fervida:
1536 5338 1823 5409 voluptatis
1845 5342 1889 5407 ’,
1921 5356 2042 5396 cum
2074 5342 2130 5398 in

541 5428 605 5465 eo
653 5416 794 5485 quod
842 5418 940 5472 sibi
973 5421 1053 5473 vir
1095 5432 1149 5476 et
1190 5426 1386 5481 mulier
1429 5428 1835 5505 adltrercscunt,
1878 5442 2033 5501 pater
2073 5443 2129 5490 et

540 5516 708 5562 mater
733 5524 852 5564 esse
878 5511 1222 5568 meditantur.

608 5599 836 5656 CAPUT
876 5601 963 5658 IV.
998 5634 1069 5643 —
1107 5604 1159 5659 Δ.
1197 5606 1442 5672 Quartum
1474 5613 1697 5683 conjugii
1725 5614 1929 5669 bonum.
1963 5619 2125 5673 Adul-

540 5692 716 5746 terium
740 5693 861 5763 quid
885 5694 970 5749 sit.
1006 5694 1160 5749 Fides
1190 5697 1243 5750 in
1278 5697 1423 5752 rebus
1461 5702 1611 5756 etiam
1647 5704 1856 5774 abjcctis
1882 5713 2127 5765 seri-unda

607 5849 620 5917 ξ
646 5848 747 5917 Sola
774 5851 921 5917 editio
944 5859 1051 5903 ιον.
1080 5855 1273 5917 omittit,
1295 5864 1379 5905 aut
1405 5869 1549 5917 usque
1568 5859 1615 5907 in
1642 5858 1843 5909 senium.

600 5913 619 5941 '
640 5914 909 5976 ttigotianus
930 5924 1028 5975 νδ..
1055 5916 1297 5978 voluptati.

1557 428 1641 484 DE
1685 427 1859 483 ΒΟΝο
1896 424 2291 494 CONJUGALI;
2333 426 2387 483 S.
2433 427 2800 485 AUGUSTINI

3731 432 3827 490 3‘78

2240 554 2287 597 et
2313 546 2425 599 vitae
2451 543 2566 599 huic
2601 548 2960 617 pra'poucudn.
2994 549 3105 604 Πιιο
3140 550 3346 606 accedit
3379 551 3504 622 quin
3540 550 3594 606 in
3625 566 3693 607 eo
3717 550 3829 622 ipso

2240 636 2379 706 quod
2428 638 2528 691 sibi
2554 638 2778 692 invicem
2807 642 3061 711 conjuch
3085 641 3319 697 debitum
3344 642 3603 710 solvunt,
3622 644 3823 698 etiamsi

2240 727 2292 781 id
2331 728 2598 797 aliquanto
2637 730 3076 801 intemperantius
3114 742 3169 787 et
3206 734 3628 789 incontinentius
3668 750 3823 803 expc-

2241 827 2372 886 tant,
2405 820 2559 875 ﬁdem
2586 831 2758 876 tamen
2783 824 2880 877 sibi
2910 825 3104 893 pariter
3125 826 3340 881 debent.
3364 826 3460 882 Cui
3485 826 3606 882 ﬁdei
3631 837 3824 881 tantum

2236 910 2371 981 juris
2401 912 2581 966 tribuit
2607 914 2915 983 Apostolus,
2945 923 3001 969 ut
3024 932 3142 970 eam
3170 927 3488 987 potestatem
3512 918 3824 988 appellaret,

2239 1002 2422 1057 dicens
2450 1022 2462 1056 :
2496 1003 2683 1059 Mulier
2712 1023 2811 1060 non
2841 1007 2985 1060 habet
3023 1018 3315 1077 potestatem
3344 1012 3570 1081 corporis
3600 1011 3715 1074 sui,
3747 1013 3832 1064 sedI

2240 1095 2315 1147 vir
2339 1112 2356 1148 .·
2381 1096 2612 1149 similiter
2633 1108 2800 1151 autem
2827 1108 2871 1153 et
2893 1100 2967 1153 vir
2991 1116 3092 1154 non
3114 1100 3259 1155 habet
3286 1110 3579 1172 potestatem
3605 1104 3836 1174 corporis

2237 1185 2336 1251 sui,
2368 1186 2455 1239 sed
2480 1187 2658 1241 mulier
2687 1190 2727 1255 (Ι
2755 1189 2872 1244 Cor.
2899 1207 2996 1259 vn,
3029 1192 3106 1264 4).
3144 1192 3311 1263 Hujus
3343 1203 3525 1248 autem
3563 1193 3689 1247 ﬁdei
3727 1194 3831 1247 vio-

2239 1274 2364 1329 latio
2401 1277 2593 1331 dicitur
2630 1279 2982 1349 adulterium,
3026 1300 3149 1339 cum
3194 1284 3280 1339 vel
3324 1285 3553 1354 proprim
3598 1284 3831 1341 libidinis

2239 1365 2491 1422 instinctu
2512 1411 2526 1435 ,
2559 1369 2640 1422 vel
2668 1371 2853 1425 alienae
2883 1388 3146 1429 consensu
3164 1416 3179 1442 ,
3207 1390 3327 1429 cum
3354 1376 3525 1430 altero
3554 1376 3643 1431 vel
3670 1377 3831 1433 altera

2237 1466 2419 1511 contra
2442 1468 2650 1527 pactum
2680 1462 2956 1532 conjugale
2982 1465 3354 1519 concumbitur
3377 1484 3389 1519 :
3414 1476 3575 1537 atque
3598 1466 3671 1521 ita
3695 1467 3830 1522 fran-

2236 1548 2375 1617 gitur
2403 1548 2569 1615 ﬁdes;
2610 1567 2727 1621 qua:
2760 1553 2808 1605 iu
2838 1553 2995 1607 rebus
3030 1556 3189 1610 etiam
3228 1558 3500 1627 corporeis
3531 1567 3585 1612 et
3612 1558 3831 1626 abjectis

2238 1653 2484 1708 magnum
2513 1642 2674 1695 animi
2701 1642 2897 1697 bonum
2920 1654 3037 1709 est;
3067 1654 3123 1699 et
3147 1646 3266 1701 ideo
3293 1662 3409 1701 eam
3435 1648 3596 1701 saluti
3623 1664 3830 1720 quoque

2238 1733 2498 1801 corporali
2528 1750 2627 1804 qua
2658 1736 2816 1789 etiam
2860 1739 2962 1791 vita
3002 1749 3180 1793 nostra
3212 1738 3309 1793 ista
3338 1741 3674 1807 continetur,
3715 1758 3827 1797 cer-

2241 1836 2349 1883 tum
2378 1840 2457 1884 est
2483 1830 2679 1885 debere
2711 1833 2964 1903 prmponi.
2996 1834 3105 1887 Etsi
3137 1834 3279 1888 enim
3309 1834 3499 1904 exigua
3536 1835 3693 1905 palea
3727 1853 3829 1907 pra:

2237 1921 2404 1975 multo
2441 1937 2570 1977 auro
2606 1938 2741 1993 pene
2780 1939 2866 1977 res
2902 1925 3045 1978 nulla
3074 1933 3191 1989 est;
3236 1924 3365 1981 ﬁdes
3400 1936 3580 1980 tamen
3618 1942 3740 1981 cum
3778 1928 3827 1982 in

2238 2014 2451 2084 negotio
2495 2015 2693 2085 palear,
2734 2016 2871 2070 sicut
2909 2018 2959 2070 in
2989 2032 3122 2071 auro
3165 2018 3371 2071 sincera
3414 2031 3697 2085 servatur,
3729 2036 3833 2075 non

2239 2107 2358 2163 ideo
2382 2109 2555 2163 minor
2579 2117 2661 2163 est
2691 2109 2813 2179 quia
2845 2110 2897 2164 in
2926 2126 2983 2165 re
3011 2109 3217 2165 minore
3247 2119 3510 2166 servatur.
3540 2111 3677 2167 Cum
3709 2129 3833 2168 vero

2238 2199 2307 2253 ad
2336 2208 2606 2269 peccatum
2632 2200 3017 2256 admittendum
3046 2201 3330 2256 adhibetur
3367 2202 3529 2269 ﬁdes,
3562 2206 3758 2259 mirum
3787 2205 3829 2260 si

2239 2292 2372 2348 ﬁdes
2395 2293 2710 2363 appellanda
2748 2302 2832 2349 est
2859 2313 2873 2348 :
2902 2304 3269 2350 verumtamen
3302 2296 3715 2368 qualiscumque
3743 2299 3831 2367 sit,

2239 2383 2283 2437 si
2310 2391 2365 2437 et
2390 2392 2573 2439 contra
2603 2385 2769 2455 ipsam
2802 2385 2889 2452 ﬁt,
2929 2386 3080 2456 pejus
3117 2386 3208 2453 fit;
3253 2387 3352 2441 nisi
3387 2402 3511 2442 cum
3552 2400 3834 2459 prapterea

2239 2473 2501 2529 deseritur
2521 2518 2537 2543 ,
2569 2484 2627 2529 ut
2653 2476 2718 2529 ad
2746 2491 2925 2531 veram
2955 2476 3112 2531 fidem
3144 2492 3207 2532 ac
3236 2478 3525 2548 legitimam
3561 2480 3827 2546 redeatur,

2240 2564 2291 2620 id
2317 2575 2430 2632 est,
2472 2575 2525 2620 ut
2569 2576 2841 2636 peccatum
2870 2568 3213 2633 emendetur,
3242 2570 3533 2625 voluntatis
3572 2573 3835 2641 pravitate

2239 2668 2501 2713 correcta.
2532 2659 2803 2729 Tanquam
2844 2660 2889 2713 si
2923 2660 3042 2730 quis
3076 2675 3197 2715 cum
3234 2659 3505 2716 hominem
3550 2664 3700 2718 solus
3736 2680 3829 2719 ex-
3918 2703 3933 2718 .

2238 2749 2471 2819 spoliare
2500 2765 2606 2804 non
2649 2751 2846 2820 possit,
2893 2751 3129 2805 inveniat
3164 2751 3366 2806 socium
3412 2753 3739 2824 iniquitatis,
3778 2764 3831 2809 et

2238 2856 2359 2896 cum
2384 2856 2449 2896 eo
2470 2842 2765 2912 paciscatur
2786 2850 2844 2896 ut
2864 2842 3022 2898 simul
3044 2844 3096 2897 id
3118 2843 3309 2897 faciant
3346 2844 3687 2915 spoliumque
3718 2862 3833 2916 par-

2239 2933 2461 2999 tiamur,
2490 2947 2596 3001 quo
2624 2930 2861 2988 facinore
2893 2934 3182 2989 commisso
3218 2943 3386 2989 totum
3416 2936 3567 2991 solus
3605 2936 3831 2992 auferat.

2239 3022 2393 3078 Dolet
2434 3022 2651 3094 quidem
2693 3023 2820 3089 ille,
2858 3031 2913 3079 et
2950 3024 3108 3079 fidem
3139 3025 3236 3080 sibi
3271 3036 3537 3081 servatam
3580 3043 3688 3083 non
3717 3044 3838 3085 esse

2236 3116 2616 3186 conqueritur;
2646 3131 2830 3171 verum
2865 3118 2919 3172 in
2961 3118 3073 3187 ipsa
3102 3133 3197 3173 sua
3229 3120 3445 3189 querela
3472 3122 3713 3191 cogitare
3744 3122 3833 3179 de-

2234 3206 2358 3275 bet,
2388 3208 2563 3278 potius
2592 3208 2647 3263 in
2677 3207 2815 3264 bona
2843 3210 2949 3264 vita
2978 3209 3079 3280 ipsi
3117 3209 3361 3266 humana:
3394 3214 3641 3270 societati
3676 3215 3837 3271 fuisse

2235 3299 2570 3365 servandam,
2595 3315 2662 3355 ne
2686 3300 2865 3372 prinda
2891 3301 3069 3371 iniqua
3100 3316 3164 3357 ex
3194 3302 3412 3359 homine
3437 3303 3612 3371 ﬁeret,
3643 3306 3690 3361 si
3716 3323 3836 3362 sen-

2236 3392 2299 3447 tit
2340 3407 2503 3462 quam
2539 3392 2719 3463 inique
2748 3393 2849 3448 sibi
2879 3393 2932 3448 in
2962 3395 3165 3464 peccati
3197 3395 3453 3452 societate
3479 3408 3698 3454 servata
3730 3416 3833 3454 non

2233 3483 2413 3539 fuerit.
2443 3484 2536 3541 llle
2564 3486 2763 3556 quippe
2789 3487 3072 3558 utrobique
3095 3489 3113 3520 ³
3141 3488 3395 3557 perﬁdus,
3435 3490 3685 3559 profecto
3722 3507 3836 3548 soe-

2235 3574 2456 3630 leratior
2479 3575 2801 3646 judicandus
2828 3586 2932 3633 est.
2975 3580 3046 3633 At
3074 3580 3118 3634 si
3149 3579 3203 3634 id
3230 3580 3375 3651 quod
3415 3583 3559 3637 male
3598 3583 3835 3639 fecerant

2234 3668 2283 3722 ei
2313 3668 2707 3738 displicuisset,
2732 3678 2788 3725 et
2817 3678 3099 3741 propterea
3130 3686 3252 3727 cum
3291 3673 3551 3744 participe
3581 3674 3835 3732 facinoris

2236 3760 2469 3830 praedam
2496 3760 2735 3818 dividere
2765 3763 3047 3831 noluisset,
3078 3773 3139 3819 ut
3167 3764 3370 3820 homini
3398 3766 3483 3821 cui
3514 3768 3696 3825 ablata
3724 3770 3836 3825 fue-

2236 3862 2352 3921 rat,
2392 3853 2734 3919 redderetur,
2767 3870 2890 3910 eum
2918 3856 3179 3926 perﬁdum
3212 3872 3312 3912 nec
3347 3857 3585 3928 perﬁdus
3612 3860 3835 3917 diceret.

2236 3944 2311 4000 Ita
2342 3947 2534 4002 mulier
2557 3947 2604 4002 si
2632 3946 2739 4003 lide
2766 3948 3032 4019 conjugali
3058 3950 3253 4004 violata
3286 3950 3444 4006 ﬁdem
3472 3963 3655 4008 servet
3679 3955 3838 4009 adul-

2238 4046 2373 4100 tero,
2404 4040 2586 4109 utique
2614 4040 2752 4094 mala
2778 4049 2861 4094 est
2890 4058 2903 4093 :
2932 4040 3026 4096 sed
3056 4041 3099 4096 si
3131 4057 3235 4098 nec
3256 4043 3519 4110 adultero,
3550 4047 3705 4117 pejor
3731 4061 3834 4104 est.

2237 4129 2405 4186 Porro
2435 4132 2478 4185 si
2510 4146 2627 4187 eam
2664 4133 2846 4203 ﬂagitii
2877 4134 3167 4203 preniteat,
3209 4144 3267 4191 et
3300 4137 3366 4191 ad
3405 4140 3709 4196 castitatem
3751 4157 3843 4197 re-

2237 4222 2389 4279 diens
2418 4225 2775 4296 eonjugalem,
2802 4234 2955 4296 pacta
2985 4242 3049 4283 ac
3076 4229 3269 4299 placita
3297 4231 3592 4290 adulterina
3632 4238 3841 4293 rescin-

2237 4314 2361 4382 dat,
2399 4316 2563 4371 miror
2594 4316 2641 4372 si
2675 4332 2796 4374 eam
2837 4317 2963 4375 ﬁdei
3005 4319 3337 4377 violatricem
3369 4324 3454 4379 vel
3484 4325 3600 4395 ipse
3624 4327 3851 4383 adulter

2237 4409 2461 4478 putabit.

2308 4500 2532 4558 CAPUT
2550 4503 2612 4559 V.
2630 4535 2701 4545 —
2713 4506 2765 4561 5.
2781 4505 3083 4579 Conjunctio
3097 4509 3193 4563 viri
3216 4520 3269 4564 et-
3281 4511 3482 4581 femina:
3504 4515 3850 4585 quandonam

2236 4593 2301 4645 sit
2330 4595 2631 4648 connubium
2652 4636 2671 4661 ,
2711 4599 2915 4664 quando
2954 4616 3075 4653 non.
3107 4599 3260 4657 Solet
3291 4604 3450 4658 etiam
3479 4606 3681 4673 quzeri,
3710 4622 3852 4662 cum

2238 4686 2504 4740 masculus
2545 4695 2601 4741 et
2640 4687 2864 4753 femina,
2898 4706 2999 4745 nec
3027 4691 3119 4749 ille
3148 4694 3400 4759 maritus,
3431 4710 3531 4751 nec
3570 4696 3660 4751 illa
3702 4714 3859 4754 uxor

2236 4776 2486 4842 alterius,
2515 4777 2731 4833 sibimet
2775 4795 2881 4835 non
2925 4780 3155 4837 ﬁliorum
3200 4786 3690 4854 procreandorum,
3737 4790 3853 4845 sed

2236 4877 2455 4935 propter
2481 4869 2915 4926 incontinentiam
2942 4874 3110 4928 solius
3134 4875 3452 4930 concubitus
3478 4892 3641 4933 causa
3670 4894 3863 4949 capu-

2237 4957 2430 5021 lantur,
2463 4974 2525 5013 ea
2555 4960 2656 5014 ﬁde
2684 4962 2856 5016 media
2877 5003 2893 5028 ,
2924 4972 3109 5019 utnec
3135 4965 3225 5020 ille
3246 4982 3366 5021 cum
3394 4968 3590 5034 altera,
3619 4986 3720 5023 nec
3746 4972 3863 5027 illa

2236 5063 2357 5102 cum
2388 5049 2559 5103 altero
2588 5050 2639 5105 id
2671 5050 2857 5119 faciat,
2888 5063 3066 5109 utrum
3097 5057 3296 5126 nuptite
3324 5058 3433 5112 sint
3467 5060 3745 5117 vocaudte.
3772 5064 3872 5119 Et.

2237 5147 2412 5208 potest
2437 5142 2653 5213 quidem
2674 5145 2897 5201 fortasse
2923 5162 3027 5201 non
3049 5149 3278 5205 absurde
3303 5150 3406 5206 boc
3424 5152 3685 5222 appellari
3706 5171 3866 5211 con-

2237 5233 2478 5299 nubium,
2508 5234 2551 5288 si
2578 5252 2744 5307 usque
2772 5237 2837 5292 ad
2869 5249 3094 5294 mortem
3122 5242 3339 5297 alterius
3359 5258 3545 5299 eorum
3568 5246 3587 5276 ³
3617 5245 3669 5300 id
3692 5248 3878 5306 inter

2234 5338 2329 5379 eos
2362 5325 2638 5394 placuerit,
2680 5338 2735 5382 et
2774 5330 2939 5398 prolis
2972 5333 3402 5400 generationem.
3440 5336 3685 5404 quamvis
3722 5356 3872 5397 non

2235 5429 2295 5466 ea
2323 5428 2479 5469 causa
2512 5416 2779 5486 conjuncti
2810 5424 2945 5487 sint,
2980 5436 3084 5475 non
3114 5431 3289 5477 tamen
3318 5424 3635 5491 vitaverint,
3667 5437 3724 5481 nt
3753 5436 3879 5489 vel

2235 5503 2406 5559 nolint
2433 5506 2532 5560 sibi
2573 5510 2714 5562 nasci
2760 5509 2927 5574 ﬁlios,
2969 5512 3049 5565 vel
3088 5513 3248 5567 etiam
3283 5529 3445 5583 opere
3477 5516 3660 5586 aliquo
3691 5524 3883 5577 malo

2236 5607 2391 5665 agant
2434 5614 2501 5653 ne
2542 5609 2845 5655 nascantur.
2893 5602 3156 5659 Caeterum
3201 5606 3245 5683 si
3296 5608 3378 5662 vel
3420 5619 3704 5681 utrtmtqne
3748 5623 3882 5675 vel

2236 5702 2397 5741 unum
2429 5688 2615 5744 horum
2646 5691 2813 5755 desit,
2850 5710 2954 5747 non
2996 5696 3210 5752 invenio
3243 5701 3692 5767 quemadmodum
3734 5705 3886 5767 luas

2237 5782 2446 5851 nuptias
2475 5783 2744 5853 appellare
2782 5788 3063 5854 possimus.
3112 5790 3318 5845 Etenim
3364 5792 3405 5846 si
3450 5794 3684 5865 aliquam
3723 5801 3887 5864 sibi

2298 5874 2319 5949 ξ
2344 5878 2388 5919 In
2422 5874 2712 5943 rorbeiensi
2734 5875 2900 5925 codice
2944 5882 3301 5949 vetustissimo,
3335 5885 3695 5949 tammultith

2302 5936 2319 5963 τ
2341 5942 2413 5981 tr.
2445 5944 2490 5983 et
2519 5942 2647 5997 διδ»,
2674 5936 2712 5986 si
2733 5952 2877 6000 itaque
2895 5939 2961 5991 ad
2980 5949 3178 5993 mortem
3195 5936 3401 6006 alicujus
3425 5936 3607 6003 eorum:
