4048 6508
254 466 355 518 577

250 583 331 632 vir
356 582 419 631 ad
448 586 656 645 tempus
682 570 1007 639 adhibuerit,
1031 571 1201 628 donec
1225 572 1384 627 aliam
1410 570 1625 642 dignam
1652 569 1734 623 vel
1760 567 1847 621 ho-

250 671 470 727 noribus
497 668 582 723 vel
616 666 953 722 facultatibus
989 665 1100 720 suis
1130 664 1399 727 inveniat,
1434 676 1590 732 quam
1627 674 1847 727 compa-

249 779 360 820 rem
383 763 574 827 ducat;
605 760 721 831 ipso
741 759 922 813 animo
945 758 1155 812 adulter
1174 768 1274 821 est,
1306 771 1404 810 nec
1428 770 1547 808 cum
1576 754 1661 808 illa
1689 766 1847 822 quam

248 856 393 927 cupit
436 854 708 918 invenire,
742 851 838 906 sed
869 866 988 905 cum
1020 851 1118 904 ista
1149 864 1270 904 cum
1299 862 1400 917 qua
1440 846 1517 900 sic
1558 845 1749 907 cubat,
1792 852 1848 895 ut

248 965 365 1001 cum
393 962 455 1002 ea
482 961 591 1001 non
622 944 815 999 haheat
837 942 1082 997 maritale
1107 940 1455 995 consortium.
1481 936 1632 992 Unde
1656 946 1707 991 et
1733 935 1845 1005 ipsa

252 1039 349 1093 hoc
379 1038 558 1093 sciens
600 1052 665 1092 ac
695 1036 909 1101 volens,
944 1033 1208 1103 impudice
1255 1032 1436 1101 utique
1481 1030 1737 1083 miscetur
1772 1028 1843 1091 ei,

248 1145 366 1181 cum
398 1144 506 1198 quo
537 1144 644 1183 non
688 1127 847 1181 habet
890 1125 1063 1182 fcedus
1096 1124 1362 1178 uxorium.
1393 1121 1770 1175 Verumtamen
1800 1118 1846 1174 si

246 1222 294 1275 ei
342 1220 483 1274 thori
532 1219 691 1275 fidem
736 1227 941 1283 servet,
981 1229 1033 1272 et
1069 1233 1189 1272 cum
1231 1216 1317 1270 ille
1348 1231 1566 1270 uxorem
1611 1214 1840 1278 duxerit,

250 1313 451 1368 nubere
482 1313 594 1382 ipsa
637 1329 740 1366 non
781 1312 1012 1381 cogitet,
1046 1320 1203 1379 atque
1232 1326 1263 1364 a
1295 1309 1385 1364 tali
1420 1323 1640 1377 prorsus
1680 1322 1845 1377 Opere

248 1404 524 1459 continere
562 1419 621 1458 se
666 1413 958 1473 pra'paret,
1007 1402 1300 1456 adulteram
1348 1400 1562 1470 quidem
1606 1397 1847 1452 fortassis

249 1498 401 1552 facile
426 1499 701 1567 appellare
727 1512 829 1551 non
854 1496 1075 1551 audeam
1099 1512 1113 1561 ;
1147 1511 1251 1549 non
1284 1509 1501 1565 peccare
1528 1502 1701 1546 tamen
1729 1492 1847 1561 quis

246 1590 441 1645 dixerit
462 1632 476 1654 ,
510 1607 633 1646 cum
664 1606 781 1644 eam
814 1590 926 1642 viro
947 1630 961 1652 ,
994 1589 1145 1658 cujus
1174 1603 1307 1642 uxor
1336 1602 1441 1641 non
1473 1596 1552 1641 cst
1572 1628 1585 1651 ,
1635 1584 1843 1639 misceri

248 1683 417 1737 sciat?
445 1682 695 1737 Jamvcro
717 1683 760 1735 si
783 1697 848 1736 ex
872 1682 962 1736 illo
982 1680 1289 1746 concubitu,
1314 1688 1567 1749 quantum
1590 1678 1654 1732 ad
1679 1678 1844 1746 ipsam

247 1777 457 1840 attinet,
495 1793 602 1829 non
634 1777 733 1829 nisi
761 1776 899 1829 ﬁlios
925 1775 1074 1843 velit,
1103 1783 1158 1830 et
1181 1773 1438 1845 quidquid
1468 1773 1601 1827 ultra
1631 1786 1845 1827 causam

248 1867 566 1937 procreandi
597 1868 794 1937 patitur
822 1867 982 1921 invita
1010 1867 1241 1936 patiatur
1264 1884 1275 1919 :
1306 1866 1485 1920 multis
1510 1865 1722 1935 quidem
1748 1864 1844 1917 ista

248 1961 505 2014 matronis
560 1960 930 2029 anteponenda
986 1969 1102 2025 est;
1148 1974 1267 2029 qua:
1313 1958 1521 2013 tametsi
1570 1972 1674 2011 non
1724 1964 1848 2009 sunt

248 2053 543 2118 adulterre,
588 2053 734 2107 viros
778 2062 954 2108 tamen
1003 2068 1130 2108 suos
1173 2054 1487 2123 plerumque
1525 2050 1686 2105 etiam
1714 2064 1845 2103 con-

250 2145 412 2198 tinere
452 2146 734 2212 cupientes
765 2145 829 2198 ad
861 2144 1191 2199 reddendum
1228 2144 1443 2199 carnale
1480 2142 1715 2198 debitum
1756 2156 1848 2195 co-

251 2244 407 2302 gunt,
440 2251 549 2287 non
582 2234 853 2289 desiderio
884 2236 1049 2304 prolis
1069 2277 1084 2301 ,
1116 2234 1211 2289 sed
1246 2234 1437 2288 ardore
1465 2233 1847 2302 concupiscen-

252 2327 335 2379 tia:
363 2326 477 2394 ipso
510 2340 611 2380 suo
645 2325 769 2394 jure
798 2325 1219 2396 intemperanter
1253 2334 1462 2380 utentes
1493 2343 1506 2377 :
1540 2324 1592 2379 in
1622 2339 1847 2395 quarum

254 2427 422 2471 tamen
446 2418 653 2487 nuptiis
675 2418 873 2472 bonum
897 2428 978 2473 est
1002 2418 1104 2475 hoc
1130 2420 1300 2489 ipsum
1332 2418 1469 2489 quod
1500 2428 1676 2489 nupta:
1702 2428 1845 2474 sunt.

252 2511 329 2563 Ad
360 2510 458 2587 hoc
498 2512 643 2564 enim
686 2521 865 2580 nupta:
904 2506 1062 2577 sunt,
1094 2520 1151 2565 ut
1179 2512 1266 2565 illa
1296 2512 1729 2580 concupiscentia
1760 2525 1847 2565 re—

253 2600 402 2655 dacta
432 2601 499 2654 ad
533 2601 826 2671 legitimum
857 2602 1144 2666 vinculum,
1178 2616 1282 2655 non
1315 2601 1570 2655 deformis
1598 2611 1652 2653 et
1675 2600 1849 2655 disso—

256 2696 361 2749 luta
388 2695 638 2759 fluitaret,
669 2695 873 2750 habens
902 2694 968 2749 de
994 2711 1052 2749 se
1080 2695 1191 2764 ipsa
1225 2696 1642 2749 irrcfrcnabilcm
1671 2693 1848 2747 carnis

258 2788 635 2854 infirmitatem,
661 2788 729 2842 de
750 2788 947 2857 nuptiis
967 2796 1144 2841 autem
1169 2787 1588 2841 indissolubilcm
1615 2786 1736 2839 fidei
1761 2800 1849 2839 so-

257 2883 495 2935 cietatem
519 2898 533 2945 ;
557 2881 625 2936 de
646 2897 705 2936 se
728 2882 837 2951 ipsa
863 2895 1203 2951 progressum
1228 2879 1577 2933 immoderate
1595 2876 1845 2945 coeundi,

254 2973 319 3027 de
346 2974 543 3042 nuptiis
573 2974 791 3028 modum
828 2982 974 3029 caste
1016 2973 1352 3043 procreandi.
1386 2972 1497 3026 Etsi
1524 2972 1665 3027 enim
1696 2980 1850 3042 turpe

253 3076 333 3120 est
358 3067 639 3122 libidinose
671 3068 743 3120 uti
771 3067 911 3122 velle
942 3068 1132 3121 marito
1160 3067 1214 3133 ¹;
1246 3065 1531 3121 honestum
1563 3075 1643 3119 est
1670 3073 1848 3120 tamen

254 3162 393 3217 nolle
420 3163 635 3216 misceri
662 3162 760 3215 nisi
784 3162 996 3223 marito,
1017 3170 1070 3215 et
1093 3177 1196 3214 non
1222 3176 1408 3230 parere
1428 3159 1526 3214 nisi
1549 3159 1614 3214 de
1633 3159 1844 3212 marito.

317 3254 551 3310 CAPUT
582 3253 669 3309 Vl.
692 3284 767 3294 —
788 3254 867 3307 De
885 3253 1169 3325 conjugalis
1191 3252 1342 3307 debiti
1367 3253 1628 3307 exactione
1654 3267 1714 3304 ac
1734 3249 1851 3304 red-

251 3345 451 3399 ditione.
483 3345 625 3401 Sunt
661 3346 786 3401 item
824 3345 921 3400 viri
960 3361 1128 3417 usque
1165 3346 1300 3401 adeo
1337 3346 1760 3411 incontinentes,
1789 3354 1851 3401 ut

250 3439 565 3509 conjugibus
594 3454 694 3494 nec
722 3438 954 3510 gravidis
983 3447 1224 3508 parcant.
1253 3438 1517 3508 Quidquid
1547 3452 1675 3509 ergo
1711 3436 1851 3491 inter

251 3545 307 3584 se
332 3531 602 3602 eonjugati
640 3530 1015 3585 immodestum
1036 3572 1052 3599 ,
1085 3530 1534 3598 inverecundum,
1572 3528 1847 3585 sordidum

250 3632 455 3691 gerunt,
487 3624 679 3677 vitium
707 3632 790 3677 est
813 3622 1111 3691 hominum,
1139 3639 1243 3678 non
1269 3623 1423 3693 culpa
1449 3623 1776 3695 nuptiarum.

318 3718 370 3771 6.
409 3717 529 3771 Jam
582 3716 633 3770 in
676 3717 788 3787 ipsa
834 3732 1047 3788 quoque
1093 3716 1527 3773 immoderatiore
1566 3718 1850 3774 exactione

249 3806 404 3862 debiti
447 3807 720 3875 carnalis,
753 3823 911 3878 quam
956 3809 1034 3864 eis
1077 3823 1182 3863 non
1227 3808 1521 3865 secundum
1564 3809 1848 3879 imperium

251 3898 520 3967 prmcipit,
556 3896 651 3952 sed
684 3897 975 3953 secundum
1016 3898 1223 3954 veniam
1263 3898 1510 3954 concedit
1537 3899 1844 3969 Apostolus,

250 3998 305 4041 ut
328 3990 485 4044 etiam
515 3998 717 4060 pra:tcr
743 4004 956 4044 causam
994 3991 1309 4061 procreandi
1348 3990 1448 4045 sibi
1488 3991 1844 4057 misceantur;

247 4083 342 4134 etsi
372 4097 467 4137 eos
498 4082 651 4153 pravi
680 4097 858 4137 mores
884 4083 951 4138 ad
982 4084 1138 4139 talem
1168 4084 1507 4140 concubitum
1547 4084 1845 4155 impellunt,

246 4176 441 4243 nuptia:
480 4185 663 4230 tamen
706 4176 775 4231 ab
817 4176 1078 4231 adulterio
1124 4191 1220 4232 seu
1266 4178 1617 4232 fornicatione
1657 4176 1846 4232 defen-

246 4266 393 4321 dunt.
426 4267 620 4338 Neque
657 4267 801 4322 enim
847 4268 976 4323 illud
1019 4276 1237 4339 prepter
1280 4270 1491 4341 nuptias
1529 4269 1842 4335 admittitur,

246 4357 336 4410 sed
362 4367 591 4429 propter
618 4358 828 4427 nuptias
860 4358 1170 4428 ignoscitur.
1204 4360 1409 4415 Debent
1437 4376 1562 4431 ergo
1592 4360 1689 4415 sibi
1720 4376 1848 4415 con-

239 4448 403 4519 jugali
427 4467 537 4505 non
565 4450 736 4505 solum
766 4451 932 4520 ipsius
958 4468 1117 4507 sexus
1143 4452 1223 4507 sai
1250 4453 1630 4508 commiscendi
1660 4453 1845 4520 fidem,

243 4542 533 4597 liberorum
570 4544 1022 4613 procreandorum
1052 4560 1241 4611 causa,
1273 4562 1391 4616 qua:
1429 4547 1597 4615 prima
1634 4555 1718 4601 est
1744 4546 1845 4601 hu.

244 4633 382 4686 mani
410 4634 633 4703 generis
657 4634 707 4687 in
734 4634 832 4688 ista
855 4634 1177 4690 mortalitate
1198 4639 1457 4701 societas;
1482 4652 1664 4691 verum
1688 4638 1847 4692 etiam

246 4722 578 4778 infirmitatis
606 4724 833 4779 invicem
863 4726 1219 4795 excipiendae,
1253 4728 1319 4781 ad
1349 4727 1560 4783 illicitos
1588 4729 1846 4785 concubi-

245 4825 326 4870 tus
351 4817 667 4883 evitaudos,
701 4826 937 4873 mutuam
965 4820 1194 4890 quodam
1226 4821 1387 4875 modo
1416 4823 1759 4887 servitutem;
1791 4829 1849 4876 ut

243 4911 339 4964 etsi
379 4912 537 4965 alteri
578 4927 765 4967 eorum
810 4922 1064 4983 perpetua
1104 4914 1429 4969 continentia
1470 4916 1701 4985 placeat,
1746 4915 1846 4970 nisi

243 5019 304 5057 ex
335 5006 562 5059 alterius
590 5020 855 5060 consensu
887 5022 991 5060 non
1021 5007 1207 5076 possit.
1239 5008 1304 5062 Et
1328 5007 1395 5062 ad
1426 5008 1528 5063 hoc
1547 5009 1688 5065 enim
1718 5026 1848 5063 uxor

243 5110 340 5148 non
374 5094 528 5148 habet
561 5105 856 5165 potestatem
890 5099 1116 5167 corporis
1150 5099 1257 5165 sui,
1288 5099 1377 5153 sed
1404 5088 1516 5165 vir;
1543 5102 1772 5155 similiter
1800 5112 1846 5156 et

242 5188 314 5239 vir
339 5203 443 5241 non
470 5187 622 5241 habet
648 5197 943 5257 potestatem
966 5191 1192 5262 corporis
1218 5192 1316 5257 sui,
1341 5192 1429 5245 sed
1454 5193 1633 5246 mulier
1659 5192 1702 5264 (1
1725 5194 1843 5248 Cor.

240 5296 338 5343 vn,
369 5281 497 5350 4-6)
530 5298 544 5333 :
574 5289 631 5334 ut
672 5290 727 5335 et
768 5282 910 5352 quod
954 5298 1059 5338 non
1095 5283 1324 5339 ﬁliorum
1366 5285 1843 5356 procreandorum,

241 5371 332 5425 sed
362 5372 698 5428 infirmitatis
723 5382 778 5428 et
802 5374 1202 5431 ἰηεοηιῑηοηιὶω
1226 5391 1383 5431 causa
1410 5378 1631 5445 expetit,
1656 5378 1735 5433 vel
1761 5378 1847 5431 ille

240 5466 305 5518 de
330 5466 700 5532 matrimonio,
723 5468 808 5522 vel
832 5468 917 5521 illa
940 5468 1009 5524 de
1031 5470 1243 5536 marito,
1270 5484 1375 5525 non
1404 5470 1504 5524 sibi
1530 5471 1845 5525 alterutrmn

240 5569 475 5629 negent;
510 5573 583 5613 ne
630 5576 725 5629 per
769 5561 872 5616 hoc
914 5562 1148 5618 incidant
1192 5564 1242 5618 in
1288 5563 1621 5619 damnabiles
1663 5580 1848 5620 corru-

242 5654 411 5721 ptelas
431 5693 447 5717 ,
485 5663 726 5709 tentante
752 5655 944 5710 Satana
967 5698 981 5721 ,
1013 5666 1227 5727 propter
1262 5657 1731 5725 incontinentiam,
1762 5660 1847 5715 vel

240 5748 566 5811 amborum,
610 5748 694 5801 vel
741 5749 1051 5819 cujusquam
1098 5767 1305 5807 eorum.
1356 5752 1661 5824 Conjugalis
1704 5753 1845 5807 enim

240 5842 568 5895 concubitus
592 5842 879 5910 generandi
907 5845 1094 5934 gratia,
1130 5860 1231 5901 non
1262 5846 1420 5902 habet
1447 5846 1688 5917 culpam;
1721 5862 1846 5902 con-

310 5956 325 5986 ¹
352 5960 493 6006 νῶι..
519 5950 590 6006 uti
615 5954 686 6005 rel
710 5954 897 6009 marito.

1678 448 1879 507 LIBER
1926 450 2123 509 L'NL’S.
3444 472 3552 529 ὅτε

1959 570 2300 638 eupiscentiae
2332 588 2457 628 vero
2493 575 2779 644 satiandae,
2813 577 2906 633 sed
2945 587 3119 636 tamen
3148 595 3266 637 cum
3295 585 3550 656 conjuge,

1956 671 2174 731 propter
2210 662 2347 718 thori
2381 665 2538 720 fidem
2559 709 2571 731 ,
2605 669 2862 723 venialem
2909 670 3067 726 habet
3106 674 3317 742 culpam
3349 695 3361 731 :
3391 677 3545 731 adul-

1956 754 2145 808 terium
2174 772 2301 811 vero
2340 758 2451 813 sive
2496 759 2771 815 fornicatio
2816 763 3065 820 lclhalcm
3111 766 3269 821 habet
3310 770 3543 837 culpam.

1952 849 2030 900 Ac
2056 863 2151 916 per
2179 849 2279 904 hoc.
2304 852 2493 907 melior
2517 855 2832 923 estquidem
2857 856 2923 909 ab
2944 859 3087 911 omni
3112 861 3393 915 concubitu
3417 878 3547 916 con-

1953 940 2195 1009 tinentia,
2224 961 2381 1015 quam
2410 948 2493 1002 vel
2521 948 2632 1017 ipse
2657 948 3066 1005 matrimonialis
3095 954 3428 1023 concubitus,
3454 956 3543 1026 qui

1950 1032 2011 1089 flt
2039 1049 2197 1091 causa
2222 1039 2493 1107 gignendi.

2021 1126 2248 1185 CAPUT
2283 1129 2390 1184 \‘ll.
2422 1162 2493 1171 —
2527 1130 2717 1187 Fardas
2758 1135 2983 1204 nuptiale
3016 1136 3334 1205 separatione
3362 1138 3545 1208 conju-

1950 1239 2067 1292 gum
2096 1239 2194 1277 non
2223 1225 2280 1290 ﬁt
2307 1225 2527 1278 irritum.
2557 1226 2634 1280 An
2666 1228 2872 1283 dimissa
2900 1229 3134 1285 adultera
3158 1231 3302 1284 liceat
3333 1231 3546 1284 alteraut

1951 1315 2149 1369 ducere.
2202 1316 2421 1372 Uxorem
2469 1320 2802 1390 superducere
2844 1324 3047 1376 vetitum
3100 1340 3239 1376 more
3288 1322 3541 1377 Romano.

1951 1407 2180 1462 Dit'ortio
2211 1408 2294 1463 lex
2321 1410 2522 1480 fwderis
2558 1414 2800 1482 nuptialis
2838 1431 2939 1467 non
2975 1414 3204 1467 aboletur
3231 1414 3361 1467 inter
3391 1414 3544 1468 Chri—

1949 1500 2161 1555 stianos.
2184 1500 2289 1557 Sed
2315 1504 2434 1574 quia
2464 1503 2550 1557 illa
2578 1505 2905 1560 continentia
2934 1508 3106 1561 meriti
3138 1505 3415 1575 amplioris
3440 1515 3544 1573 est,

1950 1591 2178 1647 reddere
2206 1608 2333 1647 vero
2359 1593 2595 1649 debitum
2623 1597 2922 1666 conjugalc,
2953 1597 3147 1652 nullius
3173 1605 3256 1652 est
3280 1596 3541 1661 criminis,

1949 1682 2164 1753 exigere
2204 1692 2380 1740 autem
2420 1686 2557 1740 ultra
2598 1687 2887 1757 generandi
2930 1688 3334 1752 necessitatem,
3377 1688 3545 1756 culpa:

1953 1774 2197 1840 venialis,
2228 1775 2477 1831 fornicari
2508 1793 2636 1832 vero
2665 1781 2747 1833 vel
2778 1779 3056 1842 ntwcltari,
3088 1779 3338 1848 puniendi
3368 1779 3547 1833 crimi-

1950 1867 2067 1933 nis;
2100 1883 2297 1924 cavere
2339 1869 2499 1925 debet
2539 1870 2774 1925 Charitas
2819 1871 3147 1940 coojngalis,
3189 1870 3413 1925 nedum
3444 1870 3543 1924 sibi

1956 1960 2142 2031 qumrit
2170 1961 2314 2017 unde
2349 1963 2579 2033 amplius
2612 1962 2938 2029 honoretur,
2970 1963 3178 2034 conjugi
3217 1962 3377 2017 faciat
3406 1960 3545 2015 unde

1952 2052 2252 2109 damnetur.
2289 2055 2391 2122 Qui
2431 2057 2573 2110 enim
2614 2056 2817 2110 dimittit
2861 2072 3069 2109 uxorem
3114 2072 3292 2117 suam,
3340 2064 3546 2123 excepta

1951 2162 2109 2199 causa
2138 2147 2506 2217 fornicationis,
2542 2148 2666 2217 facit
2693 2164 2803 2202 eam
2831 2146 3067 2201 mter/tari
3104 2145 3315 2217 (Matth.
3345 2160 3400 2209 v,
3429 2144 3542 2213 '52).

1952 2233 2134 2306 Usque
2176 2237 2312 2291 adeo
2359 2237 2532 2293 fmdus
2577 2238 2703 2292 illud
2753 2238 2938 2292 initum
2989 2236 3226 2306 nuptiale
3270 2235 3544 2304 cujusdam

1952 2329 2270 2383 sacramenti
2302 2344 2389 2383 res
2417 2339 2531 2395 est,
2581 2340 2637 2385 ut
2680 2344 2778 2383 nec
2820 2330 2930 2398 ipsa
2969 2328 3307 2398 separatione
3336 2328 3543 2380 irritum

1954 2417 2044 2473 fiat
2069 2435 2081 2469 :
2106 2419 2534 2488 quandoquidem
2564 2419 2774 2474 vivente
2800 2421 2936 2485 viro,
2962 2427 3016 2473 et
3042 2434 3069 2471 a
3096 2433 3203 2487 quo
3232 2417 3412 2471 relicta
3440 2425 3542 2480 est,

1953 2509 2271 2575 mmchatur,
2304 2510 2349 2563 si
2375 2512 2525 2565 alteri
2556 2511 2828 2581 nupserit;
2860 2519 2913 2565 et
2938 2510 3026 2564 ille
3053 2508 3210 2577 hujus
3238 2507 3359 2561 mali
3386 2522 3544 2562 causa

1951 2611 2035 2657 est
2063 2602 2150 2671 qui
2182 2602 2414 2672 reliquit.

2026 2692 2076 2746 7.
2112 2693 2275 2747 Miror
2313 2700 2489 2748 autem
2533 2693 2578 2747 si
2622 2693 3070 2763 quemadmodum
3112 2692 3236 2747 licet
3279 2691 3547 2746 dimittere

1952 2784 2248 2840 adulteram
2276 2801 2496 2840 uxorem
2519 2828 2534 2851 ,
2564 2786 2633 2839 ita
2665 2785 2821 2839 liceat
2850 2800 2911 2839 ea
2938 2783 3154 2838 dimissa
3194 2784 3415 2838 alteram
3444 2782 3547 2837 du-

1954 2890 2096 2930 cere.
2126 2875 2276 2931 Facit
2295 2877 2437 2930 enim
2465 2876 2533 2931 de
2561 2876 2659 2931 hac
2684 2892 2745 2931 re
2772 2884 2955 2930 sancta
2977 2875 3250 2944 Scriptura
3273 2873 3545 2929 difficilem

1954 2968 2152 3023 nodum
2173 3011 2189 3036 ,
2221 2970 2432 3025 dicente
2472 2968 2757 3040 Apostolo,
2790 2984 2853 3023 ex
2889 2976 3155 3037 praecepto
3185 2965 3395 3020 Domini
3426 2981 3546 3020 mu-

1952 3059 2141 3115 lierem
2170 3075 2200 3114 a
2230 3061 2344 3116 viro
2374 3075 2479 3116 non
2510 3059 2709 3115 debere
2737 3058 3050 3123 discedere;
3078 3057 3219 3127 quod
3260 3056 3303 3111 si
3342 3055 3548 3111 disces-

1954 3152 2117 3220 serit,
2162 3168 2380 3208 manere
2423 3153 2729 3223 innuptam,
2775 3160 2866 3206 aut
2910 3152 3027 3205 viro
3073 3165 3172 3205 suo
3214 3149 3547 3205 reconciliari

1954 3241 2001 3312 (Ι
2025 3244 2143 3299 Cor.
2170 3260 2272 3308 vn,
2304 3246 2387 3309 lt),
2429 3244 2517 3317 Η)
2552 3263 2564 3300 :
2598 3261 2717 3299 cum
2755 3244 3011 3300 recedere
3040 3244 3219 3314 utique
3248 3252 3550 3299 etmanere

1954 3336 2201 3408 innupta,
2236 3338 2336 3393 nisi
2377 3338 2445 3394 ab
2480 3338 2725 3394 adultero
2754 3338 2868 3393 viro
2902 3353 3008 3393 non
3037 3337 3264 3406 debeat,
3294 3354 3362 3393 ne
3400 3354 3551 3394 rece-

1953 3428 2129 3484 dendo
2155 3429 2223 3484 ab
2245 3444 2310 3485 eo
2335 3432 2423 3500 qui
2446 3430 2655 3485 adulter
2680 3446 2788 3484 non
2816 3438 2918 3496 est,
2943 3428 3101 3485 faciat
3120 3446 3241 3485 eum
3266 3430 3544 3485 mmchari.

1952 3519 2310 3575 Reconciliari
2354 3532 2532 3577 autem
2576 3522 2695 3578 viro
2737 3522 2821 3576 vel
2868 3523 3180 3590 tolerando,
3218 3523 3261 3577 si
3299 3537 3357 3576 se
3388 3522 3501 3592 ipsa
3529 3523 3544 3553 ¹

1953 3612 2228 3668 continere
2256 3629 2361 3667 non
2392 3622 2587 3684 potest,
2618 3614 2699 3669 vel
2730 3623 2975 3668 correcta
2993 3654 3008 3679 ,
3037 3614 3258 3669 forsitan
3285 3614 3428 3683 juste
3454 3629 3550 3685 po-

1956 3711 2078 3759 test.
2111 3705 2392 3774 Quomodo
2434 3714 2611 3761 autem
2658 3707 2774 3761 viro
2817 3707 2986 3776 possit
3030 3722 3149 3761 csse
3192 3707 3404 3761 licentia
3446 3706 3545 3760 du-

1953 3796 2135 3852 cenda:
2164 3798 2412 3861 alterius,
2440 3799 2483 3853 si
2514 3798 2809 3853 adulteram
2847 3798 3152 3867 reliquerit,
3185 3813 3305 3851 cmn
3338 3797 3547 3851 mulieri

1955 3902 2060 3944 non
2091 3888 2159 3943 sit
2188 3888 2422 3943 nubendi
2452 3889 2636 3956 alteri,
2668 3889 2712 3943 si
2754 3887 3050 3943 adulterum
3090 3887 3363 3957 reliquerit
3383 3929 3396 3952 ,
3438 3902 3545 3941 non

1955 3982 2133 4037 video.
2155 3981 2285 4050 Qua:
2309 3981 2354 4036 si
2381 3982 2451 4037 ita
2476 3990 2620 4046 sunt,
2651 3989 2855 4035 tantum
2882 3980 3023 4035 valet
3050 3978 3179 4034 illud
3206 3978 3403 4033 sociale
3432 3979 3549 4033 vin-

1953 4072 2130 4127 culum
2156 4073 2462 4144 conjugum,
2488 4082 2544 4127 ut
2568 4088 2687 4128 cum
2716 4087 2873 4127 causa
2900 4071 3216 4142 procreandi
3245 4070 3544 4140 colligetur,

1954 4179 2055 4220 nec
2101 4164 2214 4234 ipsa
2264 4180 2424 4219 causa
2482 4164 2795 4235 procreandi
2849 4165 3100 4219 solvatur.
3156 4163 3372 4218 Possit'
3402 4162 3545 4217 enim

1953 4252 2116 4309 homo
2145 4256 2415 4312 dimittere
2444 4256 2680 4312 sterilem
2712 4270 2933 4310 uxorem
2956 4298 2969 4322 ,
3010 4265 3064 4310 et
3101 4254 3298 4309 ducere
3338 4253 3405 4309 de
3443 4268 3547 4324 qua

1955 4348 2093 4402 filios
2122 4347 2316 4402 haheat
2342 4365 2355 4401 :
2390 4356 2444 4402 et
2474 4358 2649 4401 tamen
2681 4362 2786 4401 non
2816 4348 2970 4413 licet;
3009 4354 3064 4401 et
3098 4346 3296 4400 nostris
3330 4345 3545 4415 quidem

1948 4440 2059 4511 jam
2092 4440 2421 4510 temporibus
2457 4456 2521 4495 ac
2556 4454 2705 4495 more
2734 4430 3007 4507 Romano,
3040 4454 3139 4493 nec
3165 4438 3543 4508 superduccre,

1952 4543 2012 4589 ut
2040 4534 2266 4605 amplius
2294 4534 2486 4589 habeat
2521 4548 2680 4604 quam
2723 4549 2882 4588 unam
2915 4533 3087 4587 vivam
3116 4551 3128 4587 :
3159 4541 3210 4587 et
3247 4531 3428 4601 utique
3457 4547 3545 4585 re-

1952 4628 2076 4683 licta
2106 4628 2343 4683 adultera
2365 4628 2451 4683 vel
2472 4627 2660 4682 relicto
2680 4625 2922 4681 adultero
2951 4634 3168 4695 possent
3196 4625 3375 4694 plures
3401 4624 3545 4679 nasci

1952 4721 2229 4786 homines,
2263 4720 2307 4774 si
2336 4720 2418 4775 vel
2456 4720 2540 4773 illa
2580 4719 2735 4773 alteri
2774 4718 3036 4785 nuberet,
3066 4718 3150 4773 vel
3195 4718 3283 4772 ille
3326 4717 3545 4771 alteram

1952 4814 2191 4870 duceret.
2220 4812 2372 4879 Quod
2406 4823 2582 4867 tamen
2611 4812 2655 4866 si
2684 4828 2788 4866 non
2814 4813 2973 4877 licet,
3004 4810 3140 4866 sicut
3165 4808 3339 4861 divina
3368 4807 3547 4877 regula

1952 4908 2302 4979 prmscribcrc
2327 4905 2572 4970 videtur;
2601 4920 2759 4975 quem
2790 4919 2896 4958 non
2930 4903 3085 4958 faciat
3112 4902 3392 4965 intentum,
3420 4898 3547 4969 quid

1952 5000 2054 5056 sibi
2084 5000 2211 5056 velit
2239 5008 2381 5054 tanta
2411 4998 2634 5053 firmitas
2660 4997 2860 5052 vinculi
2890 4996 3221 5065 conjngalis?
3255 4993 3405 5061 Quod
3450 5008 3547 5048 ne-

1952 5105 2218 5162 quaquam
2260 5099 2387 5161 puto
2427 5098 2629 5143 tantum
2668 5087 2848 5142 valere
2884 5086 3151 5157 potuisse,
3184 5085 3285 5138 nisi
3325 5084 3549 5153 alicujus

1952 5184 2031 5237 rei
2054 5182 2272 5252 majoris
2294 5197 2357 5236 ex
2381 5180 2482 5235 hac
2504 5180 2713 5235 infirma
2736 5176 3060 5232 mortalitate
3086 5176 3359 5231 hominum
3381 5175 3548 5247 quod-

1952 5274 2075 5329 dam
2129 5280 2521 5328 sacramentum
2565 5270 2943 5335 adhiberetur,
2987 5268 3129 5339 quod
3176 5267 3549 5324 deserentibus

1954 5365 2260 5421 hominibus
2285 5373 2444 5435 atque
2472 5362 2521 5418 id
2550 5362 2847 5417 dissolvere
2872 5361 3231 5431 cupientibus,
3262 5360 3547 5417 inconcus-

1953 5475 2071 5515 sum
2098 5458 2199 5513 illis
2226 5462 2468 5511 maneret
2493 5453 2559 5509 ad
2588 5468 2820 5524 paruam.
2854 5452 3130 5525 Siquidem
3162 5452 3547 5508 interveniente

1953 5551 2185 5607 divortio
2211 5564 2319 5603 non
2346 5547 2590 5601 aboletur
2620 5545 2707 5599 illa
2737 5544 3125 5600 confmderatio
3151 5543 3401 5615 nuptialis
3429 5560 3442 5596 :
3473 5542 3543 5596 ita

1956 5651 2013 5698 ut
2040 5640 2142 5697 sibi
2169 5640 2423 5711 conjuges
2452 5639 2579 5704 sint,
2610 5638 2770 5693 etiam
2796 5637 3057 5708 separati;
3084 5651 3205 5693 cum
3236 5636 3337 5691 illis
3364 5644 3544 5689 autem

1955 5734 2275 5791 adulterium
2318 5730 2687 5796 committant,
2734 5732 2930 5802 quibus
2979 5731 3174 5789 fuerint
3220 5732 3380 5788 etiam
3430 5742 3544 5804 post

2022 5875 2036 5904 ¹
2074 5868 2178 5921 sola
2193 5870 2299 5920 fere
2323 5868 2472 5919 editio
2494 5873 2623 5926 Lov.,
2648 5866 2819 5931 seipse.

2030 5961 2047 5991 ⁸
2074 5963 2250 6013 Posset.
2275 5955 2413 6014 juxta
2435 5953 2583 6017 Lugd.
2649 5959 2709 6002 Μ.
