4048 6504
547 428 648 483 579

543 551 699 595 Suum
728 535 1006 609 repudium
1036 537 1267 608 copulati
1288 577 1303 604 ,
1351 537 1436 594 vel
1480 538 1569 593 illa
1599 538 1715 595 viro
1736 582 1750 606 ,
1782 541 1865 597 vel
1897 542 1984 598 ille
2013 559 2129 598 mu-

542 628 681 685 lieri.
707 628 817 685 Nec
845 638 1021 685 tamen
1051 630 1151 684 nisi
1176 628 1232 684 in
1257 631 1475 687 civitate
1501 632 1597 687 Dei
1625 635 1827 701 nostri,
1857 635 1909 690 in
1950 644 2133 692 monte

540 728 727 775 sancto
751 720 867 790 ejus
893 719 1064 791 (Paul.
1080 737 1244 787 xrvn,
1264 722 1343 793 2),
1360 723 1479 778 talis
1508 733 1591 778 est
1617 739 1777 779 causa
1792 740 1914 780 cum
1942 742 2126 782 uxore.

610 810 837 867 CAPUT
877 812 1011 867 Vill.
1039 844 1111 853 â€”
1130 813 1352 885 Repudii
1376 832 1498 871 usus
1521 817 1687 886 qualis
1714 818 1854 889 apud
1885 818 2127 889 Gentiles,

542 911 591 957 et
612 903 774 971 qualis
802 905 944 975 apud
966 903 1197 960 Iudaeos.
1231 905 1535 979 Conjugium
1569 910 1754 965 bonum
1779 922 1853 968 est
1881 931 2087 985 prorsus
2110 956 2126 983 ,

537 1008 640 1046 non
678 1003 849 1047 autem
890 994 1001 1049 sola
1041 999 1416 1068 comparatione
1450 1002 1819 1071 fornicationis.
1862 1003 2126 1061 Caeterum

541 1086 693 1140 aliter
721 1101 781 1142 se
812 1087 1010 1144 habere
1029 1088 1151 1159 jura
1178 1089 1490 1158 Gentilium,
1518 1094 1635 1163 quis
1663 1095 1903 1165 ignorat;
1933 1097 2021 1152 ubi
2048 1098 2129 1153 in-

537 1179 799 1249 terposito
820 1181 1064 1251 repudio,
1092 1183 1209 1238 sine
1237 1193 1389 1239 reatu
1412 1186 1591 1257 aliquo
1612 1187 1829 1243 ultionis
1854 1188 2126 1256 humanae,

534 1277 591 1323 et
625 1270 710 1323 illa
738 1270 826 1325 cui
852 1270 1082 1327 voluerit
1107 1274 1275 1340 nubit,
1311 1282 1365 1330 et
1391 1276 1481 1332 ille
1506 1292 1664 1348 quam
1693 1279 1919 1336 voluerit
1941 1280 2127 1337 ducit?

536 1360 634 1417 Cui
660 1363 1031 1420 consuetudini
1069 1366 1244 1422 simile
1271 1368 1491 1439 aliquid,
1518 1380 1735 1441 propter
1763 1372 2122 1429 lsraelitarum

534 1453 810 1523 duritiam,
835 1456 1045 1513 videtur
1069 1460 1376 1528 permisisse
1396 1462 1607 1535 Moyses
1627 1463 1696 1520 de
1716 1465 1893 1521 libello
1914 1469 2123 1538 repudii

539 1546 717 1618 (Deut.
752 1564 899 1615 xxiv,
929 1551 990 1617 l;
1025 1550 1214 1609 Matth.
1240 1570 1348 1621 xix,
1374 1555 1455 1627 8).
1479 1557 1591 1625 Qua
1622 1558 1678 1612 in
1705 1574 1765 1615 re
1785 1562 2124 1631 exprobratio

535 1654 696 1710 quam
726 1643 1039 1712 approbatio
1067 1644 1283 1702 divortii
1309 1650 1479 1720 magis
1507 1661 1749 1723 apparet.

606 1731 662 1787 8.
705 1731 1043 1791 Honorabiles
1057 1752 1186 1809 ergo
1210 1740 1402 1810 nuptiae
1420 1742 1472 1796 in
1488 1744 1740 1813 omnibus,
1768 1754 1813 1800 et
1833 1747 2007 1802 thorus
2027 1750 2126 1802 im-

535 1823 822 1879 maculatus
856 1826 1041 1899 (Hebr.
1070 1846 1187 1896 xm,
1218 1830 1296 1903 4).
1325 1832 1480 1900 Quod
1513 1850 1619 1892 non
1646 1838 1726 1894 sic
1754 1838 1983 1897 dicimus
2023 1842 2122 1897 bo-

533 1929 686 1983 num,
708 1927 767 1972 ut
788 1919 839 1973 in
858 1920 1223 1980 fornicationis
1238 1929 1637 1997 comparatione
1657 1933 1728 1987 sit
1742 1932 1972 1999 bonum;
1992 1935 2125 1991 alio-

532 2009 661 2077 quin
681 2008 787 2064 duo
808 2011 944 2066 mala
970 2023 1148 2081 erunt,
1181 2031 1409 2087 quorum
1434 2019 1659 2079 altermn
1681 2024 1831 2095 pejus
1858 2042 1872 2079 :
1902 2037 1992 2081 aut
2021 2027 2120 2083 bo-

535 2113 665 2153 num
690 2100 792 2155 erit
813 2110 868 2157 et
893 2101 1195 2173 fornicatio,
1220 2109 1344 2179 quia
1366 2117 1449 2164 est
1470 2110 1623 2182 pejus
1646 2113 2006 2183 adulterium;
2033 2134 2123 2188 pe-

527 2189 619 2259 jus
659 2203 739 2248 est
771 2194 915 2250 enim
956 2197 1191 2255 alienum
1240 2202 1641 2260 matrimonium
1684 2207 1919 2277 violare,
1961 2226 2119 2281 quam

529 2287 801 2342 meretrici
835 2288 1112 2347 adhzerere
1145 2310 1159 2346 :
1190 2302 1243 2348 et
1270 2294 1473 2351 bonum
1512 2297 1851 2366 adulterium,
1882 2301 2007 2373 quia
2036 2314 2120 2360 est

528 2376 682 2446 pejor
708 2378 977 2447 incestus;
1008 2383 1158 2453 pejus
1183 2394 1262 2441 est
1290 2388 1434 2443 enim
1465 2404 1586 2445 cum
1614 2400 1786 2448 matre
1805 2410 1966 2465 quam
1995 2411 2119 2454 cum

527 2468 704 2524 aliena
742 2486 907 2527 uxore
935 2477 1294 2534 concumbere
1324 2497 1338 2535 :
1370 2489 1425 2535 et
1447 2480 1619 2539 donec
1648 2484 1715 2539 ad
1742 2500 1804 2541 ea
1832 2490 2117 2557 pervenia-

526 2567 634 2627 tur,
666 2576 819 2631 quaz,
866 2564 1003 2619 sicut
1030 2566 1321 2637 Apostolus
1345 2572 1438 2637 ait,
1472 2582 1621 2645 turpe
1656 2584 1729 2629 est
1765 2578 1917 2632 etiam
1952 2580 2121 2635 dicere

526 2650 764 2722 (Ephes.
796 2671 849 2717 v,
882 2656 1005 2728 12),
1048 2661 1228 2715 omnia
1256 2661 1395 2718 bona
1422 2676 1581 2720 erunt
1621 2667 1673 2720 in
1716 2670 2117 2738 comparatione

524 2743 789 2814 pejorum.
836 2748 949 2804 Hoc
978 2762 1157 2807 autem
1189 2753 1379 2810 falsum
1418 2772 1540 2813 esse
1577 2759 1695 2829 quis
1726 2760 1971 2818 dubitet?
1996 2763 2115 2819 Non

525 2852 655 2907 ergo
683 2838 790 2895 duo
817 2843 955 2898 mala
983 2854 1109 2899 sunt
1138 2849 1463 2904 connubium
1486 2860 1539 2906 et
1560 2850 1861 2919 fornicatio,
1888 2872 2113 2925 quorum

523 2929 753 2987 alterum
783 2934 969 3004 pejus;
996 2938 1091 2992 sed
1112 2937 1220 2994 duo
1246 2941 1383 2996 bona
1406 2952 1529 2999 sunt
1556 2948 1881 3003 connubium
1908 2958 1962 3005 et
1982 2965 2114 3006 con-

525 3019 769 3089 tinentia,
801 3040 1028 3093 quorum
1058 3028 1284 3084 alterum
1312 3041 1397 3086 est
1419 3034 1632 3090 melius.
1666 3036 1813 3093 Sicut
1844 3039 1943 3095 ista
1974 3050 2113 3097 tem-

522 3113 725 3182 poralis
766 3116 967 3173 sanitas
1010 3128 1065 3173 et
1102 3119 1442 3179 imbecillitas
1485 3141 1592 3182 non
1632 3140 1756 3184 sunt
1792 3131 1899 3187 duo
1950 3136 2109 3203 mala,

522 3206 1008 3273 quorumalterum
1035 3209 1221 3281 pejus;
1250 3212 1345 3268 sed
1376 3214 1475 3269 ista
1516 3218 1718 3274 sanitas
1745 3230 1799 3276 et
1835 3222 2113 3281 immorta-

520 3294 643 3349 litas
687 3295 795 3352 duo
834 3297 972 3353 bona
1003 3309 1147 3369 sunt,
1179 3318 1403 3371 quorum
1446 3307 1673 3364 alterum
1719 3314 1929 3373 melius.
1978 3317 2110 3374 item

518 3385 742 3441 scientia
764 3395 818 3443 et
852 3389 1060 3446 vanitas
1093 3407 1199 3447 non
1215 3393 1323 3449 duo
1338 3397 1476 3452 mala
1499 3410 1641 3467 sunt,
1663 3419 1885 3473 quorum
1904 3410 2109 3468 vanitas

516 3479 710 3550 pejus;
740 3482 833 3537 sed
854 3486 1073 3540 scientia
1107 3498 1163 3544 et
1199 3488 1431 3547 charitas
1445 3492 1551 3549 duo
1563 3493 1701 3551 bona
1718 3508 1861 3567 sunt,
1879 3517 2106 3571 quorum

516 3572 752 3639 ebaritas
773 3577 983 3632 melius.
999 3578 1240 3651 Namque
1255 3584 1461 3639 scientia
1472 3586 1772 3656 destruetur,
1787 3593 1861 3646 ait
1880 3596 2109 3664 Aposto-

515 3664 622 3731 lus;
640 3676 881 3724 ettamen
903 3669 1025 3726 huic
1046 3674 1271 3743 tempori
1297 3679 1594 3733 necessaria
1607 3689 1690 3735 est
1722 3699 1735 3735 :
1766 3684 1987 3743 cltaritas
2009 3703 2105 3745 au-

518 3765 624 3810 tem
644 3773 898 3825 nunquam
920 3760 1065 3815 cadet
1089 3761 1130 3834 (l
1151 3764 1267 3818 Cor.
1300 3781 1419 3834 xm,
1448 3768 1527 3837 8).
1554 3769 1643 3826 Sic
1662 3781 1715 3826 et
1740 3776 1979 3833 mortalis
2004 3779 2104 3835 ista

512 3850 807 3918 generatio,
851 3862 1068 3924 propter
1094 3870 1254 3925 quam
1285 3857 2003 3935 ï¬untnuptim,de5truetur;
2036 3873 2104 3927 ab

508 3940 659 3994 omni
706 3950 884 3998 autem
937 3947 1225 4003 concubitu
1270 3949 1610 4021 immunitas,
1648 3966 1701 4012 et
1741 3959 1827 4016 hic
1864 3965 2103 4033 angelica

512 4030 787 4087 meditatio
815 4043 918 4102 est,
955 4046 1010 4092 et
1033 4051 1313 4108 permanet
1352 4044 1406 4099 in
1438 4054 1719 4104 mternum.
1750 4052 1899 4109 Sicut
1924 4030 2101 4112 autem

505 4118 723 4190 jejuniis
752 4126 1133 4195 sacrilegorum
1159 4133 1380 4189 meliora
1410 4147 1537 4192 sunt
1563 4142 1782 4208 prandia
1807 4144 2098 4214 justorum;

512 4210 584 4266 ita
628 4215 825 4282 nuptia:
874 4218 1107 4274 fidelium
1153 4222 1442 4293 virginitati
1482 4210 1880 4300 anteponuntur
1909 4210 2099 4307 impia;

511 4319 630 4358 rum
656 4306 694 4360 á½·.
724 4306 1108 4367 Verumtamen
1134 4330 1307 4385 neque
1340 4318 1412 4374 ibi
1451 4323 1728 4389 prandium
1749 4306 2100 4398 jejunio,ised

505 4393 715 4463 justitia
754 4400 1067 4471 sacrilegio;
1107 4416 1281 4475 neque
1310 4406 1399 4463 hic
1427 4413 1625 4481 nuptiae
1664 4393 1973 4486 virginitati,
2003 4424 2099 4477 sed

511 4485 647 4542 fides
690 4488 947 4557 impietati
996 4493 1305 4562 prmfertur.
1349 4499 1432 4554 Ad
1474 4502 1577 4558 hoc
1622 4485 1763 4561 enim
1800 4508 1933 4578 justi
1960 4485 2098 4569 cum

508 4593 645 4648 opus
673 4589 757 4635 est
782 4584 1062 4652 prandent,
1095 4596 1152 4641 ut
1183 4596 1431 4660 tanquam
1456 4593 1581 4649 boni
1613 4596 1814 4656 domini
1843 4604 1987 4672 quod
2008 4605 2099 4675 ju-

507 4679 650 4726 stum
690 4684 742 4728 et
771 4690 981 4745 mquam
1026 4690 1109 4732 est
1142 4682 1311 4739 servis
1340 4688 1654 4756 corporibus
1684 4693 1956 4760 prtebeant
1984 4714 1997 4751 :
2028 4699 2097 4754 ad

506 4762 611 4819 hoc
634 4773 812 4821 autem
841 4768 1082 4841 sacrilegi
1101 4771 1361 4841 jejunant,
1400 4786 1455 4831 ut
1473 4778 1811 4840 daemonibus
1836 4790 2093 4846 serviant.

505 4853 595 4910 Sic
625 4856 690 4912 ad
716 4856 819 4913 hoc
843 4859 1049 4915 nubunt
1071 4862 1277 4931 fideles,
1304 4876 1356 4921 ut
1389 4870 1592 4926 maritis
1616 4874 1807 4941 pudice
1834 4882 2092 4949 copulen-

504 4952 592 5001 tur
622 4965 636 5003 :
668 4948 734 5003 ad
772 4948 874 5005 hoc
911 4962 1089 5008 autem
1135 4965 1263 5011 sunt
1300 4957 1531 5030 virgines
1573 4963 1774 5033 impiaz,
1811 4978 1868 5024 ut
1905 4948 1934 5024 a
1966 4988 2093 5030 vero

502 5036 614 5092 Deo
642 5038 986 5098 fornicentur.
1019 5043 1170 5101 Sicut
1204 5062 1332 5119 ergo
1358 5050 1555 5108 bonum
1577 5065 1694 5111 erat
1718 5062 1857 5129 quod
1886 5064 2091 5123 Martha

502 5127 750 5196 faciebat,
776 5146 1029 5204 occupata
1065 5138 1205 5196 circa
1241 5141 1598 5202 ministerium
1635 5162 1965 5219 sanctorum,
1996 5160 2089 5213 sed

500 5220 691 5275 melius
719 5224 864 5293 quod
892 5226 1049 5284 Maria
1077 5246 1231 5287 soror
1260 5234 1375 5305 ejus
1404 5237 1600 5295 sedens
1625 5242 1692 5296 ad
1718 5245 1879 5312 pedes
1910 5248 2085 5305 Domi-

499 5312 574 5375 ni,
608 5321 658 5367 et
690 5314 912 5371 audiens
937 5321 1157 5376 verbum
1180 5325 1296 5394 ejus
1315 5329 1333 5357 Â²
1364 5328 1511 5398 (Luc.
1542 5349 1597 5399 Î¹Î¹,
1629 5335 1817 5409 59-42)
1846 5358 1860 5393 :
1895 5340 1963 5395 ita
1988 5343 2086 5399 bo-

499 5417 624 5454 num
651 5399 910 5459 Susanna:
933 5407 984 5461 in
1018 5412 1281 5484 conjugali
1317 5420 1562 5477 castitate
1593 5399 1873 5486 laudamus
1901 5432 1919 5502 (
1945 5431 2081 5488 Dan.

498 5491 651 5563 xui);
680 5492 775 5548 sed
806 5503 981 5551 tamen
1008 5499 1057 5553 ei
1083 5501 1281 5559 bonum
1310 5508 1480 5565 vidua:
1509 5514 1679 5571 Anna:
1709 5518 1861 5587 (Luc.
1905 5491 1961 5589 Î¹Î¹,
1994 5527 2082 5591 56,

495 5582 561 5638 37
595 5584 613 5653 )
647 5624 663 5652 ,
715 5599 779 5639 ac
836 5586 1004 5644 multo
1068 5594 1235 5664 magis
1287 5596 1468 5655 Mariae
1520 5582 1740 5677 virginis
1799 5582 2083 5684 anteponi;

561 5789 578 5874 Î¶
603 5791 1016 5875 Î¹ÏÎ¾á¿–Î¹Î¾Î¼Î¹ÏÎ¾Î¿á½·Î¹Î¹Î¹Î¹Î¹
1033 5808 1055 5875 á½·
1080 5796 1480 5875 dissentientibus
1515 5812 1657 5864 editis
1681 5816 1784 5867 aliis
1805 5830 1853 5872 et
1881 5832 1982 5875 \tss.

826 5846 836 5855 Î½
1167 5846 1172 5848 Î³
1192 5846 1480 5856 ,Î·Î½-Î½-.Î¹..Î¹Ï…Ï…
1515 5846 1591 5860 Î½Ï….
1620 5846 1657 5861 in
1681 5846 1722 5863 al
1749 5846 1756 5864 Î¹
1823 5846 1831 5852 Î‡
1882 5846 1923 5869 á¼¨.
1956 5846 1982 5872 â·.

852 5857 999 5906 editio
1033 5867 1139 5909 Inv.
1177 5863 1334 5927 addit,
1389 5884 1496 5923 cum
1540 5846 1647 5925 cuiu
1692 5846 1853 5933 nini};
1878 5846 2080 5949 Î™Î¹Î´á¿—Î½á½·Î¹á½·Î¿

1579 428 1667 483 DE
1707 430 1888 486 BONO
1927 431 2319 492 CONJUGALI.
2360 436 2417 489 S.
2460 438 2823 499 AUGUSTINI
3706 473 3789 530 330

2244 560 2361 601 mus
2387 550 2538 605 (Luc.
2569 568 2607 617 Î¹,
2635 553 2750 624 9.7).
2782 556 2989 613 Bonum
3011 570 3127 616 erat
3156 566 3301 634 quod
3318 567 3596 644 faciebant,
3612 595 3718 649 qua:
3740 590 3792 643 de

2237 638 2533 698 substantia
2565 660 2662 700 sua
2702 646 2920 704 Christo
2957 666 3021 708 ac
3056 654 3333 727 discipulis
3366 665 3483 733 ejus
3529 638 3789 735 necessaria

2238 731 2637 803 ministrabant;
2668 739 2765 795 sed
2792 743 2987 800 melius
3013 747 3103 816 qui
3133 762 3348 806 omnem
3379 731 3527 812 suam
3570 765 3789 824 substan-

2237 822 2363 876 tiam
2391 823 2740 897 dimiserunt,
2775 839 2834 886 ut
2870 835 3231 904 expeditiores
3260 845 3512 902 eumdem
3547 822 3791 917 Dominuin

2234 924 2603 983 sequerentur.
2637 919 2694 975 in
2724 921 2808 978 bis
2835 934 3016 981 autem
3045 929 3185 985 binis
3212 932 3389 1000 bonis,
3424 939 3538 995 sive
3566 960 3675 1014 qua:
3698 950 3787 1018 isti,

2233 1002 2347 1059 sive
2371 1022 2491 1075 quae
2519 1008 2723 1067 Martha
2760 1022 2816 1069 et
2842 1015 3008 1072 Maria
3036 1017 3335 1090 faciebant,
3365 1026 3483 1085 fieri
3511 1002 3613 1088 non
3640 1002 3789 1105 posse;

2233 1097 2373 1164 quod
2412 1101 2601 1156 melius
2626 1113 2737 1169 est,
2766 1106 2871 1163 nisi
2904 1111 3077 1168 altero
3109 1118 3472 1184 prtetermisso
3501 1135 3589 1179 aut
3614 1130 3785 1185 relicto.

2236 1183 2384 1241 Unde
2412 1188 2811 1262 intelligendum
2840 1207 2924 1254 est
2969 1216 3076 1258 non
3111 1183 3243 1261 ideo
3273 1208 3476 1265 malum
3522 1183 3777 1283 putandum

2230 1290 2351 1333 esse
2372 1282 2603 1351 nuptias,
2632 1287 2754 1356 quia
2795 1290 2899 1346 nisi
2932 1294 2999 1349 ab
3027 1296 3107 1351 eis
3130 1299 3482 1371 abstineatur,
3516 1282 3616 1363 non
3642 1323 3785 1380 potest

2229 1367 2413 1425 haberi
2439 1373 2666 1431 vidualis
2691 1380 2909 1436 castitas
2947 1393 3039 1441 aut
3076 1387 3354 1460 virginalis
3382 1367 3671 1468 integritas.
3699 1405 3785 1461 Ne-

2228 1473 2332 1528 que
2354 1462 2495 1517 enim
2520 1464 2641 1521 ideo
2662 1469 2862 1526 malum
2883 1484 2999 1530 erat
3023 1479 3395 1547 quod-Martha
3422 1462 3663 1561 faciebat,
3686 1498 3787 1566 quia

2227 1551 2331 1606 nisi
2358 1553 2481 1610 inde
2509 1557 2805 1617 abstineret
2828 1578 2984 1621 soror
3003 1570 3142 1639 ejus,
3171 1590 3280 1629 non
3308 1577 3511 1636 faceret
3536 1586 3668 1653 quod
3693 1551 3785 1644 nie-

2226 1642 2329 1698 lius
2356 1656 2471 1701 erat
2499 1666 2512 1703 :
2543 1659 2635 1706 aut
2678 1652 2799 1709 ideo
2841 1659 3042 1715 malum
3072 1673 3155 1719 est
3179 1669 3457 1739 suscipere
3492 1674 3682 1743 justum
3714 1692 3784 1735 aut

2226 1737 2540 1806 prophetam
2564 1742 2616 1797 in
2648 1744 2867 1803 domum
2892 1765 3064 1819 suam,
3089 1756 3213 1824 quia
3245 1774 3346 1815 nec
3374 1762 3590 1820 domum
3622 1769 3785 1827 habere

2224 1827 2401 1927 debet,
2434 1842 2494 1887 ut
2518 1836 2659 1905 quod
2706 1840 2899 1897 melius
2941 1853 3025 1901 est
3065 1845 3248 1917 faciat,
3281 1854 3373 1923 qui
3403 1858 3513 1911 vult
3538 1860 3601 1914 ad
3639 1864 3783 1931 peric

2224 1917 2451 1975 ctionem
2483 1922 2755 1983 Christum
2781 1934 2951 2003 sequi.

2295 2009 2519 2069 CAPUT
2559 2015 2651 2072 IX.
2682 2048 2754 2061 -Î·
2782 2020 2835 2077 9.
2884 2024 3187 2100 Conjugium
3228 2034 3417 2090 bonum
3463 2048 3533 2093 est
3574 2058 3665 2096 non
3707 2047 3783 2099 nisi

2225 2114 2429 2175 prapter
2452 2109 2597 2163 aliud
2622 2118 2976 2183 expetendum.
3004 2121 3252 2196 Conjugio
3274 2131 3347 2182 uti
3371 2131 3599 2188 debuisse
3614 2147 3781 2191 sanctos

2224 2194 2398 2263 primis
2437 2203 2743 2270 temporibus
2778 2222 2797 2261 :
2838 2224 2971 2264 nunc
3008 2217 3380 2285 prwferendam
3406 2238 3514 2277 esse
3548 2228 3780 2281 cautium-

2223 2286 2367 2343 tiam.
2396 2289 2537 2348 Sane
2562 2294 2849 2355 videndum
2871 2311 2973 2368 est,
2998 2305 3100 2359 alia
3125 2307 3264 2363 bona
3289 2314 3447 2369 nobis
3475 2317 3633 2373 Deum
3659 2320 3778 2387 dare,

2220 2393 2339 2448 quze
2361 2394 2579 2453 propter
2617 2401 2675 2443 se
2701 2388 2813 2459 ipsa
2839 2396 3136 2463 expetenda
3160 2412 3305 2468 sunt,
3336 2405 3478 2460 sicut
3503 2418 3580 2463 est
3606 2411 3781 2480 sapien-

2221 2471 2315 2539 tia,
2346 2474 2510 2542 salus,
2542 2480 2806 2548 amicitia;
2833 2484 2936 2539 alia
2958 2503 3078 2557 qua:
3103 2501 3321 2561 pr0pter
3346 2497 3547 2567 aliquid
3571 2471 3683 2556 sunt
3708 2519 3780 2558 ne-

2218 2847 2337 2907 ptcr
2362 2842 2615 2911 salutem,
2641 2846 2777 2901 sicut
2800 2850 2981 2919 cibus,
3010 2862 3067 2908 et
3096 2866 3274 2925 potus,
3304 2872 3358 2915 et
3385 2877 3631 2926 somnus.
3662 2842 3779 2936 qucr-

2217 2928 2337 2983 dam
2368 2942 2588 3002 propter
2616 2938 2925 3009 amicitiam,
2952 2945 3090 2999 sicut
3115 2951 3315 3019 nuptize
3341 2954 3426 3006 vel
3457 2957 3741 3013 concubitus
3764 2977 3775 3012 :

2217 3018 2339 3075 hinc
2364 3023 2505 3078 enim
2532 3025 2775 3085 subsistit
2798 3037 3108 3105 propagatio
3126 3043 3341 3108 generis
3366 3043 3605 3113 humani,
3625 3048 3670 3103 in
3690 3066 3775 3119 quo

2215 3114 2444 3170 societas
2474 3119 2715 3174 amicalis
2739 3138 2989 3194 magnum
3018 3129 3217 3186 bonum
3248 3143 3350 3189 est.
3387 3136 3482 3193 llis
3508 3139 3671 3209 itaque
3695 3142 3772 3196 bo-

2216 3207 2299 3259 nis
2324 3224 2441 3277 qum
2468 3220 2684 3280 propter
2703 3214 2848 3271 aliud
2876 3223 3178 3278 necessaria
3207 3236 3354 3293 sunt,
3381 3230 3477 3299 qui
3499 3247 3599 3287 non
3617 3233 3775 3287 adhoc

2215 3299 2382 3353 utitur
2412 3310 2631 3371 propter
2656 3308 2799 3375 quod
2840 3310 3081 3368 instituta
3111 3326 3271 3384 sunt,
3303 3331 3513 3389 peccat,
3555 3325 3676 3379 alias
3700 3343 3774 3380 vc-

2212 3390 2442 3458 nialiter,
2475 3393 2607 3450 alias
2636 3395 3034 3459 damnabiliter.
3058 3404 3311 3478 Quisquis
3332 3427 3464 3467 vero
3489 3414 3565 3468 eis
3592 3426 3775 3484 promer

2211 3479 2313 3535 hoc
2354 3483 2555 3551 utitur,
2590 3497 2810 3558 propter
2838 3492 2981 3561 quod
3028 3494 3149 3551 data
3196 3509 3342 3567 sunt,
3373 3502 3513 3558 bene
3540 3479 3773 3560 facit-Cui

2210 3587 2339 3642 ergo
2389 3591 2495 3631 non
2537 3588 2661 3633 sunt
2701 3586 3035 3654 necessaria,
3073 3588 3117 3642 si
3148 3606 3254 3646 non
3286 3594 3368 3649 eis
3400 3596 3582 3661 utitur,
3614 3600 3775 3653 melius

2210 3661 2354 3716 facit.
2385 3665 2617 3724 Proinde
2644 3670 2742 3725 ista
2767 3672 2904 3730 bona
2935 3690 3056 3731 cum
3080 3694 3215 3749 opus
3246 3682 3527 3755 habemus,
3555 3690 3679 3745 bene
3701 3705 3774 3743 vo-

2209 3754 2385 3810 lumus
2417 3775 2430 3810 :
2464 3759 2559 3814 sed
2587 3762 2774 3818 melius
2800 3780 2861 3819 ca
2906 3767 3153 3826 nolumus
3177 3789 3337 3844 quam
3366 3779 3642 3846 volumus;
3670 3780 3771 3849 quia

2210 3855 2332 3901 tunc
2364 3850 2554 3906 melius
2575 3868 2674 3910 nos
2704 3855 2982 3927 habemus,
3015 3877 3135 3919 cum
3166 3881 3230 3920 ea
3261 3874 3563 3927 necessaria
3585 3888 3678 3928 non
3700 3874 3773 3927 ha-

2206 3935 2415 3993 bemus.
2445 3940 2522 3996 Ac
2562 3960 2657 4012 per
2688 3944 2791 4001 hoc
2828 3948 3027 4006 bonum
3071 3964 3153 4009 est
3191 3958 3428 4027 nubere,
3458 3965 3575 4033 quia
3606 3965 3770 4019 bonum

2207 4040 2289 4083 est
2320 4031 2454 4087 filios
2496 4050 2777 4104 procreare
2799 4081 2815 4107 ,
2849 4045 3305 4106 matremfamilias
3343 4031 3540 4126 esseâ€”(1
3583 4057 3701 4111 Tim.
3729 4074 3771 4122 v,

2209 4122 2317 4192 li)
2355 4137 2367 4175 :
2399 4125 2491 4180 sed
2522 4131 2715 4186 melius
2745 4142 2827 4188 est
2856 4150 2961 4191 non
2988 4139 3211 4210 nubere,
3240 4145 3362 4214 quia
3401 4122 3591 4207 melius
3621 4162 3693 4206 est
3716 4151 3768 4203 ad

2138 4234 2141 4237 Î½
2205 4212 2373 4281 ipsam
2403 4216 2688 4275 humanam
2719 4226 3030 4284 societatem
3062 4230 3164 4289 hoc
3188 4212 3352 4307 opere
3379 4256 3488 4296 non
3518 4259 3681 4314 egere.
3709 4243 3769 4296 ita

2203 4303 2347 4357 enim
2366 4304 2478 4375 jam
2514 4323 2632 4364 sese
2659 4310 2819 4369 habet
2847 4315 3136 4377 humanum
3175 4341 3361 4397 genus,
3397 4342 3455 4387 ut
3480 4335 3596 4389 aliis
3619 4336 3698 4405 qui
3722 4350 3769 4389 se

2204 4408 2312 4449 non
2339 4398 2634 4468 continent,
2658 4418 2763 4459 non
2803 4409 2975 4465 solum
3020 4430 3114 4484 per
3136 4421 3350 4488 nuptias
3379 4429 3661 4498 occupatis,
3688 4428 3766 4482 sed

2204 4485 2389 4541 multis
2431 4490 2591 4545 etiam
2632 4509 2729 4563 per
2774 4498 2987 4556 illicitos
3023 4485 3340 4567 concubitus
3378 4485 3764 4582 luxuriantibus.

2202 4572 2342 4629 bono
2370 4577 2622 4637 Creatore
2647 4583 2715 4639 de
2756 4589 2908 4645 malis
2938 4608 3123 4651 eorum
3161 4598 3389 4661 faciente
3429 4610 3566 4678 quod
3596 4611 3769 4665 bonum

2200 4676 2304 4733 est,
2339 4684 2443 4724 non
2474 4671 2613 4729 desit
2642 4684 2994 4739 numerositas
3026 4692 3193 4757 prolis
3234 4704 3289 4750 et
3325 4698 3639 4759 abundantia
3666 4718 3766 4756 suc-

2199 4761 2478 4827 cessionis,
2504 4766 2645 4822 unde
2670 4781 2868 4829 sancta:
2891 4779 3137 4837 amicitiae
3158 4791 3560 4857 conquirantur.
3589 4796 3657 4849 Ex
3678 4812 3765 4863 quo

2199 4851 2485 4923 colligitur,
2519 4859 2704 4926 primis
2747 4869 3077 4935 temporibus
3110 4851 3323 4944 generis
3348 4882 3584 4952 humani,
3613 4851 3760 4939 malvi-

2197 4957 2283 4996 me
2314 4953 2531 5016 propter
2561 4949 2653 5005 Dei
2686 4958 2939 5024 pOpulum
2969 4970 3402 5039 propagandnm,
3431 4992 3525 5045 per
3551 4949 3694 5047 quem
3722 4987 3766 5029 Î¹Î¹Î¹

2196 5035 2609 5105 prephetaretur
2651 5052 2707 5098 et
2764 5062 3073 5110 nasceretur
3121 5035 3397 5133 Princeps.
3431 5035 3502 5121 á¼Î¹
3545 5035 3762 5123 Salvator

2195 5126 2432 5182 omnium
2462 5132 2779 5201 populorum
2801 5177 2817 5202 ,
2853 5142 2927 5197 uti
2967 5143 3218 5205 debuisse
3255 5163 3469 5211 sanctos
3498 5159 3597 5214 isto
3619 5202 3633 5225 ,
3670 5175 3760 5213 non

2196 5226 2415 5310 Propter
2443 5234 2503 5275 se
2538 5228 2874 5296 exPetendo,
2920 5236 3012 5290 sed
3051 5251 3269 5310 propter
3297 5246 3440 5303 aliud
3486 5251 3760 5305 necessario

2194 5305 2335 5362 bono
2380 5312 2683 5381 nuptiarum
2716 5337 2729 5374 :
2763 5337 2904 5379 nunc
2929 5342 3058 5383 vero
3100 5346 3221 5387 cum
3249 5336 3316 5391 ad
3356 5339 3632 5396 iucundam
3656 5356 3759 5395 san.

2192 5407 2332 5453 ctam
2382 5411 2437 5456 et
2488 5405 2753 5466 sinceram
2796 5416 3105 5476 societatem
3151 5425 3386 5498 undique
3428 5446 3493 5485 ex
3537 5431 3756 5486 omnibus

2189 5491 2438 5557 gentibus
2470 5498 2621 5566 copia
2653 5503 2948 5572 spiritualis
2968 5491 3593 5587 cognationis-exuberet,
3615 5523 3756 5578 etiam

2192 5588 2566 5653 proptersolos
2588 5591 2721 5649 filios
2738 5601 2997 5657 connubia
3020 5610 3270 5675 copulare
3288 5615 3579 5684 cupientes,
3596 5625 3754 5670 utam-

2191 5673 2358 5743 pliore
2374 5680 2713 5740 continentia:
2730 5688 2870 5746 bono
2885 5695 3062 5762 potius
3080 5673 3294 5757 utantur
3304 5673 3615 5761 admonendi
3626 5715 3749 5761 sunt.

2261 5764 2484 5824 CAPUT
2523 5771 2591 5827 Î§.
2641 5806 2711 5816 -
2766 5781 2851 5837 10.
2911 5785 3135 5855 Objeclio
3187 5805 3362 5849 contra
3398 5798 3746 5851 continentiam.

2192 5856 2344 5913 Nunc
2388 5862 2423 5916 ii
2465 5864 2560 5918 soli
2593 5873 2862 5942 conjugari
2902 5879 3107 5950 debent,
3140 5888 3227 5954 qui
3265 5905 3318 5941 se
3362 5908 3459 5945 non
3499 5891 3745 5945 continent.

2194 5951 2410 6019 ÎÏ€Î²á½·á½·á½·Î¹Î´
2448 5980 2541 6017 non
2583 5986 2683 6022 csa)"
2711 5985 2986 6029 Î·Î¹ÏŠá½·Î³Î¹Î¹Î±Î¹Î·
3028 5977 3287 6042 ÎÎ¹ÏˆÎ¹á½¶Î±á½³á¼±Î´
3327 5986 3604 6039 concubitus
3630 5985 3748 6037 Ï‰Î¹Ï„Î·
